  <div class='ocr_page' id='page_1' title='image "/cluster/home/n/w/nwhite01/storage/ocr_20150623/122/pst.000018028355/081.png"; bbox 0 0 4152 6276; ppageno 0'>
   <div class='ocr_carea' id='block_1_1' title="bbox 505 295 2105 362">
    <p class='ocr_par' dir='ltr' id='par_1_1' title="bbox 505 295 2105 362">
     <span class='ocr_line' id='line_1_1' title="bbox 505 295 2105 362; baseline -0.004 -2"><span class='ocrx_word' id='word_1_1' title='bbox 505 295 578 362; x_wconf 72' lang='grc'><strong>87</strong></span> <span class='ocrx_word' id='word_1_2' title='bbox 1681 295 1946 355; x_wconf 56' lang='grc' dir='ltr'><strong>ἸἮΟΜΑΕ</strong></span> <span class='ocrx_word' id='word_1_3' title='bbox 1985 297 2105 355; x_wconf 74' lang='lat' dir='ltr'><strong>GM</strong></span> 
     </span>
    </p>
   </div>
   <div class='ocr_carea' id='block_1_2' title="bbox 2207 295 3776 362">
    <p class='ocr_par' dir='ltr' id='par_1_2' title="bbox 2227 297 3776 357">
     <span class='ocr_line' id='line_1_2' title="bbox 2227 297 3776 357; baseline 0.003 -4"><span class='ocrx_word' id='word_1_4' title='bbox 2227 298 2594 355; x_wconf 67' lang='lat' dir='ltr'><strong>PREFATIO</strong></span> <span class='ocrx_word' id='word_1_5' title='bbox 3703 297 3776 357; x_wconf 74' lang='grc'>88</span> 
     </span>
    </p>
   </div>
   <div class='ocr_carea' id='block_1_3' title="bbox 504 404 3784 484">
    <p class='ocr_par' dir='ltr' id='par_1_3' title="bbox 504 404 3784 484">
     <span class='ocr_line' id='line_1_3' title="bbox 504 404 3784 484; baseline 0.001 -17"><span class='ocrx_word' id='word_1_6' title='bbox 504 428 524 467; x_wconf 84' lang='lat' dir='ltr'><strong>t</strong></span> <span class='ocrx_word' id='word_1_7' title='bbox 546 428 656 478; x_wconf 81' lang='lat' dir='ltr'><strong>rae,</strong></span> <span class='ocrx_word' id='word_1_8' title='bbox 687 411 740 466; x_wconf 88' lang='lat' dir='ltr'><strong>in</strong></span> <span class='ocrx_word' id='word_1_9' title='bbox 761 410 960 482; x_wconf 84' lang='lat' dir='ltr'><strong>quibus</strong></span> <span class='ocrx_word' id='word_1_10' title='bbox 997 423 1201 466; x_wconf 78' lang='lat' dir='ltr'><strong>causae</strong></span> <span class='ocrx_word' id='word_1_11' title='bbox 1220 409 1462 465; x_wconf 68' lang='lat' dir='ltr'><strong>mnium</strong></span> <span class='ocrx_word' id='word_1_12' title='bbox 1501 428 1521 461; x_wconf 72' lang='grc' dir='ltr'><strong>ο</strong></span> <span class='ocrx_word' id='word_1_13' title='bbox 1559 410 1784 477; x_wconf 74' lang='lat' dir='ltr'><strong>(ltoeest</strong></span> <span class='ocrx_word' id='word_1_14' title='bbox 1805 411 2097 466; x_wconf 77' lang='lat' dir='ltr'><strong>electorum</strong></span> <span class='ocrx_word' id='word_1_15' title='bbox 2125 417 2174 474; x_wconf 78' lang='grc' dir='ltr'><strong>Α</strong></span> <span class='ocrx_word' id='word_1_16' title='bbox 2204 415 2366 479; x_wconf 90' lang='lat' dir='ltr'><strong>sit,ut</strong></span> <span class='ocrx_word' id='word_1_17' title='bbox 2389 415 2522 468; x_wconf 89' lang='lat' dir='ltr'><strong>haec</strong></span> <span class='ocrx_word' id='word_1_18' title='bbox 2551 404 2976 484; x_wconf 79' lang='lat' dir='ltr'><strong>philosophiaac</strong></span> <span class='ocrx_word' id='word_1_19' title='bbox 3006 409 3272 481; x_wconf 75' lang='lat' dir='ltr'><strong>theologia</strong></span> <span class='ocrx_word' id='word_1_20' title='bbox 3303 411 3415 467; x_wconf 80' lang='lat' dir='ltr'><strong>fere</strong></span> <span class='ocrx_word' id='word_1_21' title='bbox 3438 410 3548 468; x_wconf 88' lang='lat' dir='ltr'><strong>sint</strong></span> <span class='ocrx_word' id='word_1_22' title='bbox 3571 412 3784 471; x_wconf 77' lang='lat' dir='ltr'><strong>insulsa</strong></span> 
     </span>
    </p>
   </div>
   <div class='ocr_carea' id='block_1_4' title="bbox 509 501 2092 574">
    <p class='ocr_par' dir='ltr' id='par_1_4' title="bbox 509 501 2092 574">
     <span class='ocr_line' id='line_1_4' title="bbox 509 501 2092 574; baseline -0.003 -14"><span class='ocrx_word' id='word_1_23' title='bbox 509 519 613 560; x_wconf 77' lang='lat' dir='ltr'><strong>seu</strong></span> <span class='ocrx_word' id='word_1_24' title='bbox 647 523 674 556; x_wconf 72' lang='grc' dir='ltr'><strong>ι</strong></span> <span class='ocrx_word' id='word_1_25' title='bbox 697 503 1145 574; x_wconf 70' lang='grc' dir='ltr'><strong>άθίίὶρειιοτιιπυ)</strong></span> <span class='ocrx_word' id='word_1_26' title='bbox 1183 501 1671 556; x_wconf 65' lang='lat' dir='ltr'><strong>e&#39;absconduntur.</strong></span> <span class='ocrx_word' id='word_1_27' title='bbox 1722 502 1787 554; x_wconf 80' lang='lat' dir='ltr'><strong>Et</strong></span> <span class='ocrx_word' id='word_1_28' title='bbox 1819 510 1945 555; x_wconf 89' lang='lat' dir='ltr'><strong>tunc</strong></span> <span class='ocrx_word' id='word_1_29' title='bbox 1986 517 2092 556; x_wconf 89' lang='lat' dir='ltr'><strong>nox</strong></span> 
     </span>
    </p>
   </div>
   <div class='ocr_carea' id='block_1_5' title="bbox 509 593 2095 662">
    <p class='ocr_par' dir='ltr' id='par_1_5' title="bbox 509 593 2095 662">
     <span class='ocr_line' id='line_1_5' title="bbox 509 593 2095 662; baseline -0.003 -11"><span class='ocrx_word' id='word_1_30' title='bbox 509 597 653 651; x_wconf 83' lang='lat' dir='ltr'><strong>sicut</strong></span> <span class='ocrx_word' id='word_1_31' title='bbox 673 595 790 650; x_wconf 89' lang='lat' dir='ltr'><strong>dies</strong></span> <span class='ocrx_word' id='word_1_32' title='bbox 817 593 1224 656; x_wconf 90' lang='lat' dir='ltr'><strong>illuminabitur,</strong></span> <span class='ocrx_word' id='word_1_33' title='bbox 1256 595 1360 648; x_wconf 87' lang='lat' dir='ltr'><strong>hoc</strong></span> <span class='ocrx_word' id='word_1_34' title='bbox 1385 603 1469 647; x_wconf 90' lang='lat' dir='ltr'><strong>est</strong></span> <span class='ocrx_word' id='word_1_35' title='bbox 1497 593 1863 647; x_wconf 74' lang='lat' dir='ltr'><strong>secretissima</strong></span> <span class='ocrx_word' id='word_1_36' title='bbox 1893 603 2095 662; x_wconf 77' lang='lat' dir='ltr'><strong>myste-</strong></span> 
     </span>
    </p>
   </div>
   <div class='ocr_carea' id='block_1_6' title="bbox 515 683 2094 755">
    <p class='ocr_par' dir='ltr' id='par_1_6' title="bbox 515 683 2094 755">
     <span class='ocr_line' id='line_1_6' title="bbox 515 683 2094 755; baseline -0.003 -12"><span class='ocrx_word' id='word_1_37' title='bbox 515 688 594 743; x_wconf 83' lang='lat' dir='ltr'><strong>ria</strong></span> <span class='ocrx_word' id='word_1_38' title='bbox 615 688 786 743; x_wconf 82' lang='lat' dir='ltr'><strong>beatis</strong></span> <span class='ocrx_word' id='word_1_39' title='bbox 813 697 868 742; x_wconf 91' lang='lat' dir='ltr'><strong>et</strong></span> <span class='ocrx_word' id='word_1_40' title='bbox 923 686 1235 741; x_wconf 89' lang='lat' dir='ltr'><strong>illuminatis</strong></span> <span class='ocrx_word' id='word_1_41' title='bbox 1266 685 1626 742; x_wconf 78' lang='lat' dir='ltr'><strong>intellectibus</strong></span> <span class='ocrx_word' id='word_1_42' title='bbox 1668 683 1924 738; x_wconf 78' lang='lat' dir='ltr'><strong>ineffabili</strong></span> <span class='ocrx_word' id='word_1_43' title='bbox 1955 701 2094 755; x_wconf 87' lang='lat' dir='ltr'><strong>quo—</strong></span> 
     </span>
    </p>
   </div>
   <div class='ocr_carea' id='block_1_7' title="bbox 512 774 2096 848">
    <p class='ocr_par' dir='ltr' id='par_1_7' title="bbox 512 774 2096 848">
     <span class='ocr_line' id='line_1_7' title="bbox 512 774 2096 848; baseline -0.005 -12"><span class='ocrx_word' id='word_1_44' title='bbox 512 779 638 836; x_wconf 86' lang='lat' dir='ltr'><strong>dam</strong></span> <span class='ocrx_word' id='word_1_45' title='bbox 661 777 818 832; x_wconf 90' lang='lat' dir='ltr'><strong>modo</strong></span> <span class='ocrx_word' id='word_1_46' title='bbox 840 777 1168 848; x_wconf 81' lang='lat' dir='ltr'><strong>aperientur.</strong></span> <span class='ocrx_word' id='word_1_47' title='bbox 1200 775 1352 829; x_wconf 85' lang='lat' dir='ltr'><strong>Tunc</strong></span> <span class='ocrx_word' id='word_1_48' title='bbox 1381 774 1692 844; x_wconf 79' lang='lat' dir='ltr'><strong>perﬁcietur</strong></span> <span class='ocrx_word' id='word_1_49' title='bbox 1717 774 1979 828; x_wconf 88' lang='lat' dir='ltr'><strong>octonarii</strong></span> <span class='ocrx_word' id='word_1_50' title='bbox 1999 790 2096 828; x_wconf 88' lang='lat' dir='ltr'><strong>nu—</strong></span> 
     </span>
    </p>
   </div>
   <div class='ocr_carea' id='block_1_8' title="bbox 514 861 2098 934">
    <p class='ocr_par' dir='ltr' id='par_1_8' title="bbox 514 861 2098 934">
     <span class='ocr_line' id='line_1_8' title="bbox 514 861 2098 934; baseline -0.003 -12"><span class='ocrx_word' id='word_1_51' title='bbox 514 867 650 922; x_wconf 83' lang='lat' dir='ltr'><strong>meri</strong></span> <span class='ocrx_word' id='word_1_52' title='bbox 681 866 844 920; x_wconf 89' lang='lat' dir='ltr'><strong>veluti</strong></span> <span class='ocrx_word' id='word_1_53' title='bbox 889 863 1314 934; x_wconf 88' lang='lat' dir='ltr'><strong>supernaturalis</strong></span> <span class='ocrx_word' id='word_1_54' title='bbox 1340 864 1462 917; x_wconf 89' lang='lat' dir='ltr'><strong>cubi</strong></span> <span class='ocrx_word' id='word_1_55' title='bbox 1495 861 1888 933; x_wconf 73' lang='lat' dir='ltr'><strong>perfectissima</strong></span> <span class='ocrx_word' id='word_1_56' title='bbox 1919 862 2098 917; x_wconf 87' lang='lat' dir='ltr'><strong>solidi-</strong></span> 
     </span>
    </p>
   </div>
   <div class='ocr_carea' id='block_1_9' title="bbox 516 951 2099 1024">
    <p class='ocr_par' dir='ltr' id='par_1_9' title="bbox 516 951 2099 1024">
     <span class='ocr_line' id='line_1_9' title="bbox 516 951 2099 1024; baseline -0.003 -14"><span class='ocrx_word' id='word_1_57' title='bbox 516 965 620 1020; x_wconf 82' lang='lat' dir='ltr'><strong>tas,</strong></span> <span class='ocrx_word' id='word_1_58' title='bbox 645 956 696 1009; x_wconf 82' lang='lat' dir='ltr'><strong>in</strong></span> <span class='ocrx_word' id='word_1_59' title='bbox 725 954 878 1024; x_wconf 85' lang='lat' dir='ltr'><strong>cujus</strong></span> <span class='ocrx_word' id='word_1_60' title='bbox 910 961 1036 1024; x_wconf 87' lang='lat' dir='ltr'><strong>typo</strong></span> <span class='ocrx_word' id='word_1_61' title='bbox 1055 960 1242 1006; x_wconf 82' lang='lat' dir='ltr'><strong>sextus</strong></span> <span class='ocrx_word' id='word_1_62' title='bbox 1283 952 1534 1007; x_wconf 83' lang='lat' dir='ltr'><strong>titulatur</strong></span> <span class='ocrx_word' id='word_1_63' title='bbox 1557 951 1824 1017; x_wconf 77' lang='lat' dir='ltr'><strong>Psalmus,</strong></span> <span class='ocrx_word' id='word_1_64' title='bbox 1860 970 1914 1004; x_wconf 77' lang='grc' dir='ltr'>η</span> <span class='ocrx_word' id='word_1_65' title='bbox 1951 951 2099 1006; x_wconf 77' lang='lat' dir='ltr'><strong>Psal—</strong></span> 
     </span>
    </p>
   </div>
   <div class='ocr_carea' id='block_1_10' title="bbox 515 1038 2098 1112">
    <p class='ocr_par' dir='ltr' id='par_1_10' title="bbox 515 1038 2098 1112">
     <span class='ocr_line' id='line_1_10' title="bbox 515 1038 2098 1112; baseline -0.003 -13"><span class='ocrx_word' id='word_1_66' title='bbox 515 1059 636 1099; x_wconf 87' lang='lat' dir='ltr'><strong>mus</strong></span> <span class='ocrx_word' id='word_1_67' title='bbox 664 1043 830 1098; x_wconf 80' lang='lat' dir='ltr'><strong>David</strong></span> <span class='ocrx_word' id='word_1_68' title='bbox 851 1057 947 1112; x_wconf 89' lang='lat' dir='ltr'><strong>per</strong></span> <span class='ocrx_word' id='word_1_69' title='bbox 971 1051 1160 1096; x_wconf 90' lang='lat' dir='ltr'><strong>octava</strong></span> <span class='ocrx_word' id='word_1_70' title='bbox 1183 1060 1202 1092; x_wconf 76' lang='grc'><strong>»</strong></span> <span class='ocrx_word' id='word_1_71' title='bbox 1219 1061 1262 1095; x_wconf 77' lang='grc' dir='ltr'><strong>ι.</strong></span> <span class='ocrx_word' id='word_1_72' title='bbox 1279 1041 1624 1096; x_wconf 80' lang='lat' dir='ltr'><strong>Rcsurrectio</strong></span> <span class='ocrx_word' id='word_1_73' title='bbox 1648 1056 1862 1110; x_wconf 88' lang='lat' dir='ltr'><strong>quoque</strong></span> <span class='ocrx_word' id='word_1_74' title='bbox 1887 1038 2098 1094; x_wconf 84' lang='lat' dir='ltr'><strong>Domini</strong></span> 
     </span>
    </p>
   </div>
   <div class='ocr_carea' id='block_1_11' title="bbox 513 1130 2102 1195">
    <p class='ocr_par' dir='ltr' id='par_1_11' title="bbox 513 1130 2102 1195">
     <span class='ocr_line' id='line_1_11' title="bbox 513 1130 2102 1195; baseline -0.001 -7"><span class='ocrx_word' id='word_1_75' title='bbox 513 1149 620 1188; x_wconf 88' lang='lat' dir='ltr'><strong>non</strong></span> <span class='ocrx_word' id='word_1_76' title='bbox 646 1133 806 1187; x_wconf 86' lang='lat' dir='ltr'><strong>aliam</strong></span> <span class='ocrx_word' id='word_1_77' title='bbox 856 1134 927 1187; x_wconf 91' lang='lat' dir='ltr'><strong>ob</strong></span> <span class='ocrx_word' id='word_1_78' title='bbox 967 1148 1189 1187; x_wconf 83' lang='lat' dir='ltr'><strong>causam</strong></span> <span class='ocrx_word' id='word_1_79' title='bbox 1235 1141 1427 1188; x_wconf 85' lang='lat' dir='ltr'><strong>octava</strong></span> <span class='ocrx_word' id='word_1_80' title='bbox 1457 1133 1552 1186; x_wconf 85' lang='lat' dir='ltr'><strong>die</strong></span> <span class='ocrx_word' id='word_1_81' title='bbox 1588 1131 1729 1186; x_wconf 81' lang='lat' dir='ltr'><strong>facta</strong></span> <span class='ocrx_word' id='word_1_82' title='bbox 1758 1139 1862 1195; x_wconf 88' lang='lat' dir='ltr'><strong>est,</strong></span> <span class='ocrx_word' id='word_1_83' title='bbox 1900 1130 2002 1185; x_wconf 91' lang='lat' dir='ltr'><strong>nisi</strong></span> <span class='ocrx_word' id='word_1_84' title='bbox 2043 1139 2102 1186; x_wconf 93' lang='lat' dir='ltr'><strong>ut</strong></span> 
     </span>
    </p>
   </div>
   <div class='ocr_carea' id='block_1_12' title="bbox 513 1223 2102 1294">
    <p class='ocr_par' dir='ltr' id='par_1_12' title="bbox 513 1223 2102 1294">
     <span class='ocr_line' id='line_1_12' title="bbox 513 1223 2102 1294; baseline -0.002 -14"><span class='ocrx_word' id='word_1_85' title='bbox 513 1225 669 1280; x_wconf 89' lang='lat' dir='ltr'><strong>beata</strong></span> <span class='ocrx_word' id='word_1_86' title='bbox 700 1224 787 1278; x_wconf 90' lang='lat' dir='ltr'><strong>illa</strong></span> <span class='ocrx_word' id='word_1_87' title='bbox 812 1225 942 1289; x_wconf 91' lang='lat' dir='ltr'><strong>vita,</strong></span> <span class='ocrx_word' id='word_1_88' title='bbox 970 1240 1117 1294; x_wconf 89' lang='lat' dir='ltr'><strong>quae</strong></span> <span class='ocrx_word' id='word_1_89' title='bbox 1136 1231 1258 1294; x_wconf 89' lang='lat' dir='ltr'><strong>post</strong></span> <span class='ocrx_word' id='word_1_90' title='bbox 1281 1224 1641 1292; x_wconf 84' lang='lat' dir='ltr'><strong>septenariam</strong></span> <span class='ocrx_word' id='word_1_91' title='bbox 1665 1223 1824 1292; x_wconf 84' lang='lat' dir='ltr'><strong>hujus</strong></span> <span class='ocrx_word' id='word_1_92' title='bbox 1840 1223 1979 1278; x_wconf 82' lang='lat' dir='ltr'><strong>vitae</strong></span> <span class='ocrx_word' id='word_1_93' title='bbox 2003 1237 2102 1291; x_wconf 89' lang='lat' dir='ltr'><strong>per</strong></span> 
     </span>
    </p>
   </div>
   <div class='ocr_carea' id='block_1_13' title="bbox 511 1311 2102 1383">
    <p class='ocr_par' dir='ltr' id='par_1_13' title="bbox 511 1311 2102 1383">
     <span class='ocr_line' id='line_1_13' title="bbox 511 1311 2102 1383; baseline 0 -15"><span class='ocrx_word' id='word_1_94' title='bbox 511 1317 720 1382; x_wconf 77' lang='lat' dir='ltr'><strong>septem</strong></span> <span class='ocrx_word' id='word_1_95' title='bbox 746 1313 864 1368; x_wconf 90' lang='lat' dir='ltr'><strong>dies</strong></span> <span class='ocrx_word' id='word_1_96' title='bbox 893 1312 1280 1367; x_wconf 87' lang='lat' dir='ltr'><strong>revolutionem</strong></span> <span class='ocrx_word' id='word_1_97' title='bbox 1312 1321 1394 1367; x_wconf 91' lang='lat' dir='ltr'><strong>est</strong></span> <span class='ocrx_word' id='word_1_98' title='bbox 1417 1311 1594 1366; x_wconf 83' lang='lat' dir='ltr'><strong>futura</strong></span> <span class='ocrx_word' id='word_1_99' title='bbox 1618 1321 1737 1383; x_wconf 84' lang='lat' dir='ltr'><strong>post</strong></span> <span class='ocrx_word' id='word_1_100' title='bbox 1763 1312 1946 1366; x_wconf 90' lang='lat' dir='ltr'><strong>mundi</strong></span> <span class='ocrx_word' id='word_1_101' title='bbox 1974 1327 2102 1368; x_wconf 84' lang='lat' dir='ltr'><strong>con-</strong></span> 
     </span>
    </p>
   </div>
   <div class='ocr_carea' id='block_1_14' title="bbox 513 1393 2101 1472">
    <p class='ocr_par' dir='ltr' id='par_1_14' title="bbox 513 1393 2101 1472">
     <span class='ocr_line' id='line_1_14' title="bbox 513 1393 2101 1472; baseline 0.001 -18"><span class='ocrx_word' id='word_1_102' title='bbox 513 1402 955 1466; x_wconf 89' lang='lat' dir='ltr'><strong>summationem,</strong></span> <span class='ocrx_word' id='word_1_103' title='bbox 995 1402 1222 1472; x_wconf 81' lang='lat' dir='ltr'><strong>mystice</strong></span> <span class='ocrx_word' id='word_1_104' title='bbox 1264 1393 1680 1471; x_wconf 82' lang='lat' dir='ltr'><strong>significaretur,</strong></span> <span class='ocrx_word' id='word_1_105' title='bbox 1735 1403 1952 1472; x_wconf 85' lang='lat' dir='ltr'><strong>quando</strong></span> <span class='ocrx_word' id='word_1_106' title='bbox 1997 1403 2101 1457; x_wconf 77' lang='lat' dir='ltr'><strong>ltu—</strong></span> 
     </span>
    </p>
   </div>
   <div class='ocr_carea' id='block_1_15' title="bbox 517 1490 2101 1560">
    <p class='ocr_par' dir='ltr' id='par_1_15' title="bbox 517 1490 2101 1560">
     <span class='ocr_line' id='line_1_15' title="bbox 517 1490 2101 1560; baseline 0 -16"><span class='ocrx_word' id='word_1_107' title='bbox 517 1506 676 1544; x_wconf 89' lang='lat' dir='ltr'><strong>mana</strong></span> <span class='ocrx_word' id='word_1_108' title='bbox 725 1499 940 1554; x_wconf 91' lang='lat' dir='ltr'><strong>natura,</strong></span> <span class='ocrx_word' id='word_1_109' title='bbox 974 1499 1033 1543; x_wconf 91' lang='lat' dir='ltr'><strong>ut</strong></span> <span class='ocrx_word' id='word_1_110' title='bbox 1083 1490 1475 1560; x_wconf 78' lang='lat' dir='ltr'><strong>praediximus,</strong></span> <span class='ocrx_word' id='word_1_111' title='bbox 1499 1491 1554 1544; x_wconf 89' lang='lat' dir='ltr'><strong>in</strong></span> <span class='ocrx_word' id='word_1_112' title='bbox 1585 1506 1741 1545; x_wconf 84' lang='lat' dir='ltr'><strong>suum</strong></span> <span class='ocrx_word' id='word_1_113' title='bbox 1779 1491 2101 1560; x_wconf 85' lang='lat' dir='ltr'><strong>principium</strong></span> 
     </span>
    </p>
   </div>
   <div class='ocr_carea' id='block_1_16' title="bbox 519 1582 2103 1652">
    <p class='ocr_par' dir='ltr' id='par_1_16' title="bbox 519 1582 2103 1652">
     <span class='ocr_line' id='line_1_16' title="bbox 519 1582 2103 1652; baseline 0 -16"><span class='ocrx_word' id='word_1_114' title='bbox 519 1598 615 1652; x_wconf 89' lang='lat' dir='ltr'><strong>per</strong></span> <span class='ocrx_word' id='word_1_115' title='bbox 635 1584 969 1638; x_wconf 90' lang='lat' dir='ltr'><strong>octonariam</strong></span> <span class='ocrx_word' id='word_1_116' title='bbox 992 1583 1366 1638; x_wconf 84' lang='lat' dir='ltr'><strong>ascensionem</strong></span> <span class='ocrx_word' id='word_1_117' title='bbox 1393 1582 1633 1637; x_wconf 87' lang='lat' dir='ltr'><strong>reditura</strong></span> <span class='ocrx_word' id='word_1_118' title='bbox 1660 1583 1728 1638; x_wconf 92' lang='lat' dir='ltr'><strong>sit</strong></span> <span class='ocrx_word' id='word_1_119' title='bbox 1753 1599 1768 1648; x_wconf 92' lang='lat'><strong>;</strong></span> <span class='ocrx_word' id='word_1_120' title='bbox 1799 1583 2103 1652; x_wconf 85' lang='lat' dir='ltr'><strong>quinari‘am</strong></span> 
     </span>
    </p>
   </div>
   <div class='ocr_carea' id='block_1_17' title="bbox 519 1675 2101 1743">
    <p class='ocr_par' dir='ltr' id='par_1_17' title="bbox 519 1675 2101 1743">
     <span class='ocr_line' id='line_1_17' title="bbox 519 1675 2101 1743; baseline 0.001 -15"><span class='ocrx_word' id='word_1_121' title='bbox 519 1675 737 1743; x_wconf 78' lang='lat' dir='ltr'><strong>quidem</strong></span> <span class='ocrx_word' id='word_1_122' title='bbox 774 1675 914 1728; x_wconf 90' lang='lat' dir='ltr'><strong>intra</strong></span> <span class='ocrx_word' id='word_1_123' title='bbox 949 1684 1177 1728; x_wconf 90' lang='lat' dir='ltr'><strong>naturae</strong></span> <span class='ocrx_word' id='word_1_124' title='bbox 1205 1675 1482 1738; x_wconf 88' lang='lat' dir='ltr'><strong>terminos,</strong></span> <span class='ocrx_word' id='word_1_125' title='bbox 1521 1675 1814 1728; x_wconf 89' lang='lat' dir='ltr'><strong>ternariam</strong></span> <span class='ocrx_word' id='word_1_126' title='bbox 1847 1689 1977 1728; x_wconf 87' lang='lat' dir='ltr'><strong>vero</strong></span> <span class='ocrx_word' id='word_1_127' title='bbox 2007 1689 2101 1729; x_wconf 87' lang='lat' dir='ltr'><strong>su-</strong></span> 
     </span>
    </p>
   </div>
   <div class='ocr_carea' id='block_1_18' title="bbox 2194 503 3792 574">
    <p class='ocr_par' dir='ltr' id='par_1_18' title="bbox 2194 503 3792 574">
     <span class='ocr_line' id='line_1_18' title="bbox 2194 503 3792 574; baseline 0.002 -16"><span class='ocrx_word' id='word_1_128' title='bbox 2194 505 2481 574; x_wconf 85' lang='lat' dir='ltr'><strong>quaedam,</strong></span> <span class='ocrx_word' id='word_1_129' title='bbox 2513 512 2770 573; x_wconf 84' lang='lat' dir='ltr'><strong>perpetuo</strong></span> <span class='ocrx_word' id='word_1_130' title='bbox 2813 503 3084 572; x_wconf 79' lang='lat' dir='ltr'><strong>opinionis</strong></span> <span class='ocrx_word' id='word_1_131' title='bbox 3111 516 3307 557; x_wconf 89' lang='lat' dir='ltr'><strong>errore</strong></span> <span class='ocrx_word' id='word_1_132' title='bbox 3343 503 3597 569; x_wconf 77' lang='lat' dir='ltr'><strong>conﬁcta,</strong></span> <span class='ocrx_word' id='word_1_133' title='bbox 3648 504 3792 562; x_wconf 81' lang='lat' dir='ltr'><strong>illbd’</strong></span> 
     </span>
    </p>
   </div>
   <div class='ocr_carea' id='block_1_19' title="bbox 2194 592 3782 664">
    <p class='ocr_par' dir='ltr' id='par_1_19' title="bbox 2194 592 3782 664">
     <span class='ocr_line' id='line_1_19' title="bbox 2194 592 3782 664; baseline 0.003 -16"><span class='ocrx_word' id='word_1_134' title='bbox 2194 593 2436 663; x_wconf 78' lang='lat' dir='ltr'><strong>profecto</strong></span> <span class='ocrx_word' id='word_1_135' title='bbox 2459 608 2678 648; x_wconf 80' lang='lat' dir='ltr'><strong>necesse</strong></span> <span class='ocrx_word' id='word_1_136' title='bbox 2704 593 2824 658; x_wconf 83' lang='lat' dir='ltr'><strong>fuit,</strong></span> <span class='ocrx_word' id='word_1_137' title='bbox 2851 592 3017 647; x_wconf 91' lang='lat' dir='ltr'><strong>etiam</strong></span> <span class='ocrx_word' id='word_1_138' title='bbox 3047 593 3153 662; x_wconf 86' lang='lat' dir='ltr'><strong>ipsi</strong></span> <span class='ocrx_word' id='word_1_139' title='bbox 3181 593 3447 662; x_wconf 80' lang='lat' dir='ltr'><strong>Erigenae</strong></span> <span class='ocrx_word' id='word_1_140' title='bbox 3486 593 3782 664; x_wconf 83' lang='lat' dir='ltr'><strong>aliquando</strong></span> 
     </span>
    </p>
   </div>
   <div class='ocr_carea' id='block_1_20' title="bbox 2196 683 3781 753">
    <p class='ocr_par' dir='ltr' id='par_1_20' title="bbox 2196 683 3781 753">
     <span class='ocr_line' id='line_1_20' title="bbox 2196 683 3781 753; baseline 0.003 -15"><span class='ocrx_word' id='word_1_141' title='bbox 2196 684 2248 738; x_wconf 89' lang='lat' dir='ltr'><strong>in</strong></span> <span class='ocrx_word' id='word_1_142' title='bbox 2294 693 2528 738; x_wconf 86' lang='lat' dir='ltr'><strong>mentem</strong></span> <span class='ocrx_word' id='word_1_143' title='bbox 2581 683 2806 748; x_wconf 90' lang='lat' dir='ltr'><strong>venire,</strong></span> <span class='ocrx_word' id='word_1_144' title='bbox 2857 698 3023 753; x_wconf 89' lang='lat' dir='ltr'><strong>quam</strong></span> <span class='ocrx_word' id='word_1_145' title='bbox 3069 683 3169 738; x_wconf 82' lang='lat' dir='ltr'><strong>sibi</strong></span> <span class='ocrx_word' id='word_1_146' title='bbox 3206 683 3629 741; x_wconf 84' lang='lat' dir='ltr'><strong>adversarentur</strong></span> <span class='ocrx_word' id='word_1_147' title='bbox 3671 703 3781 743; x_wconf 88' lang='lat' dir='ltr'><strong>non</strong></span> 
     </span>
    </p>
   </div>
   <div class='ocr_carea' id='block_1_21' title="bbox 2195 774 3783 843">
    <p class='ocr_par' dir='ltr' id='par_1_21' title="bbox 2195 774 3783 843">
     <span class='ocr_line' id='line_1_21' title="bbox 2195 774 3783 843; baseline 0.003 -17"><span class='ocrx_word' id='word_1_148' title='bbox 2195 774 2389 838; x_wconf 88' lang='lat' dir='ltr'><strong>solum,</strong></span> <span class='ocrx_word' id='word_1_149' title='bbox 2431 789 2570 843; x_wconf 90' lang='lat' dir='ltr'><strong>quae</strong></span> <span class='ocrx_word' id='word_1_150' title='bbox 2600 774 2872 828; x_wconf 89' lang='lat' dir='ltr'><strong>communi</strong></span> <span class='ocrx_word' id='word_1_151' title='bbox 2911 774 3157 828; x_wconf 81' lang='lat' dir='ltr'><strong>omnium</strong></span> <span class='ocrx_word' id='word_1_152' title='bbox 3200 789 3470 830; x_wconf 88' lang='lat' dir='ltr'><strong>consensu</strong></span> <span class='ocrx_word' id='word_1_153' title='bbox 3495 790 3623 831; x_wconf 83' lang='lat' dir='ltr'><strong>vera</strong></span> <span class='ocrx_word' id='word_1_154' title='bbox 3655 793 3783 836; x_wconf 74' lang='lat' dir='ltr'><strong>esse</strong></span> 
     </span>
    </p>
   </div>
   <div class='ocr_carea' id='block_1_22' title="bbox 2196 863 3782 934">
    <p class='ocr_par' dir='ltr' id='par_1_22' title="bbox 2196 863 3782 934">
     <span class='ocr_line' id='line_1_22' title="bbox 2196 863 3782 934; baseline 0.004 -15"><span class='ocrx_word' id='word_1_155' title='bbox 2196 863 2580 926; x_wconf 88' lang='lat' dir='ltr'><strong>crederentur,</strong></span> <span class='ocrx_word' id='word_1_156' title='bbox 2631 865 2724 920; x_wconf 86' lang='lat' dir='ltr'><strong>sed</strong></span> <span class='ocrx_word' id='word_1_157' title='bbox 2776 865 2940 920; x_wconf 90' lang='lat' dir='ltr'><strong>etiam</strong></span> <span class='ocrx_word' id='word_1_158' title='bbox 2993 879 3132 934; x_wconf 90' lang='lat' dir='ltr'><strong>quae</strong></span> <span class='ocrx_word' id='word_1_159' title='bbox 3181 865 3426 921; x_wconf 91' lang='lat' dir='ltr'><strong>doctrina</strong></span> <span class='ocrx_word' id='word_1_160' title='bbox 3471 866 3782 926; x_wconf 85' lang='lat' dir='ltr'><strong>Christiana</strong></span> 
     </span>
    </p>
   </div>
   <div class='ocr_carea' id='block_1_23' title="bbox 2196 953 3785 1028">
    <p class='ocr_par' dir='ltr' id='par_1_23' title="bbox 2196 953 3785 1028">
     <span class='ocr_line' id='line_1_23' title="bbox 2196 953 3785 1028; baseline 0.004 -22"><span class='ocrx_word' id='word_1_161' title='bbox 2196 963 2540 1024; x_wconf 88' lang='lat' dir='ltr'><strong>proponeret.</strong></span> <span class='ocrx_word' id='word_1_162' title='bbox 2587 953 2701 1008; x_wconf 85' lang='lat' dir='ltr'><strong>Hoc</strong></span> <span class='ocrx_word' id='word_1_163' title='bbox 2747 963 2953 1020; x_wconf 86' lang='lat' dir='ltr'><strong>autem,</strong></span> <span class='ocrx_word' id='word_1_164' title='bbox 3002 955 3330 1024; x_wconf 87' lang='lat' dir='ltr'><strong>simulatque</strong></span> <span class='ocrx_word' id='word_1_165' title='bbox 3374 957 3785 1028; x_wconf 82' lang='lat' dir='ltr'><strong>animadvertit,</strong></span> 
     </span>
    </p>
   </div>
   <div class='ocr_carea' id='block_1_24' title="bbox 2198 1042 3787 1117">
    <p class='ocr_par' dir='ltr' id='par_1_24' title="bbox 2198 1042 3787 1117">
     <span class='ocr_line' id='line_1_24' title="bbox 2198 1042 3787 1117; baseline 0.004 -20"><span class='ocrx_word' id='word_1_166' title='bbox 2198 1043 2332 1097; x_wconf 83' lang='lat' dir='ltr'><strong>nihil</strong></span> <span class='ocrx_word' id='word_1_167' title='bbox 2367 1043 2641 1112; x_wconf 82' lang='lat' dir='ltr'><strong>antiquius</strong></span> <span class='ocrx_word' id='word_1_168' title='bbox 2684 1042 2878 1108; x_wconf 87' lang='lat' dir='ltr'><strong>habet,</strong></span> <span class='ocrx_word' id='word_1_169' title='bbox 2906 1058 3068 1113; x_wconf 91' lang='lat' dir='ltr'><strong>quam</strong></span> <span class='ocrx_word' id='word_1_170' title='bbox 3101 1053 3160 1099; x_wconf 91' lang='lat' dir='ltr'><strong>ut</strong></span> <span class='ocrx_word' id='word_1_171' title='bbox 3185 1046 3252 1099; x_wconf 91' lang='lat' dir='ltr'><strong>ad</strong></span> <span class='ocrx_word' id='word_1_172' title='bbox 3295 1059 3428 1100; x_wconf 88' lang='lat' dir='ltr'><strong>suae</strong></span> <span class='ocrx_word' id='word_1_173' title='bbox 3467 1046 3787 1117; x_wconf 83' lang='lat' dir='ltr'><strong>disciplinae</strong></span> 
     </span>
    </p>
   </div>
   <div class='ocr_carea' id='block_1_25' title="bbox 2198 1129 3791 1201">
    <p class='ocr_par' dir='ltr' id='par_1_25' title="bbox 2198 1129 3791 1201">
     <span class='ocr_line' id='line_1_25' title="bbox 2198 1129 3791 1201; baseline 0.004 -17"><span class='ocrx_word' id='word_1_174' title='bbox 2198 1131 2413 1201; x_wconf 79' lang='lat' dir='ltr'><strong>placita.</strong></span> <span class='ocrx_word' id='word_1_175' title='bbox 2437 1147 2792 1201; x_wconf 86' lang='lat' dir='ltr'><strong>quaecunque</strong></span> <span class='ocrx_word' id='word_1_176' title='bbox 2813 1129 2916 1201; x_wconf 88' lang='lat' dir='ltr'><strong>ipsi</strong></span> <span class='ocrx_word' id='word_1_177' title='bbox 2951 1133 3352 1200; x_wconf 88' lang='lat' dir='ltr'><strong>contradicant,</strong></span> <span class='ocrx_word' id='word_1_178' title='bbox 3387 1135 3791 1193; x_wconf 69' lang='lat' dir='ltr'><strong>accommodet;</strong></span> 
     </span>
    </p>
   </div>
   <div class='ocr_carea' id='block_1_26' title="bbox 2198 1220 3787 1291">
    <p class='ocr_par' dir='ltr' id='par_1_26' title="bbox 2198 1220 3787 1291">
     <span class='ocr_line' id='line_1_26' title="bbox 2198 1220 3787 1291; baseline 0.006 -17"><span class='ocrx_word' id='word_1_179' title='bbox 2198 1220 2375 1290; x_wconf 73' lang='lat' dir='ltr'><strong>Atque</strong></span> <span class='ocrx_word' id='word_1_180' title='bbox 2425 1221 2527 1276; x_wconf 87' lang='lat' dir='ltr'><strong>hac</strong></span> <span class='ocrx_word' id='word_1_181' title='bbox 2557 1223 2609 1276; x_wconf 91' lang='lat' dir='ltr'><strong>in</strong></span> <span class='ocrx_word' id='word_1_182' title='bbox 2660 1235 2718 1275; x_wconf 90' lang='lat' dir='ltr'><strong>re</strong></span> <span class='ocrx_word' id='word_1_183' title='bbox 2747 1222 2885 1275; x_wconf 91' lang='lat' dir='ltr'><strong>mira</strong></span> <span class='ocrx_word' id='word_1_184' title='bbox 2936 1222 3184 1291; x_wconf 62' lang='lat' dir='ltr'><strong>promoto</strong></span> <span class='ocrx_word' id='word_1_185' title='bbox 3229 1232 3348 1278; x_wconf 85' lang='lat' dir='ltr'><strong>arte</strong></span> <span class='ocrx_word' id='word_1_186' title='bbox 3395 1226 3632 1280; x_wconf 77' lang='lat' dir='ltr'><strong>excellit.</strong></span> <span class='ocrx_word' id='word_1_187' title='bbox 3664 1225 3787 1284; x_wconf 65' lang='lat' dir='ltr'><strong>Pen</strong></span> 
     </span>
    </p>
   </div>
   <div class='ocr_carea' id='block_1_27' title="bbox 2200 1311 3787 1384">
    <p class='ocr_par' dir='ltr' id='par_1_27' title="bbox 2200 1311 3787 1384">
     <span class='ocr_line' id='line_1_27' title="bbox 2200 1311 3787 1384; baseline 0.004 -18"><span class='ocrx_word' id='word_1_188' title='bbox 2200 1311 2400 1367; x_wconf 85' lang='lat' dir='ltr'><strong>multos</strong></span> <span class='ocrx_word' id='word_1_189' title='bbox 2429 1312 2575 1366; x_wconf 93' lang='lat' dir='ltr'><strong>enim</strong></span> <span class='ocrx_word' id='word_1_190' title='bbox 2606 1327 2794 1366; x_wconf 87' lang='lat' dir='ltr'><strong>sacrae</strong></span> <span class='ocrx_word' id='word_1_191' title='bbox 2823 1312 3136 1382; x_wconf 88' lang='lat' dir='ltr'><strong>Scripturae</strong></span> <span class='ocrx_word' id='word_1_192' title='bbox 3171 1313 3348 1379; x_wconf 87' lang='lat' dir='ltr'><strong>locos,</strong></span> <span class='ocrx_word' id='word_1_193' title='bbox 3392 1315 3658 1384; x_wconf 90' lang='lat' dir='ltr'><strong>permulta</strong></span> <span class='ocrx_word' id='word_1_194' title='bbox 3694 1319 3787 1373; x_wconf 87' lang='lat' dir='ltr'><strong>do-</strong></span> 
     </span>
    </p>
   </div>
   <div class='ocr_carea' id='block_1_28' title="bbox 2201 1399 3787 1474">
    <p class='ocr_par' dir='ltr' id='par_1_28' title="bbox 2201 1399 3787 1474">
     <span class='ocr_line' id='line_1_28' title="bbox 2201 1399 3787 1474; baseline 0.006 -20"><span class='ocrx_word' id='word_1_195' title='bbox 2201 1401 2408 1454; x_wconf 85' lang='lat' dir='ltr'><strong>ctrinae</strong></span> <span class='ocrx_word' id='word_1_196' title='bbox 2429 1399 2768 1474; x_wconf 76' lang='lat' dir='ltr'><strong>Christianae</strong></span> <span class='ocrx_word' id='word_1_197' title='bbox 2812 1403 2988 1470; x_wconf 87' lang='lat' dir='ltr'><strong>capita</strong></span> <span class='ocrx_word' id='word_1_198' title='bbox 3031 1412 3142 1457; x_wconf 90' lang='lat' dir='ltr'><strong>tam</strong></span> <span class='ocrx_word' id='word_1_199' title='bbox 3172 1405 3370 1460; x_wconf 82' lang='lat' dir='ltr'><strong>misere</strong></span> <span class='ocrx_word' id='word_1_200' title='bbox 3395 1407 3642 1472; x_wconf 76' lang='lat' dir='ltr'><strong>vexavit,</strong></span> <span class='ocrx_word' id='word_1_201' title='bbox 3672 1407 3787 1464; x_wconf 90' lang='lat' dir='ltr'><strong>dis-</strong></span> 
     </span>
    </p>
   </div>
   <div class='ocr_carea' id='block_1_29' title="bbox 2202 1492 3785 1566">
    <p class='ocr_par' dir='ltr' id='par_1_29' title="bbox 2202 1492 3785 1566">
     <span class='ocr_line' id='line_1_29' title="bbox 2202 1492 3785 1566; baseline 0.004 -20"><span class='ocrx_word' id='word_1_202' title='bbox 2202 1492 2494 1558; x_wconf 88' lang='lat' dir='ltr'><strong>cruciavit,</strong></span> <span class='ocrx_word' id='word_1_203' title='bbox 2549 1507 2612 1546; x_wconf 91' lang='lat' dir='ltr'><strong>ea</strong></span> <span class='ocrx_word' id='word_1_204' title='bbox 2660 1493 3010 1562; x_wconf 87' lang='lat' dir='ltr'><strong>turpitudinis</strong></span> <span class='ocrx_word' id='word_1_205' title='bbox 3045 1494 3228 1561; x_wconf 86' lang='lat' dir='ltr'><strong>specie</strong></span> <span class='ocrx_word' id='word_1_206' title='bbox 3276 1495 3513 1564; x_wconf 84' lang='lat' dir='ltr'><strong>polluit,</strong></span> <span class='ocrx_word' id='word_1_207' title='bbox 3547 1506 3646 1561; x_wconf 91' lang='lat' dir='ltr'><strong>ut,</strong></span> <span class='ocrx_word' id='word_1_208' title='bbox 3694 1499 3785 1566; x_wconf 88' lang='lat' dir='ltr'><strong>qui</strong></span> 
     </span>
    </p>
   </div>
   <div class='ocr_carea' id='block_1_30' title="bbox 2201 1581 3787 1658">
    <p class='ocr_par' dir='ltr' id='par_1_30' title="bbox 2201 1581 3787 1658">
     <span class='ocr_line' id='line_1_30' title="bbox 2201 1581 3787 1658; baseline 0.004 -20"><span class='ocrx_word' id='word_1_209' title='bbox 2201 1596 2389 1638; x_wconf 88' lang='lat' dir='ltr'><strong>eorum</strong></span> <span class='ocrx_word' id='word_1_210' title='bbox 2443 1581 2754 1652; x_wconf 89' lang='lat' dir='ltr'><strong>adspeetum</strong></span> <span class='ocrx_word' id='word_1_211' title='bbox 2813 1581 2954 1637; x_wconf 86' lang='lat' dir='ltr'><strong>ferre</strong></span> <span class='ocrx_word' id='word_1_212' title='bbox 3005 1584 3199 1653; x_wconf 86' lang='lat' dir='ltr'><strong>possit,</strong></span> <span class='ocrx_word' id='word_1_213' title='bbox 3241 1586 3331 1639; x_wconf 86' lang='lat' dir='ltr'><strong>vix</strong></span> <span class='ocrx_word' id='word_1_214' title='bbox 3370 1601 3491 1641; x_wconf 89' lang='lat' dir='ltr'><strong>esse</strong></span> <span class='ocrx_word' id='word_1_215' title='bbox 3539 1597 3787 1658; x_wconf 83' lang='lat' dir='ltr'><strong>putemus</strong></span> 
     </span>
    </p>
   </div>
   <div class='ocr_carea' id='block_1_31' title="bbox 2203 1671 3790 1748">
    <p class='ocr_par' dir='ltr' id='par_1_31' title="bbox 2203 1671 3790 1748">
     <span class='ocr_line' id='line_1_31' title="bbox 2203 1671 3790 1748; baseline 0.005 -23"><span class='ocrx_word' id='word_1_216' title='bbox 2203 1687 2550 1742; x_wconf 89' lang='lat' dir='ltr'><strong>quemquam.</strong></span> <span class='ocrx_word' id='word_1_217' title='bbox 2577 1671 2694 1725; x_wconf 81' lang='lat' dir='ltr'><strong>Sed</strong></span> <span class='ocrx_word' id='word_1_218' title='bbox 2709 1673 2842 1726; x_wconf 86' lang='lat' dir='ltr'><strong>haec</strong></span> <span class='ocrx_word' id='word_1_219' title='bbox 2867 1673 3148 1728; x_wconf 90' lang='lat' dir='ltr'><strong>hactenus.</strong></span> <span class='ocrx_word' id='word_1_220' title='bbox 3181 1674 3354 1742; x_wconf 77' lang='lat' dir='ltr'><strong>Quum</strong></span> <span class='ocrx_word' id='word_1_221' title='bbox 3385 1689 3474 1730; x_wconf 89' lang='lat' dir='ltr'><strong>res</strong></span> <span class='ocrx_word' id='word_1_222' title='bbox 3503 1677 3652 1747; x_wconf 86' lang='lat' dir='ltr'><strong>ipsas</strong></span> <span class='ocrx_word' id='word_1_223' title='bbox 3671 1677 3790 1748; x_wconf 81' lang='lat' dir='ltr'><strong>plu-</strong></span> 
     </span>
    </p>
   </div>
   <div class='ocr_carea' id='block_1_32' title="bbox 515 1763 3803 1842">
    <p class='ocr_par' dir='ltr' id='par_1_32' title="bbox 515 1763 3803 1842">
     <span class='ocr_line' id='line_1_32' title="bbox 515 1763 3803 1842; baseline 0.004 -24"><span class='ocrx_word' id='word_1_224' title='bbox 515 1763 2091 1835; x_wconf 84' lang='lat' dir='ltr'><strong>pernaturaliteretsuperessentialiterintraipsumDeum,</strong></span> <span class='ocrx_word' id='word_1_225' title='bbox 2123 1763 2351 1824; x_wconf 86' lang='lat' dir='ltr'><strong>Brimis</strong></span> <span class='ocrx_word' id='word_1_226' title='bbox 2403 1766 2891 1836; x_wconf 85' lang='lat' dir='ltr'><strong>explicaverimus,</strong></span> <span class='ocrx_word' id='word_1_227' title='bbox 2944 1769 3010 1823; x_wconf 82' lang='lat' dir='ltr'><strong>de</strong></span> <span class='ocrx_word' id='word_1_228' title='bbox 3069 1768 3233 1825; x_wconf 84' lang='lat' dir='ltr'><strong>rebus</strong></span> <span class='ocrx_word' id='word_1_229' title='bbox 3292 1770 3412 1826; x_wconf 84' lang='lat' dir='ltr'><strong>istis</strong></span> <span class='ocrx_word' id='word_1_230' title='bbox 3463 1773 3803 1842; x_wconf 81' lang='lat' dir='ltr'><strong>paucissima-</strong></span> 
     </span>
    </p>
   </div>
   <div class='ocr_carea' id='block_1_33' title="bbox 515 1854 2104 1925">
    <p class='ocr_par' dir='ltr' id='par_1_33' title="bbox 515 1854 2104 1925">
     <span class='ocr_line' id='line_1_33' title="bbox 515 1854 2104 1925; baseline -0.001 -18"><span class='ocrx_word' id='word_1_231' title='bbox 515 1854 733 1923; x_wconf 82' lang='lat' dir='ltr'><strong>quando</strong></span> <span class='ocrx_word' id='word_1_232' title='bbox 770 1854 1051 1925; x_wconf 88' lang='lat' dir='ltr'><strong>quinarius</strong></span> <span class='ocrx_word' id='word_1_233' title='bbox 1075 1863 1359 1908; x_wconf 88' lang='lat' dir='ltr'><strong>creaturae</strong></span> <span class='ocrx_word' id='word_1_234' title='bbox 1389 1869 1647 1908; x_wconf 84' lang='lat' dir='ltr'><strong>numerus</strong></span> <span class='ocrx_word' id='word_1_235' title='bbox 1671 1854 1912 1908; x_wconf 89' lang='lat' dir='ltr'><strong>ternario</strong></span> <span class='ocrx_word' id='word_1_236' title='bbox 1940 1855 2104 1907; x_wconf 84' lang='lat' dir='ltr'><strong>Crea-</strong></span> 
     </span>
    </p>
   </div>
   <div class='ocr_carea' id='block_1_34' title="bbox 517 1944 2104 2015">
    <p class='ocr_par' dir='ltr' id='par_1_34' title="bbox 517 1944 2104 2015">
     <span class='ocr_line' id='line_1_34' title="bbox 517 1944 2104 2015; baseline -0.002 -14"><span class='ocrx_word' id='word_1_237' title='bbox 517 1947 652 2002; x_wconf 90' lang='lat' dir='ltr'><strong>toris</strong></span> <span class='ocrx_word' id='word_1_238' title='bbox 677 1947 1019 2010; x_wconf 87' lang='lat' dir='ltr'><strong>adunabitur,</strong></span> <span class='ocrx_word' id='word_1_239' title='bbox 1047 1947 1120 2000; x_wconf 89' lang='lat' dir='ltr'><strong>ita</strong></span> <span class='ocrx_word' id='word_1_240' title='bbox 1145 1945 1280 2000; x_wconf 91' lang='lat' dir='ltr'><strong>utin</strong></span> <span class='ocrx_word' id='word_1_241' title='bbox 1310 1944 1454 1998; x_wconf 85' lang='lat' dir='ltr'><strong>nullo</strong></span> <span class='ocrx_word' id='word_1_242' title='bbox 1481 1951 1760 2015; x_wconf 87' lang='lat' dir='ltr'><strong>appareat,</strong></span> <span class='ocrx_word' id='word_1_243' title='bbox 1803 1944 1908 1997; x_wconf 88' lang='lat' dir='ltr'><strong>nisi</strong></span> <span class='ocrx_word' id='word_1_244' title='bbox 1957 1944 2104 1998; x_wconf 87' lang='lat' dir='ltr'><strong>solus</strong></span> 
     </span>
    </p>
   </div>
   <div class='ocr_carea' id='block_1_35' title="bbox 519 2033 2104 2105">
    <p class='ocr_par' dir='ltr' id='par_1_35' title="bbox 519 2033 2104 2105">
     <span class='ocr_line' id='line_1_35' title="bbox 519 2033 2104 2105; baseline -0.001 -16"><span class='ocrx_word' id='word_1_245' title='bbox 519 2035 683 2098; x_wconf 85' lang='lat' dir='ltr'><strong>Deus,</strong></span> <span class='ocrx_word' id='word_1_246' title='bbox 711 2035 1160 2104; x_wconf 88' lang='lat' dir='ltr'><strong>quemadmodum</strong></span> <span class='ocrx_word' id='word_1_247' title='bbox 1185 2036 1236 2088; x_wconf 91' lang='lat' dir='ltr'><strong>in</strong></span> <span class='ocrx_word' id='word_1_248' title='bbox 1265 2050 1391 2090; x_wconf 91' lang='lat' dir='ltr'><strong>aere</strong></span> <span class='ocrx_word' id='word_1_249' title='bbox 1425 2035 1719 2105; x_wconf 88' lang='lat' dir='ltr'><strong>purissimo</strong></span> <span class='ocrx_word' id='word_1_250' title='bbox 1748 2033 1979 2088; x_wconf 84' lang='lat' dir='ltr'><strong>nilaliud</strong></span> <span class='ocrx_word' id='word_1_251' title='bbox 2002 2035 2104 2089; x_wconf 88' lang='lat' dir='ltr'><strong>nisi</strong></span> 
     </span>
    </p>
   </div>
   <div class='ocr_carea' id='block_1_36' title="bbox 523 2122 2108 2195">
    <p class='ocr_par' dir='ltr' id='par_1_36' title="bbox 523 2122 2108 2195">
     <span class='ocr_line' id='line_1_36' title="bbox 523 2122 2108 2195; baseline -0.001 -16"><span class='ocrx_word' id='word_1_252' title='bbox 523 2125 635 2179; x_wconf 86' lang='lat' dir='ltr'><strong>sola</strong></span> <span class='ocrx_word' id='word_1_253' title='bbox 666 2124 753 2176; x_wconf 90' lang='lat' dir='ltr'><strong>lux</strong></span> <span class='ocrx_word' id='word_1_254' title='bbox 791 2143 836 2176; x_wconf 75' lang='grc' dir='ltr'><strong>ι.</strong></span> <span class='ocrx_word' id='word_1_255' title='bbox 878 2123 1082 2194; x_wconf 76' lang='lat' dir='ltr'><strong>(v.59.</strong></span> <span class='ocrx_word' id='word_1_256' title='bbox 1108 2153 1192 2195; x_wconf 82' lang='grc'><strong>,-</strong></span> <span class='ocrx_word' id='word_1_257' title='bbox 1226 2123 1618 2188; x_wconf 77' lang='lat' dir='ltr'><strong>cr.v,s.16.</strong></span> <span class='ocrx_word' id='word_1_258' title='bbox 1669 2122 1860 2177; x_wconf 73' lang='lat' dir='ltr'><strong>20-2l.</strong></span> <span class='ocrx_word' id='word_1_259' title='bbox 1902 2123 1993 2176; x_wconf 73' lang='lat'><strong>22.</strong></span> <span class='ocrx_word' id='word_1_260' title='bbox 2037 2123 2108 2177; x_wconf 73' lang='lat'><strong>25</strong></span> 
     </span>
    </p>
   </div>
   <div class='ocr_carea' id='block_1_37' title="bbox 524 2211 2110 2287">
    <p class='ocr_par' dir='ltr' id='par_1_37' title="bbox 524 2211 2110 2287">
     <span class='ocr_line' id='line_1_37' title="bbox 524 2211 2110 2287; baseline 0.001 -19"><span class='ocrx_word' id='word_1_261' title='bbox 524 2215 654 2287; x_wconf 85' lang='lat' dir='ltr'><strong>[ed.</strong></span> <span class='ocrx_word' id='word_1_262' title='bbox 692 2214 793 2270; x_wconf 89' lang='lat' dir='ltr'><strong>0x.</strong></span> <span class='ocrx_word' id='word_1_263' title='bbox 820 2231 874 2284; x_wconf 90' lang='lat' dir='ltr'><strong>p.</strong></span> <span class='ocrx_word' id='word_1_264' title='bbox 907 2213 1012 2268; x_wconf 74' lang='grc'><strong>254</strong></span> <span class='ocrx_word' id='word_1_265' title='bbox 1041 2231 1056 2279; x_wconf 90' lang='lat'><strong>;</strong></span> <span class='ocrx_word' id='word_1_266' title='bbox 1097 2214 1164 2269; x_wconf 90' lang='lat' dir='ltr'><strong>ad</strong></span> <span class='ocrx_word' id='word_1_267' title='bbox 1192 2229 1352 2283; x_wconf 88' lang='lat' dir='ltr'><strong>quem</strong></span> <span class='ocrx_word' id='word_1_268' title='bbox 1383 2214 1557 2269; x_wconf 90' lang='lat' dir='ltr'><strong>locum</strong></span> <span class='ocrx_word' id='word_1_269' title='bbox 1587 2211 1992 2268; x_wconf 83' lang='lat' dir='ltr'><strong>transferendus</strong></span> <span class='ocrx_word' id='word_1_270' title='bbox 2025 2220 2110 2269; x_wconf 89' lang='lat' dir='ltr'><strong>est</strong></span> 
     </span>
    </p>
   </div>
   <div class='ocr_carea' id='block_1_38' title="bbox 525 2300 2104 2374">
    <p class='ocr_par' dir='ltr' id='par_1_38' title="bbox 525 2300 2104 2374">
     <span class='ocr_line' id='line_1_38' title="bbox 525 2300 2104 2374; baseline -0.002 -18"><span class='ocrx_word' id='word_1_271' title='bbox 525 2305 676 2358; x_wconf 90' lang='lat' dir='ltr'><strong>locus</strong></span> <span class='ocrx_word' id='word_1_272' title='bbox 704 2303 923 2372; x_wconf 91' lang='lat' dir='ltr'><strong>quidam</strong></span> <span class='ocrx_word' id='word_1_273' title='bbox 949 2302 1040 2357; x_wconf 89' lang='lat' dir='ltr'><strong>lib.</strong></span> <span class='ocrx_word' id='word_1_274' title='bbox 1079 2302 1170 2368; x_wconf 84' lang='lat' dir='ltr'><strong>IV,</strong></span> <span class='ocrx_word' id='word_1_275' title='bbox 1200 2302 1264 2355; x_wconf 70' lang='lat' dir='ltr'><strong>l4</strong></span> <span class='ocrx_word' id='word_1_276' title='bbox 1297 2301 1354 2370; x_wconf 94' lang='grc' dir='ltr'><strong>(Ι.</strong></span> <span class='ocrx_word' id='word_1_277' title='bbox 1386 2301 1419 2354; x_wconf 82' lang='grc'><strong>1.</strong></span> <span class='ocrx_word' id='word_1_278' title='bbox 1455 2319 1508 2372; x_wconf 93' lang='lat' dir='ltr'><strong>p.</strong></span> <span class='ocrx_word' id='word_1_279' title='bbox 1549 2301 1672 2372; x_wconf 72' lang='grc'><strong>194)</strong></span> <span class='ocrx_word' id='word_1_280' title='bbox 1697 2301 1738 2374; x_wconf 72' lang='grc' dir='ltr'>Ι,</span> <span class='ocrx_word' id='word_1_281' title='bbox 1771 2301 1840 2357; x_wconf 80' lang='grc'><strong>56</strong></span> <span class='ocrx_word' id='word_1_282' title='bbox 1868 2300 1938 2373; x_wconf 96' lang='lat' dir='ltr'><strong>[l.</strong></span> <span class='ocrx_word' id='word_1_283' title='bbox 1983 2301 2018 2354; x_wconf 85' lang='lat' dir='ltr'><strong>l.</strong></span> <span class='ocrx_word' id='word_1_284' title='bbox 2049 2316 2104 2372; x_wconf 93' lang='lat' dir='ltr'><strong>p.</strong></span> 
     </span>
    </p>
   </div>
   <div class='ocr_carea' id='block_1_39' title="bbox 517 2390 2108 2467">
    <p class='ocr_par' dir='ltr' id='par_1_39' title="bbox 517 2390 2108 2467">
     <span class='ocr_line' id='line_1_39' title="bbox 517 2390 2108 2467; baseline 0 -21"><span class='ocrx_word' id='word_1_285' title='bbox 517 2393 758 2448; x_wconf 72' lang='lat'><strong>239.290</strong></span> <span class='ocrx_word' id='word_1_286' title='bbox 779 2393 821 2465; x_wconf 67' lang='lat'><strong>1,</strong></span> <span class='ocrx_word' id='word_1_287' title='bbox 867 2393 936 2448; x_wconf 76' lang='lat' dir='ltr'><strong>s7</strong></span> <span class='ocrx_word' id='word_1_288' title='bbox 987 2391 1068 2467; x_wconf 80' lang='grc' dir='ltr'><strong>[ι.</strong></span> <span class='ocrx_word' id='word_1_289' title='bbox 1098 2391 1137 2447; x_wconf 88' lang='grc' dir='ltr'><strong>ι.</strong></span> <span class='ocrx_word' id='word_1_290' title='bbox 1177 2405 1230 2464; x_wconf 74' lang='grc' dir='ltr'><strong>ρ.</strong></span> <span class='ocrx_word' id='word_1_291' title='bbox 1262 2390 1560 2464; x_wconf 67' lang='lat'><strong>293—294],</strong></span> <span class='ocrx_word' id='word_1_292' title='bbox 1601 2392 1674 2448; x_wconf 73' lang='grc'><strong>58·</strong></span> <span class='ocrx_word' id='word_1_293' title='bbox 1707 2391 1768 2464; x_wconf 86' lang='grc' dir='ltr'><strong>[ι.</strong></span> <span class='ocrx_word' id='word_1_294' title='bbox 1807 2391 1843 2446; x_wconf 93' lang='lat' dir='ltr'><strong>l.</strong></span> <span class='ocrx_word' id='word_1_295' title='bbox 1887 2406 1940 2461; x_wconf 87' lang='lat' dir='ltr'><strong>p.</strong></span> <span class='ocrx_word' id='word_1_296' title='bbox 1979 2391 2108 2459; x_wconf 76' lang='lat' dir='ltr'><strong>sol,</strong></span> 
     </span>
    </p>
   </div>
   <div class='ocr_carea' id='block_1_40' title="bbox 519 2484 831 2557">
    <p class='ocr_par' dir='ltr' id='par_1_40' title="bbox 519 2484 831 2557">
     <span class='ocr_line' id='line_1_40' title="bbox 519 2484 831 2557; baseline 0.003 -19"><span class='ocrx_word' id='word_1_297' title='bbox 519 2484 831 2557; x_wconf 74' lang='lat' dir='ltr'><strong>sos-509].)</strong></span> 
     </span>
    </p>
   </div>
   <div class='ocr_carea' id='block_1_41' title="bbox 595 2573 2110 2648">
    <p class='ocr_par' dir='ltr' id='par_1_41' title="bbox 595 2573 2110 2648">
     <span class='ocr_line' id='line_1_41' title="bbox 595 2573 2110 2648; baseline -0.002 -17"><span class='ocrx_word' id='word_1_298' title='bbox 595 2577 853 2646; x_wconf 86' lang='lat' dir='ltr'><strong>Exposito</strong></span> <span class='ocrx_word' id='word_1_299' title='bbox 883 2577 1048 2648; x_wconf 81' lang='lat' dir='ltr'><strong>igitur</strong></span> <span class='ocrx_word' id='word_1_300' title='bbox 1067 2576 1171 2632; x_wconf 82' lang='lat' dir='ltr'><strong>hac</strong></span> <span class='ocrx_word' id='word_1_301' title='bbox 1198 2576 1408 2631; x_wconf 87' lang='lat' dir='ltr'><strong>ratione</strong></span> <span class='ocrx_word' id='word_1_302' title='bbox 1426 2617 1441 2643; x_wconf 92' lang='lat'><strong>,</strong></span> <span class='ocrx_word' id='word_1_303' title='bbox 1467 2576 1626 2646; x_wconf 89' lang='lat' dir='ltr'><strong>quale</strong></span> <span class='ocrx_word' id='word_1_304' title='bbox 1649 2576 1720 2631; x_wconf 90' lang='lat' dir='ltr'><strong>sit</strong></span> <span class='ocrx_word' id='word_1_305' title='bbox 1761 2575 2019 2630; x_wconf 86' lang='lat' dir='ltr'><strong>librorum</strong></span> <span class='ocrx_word' id='word_1_306' title='bbox 2042 2573 2110 2629; x_wconf 88' lang='lat' dir='ltr'><strong>de</strong></span> 
     </span>
    </p>
   </div>
   <div class='ocr_carea' id='block_1_42' title="bbox 521 2664 2110 2738">
    <p class='ocr_par' dir='ltr' id='par_1_42' title="bbox 521 2664 2110 2738">
     <span class='ocr_line' id='line_1_42' title="bbox 521 2664 2110 2738; baseline -0.002 -17"><span class='ocrx_word' id='word_1_307' title='bbox 521 2665 788 2721; x_wconf 80' lang='lat' dir='ltr'><strong>divisione</strong></span> <span class='ocrx_word' id='word_1_308' title='bbox 819 2665 1052 2721; x_wconf 85' lang='lat' dir='ltr'><strong>Naturae</strong></span> <span class='ocrx_word' id='word_1_309' title='bbox 1073 2675 1468 2738; x_wconf 76' lang='lat' dir='ltr'><strong>argumentum,</strong></span> <span class='ocrx_word' id='word_1_310' title='bbox 1500 2681 1662 2736; x_wconf 89' lang='lat' dir='ltr'><strong>super</strong></span> <span class='ocrx_word' id='word_1_311' title='bbox 1685 2665 1983 2720; x_wconf 88' lang='lat' dir='ltr'><strong>disserendi</strong></span> <span class='ocrx_word' id='word_1_312' title='bbox 2018 2664 2110 2719; x_wconf 83' lang='lat' dir='ltr'><strong>de-</strong></span> 
     </span>
    </p>
   </div>
   <div class='ocr_carea' id='block_1_43' title="bbox 523 2755 2109 2828">
    <p class='ocr_par' dir='ltr' id='par_1_43' title="bbox 523 2755 2109 2828">
     <span class='ocr_line' id='line_1_43' title="bbox 523 2755 2109 2828; baseline -0.004 -15"><span class='ocrx_word' id='word_1_313' title='bbox 523 2757 972 2828; x_wconf 86' lang='lat' dir='ltr'><strong>monstrandiqne</strong></span> <span class='ocrx_word' id='word_1_314' title='bbox 1002 2759 1109 2820; x_wconf 85' lang='lat' dir='ltr'><strong>via,</strong></span> <span class='ocrx_word' id='word_1_315' title='bbox 1141 2773 1303 2826; x_wconf 91' lang='lat' dir='ltr'><strong>quam</strong></span> <span class='ocrx_word' id='word_1_316' title='bbox 1335 2756 1529 2810; x_wconf 79' lang='lat' dir='ltr'><strong>Scelus</strong></span> <span class='ocrx_word' id='word_1_317' title='bbox 1572 2764 1758 2810; x_wconf 88' lang='lat' dir='ltr'><strong>noster</strong></span> <span class='ocrx_word' id='word_1_318' title='bbox 1787 2756 1840 2809; x_wconf 92' lang='lat' dir='ltr'><strong>in</strong></span> <span class='ocrx_word' id='word_1_319' title='bbox 1875 2755 1940 2809; x_wconf 88' lang='lat' dir='ltr'><strong>iis</strong></span> <span class='ocrx_word' id='word_1_320' title='bbox 1989 2769 2109 2824; x_wconf 87' lang='lat' dir='ltr'><strong>per-</strong></span> 
     </span>
    </p>
   </div>
   <div class='ocr_carea' id='block_1_44' title="bbox 522 2845 2110 2920">
    <p class='ocr_par' dir='ltr' id='par_1_44' title="bbox 522 2845 2110 2920">
     <span class='ocr_line' id='line_1_44' title="bbox 522 2845 2110 2920; baseline -0.004 -17"><span class='ocrx_word' id='word_1_321' title='bbox 522 2858 740 2903; x_wconf 78' lang='lat' dir='ltr'><strong>secutus</strong></span> <span class='ocrx_word' id='word_1_322' title='bbox 760 2858 864 2912; x_wconf 92' lang='lat' dir='ltr'><strong>est,</strong></span> <span class='ocrx_word' id='word_1_323' title='bbox 891 2863 1054 2916; x_wconf 91' lang='lat' dir='ltr'><strong>quum</strong></span> <span class='ocrx_word' id='word_1_324' title='bbox 1070 2848 1287 2920; x_wconf 88' lang='lat' dir='ltr'><strong>quidem</strong></span> <span class='ocrx_word' id='word_1_325' title='bbox 1307 2845 1566 2917; x_wconf 81' lang='lat' dir='ltr'><strong>prepositi</strong></span> <span class='ocrx_word' id='word_1_326' title='bbox 1581 2846 1918 2916; x_wconf 88' lang='lat' dir='ltr'><strong>quaestionis</strong></span> <span class='ocrx_word' id='word_1_327' title='bbox 1945 2860 2110 2913; x_wconf 84' lang='lat' dir='ltr'><strong>argu-</strong></span> 
     </span>
    </p>
   </div>
   <div class='ocr_carea' id='block_1_45' title="bbox 521 2934 2112 3010">
    <p class='ocr_par' dir='ltr' id='par_1_45' title="bbox 521 2934 2112 3010">
     <span class='ocr_line' id='line_1_45' title="bbox 521 2934 2112 3010; baseline -0.003 -16"><span class='ocrx_word' id='word_1_328' title='bbox 521 2941 684 2994; x_wconf 86' lang='lat' dir='ltr'><strong>menti</strong></span> <span class='ocrx_word' id='word_1_329' title='bbox 726 2940 889 2993; x_wconf 88' lang='lat' dir='ltr'><strong>verbo</strong></span> <span class='ocrx_word' id='word_1_330' title='bbox 927 2939 1344 3010; x_wconf 83' lang='lat' dir='ltr'><strong>respexerimus,</strong></span> <span class='ocrx_word' id='word_1_331' title='bbox 1393 2938 1484 2990; x_wconf 88' lang='lat' dir='ltr'><strong>vix</strong></span> <span class='ocrx_word' id='word_1_332' title='bbox 1536 2937 1832 3006; x_wconf 83' lang='lat' dir='ltr'><strong>quidquam</strong></span> <span class='ocrx_word' id='word_1_333' title='bbox 1881 2934 2112 3004; x_wconf 86' lang='lat' dir='ltr'><strong>amplius</strong></span> 
     </span>
    </p>
   </div>
   <div class='ocr_carea' id='block_1_46' title="bbox 519 3023 2109 3095">
    <p class='ocr_par' dir='ltr' id='par_1_46' title="bbox 519 3023 2109 3095">
     <span class='ocr_line' id='line_1_46' title="bbox 519 3023 2109 3095; baseline -0.004 -13"><span class='ocrx_word' id='word_1_334' title='bbox 519 3028 805 3082; x_wconf 85' lang='lat' dir='ltr'><strong>dicendum</strong></span> <span class='ocrx_word' id='word_1_335' title='bbox 838 3028 1067 3082; x_wconf 89' lang='lat' dir='ltr'><strong>videtur.</strong></span> <span class='ocrx_word' id='word_1_336' title='bbox 1106 3027 1258 3082; x_wconf 80' lang='lat' dir='ltr'><strong>Hanc</strong></span> <span class='ocrx_word' id='word_1_337' title='bbox 1303 3028 1448 3082; x_wconf 90' lang='lat' dir='ltr'><strong>enim</strong></span> <span class='ocrx_word' id='word_1_338' title='bbox 1481 3023 1595 3094; x_wconf 78' lang='lat' dir='ltr'><strong>jam</strong></span> <span class='ocrx_word' id='word_1_339' title='bbox 1645 3025 1698 3079; x_wconf 92' lang='lat' dir='ltr'><strong>in</strong></span> <span class='ocrx_word' id='word_1_340' title='bbox 1749 3026 1865 3095; x_wconf 90' lang='lat' dir='ltr'><strong>ipso</strong></span> <span class='ocrx_word' id='word_1_341' title='bbox 1916 3025 2109 3078; x_wconf 87' lang='lat' dir='ltr'><strong>horum</strong></span> 
     </span>
    </p>
   </div>
   <div class='ocr_carea' id='block_1_47' title="bbox 2205 1854 2494 1910">
    <p class='ocr_par' dir='ltr' id='par_1_47' title="bbox 2205 1854 2494 1910">
     <span class='ocr_line' id='line_1_47' title="bbox 2205 1854 2494 1910; baseline -0.007 0"><span class='ocrx_word' id='word_1_342' title='bbox 2205 1854 2494 1910; x_wconf 73' lang='lat' dir='ltr'><strong>sufﬁciant.</strong></span> 
     </span>
    </p>
   </div>
   <div class='ocr_carea' id='block_1_48' title="bbox 2274 1945 3792 2020">
    <p class='ocr_par' dir='ltr' id='par_1_48' title="bbox 2274 1945 3792 2020">
     <span class='ocr_line' id='line_1_48' title="bbox 2274 1945 3792 2020; baseline 0.006 -22"><span class='ocrx_word' id='word_1_343' title='bbox 2274 1945 2592 2014; x_wconf 85' lang='lat' dir='ltr'><strong>Quicunque</strong></span> <span class='ocrx_word' id='word_1_344' title='bbox 2622 1947 2789 2017; x_wconf 79' lang='lat' dir='ltr'><strong>igitur</strong></span> <span class='ocrx_word' id='word_1_345' title='bbox 2807 1947 2948 2003; x_wconf 83' lang='lat' dir='ltr'><strong>hanc</strong></span> <span class='ocrx_word' id='word_1_346' title='bbox 2979 1949 3206 2004; x_wconf 85' lang='lat' dir='ltr'><strong>alteram</strong></span> <span class='ocrx_word' id='word_1_347' title='bbox 3230 1949 3544 2020; x_wconf 88' lang='lat' dir='ltr'><strong>scriptionis</strong></span> <span class='ocrx_word' id='word_1_348' title='bbox 3571 1959 3792 2008; x_wconf 82' lang='lat' dir='ltr'><strong>nostrae</strong></span> 
     </span>
    </p>
   </div>
   <div class='ocr_carea' id='block_1_49' title="bbox 2205 2037 3790 2108">
    <p class='ocr_par' dir='ltr' id='par_1_49' title="bbox 2205 2037 3790 2108">
     <span class='ocr_line' id='line_1_49' title="bbox 2205 2037 3790 2108; baseline 0.005 -21"><span class='ocrx_word' id='word_1_349' title='bbox 2205 2043 2412 2104; x_wconf 88' lang='lat' dir='ltr'><strong>partem</strong></span> <span class='ocrx_word' id='word_1_350' title='bbox 2451 2038 2584 2091; x_wconf 88' lang='lat' dir='ltr'><strong>satis</strong></span> <span class='ocrx_word' id='word_1_351' title='bbox 2607 2052 2800 2106; x_wconf 81' lang='lat' dir='ltr'><strong>magna</strong></span> <span class='ocrx_word' id='word_1_352' title='bbox 2827 2051 2950 2091; x_wconf 91' lang='lat' dir='ltr'><strong>cum</strong></span> <span class='ocrx_word' id='word_1_353' title='bbox 2992 2037 3271 2108; x_wconf 75' lang='lat' dir='ltr'><strong>diligentia</strong></span> <span class='ocrx_word' id='word_1_354' title='bbox 3307 2039 3718 2103; x_wconf 87' lang='lat' dir='ltr'><strong>examinaverit,</strong></span> <span class='ocrx_word' id='word_1_355' title='bbox 3743 2040 3790 2095; x_wconf 93' lang='lat' dir='ltr'><strong>is</strong></span> 
     </span>
    </p>
   </div>
   <div class='ocr_carea' id='block_1_50' title="bbox 2206 2124 3783 2198">
    <p class='ocr_par' dir='ltr' id='par_1_50' title="bbox 2206 2124 3783 2198">
     <span class='ocr_line' id='line_1_50' title="bbox 2206 2124 3783 2198; baseline 0.003 -20"><span class='ocrx_word' id='word_1_356' title='bbox 2206 2131 2352 2178; x_wconf 87' lang='lat' dir='ltr'><strong>certe</strong></span> <span class='ocrx_word' id='word_1_357' title='bbox 2399 2124 2467 2178; x_wconf 90' lang='lat' dir='ltr'><strong>ad</strong></span> <span class='ocrx_word' id='word_1_358' title='bbox 2515 2125 2773 2193; x_wconf 85' lang='lat' dir='ltr'><strong>propositi</strong></span> <span class='ocrx_word' id='word_1_359' title='bbox 2826 2127 3161 2194; x_wconf 87' lang='lat' dir='ltr'><strong>quaestionis</strong></span> <span class='ocrx_word' id='word_1_360' title='bbox 3209 2130 3514 2198; x_wconf 88' lang='lat' dir='ltr'><strong>argumenti</strong></span> <span class='ocrx_word' id='word_1_361' title='bbox 3565 2130 3725 2184; x_wconf 85' lang='lat' dir='ltr'><strong>verba</strong></span> <span class='ocrx_word' id='word_1_362' title='bbox 3767 2145 3783 2183; x_wconf 89' lang='lat'><strong>:</strong></span> 
     </span>
    </p>
   </div>
   <div class='ocr_carea' id='block_1_51' title="bbox 2211 2212 3783 2285">
    <p class='ocr_par' dir='ltr' id='par_1_51' title="bbox 2211 2212 3783 2285">
     <span class='ocr_line' id='line_1_51' title="bbox 2211 2212 3783 2285; baseline 0.004 -21"><span class='ocrx_word' id='word_1_363' title='bbox 2211 2229 2236 2264; x_wconf 80' lang='grc' dir='ltr'><strong><em>ι</em></strong></span> <span class='ocrx_word' id='word_1_364' title='bbox 2271 2213 2353 2266; x_wconf 84' lang='lat' dir='ltr'><strong>An</strong></span> <span class='ocrx_word' id='word_1_365' title='bbox 2387 2221 2443 2268; x_wconf 91' lang='lat' dir='ltr'><strong>et</strong></span> <span class='ocrx_word' id='word_1_366' title='bbox 2471 2222 2740 2284; x_wconf 83' lang='lat' dir='ltr'><strong>quatenus</strong></span> <span class='ocrx_word' id='word_1_367' title='bbox 2777 2212 2827 2268; x_wconf 74' lang='grc' dir='ltr'><strong>«Ι.</strong></span> <span class='ocrx_word' id='word_1_368' title='bbox 2883 2213 2974 2270; x_wconf 89' lang='lat' dir='ltr'><strong>Sc.</strong></span> <span class='ocrx_word' id='word_1_369' title='bbox 3025 2215 3292 2285; x_wconf 89' lang='lat' dir='ltr'><strong>Erigenae</strong></span> <span class='ocrx_word' id='word_1_370' title='bbox 3345 2217 3482 2272; x_wconf 86' lang='lat' dir='ltr'><strong>liber</strong></span> <span class='ocrx_word' id='word_1_371' title='bbox 3523 2217 3588 2271; x_wconf 93' lang='lat' dir='ltr'><strong>de</strong></span> <span class='ocrx_word' id='word_1_372' title='bbox 3642 2217 3783 2271; x_wconf 64' lang='lat' dir='ltr'><strong>diVi?</strong></span> 
     </span>
    </p>
   </div>
   <div class='ocr_carea' id='block_1_52' title="bbox 2208 2303 3788 2362">
    <p class='ocr_par' dir='ltr' id='par_1_52' title="bbox 2208 2303 3788 2362">
     <span class='ocr_line' id='line_1_52' title="bbox 2208 2303 3788 2362; baseline 0.001 -3"><span class='ocrx_word' id='word_1_373' title='bbox 2208 2305 2360 2359; x_wconf 90' lang='lat' dir='ltr'><strong>sione</strong></span> <span class='ocrx_word' id='word_1_374' title='bbox 2387 2303 2622 2360; x_wconf 85' lang='lat' dir='ltr'><strong>Naturae</strong></span> <span class='ocrx_word' id='word_1_375' title='bbox 2647 2314 2702 2359; x_wconf 88' lang='lat' dir='ltr'><strong>et</strong></span> <span class='ocrx_word' id='word_1_376' title='bbox 2724 2320 2848 2358; x_wconf 91' lang='lat' dir='ltr'><strong>cum</strong></span> <span class='ocrx_word' id='word_1_377' title='bbox 2893 2313 3040 2361; x_wconf 88' lang='lat' dir='ltr'><strong>recta</strong></span> <span class='ocrx_word' id='word_1_378' title='bbox 3072 2307 3284 2360; x_wconf 85' lang='lat' dir='ltr'><strong>ratione</strong></span> <span class='ocrx_word' id='word_1_379' title='bbox 3312 2315 3368 2362; x_wconf 90' lang='lat' dir='ltr'><strong>et</strong></span> <span class='ocrx_word' id='word_1_380' title='bbox 3399 2322 3521 2362; x_wconf 88' lang='lat' dir='ltr'><strong>eum</strong></span> <span class='ocrx_word' id='word_1_381' title='bbox 3540 2307 3788 2362; x_wconf 85' lang='lat' dir='ltr'><strong>doctrina</strong></span> 
     </span>
    </p>
   </div>
   <div class='ocr_carea' id='block_1_53' title="bbox 2207 2391 3862 2466">
    <p class='ocr_par' dir='ltr' id='par_1_53' title="bbox 2207 2391 3862 2466">
     <span class='ocr_line' id='line_1_53' title="bbox 2207 2391 3862 2466; baseline 0.002 -18"><span class='ocrx_word' id='word_1_382' title='bbox 2207 2391 2512 2448; x_wconf 87' lang='lat' dir='ltr'><strong>Christiana</strong></span> <span class='ocrx_word' id='word_1_383' title='bbox 2574 2395 2880 2449; x_wconf 84' lang='lat' dir='ltr'><strong>consentiat</strong></span> <span class='ocrx_word' id='word_1_384' title='bbox 2937 2412 2984 2458; x_wconf 63' lang='grc' dir='ltr'><strong>ιη,</strong></span> <span class='ocrx_word' id='word_1_385' title='bbox 3036 2396 3139 2450; x_wconf 82' lang='lat' dir='ltr'><strong>hoc</strong></span> <span class='ocrx_word' id='word_1_386' title='bbox 3187 2395 3618 2466; x_wconf 80' lang='lat' dir='ltr'><strong>respondendum</strong></span> <span class='ocrx_word' id='word_1_387' title='bbox 3669 2410 3794 2451; x_wconf 76' lang='lat' dir='ltr'><strong>esse</strong></span> <span class='ocrx_word' id='word_1_388' title='bbox 3851 2417 3862 2424; x_wconf 71' lang='grc' dir='ltr'><strong><em>ο</em></strong></span> 
     </span>
    </p>
   </div>
   <div class='ocr_carea' id='block_1_54' title="bbox 2206 2481 3788 2550">
    <p class='ocr_par' dir='ltr' id='par_1_54' title="bbox 2206 2481 3788 2550">
     <span class='ocr_line' id='line_1_54' title="bbox 2206 2481 3788 2550; baseline 0.001 -13"><span class='ocrx_word' id='word_1_389' title='bbox 2206 2482 2486 2546; x_wconf 88' lang='lat' dir='ltr'><strong>concedet,</strong></span> <span class='ocrx_word' id='word_1_390' title='bbox 2531 2481 2701 2548; x_wconf 89' lang='lat' dir='ltr'><strong>illum,</strong></span> <span class='ocrx_word' id='word_1_391' title='bbox 2738 2498 2901 2550; x_wconf 90' lang='lat' dir='ltr'><strong>quem</strong></span> <span class='ocrx_word' id='word_1_392' title='bbox 2950 2485 3224 2550; x_wconf 77' lang='lat' dir='ltr'><strong>diximus,</strong></span> <span class='ocrx_word' id='word_1_393' title='bbox 3258 2485 3482 2549; x_wconf 88' lang='lat' dir='ltr'><strong>librum,</strong></span> <span class='ocrx_word' id='word_1_394' title='bbox 3521 2486 3568 2540; x_wconf 89' lang='lat' dir='ltr'><strong>si</strong></span> <span class='ocrx_word' id='word_1_395' title='bbox 3614 2493 3788 2540; x_wconf 80' lang='lat' dir='ltr'><strong>totum</strong></span> 
     </span>
    </p>
   </div>
   <div class='ocr_carea' id='block_1_55' title="bbox 2214 2571 3792 2643">
    <p class='ocr_par' dir='ltr' id='par_1_55' title="bbox 2214 2571 3792 2643">
     <span class='ocr_line' id='line_1_55' title="bbox 2214 2571 3792 2643; baseline 0.003 -18"><span class='ocrx_word' id='word_1_396' title='bbox 2214 2571 2386 2640; x_wconf 84' lang='lat' dir='ltr'><strong>ipsius</strong></span> <span class='ocrx_word' id='word_1_397' title='bbox 2413 2582 2821 2642; x_wconf 79' lang='lat' dir='ltr'><strong>argumentum,</strong></span> <span class='ocrx_word' id='word_1_398' title='bbox 2844 2581 3009 2628; x_wconf 86' lang='lat' dir='ltr'><strong>totam</strong></span> <span class='ocrx_word' id='word_1_399' title='bbox 3041 2574 3211 2643; x_wconf 87' lang='lat' dir='ltr'><strong>ipsius</strong></span> <span class='ocrx_word' id='word_1_400' title='bbox 3236 2574 3573 2642; x_wconf 88' lang='lat' dir='ltr'><strong>disciplinam</strong></span> <span class='ocrx_word' id='word_1_401' title='bbox 3624 2583 3792 2642; x_wconf 80' lang='lat' dir='ltr'><strong>atque</strong></span> 
     </span>
    </p>
   </div>
   <div class='ocr_carea' id='block_1_56' title="bbox 2210 2661 3796 2734">
    <p class='ocr_par' dir='ltr' id='par_1_56' title="bbox 2210 2661 3796 2734">
     <span class='ocr_line' id='line_1_56' title="bbox 2210 2661 3796 2734; baseline -0.001 -17"><span class='ocrx_word' id='word_1_402' title='bbox 2210 2661 2442 2717; x_wconf 86' lang='lat' dir='ltr'><strong>indolem</strong></span> <span class='ocrx_word' id='word_1_403' title='bbox 2471 2663 2750 2733; x_wconf 85' lang='lat' dir='ltr'><strong>respicias,</strong></span> <span class='ocrx_word' id='word_1_404' title='bbox 2797 2663 2939 2717; x_wconf 90' lang='lat' dir='ltr'><strong>nulla</strong></span> <span class='ocrx_word' id='word_1_405' title='bbox 2979 2678 3048 2719; x_wconf 87' lang='lat' dir='ltr'><strong>ex</strong></span> <span class='ocrx_word' id='word_1_406' title='bbox 3075 2675 3230 2734; x_wconf 90' lang='lat' dir='ltr'><strong>parte</strong></span> <span class='ocrx_word' id='word_1_407' title='bbox 3251 2673 3344 2718; x_wconf 89' lang='lat' dir='ltr'><strong>aut</strong></span> <span class='ocrx_word' id='word_1_408' title='bbox 3374 2670 3686 2718; x_wconf 82' lang='lat' dir='ltr'><strong>cumrecta</strong></span> <span class='ocrx_word' id='word_1_409' title='bbox 3706 2678 3796 2716; x_wconf 49' lang='lat' dir='ltr'><strong>ra,</strong></span> 
     </span>
    </p>
   </div>
   <div class='ocr_carea' id='block_1_57' title="bbox 2213 2751 3796 2822">
    <p class='ocr_par' dir='ltr' id='par_1_57' title="bbox 2213 2751 3796 2822">
     <span class='ocr_line' id='line_1_57' title="bbox 2213 2751 3796 2822; baseline 0 -16"><span class='ocrx_word' id='word_1_410' title='bbox 2213 2751 2384 2817; x_wconf 91' lang='lat' dir='ltr'><strong>tione,</strong></span> <span class='ocrx_word' id='word_1_411' title='bbox 2413 2760 2653 2806; x_wconf 89' lang='lat' dir='ltr'><strong>autcum</strong></span> <span class='ocrx_word' id='word_1_412' title='bbox 2677 2753 2922 2808; x_wconf 87' lang='lat' dir='ltr'><strong>doctrina</strong></span> <span class='ocrx_word' id='word_1_413' title='bbox 2945 2754 3249 2809; x_wconf 88' lang='lat' dir='ltr'><strong>Christiana</strong></span> <span class='ocrx_word' id='word_1_414' title='bbox 3265 2753 3592 2814; x_wconf 85' lang='lat' dir='ltr'><strong>consentire.</strong></span> <span class='ocrx_word' id='word_1_415' title='bbox 3623 2759 3796 2822; x_wconf 90' lang='lat' dir='ltr'><strong>atque</strong></span> 
     </span>
    </p>
   </div>
   <div class='ocr_carea' id='block_1_58' title="bbox 2209 2842 3807 2912">
    <p class='ocr_par' dir='ltr' id='par_1_58' title="bbox 2209 2842 3807 2912">
     <span class='ocr_line' id='line_1_58' title="bbox 2209 2842 3807 2912; baseline -0.003 -14"><span class='ocrx_word' id='word_1_416' title='bbox 2209 2843 2414 2912; x_wconf 84' lang='lat' dir='ltr'><strong>Optimo</strong></span> <span class='ocrx_word' id='word_1_417' title='bbox 2436 2843 2560 2912; x_wconf 85' lang='lat' dir='ltr'><strong>jure</strong></span> <span class='ocrx_word' id='word_1_418' title='bbox 2591 2844 2659 2897; x_wconf 90' lang='lat' dir='ltr'><strong>ab</strong></span> <span class='ocrx_word' id='word_1_419' title='bbox 2688 2842 2924 2898; x_wconf 84' lang='lat' dir='ltr'><strong>Honorio</strong></span> <span class='ocrx_word' id='word_1_420' title='bbox 2961 2844 3028 2898; x_wconf 93' lang='lat' dir='ltr'><strong>lll</strong></span> <span class='ocrx_word' id='word_1_421' title='bbox 3049 2885 3064 2908; x_wconf 94' lang='lat'><strong>,</strong></span> <span class='ocrx_word' id='word_1_422' title='bbox 3098 2843 3356 2899; x_wconf 85' lang='lat' dir='ltr'><strong>Pontifice</strong></span> <span class='ocrx_word' id='word_1_423' title='bbox 3405 2842 3650 2897; x_wconf 77' lang='lat' dir='ltr'><strong>Maximo.</strong></span> <span class='ocrx_word' id='word_1_424' title='bbox 3672 2882 3688 2908; x_wconf 92' lang='lat'><strong>,</strong></span> <span class='ocrx_word' id='word_1_425' title='bbox 3735 2850 3807 2896; x_wconf 80' lang='lat' dir='ltr'><strong>ut.</strong></span> 
     </span>
    </p>
   </div>
   <div class='ocr_carea' id='block_1_59' title="bbox 2218 2933 3795 3005">
    <p class='ocr_par' dir='ltr' id='par_1_59' title="bbox 2218 2933 3795 3005">
     <span class='ocr_line' id='line_1_59' title="bbox 2218 2933 3795 3005; baseline 0.001 -21"><span class='ocrx_word' id='word_1_426' title='bbox 2218 2950 2240 2984; x_wconf 78' lang='grc' dir='ltr'>ι</span> <span class='ocrx_word' id='word_1_427' title='bbox 2273 2941 2572 2988; x_wconf 86' lang='lat' dir='ltr'><strong>scatentem</strong></span> <span class='ocrx_word' id='word_1_428' title='bbox 2617 2934 2892 2989; x_wconf 88' lang='lat' dir='ltr'><strong>vermibus</strong></span> <span class='ocrx_word' id='word_1_429' title='bbox 2943 2935 3250 2990; x_wconf 85' lang='lat' dir='ltr'><strong>haereticae</strong></span> <span class='ocrx_word' id='word_1_430' title='bbox 3285 2933 3570 3005; x_wconf 78' lang='lat' dir='ltr'><strong>pravitatis</strong></span> <span class='ocrx_word' id='word_1_431' title='bbox 3601 2953 3619 2985; x_wconf 76' lang='grc' dir='ltr'><strong><em>ι</em></strong></span> <span class='ocrx_word' id='word_1_432' title='bbox 3673 2947 3795 2987; x_wconf 88' lang='lat' dir='ltr'><strong>esse</strong></span> 
     </span>
    </p>
   </div>
   <div class='ocr_carea' id='block_1_60' title="bbox 2213 3022 3796 3097">
    <p class='ocr_par' dir='ltr' id='par_1_60' title="bbox 2213 3022 3796 3097">
     <span class='ocr_line' id='line_1_60' title="bbox 2213 3022 3796 3097; baseline -0.002 -18"><span class='ocrx_word' id='word_1_433' title='bbox 2213 3023 2549 3080; x_wconf 88' lang='lat' dir='ltr'><strong>damnatum.</strong></span> <span class='ocrx_word' id='word_1_434' title='bbox 2594 3022 2730 3079; x_wconf 81' lang='lat' dir='ltr'><strong>Nam</strong></span> <span class='ocrx_word' id='word_1_435' title='bbox 2761 3034 3123 3097; x_wconf 65' lang='lat' dir='ltr'><strong>prwterquam</strong></span> <span class='ocrx_word' id='word_1_436' title='bbox 3149 3029 3295 3095; x_wconf 81' lang='lat' dir='ltr'><strong>quod</strong></span> <span class='ocrx_word' id='word_1_437' title='bbox 3328 3034 3384 3079; x_wconf 90' lang='lat' dir='ltr'><strong>et</strong></span> <span class='ocrx_word' id='word_1_438' title='bbox 3418 3023 3561 3079; x_wconf 90' lang='lat' dir='ltr'><strong>aliud</strong></span> <span class='ocrx_word' id='word_1_439' title='bbox 3588 3022 3796 3093; x_wconf 84' lang='lat' dir='ltr'><strong>agendo</strong></span> 
     </span>
    </p>
   </div>
   <div class='ocr_carea' id='block_1_61' title="bbox 520 3105 3793 3191">
    <p class='ocr_par' dir='ltr' id='par_1_61' title="bbox 520 3105 3793 3191">
     <span class='ocr_line' id='line_1_61' title="bbox 520 3105 3793 3191; baseline -0.002 -19"><span class='ocrx_word' id='word_1_440' title='bbox 520 3119 780 3186; x_wconf 82' lang='lat' dir='ltr'><strong>librorum</strong></span> <span class='ocrx_word' id='word_1_441' title='bbox 832 3129 1150 3191; x_wconf 90' lang='lat' dir='ltr'><strong>argumento</strong></span> <span class='ocrx_word' id='word_1_442' title='bbox 1197 3118 1537 3188; x_wconf 77' lang='lat' dir='ltr'><strong>explicando,</strong></span> <span class='ocrx_word' id='word_1_443' title='bbox 1578 3128 1839 3187; x_wconf 88' lang='lat' dir='ltr'><strong>quantum</strong></span> <span class='ocrx_word' id='word_1_444' title='bbox 1889 3105 2184 3172; x_wconf 85' lang='lat' dir='ltr'><strong>necesscC</strong></span> <span class='ocrx_word' id='word_1_445' title='bbox 2214 3122 2271 3168; x_wconf 86' lang='lat' dir='ltr'><strong>et</strong></span> <span class='ocrx_word' id='word_1_446' title='bbox 2306 3114 2428 3169; x_wconf 88' lang='lat' dir='ltr'><strong>data</strong></span> <span class='ocrx_word' id='word_1_447' title='bbox 2474 3129 2640 3186; x_wconf 81' lang='lat' dir='ltr'><strong>opera</strong></span> <span class='ocrx_word' id='word_1_448' title='bbox 2695 3117 3092 3186; x_wconf 88' lang='lat' dir='ltr'><strong>apertissimum</strong></span> <span class='ocrx_word' id='word_1_449' title='bbox 3139 3118 3298 3172; x_wconf 90' lang='lat' dir='ltr'><strong>docet</strong></span> <span class='ocrx_word' id='word_1_450' title='bbox 3351 3114 3793 3190; x_wconf 87' lang='lat' dir='ltr'><strong>pantheismum,</strong></span> 
     </span>
    </p>
   </div>
   <div class='ocr_carea' id='block_1_62' title="bbox 521 3207 2109 3278">
    <p class='ocr_par' dir='ltr' id='par_1_62' title="bbox 521 3207 2109 3278">
     <span class='ocr_line' id='line_1_62' title="bbox 521 3207 2109 3278; baseline -0.003 -12"><span class='ocrx_word' id='word_1_451' title='bbox 521 3219 627 3275; x_wconf 84' lang='lat' dir='ltr'><strong>est,</strong></span> <span class='ocrx_word' id='word_1_452' title='bbox 652 3227 680 3263; x_wconf 89' lang='lat' dir='ltr'><strong>a</strong></span> <span class='ocrx_word' id='word_1_453' title='bbox 712 3210 866 3264; x_wconf 88' lang='lat' dir='ltr'><strong>nobis</strong></span> <span class='ocrx_word' id='word_1_454' title='bbox 895 3209 1222 3278; x_wconf 82' lang='lat' dir='ltr'><strong>patefactam</strong></span> <span class='ocrx_word' id='word_1_455' title='bbox 1243 3225 1363 3264; x_wconf 84' lang='lat' dir='ltr'><strong>esse</strong></span> <span class='ocrx_word' id='word_1_456' title='bbox 1396 3210 1749 3262; x_wconf 88' lang='lat' dir='ltr'><strong>arbitramur.</strong></span> <span class='ocrx_word' id='word_1_457' title='bbox 1793 3207 1903 3262; x_wconf 88' lang='lat' dir='ltr'><strong>Nec</strong></span> <span class='ocrx_word' id='word_1_458' title='bbox 1947 3207 2109 3262; x_wconf 82' lang='lat' dir='ltr'><strong>dissi-</strong></span> 
     </span>
    </p>
   </div>
   <div class='ocr_carea' id='block_1_63' title="bbox 525 3299 2107 3369">
    <p class='ocr_par' dir='ltr' id='par_1_63' title="bbox 525 3299 2107 3369">
     <span class='ocr_line' id='line_1_63' title="bbox 525 3299 2107 3369; baseline 0.001 -17"><span class='ocrx_word' id='word_1_459' title='bbox 525 3299 668 3352; x_wconf 89' lang='lat' dir='ltr'><strong>milis</strong></span> <span class='ocrx_word' id='word_1_460' title='bbox 694 3312 776 3353; x_wconf 89' lang='lat' dir='ltr'><strong>est</strong></span> <span class='ocrx_word' id='word_1_461' title='bbox 814 3300 883 3363; x_wconf 89' lang='lat' dir='ltr'><strong>ei,</strong></span> <span class='ocrx_word' id='word_1_462' title='bbox 926 3315 1087 3369; x_wconf 90' lang='lat' dir='ltr'><strong>quam</strong></span> <span class='ocrx_word' id='word_1_463' title='bbox 1111 3301 1164 3353; x_wconf 91' lang='lat' dir='ltr'><strong>in</strong></span> <span class='ocrx_word' id='word_1_464' title='bbox 1212 3301 1350 3354; x_wconf 88' lang='lat' dir='ltr'><strong>libro</strong></span> <span class='ocrx_word' id='word_1_465' title='bbox 1380 3301 1448 3355; x_wconf 92' lang='lat' dir='ltr'><strong>de</strong></span> <span class='ocrx_word' id='word_1_466' title='bbox 1476 3299 1981 3369; x_wconf 87' lang='lat' dir='ltr'><strong>praedestinatione</strong></span> <span class='ocrx_word' id='word_1_467' title='bbox 2009 3301 2107 3354; x_wconf 88' lang='lat' dir='ltr'><strong>ha-</strong></span> 
     </span>
    </p>
   </div>
   <div class='ocr_carea' id='block_1_64' title="bbox 523 3389 2108 3461">
    <p class='ocr_par' dir='ltr' id='par_1_64' title="bbox 523 3389 2108 3461">
     <span class='ocr_line' id='line_1_64' title="bbox 523 3389 2108 3461; baseline 0.001 -18"><span class='ocrx_word' id='word_1_468' title='bbox 523 3389 640 3443; x_wconf 86' lang='lat' dir='ltr'><strong>beri</strong></span> <span class='ocrx_word' id='word_1_469' title='bbox 663 3390 913 3445; x_wconf 90' lang='lat' dir='ltr'><strong>vidimus.</strong></span> <span class='ocrx_word' id='word_1_470' title='bbox 946 3390 1132 3455; x_wconf 82' lang='lat' dir='ltr'><strong>Multa,</strong></span> <span class='ocrx_word' id='word_1_471' title='bbox 1156 3393 1309 3460; x_wconf 85' lang='lat' dir='ltr'><strong>quasi</strong></span> <span class='ocrx_word' id='word_1_472' title='bbox 1348 3408 1444 3461; x_wconf 92' lang='lat' dir='ltr'><strong>per</strong></span> <span class='ocrx_word' id='word_1_473' title='bbox 1472 3406 1529 3445; x_wconf 92' lang='lat' dir='ltr'><strong>se</strong></span> <span class='ocrx_word' id='word_1_474' title='bbox 1558 3406 1685 3444; x_wconf 91' lang='lat' dir='ltr'><strong>vera</strong></span> <span class='ocrx_word' id='word_1_475' title='bbox 1721 3391 1852 3456; x_wconf 89' lang='lat' dir='ltr'><strong>sint,</strong></span> <span class='ocrx_word' id='word_1_476' title='bbox 1886 3407 2108 3445; x_wconf 88' lang='lat' dir='ltr'><strong>sumun-</strong></span> 
     </span>
    </p>
   </div>
   <div class='ocr_carea' id='block_1_65' title="bbox 527 3479 2106 3552">
    <p class='ocr_par' dir='ltr' id='par_1_65' title="bbox 527 3479 2106 3552">
     <span class='ocr_line' id='line_1_65' title="bbox 527 3479 2106 3552; baseline 0.004 -22"><span class='ocrx_word' id='word_1_477' title='bbox 527 3486 652 3541; x_wconf 90' lang='lat' dir='ltr'><strong>tur;</strong></span> <span class='ocrx_word' id='word_1_478' title='bbox 680 3479 846 3532; x_wconf 91' lang='lat' dir='ltr'><strong>multa</strong></span> <span class='ocrx_word' id='word_1_479' title='bbox 869 3481 1299 3545; x_wconf 87' lang='lat' dir='ltr'><strong>auctoritatibus,</strong></span> <span class='ocrx_word' id='word_1_480' title='bbox 1315 3482 1600 3552; x_wconf 82' lang='lat' dir='ltr'><strong>praecipue</strong></span> <span class='ocrx_word' id='word_1_481' title='bbox 1621 3479 2106 3551; x_wconf 82' lang='lat' dir='ltr'><strong>Pseudo-Dionysii</strong></span> 
     </span>
    </p>
   </div>
   <div class='ocr_carea' id='block_1_66' title="bbox 527 3566 2107 3636">
    <p class='ocr_par' dir='ltr' id='par_1_66' title="bbox 527 3566 2107 3636">
     <span class='ocr_line' id='line_1_66' title="bbox 527 3566 2107 3636; baseline 0.001 -14"><span class='ocrx_word' id='word_1_482' title='bbox 527 3577 583 3622; x_wconf 86' lang='lat' dir='ltr'><strong>et</strong></span> <span class='ocrx_word' id='word_1_483' title='bbox 603 3566 1084 3636; x_wconf 84' lang='lat' dir='ltr'><strong>Pseudo-Maxlmi,</strong></span> <span class='ocrx_word' id='word_1_484' title='bbox 1119 3572 1403 3626; x_wconf 78' lang='lat' dir='ltr'><strong>firmantur</strong></span> <span class='ocrx_word' id='word_1_485' title='bbox 1436 3590 1449 3624; x_wconf 88' lang='lat'><strong>:</strong></span> <span class='ocrx_word' id='word_1_486' title='bbox 1483 3586 1547 3625; x_wconf 89' lang='lat' dir='ltr'><strong>ex</strong></span> <span class='ocrx_word' id='word_1_487' title='bbox 1583 3571 1668 3625; x_wconf 89' lang='lat' dir='ltr'><strong>his</strong></span> <span class='ocrx_word' id='word_1_488' title='bbox 1716 3569 1942 3624; x_wconf 89' lang='lat' dir='ltr'><strong>subinde</strong></span> <span class='ocrx_word' id='word_1_489' title='bbox 1969 3584 2107 3624; x_wconf 91' lang='lat' dir='ltr'><strong>nova</strong></span> 
     </span>
    </p>
   </div>
   <div class='ocr_carea' id='block_1_67' title="bbox 527 3661 2108 3730">
    <p class='ocr_par' dir='ltr' id='par_1_67' title="bbox 527 3661 2108 3730">
     <span class='ocr_line' id='line_1_67' title="bbox 527 3661 2108 3730; baseline 0.003 -19"><span class='ocrx_word' id='word_1_490' title='bbox 527 3661 813 3728; x_wconf 83' lang='lat' dir='ltr'><strong>quaedam,</strong></span> <span class='ocrx_word' id='word_1_491' title='bbox 862 3679 1004 3718; x_wconf 90' lang='lat' dir='ltr'><strong>nunc</strong></span> <span class='ocrx_word' id='word_1_492' title='bbox 1052 3667 1184 3720; x_wconf 80' lang='lat' dir='ltr'><strong>satis</strong></span> <span class='ocrx_word' id='word_1_493' title='bbox 1232 3666 1522 3730; x_wconf 84' lang='lat' dir='ltr'><strong>subtiliter,</strong></span> <span class='ocrx_word' id='word_1_494' title='bbox 1571 3665 1731 3720; x_wconf 89' lang='lat' dir='ltr'><strong>modo</strong></span> <span class='ocrx_word' id='word_1_495' title='bbox 1782 3665 1945 3718; x_wconf 88' lang='lat' dir='ltr'><strong>etiam</strong></span> <span class='ocrx_word' id='word_1_496' title='bbox 1994 3662 2108 3716; x_wconf 87' lang='lat' dir='ltr'><strong>ine—</strong></span> 
     </span>
    </p>
   </div>
   <div class='ocr_carea' id='block_1_68' title="bbox 529 3753 2109 3825">
    <p class='ocr_par' dir='ltr' id='par_1_68' title="bbox 529 3753 2109 3825">
     <span class='ocr_line' id='line_1_68' title="bbox 529 3753 2109 3825; baseline 0.003 -22"><span class='ocrx_word' id='word_1_497' title='bbox 529 3753 694 3825; x_wconf 84' lang='lat' dir='ltr'><strong>ptius,</strong></span> <span class='ocrx_word' id='word_1_498' title='bbox 739 3756 1111 3813; x_wconf 89' lang='lat' dir='ltr'><strong>ratiocinando</strong></span> <span class='ocrx_word' id='word_1_499' title='bbox 1137 3756 1462 3812; x_wconf 76' lang='lat' dir='ltr'><strong>efﬁciuntur.</strong></span> <span class='ocrx_word' id='word_1_500' title='bbox 1513 3757 1630 3824; x_wconf 85' lang='lat' dir='ltr'><strong>Qua</strong></span> <span class='ocrx_word' id='word_1_501' title='bbox 1661 3773 1720 3811; x_wconf 90' lang='lat' dir='ltr'><strong>re</strong></span> <span class='ocrx_word' id='word_1_502' title='bbox 1751 3772 1872 3811; x_wconf 91' lang='lat' dir='ltr'><strong>cum</strong></span> <span class='ocrx_word' id='word_1_503' title='bbox 1906 3755 2109 3810; x_wconf 88' lang='lat' dir='ltr'><strong>factum</strong></span> 
     </span>
    </p>
   </div>
   <div class='ocr_carea' id='block_1_69' title="bbox 820 3836 1304 3867">
    <p class='ocr_par' dir='ltr' id='par_1_69' title="bbox 820 3836 1304 3867">
     <span class='ocr_line' id='line_1_69' title="bbox 820 3836 1304 3867; baseline -0.004 -6"><span class='ocrx_word' id='word_1_504' title='bbox 820 3847 824 3851; x_wconf 99' lang='lat'><strong><em>-</em></strong></span> <span class='ocrx_word' id='word_1_505' title='bbox 1130 3836 1304 3867; x_wconf 63' lang='lat'><strong>.\,_-</strong></span> 
     </span>
    </p>
   </div>
   <div class='ocr_carea' id='block_1_70' title="bbox 2213 3202 3803 3274">
    <p class='ocr_par' dir='ltr' id='par_1_70' title="bbox 2213 3202 3803 3274">
     <span class='ocr_line' id='line_1_70' title="bbox 2213 3202 3803 3274; baseline -0.008 -11"><span class='ocrx_word' id='word_1_506' title='bbox 2213 3208 2364 3263; x_wconf 88' lang='lat' dir='ltr'><strong>illum</strong></span> <span class='ocrx_word' id='word_1_507' title='bbox 2414 3204 2700 3270; x_wconf 86' lang='lat' dir='ltr'><strong>videlicet,</strong></span> <span class='ocrx_word' id='word_1_508' title='bbox 2742 3220 2902 3274; x_wconf 88' lang='lat' dir='ltr'><strong>quem</strong></span> <span class='ocrx_word' id='word_1_509' title='bbox 2952 3203 3319 3260; x_wconf 89' lang='lat' dir='ltr'><strong>emanativum</strong></span> <span class='ocrx_word' id='word_1_510' title='bbox 3346 3242 3382 3267; x_wconf 75' lang='lat'><strong>,,</strong></span> <span class='ocrx_word' id='word_1_511' title='bbox 3407 3202 3550 3270; x_wconf 90' lang='lat' dir='ltr'><strong>quod</strong></span> <span class='ocrx_word' id='word_1_512' title='bbox 3578 3209 3803 3262; x_wconf 68' lang='lat' dir='ltr'><strong>vocant,</strong></span> 
     </span>
    </p>
   </div>
   <div class='ocr_carea' id='block_1_71' title="bbox 2213 3291 3796 3369">
    <p class='ocr_par' dir='ltr' id='par_1_71' title="bbox 2213 3291 3796 3369">
     <span class='ocr_line' id='line_1_71' title="bbox 2213 3291 3796 3369; baseline -0.008 -15"><span class='ocrx_word' id='word_1_513' title='bbox 2213 3306 2452 3369; x_wconf 82' lang='lat' dir='ltr'><strong>systema</strong></span> <span class='ocrx_word' id='word_1_514' title='bbox 2481 3295 2768 3366; x_wconf 73' lang='lat' dir='ltr'><strong>Sequitur,</strong></span> <span class='ocrx_word' id='word_1_515' title='bbox 2813 3296 2977 3350; x_wconf 88' lang='lat' dir='ltr'><strong>etiam</strong></span> <span class='ocrx_word' id='word_1_516' title='bbox 3017 3297 3121 3349; x_wconf 87' lang='lat' dir='ltr'><strong>hoc</strong></span> <span class='ocrx_word' id='word_1_517' title='bbox 3169 3292 3572 3358; x_wconf 76' lang='lat' dir='ltr'><strong>commisit,ut</strong></span> <span class='ocrx_word' id='word_1_518' title='bbox 3616 3291 3796 3360; x_wconf 87' lang='lat' dir='ltr'><strong>plures</strong></span> 
     </span>
    </p>
   </div>
   <div class='ocr_carea' id='block_1_72' title="bbox 2212 3383 3807 3456">
    <p class='ocr_par' dir='ltr' id='par_1_72' title="bbox 2212 3383 3807 3456">
     <span class='ocr_line' id='line_1_72' title="bbox 2212 3383 3807 3456; baseline -0.006 -12"><span class='ocrx_word' id='word_1_519' title='bbox 2212 3389 2541 3456; x_wconf 89' lang='lat' dir='ltr'><strong>easdemque</strong></span> <span class='ocrx_word' id='word_1_520' title='bbox 2573 3386 2923 3456; x_wconf 88' lang='lat' dir='ltr'><strong>gravissimas</strong></span> <span class='ocrx_word' id='word_1_521' title='bbox 2947 3386 3227 3440; x_wconf 89' lang='lat' dir='ltr'><strong>doctrinae</strong></span> <span class='ocrx_word' id='word_1_522' title='bbox 3252 3383 3589 3438; x_wconf 83' lang='lat' dir='ltr'><strong>Christianae</strong></span> <span class='ocrx_word' id='word_1_523' title='bbox 3618 3389 3807 3452; x_wconf 79' lang='lat' dir='ltr'><strong>partes</strong></span> 
     </span>
    </p>
   </div>
   <div class='ocr_carea' id='block_1_73' title="bbox 2212 3475 3798 3552">
    <p class='ocr_par' dir='ltr' id='par_1_73' title="bbox 2212 3475 3798 3552">
     <span class='ocr_line' id='line_1_73' title="bbox 2212 3475 3798 3552; baseline -0.006 -16"><span class='ocrx_word' id='word_1_524' title='bbox 2212 3482 2280 3536; x_wconf 90' lang='lat' dir='ltr'><strong>ad</strong></span> <span class='ocrx_word' id='word_1_525' title='bbox 2324 3480 2647 3552; x_wconf 86' lang='lat' dir='ltr'><strong>pantbeismi</strong></span> <span class='ocrx_word' id='word_1_526' title='bbox 2695 3479 2852 3534; x_wconf 91' lang='lat' dir='ltr'><strong>istius</strong></span> <span class='ocrx_word' id='word_1_527' title='bbox 2882 3479 3098 3533; x_wconf 89' lang='lat' dir='ltr'><strong>decreta</strong></span> <span class='ocrx_word' id='word_1_528' title='bbox 3130 3477 3436 3531; x_wconf 88' lang='lat' dir='ltr'><strong>miserrime</strong></span> <span class='ocrx_word' id='word_1_529' title='bbox 3468 3475 3798 3544; x_wconf 87' lang='lat' dir='ltr'><strong>depravave-</strong></span> 
     </span>
    </p>
   </div>
   <div class='ocr_carea' id='block_1_74' title="bbox 2213 3565 3792 3641">
    <p class='ocr_par' dir='ltr' id='par_1_74' title="bbox 2213 3565 3792 3641">
     <span class='ocr_line' id='line_1_74' title="bbox 2213 3565 3792 3641; baseline -0.004 -13"><span class='ocrx_word' id='word_1_530' title='bbox 2213 3573 2306 3638; x_wconf 87' lang='lat' dir='ltr'><strong>rit,</strong></span> <span class='ocrx_word' id='word_1_531' title='bbox 2355 3581 2508 3627; x_wconf 88' lang='lat' dir='ltr'><strong>eteo</strong></span> <span class='ocrx_word' id='word_1_532' title='bbox 2555 3586 2727 3641; x_wconf 88' lang='lat' dir='ltr'><strong>usque</strong></span> <span class='ocrx_word' id='word_1_533' title='bbox 2778 3570 3130 3632; x_wconf 89' lang='lat' dir='ltr'><strong>mutilaverit,</strong></span> <span class='ocrx_word' id='word_1_534' title='bbox 3165 3579 3224 3622; x_wconf 92' lang='lat' dir='ltr'><strong>ut</strong></span> <span class='ocrx_word' id='word_1_535' title='bbox 3277 3583 3343 3622; x_wconf 89' lang='lat' dir='ltr'><strong>ne</strong></span> <span class='ocrx_word' id='word_1_536' title='bbox 3399 3567 3538 3621; x_wconf 86' lang='lat' dir='ltr'><strong>vitae</strong></span> <span class='ocrx_word' id='word_1_537' title='bbox 3578 3565 3792 3634; x_wconf 84' lang='lat' dir='ltr'><strong>quidem</strong></span> 
     </span>
    </p>
   </div>
   <div class='ocr_carea' id='block_1_75' title="bbox 2213 3659 3794 3726">
    <p class='ocr_par' dir='ltr' id='par_1_75' title="bbox 2213 3659 3794 3726">
     <span class='ocr_line' id='line_1_75' title="bbox 2213 3659 3794 3726; baseline -0.007 -6"><span class='ocrx_word' id='word_1_538' title='bbox 2213 3665 2334 3720; x_wconf 88' lang='lat' dir='ltr'><strong>usui</strong></span> <span class='ocrx_word' id='word_1_539' title='bbox 2376 3679 2607 3719; x_wconf 76' lang='lat' dir='ltr'><strong>maxima</strong></span> <span class='ocrx_word' id='word_1_540' title='bbox 2641 3663 2764 3717; x_wconf 88' lang='lat' dir='ltr'><strong>inde</strong></span> <span class='ocrx_word' id='word_1_541' title='bbox 2790 3663 2984 3718; x_wconf 88' lang='lat' dir='ltr'><strong>damna</strong></span> <span class='ocrx_word' id='word_1_542' title='bbox 3005 3669 3160 3725; x_wconf 77' lang='lat' dir='ltr'><strong>,,non‘</strong></span> <span class='ocrx_word' id='word_1_543' title='bbox 3204 3659 3508 3716; x_wconf 86' lang='lat' dir='ltr'><strong>redundare</strong></span> <span class='ocrx_word' id='word_1_544' title='bbox 3536 3673 3640 3712; x_wconf 90' lang='lat' dir='ltr'><strong>non</strong></span> <span class='ocrx_word' id='word_1_545' title='bbox 3672 3672 3794 3726; x_wconf 85' lang='lat' dir='ltr'><strong>pos-</strong></span> 
     </span>
    </p>
   </div>
   <div class='ocr_carea' id='block_1_76' title="bbox 2216 3756 2347 3812">
    <p class='ocr_par' dir='ltr' id='par_1_76' title="bbox 2216 3756 2347 3812">
     <span class='ocr_line' id='line_1_76' title="bbox 2216 3756 2347 3812; baseline -0.015 0"><span class='ocrx_word' id='word_1_546' title='bbox 2216 3756 2347 3812; x_wconf 85' lang='lat' dir='ltr'><strong>sint.</strong></span> 
     </span>
    </p>
   </div>
   <div class='ocr_carea' id='block_1_77' title="bbox 546 3898 2326 3930">
    <p class='ocr_par' dir='ltr' id='par_1_77' title="bbox 546 3898 2326 3930">
     <span class='ocr_line' id='line_1_77' title="bbox 546 3898 2326 3930; baseline 0 -7"><span class='ocrx_word' id='word_1_547' title='bbox 546 3898 2326 3930; x_wconf 61' lang='lat'><strong>————-———_—_—</strong></span> 
     </span>
    </p>
   </div>
   <div class='ocr_carea' id='block_1_78' title="bbox 1243 4048 2105 4166">
    <p class='ocr_par' dir='ltr' id='par_1_78' title="bbox 1243 4048 2105 4166">
     <span class='ocr_line' id='line_1_78' title="bbox 1243 4048 2105 4166; baseline 0.002 -4"><span class='ocrx_word' id='word_1_548' title='bbox 1243 4048 1786 4164; x_wconf 68' lang='grc' dir='ltr'><strong>ΤΗΟΜιίΕ</strong></span> <span class='ocrx_word' id='word_1_549' title='bbox 1870 4049 2105 4166; x_wconf 87' lang='lat' dir='ltr'><strong>GAI</strong></span> 
     </span>
    </p>
   </div>
   <div class='ocr_carea' id='block_1_79' title="bbox 2207 4048 3128 4166">
    <p class='ocr_par' dir='ltr' id='par_1_79' title="bbox 2207 4049 3128 4165">
     <span class='ocr_line' id='line_1_79' title="bbox 2207 4049 3128 4165; baseline 0.001 -2"><span class='ocrx_word' id='word_1_550' title='bbox 2207 4051 2290 4163; x_wconf 70' lang='grc' dir='ltr'><strong>ΕΙ</strong></span> <span class='ocrx_word' id='word_1_551' title='bbox 2374 4049 3128 4165; x_wconf 73' lang='grc' dir='ltr'><strong>ΡΒᾹΞΡΑΤΙΟ</strong></span> 
     </span>
    </p>
   </div>
   <div class='ocr_carea' id='block_1_80' title="bbox 1744 4281 2588 4340">
    <p class='ocr_par' dir='ltr' id='par_1_80' title="bbox 1744 4281 2588 4340">
     <span class='ocr_line' id='line_1_80' title="bbox 1744 4281 2588 4340; baseline 0.004 -14"><span class='ocrx_word' id='word_1_552' title='bbox 1744 4281 2082 4340; x_wconf 68' lang='grc' dir='ltr'><strong>ευιτιοωε,</strong></span> <span class='ocrx_word' id='word_1_553' title='bbox 2127 4282 2235 4328; x_wconf 72' lang='lat' dir='ltr'><strong>cur</strong></span> <span class='ocrx_word' id='word_1_554' title='bbox 2274 4281 2539 4328; x_wconf 82' lang='lat' dir='ltr'><strong>&#39;nLuws</strong></span> <span class='ocrx_word' id='word_1_555' title='bbox 2569 4285 2588 4328; x_wconf 86' lang='lat'><strong>:</strong></span> 
     </span>
    </p>
   </div>
   <div class='ocr_carea' id='block_1_81' title="bbox 530 4423 3796 4509">
    <p class='ocr_par' dir='ltr' id='par_1_81' title="bbox 530 4423 3796 4509">
     <span class='ocr_line' id='line_1_81' title="bbox 530 4423 3796 4509; baseline 0 -20"><span class='ocrx_word' id='word_1_556' title='bbox 530 4425 886 4509; x_wconf 65' lang='lat' dir='ltr'><strong>JaAzers</strong></span> <span class='ocrx_word' id='word_1_557' title='bbox 911 4426 1161 4509; x_wconf 69' lang='lat' dir='ltr'><strong>scari</strong></span> <span class='ocrx_word' id='word_1_558' title='bbox 1179 4426 1626 4509; x_wconf 80' lang='lat' dir='ltr'><strong>ERIGENAE</strong></span> <span class='ocrx_word' id='word_1_559' title='bbox 1655 4428 1786 4509; x_wconf 65' lang='lat' dir='ltr'><strong>pe</strong></span> <span class='ocrx_word' id='word_1_560' title='bbox 1804 4423 2224 4509; x_wconf 72' lang='lat' dir='ltr'><strong>plYISIQNE</strong></span> <span class='ocrx_word' id='word_1_561' title='bbox 2258 4427 2644 4509; x_wconf 68' lang='lat' dir='ltr'><strong>Nune-Ae</strong></span> <span class='ocrx_word' id='word_1_562' title='bbox 2668 4429 2828 4491; x_wconf 70' lang='lat' dir='ltr'><strong>libri.-</strong></span> <span class='ocrx_word' id='word_1_563' title='bbox 2852 4429 3120 4509; x_wconf 75' lang='lat' dir='ltr'><strong>quinque</strong></span> <span class='ocrx_word' id='word_1_564' title='bbox 3153 4430 3266 4492; x_wconf 80' lang='lat' dir='ltr'><strong>diu</strong></span> <span class='ocrx_word' id='word_1_565' title='bbox 3296 4429 3647 4509; x_wconf 65' lang='lat' dir='ltr'><strong>desiderati.</strong></span> <span class='ocrx_word' id='word_1_566' title='bbox 3684 4432 3796 4489; x_wconf 78' lang='lat' dir='ltr'><strong>Ao-</strong></span> 
     </span>
    </p>
   </div>
   <div class='ocr_carea' id='block_1_82' title="bbox 609 4502 3792 4582">
    <p class='ocr_par' dir='ltr' id='par_1_82' title="bbox 609 4502 3792 4582">
     <span class='ocr_line' id='line_1_82' title="bbox 609 4502 3792 4582; baseline 0.001 -18"><span class='ocrx_word' id='word_1_567' title='bbox 609 4502 766 4564; x_wconf 77' lang='lat' dir='ltr'><strong>ccdt’t</strong></span> <span class='ocrx_word' id='word_1_568' title='bbox 805 4504 1140 4582; x_wconf 62' lang='lat' dir='ltr'><strong>Appendix</strong></span> <span class='ocrx_word' id='word_1_569' title='bbox 1167 4521 1247 4582; x_wconf 13' lang='lat' dir='ltr'><strong>rem</strong></span> <span class='ocrx_word' id='word_1_570' title='bbox 1285 4508 1599 4564; x_wconf 80' lang='lat' dir='ltr'><strong>AMBIGUIS</strong></span> <span class='ocrx_word' id='word_1_571' title='bbox 1631 4507 1699 4565; x_wconf 91' lang='lat' dir='ltr'><strong>S.</strong></span> <span class='ocrx_word' id='word_1_572' title='bbox 1749 4504 2023 4564; x_wconf 72' lang='lat' dir='ltr'><strong>Maximi</strong></span> <span class='ocrx_word' id='word_1_573' title='bbox 2050 4503 2281 4566; x_wconf 80' lang='lat' dir='ltr'><strong>Graece</strong></span> <span class='ocrx_word' id='word_1_574' title='bbox 2315 4515 2366 4567; x_wconf 80' lang='lat' dir='ltr'><strong>et</strong></span> <span class='ocrx_word' id='word_1_575' title='bbox 2406 4507 2650 4582; x_wconf 78' lang='lat' dir='ltr'><strong>Latine,</strong></span> <span class='ocrx_word' id='word_1_576' title='bbox 2685 4502 2948 4578; x_wconf 47' lang='lat' dir='ltr'><strong>Oxon-ii,</strong></span> <span class='ocrx_word' id='word_1_577' title='bbox 2977 4502 3280 4570; x_wconf 53' lang='lat' dir='ltr'><strong>{theatro</strong></span> <span class='ocrx_word' id='word_1_578' title='bbox 3315 4506 3792 4573; x_wconf 75' lang='lat' dir='ltr'><strong>Schcldom&#39;ano.</strong></span> 
     </span>
    </p>
   </div>
   <div class='ocr_carea' id='block_1_83' title="bbox 609 4581 1274 4641">
    <p class='ocr_par' dir='ltr' id='par_1_83' title="bbox 609 4581 1274 4641">
     <span class='ocr_line' id='line_1_83' title="bbox 609 4581 1274 4641; baseline 0.002 -3"><span class='ocrx_word' id='word_1_579' title='bbox 609 4598 773 4638; x_wconf 84' lang='lat' dir='ltr'><strong>anno</strong></span> <span class='ocrx_word' id='word_1_580' title='bbox 811 4581 975 4641; x_wconf 79' lang='lat' dir='ltr'><strong>MDC</strong></span> <span class='ocrx_word' id='word_1_581' title='bbox 985 4581 1274 4640; x_wconf 78' lang='lat' dir='ltr'><strong>LXXXI.</strong></span> 
     </span>
    </p>
   </div>
   <div class='ocr_carea' id='block_1_84' title="bbox 607 4740 3801 4822">
    <p class='ocr_par' dir='ltr' id='par_1_84' title="bbox 607 4740 3801 4822">
     <span class='ocr_line' id='line_1_84' title="bbox 607 4740 3801 4822; baseline 0.003 -28"><span class='ocrx_word' id='word_1_582' title='bbox 607 4740 764 4811; x_wconf 85' lang='lat' dir='ltr'><strong>(Pag.</strong></span> <span class='ocrx_word' id='word_1_583' title='bbox 794 4741 898 4809; x_wconf 86' lang='lat' dir='ltr'><strong>In.)</strong></span> <span class='ocrx_word' id='word_1_584' title='bbox 928 4741 1006 4796; x_wconf 77' lang='lat' dir='ltr'><strong>Ad</strong></span> <span class='ocrx_word' id='word_1_585' title='bbox 1056 4741 1345 4810; x_wconf 84' lang='lat' dir='ltr'><strong>sopiendas</strong></span> <span class='ocrx_word' id='word_1_586' title='bbox 1379 4747 1798 4811; x_wconf 86' lang='lat' dir='ltr'><strong>controversias,</strong></span> <span class='ocrx_word' id='word_1_587' title='bbox 1850 4765 1990 4818; x_wconf 91' lang='lat' dir='ltr'><strong>quae</strong></span> <span class='ocrx_word' id='word_1_588' title='bbox 2039 4751 2106 4806; x_wconf 90' lang='lat' dir='ltr'><strong>de</strong></span> <span class='ocrx_word' id='word_1_589' title='bbox 2137 4755 2183 4814; x_wconf 90' lang='lat' dir='ltr'><strong>D</strong></span> <span class='ocrx_word' id='word_1_590' title='bbox 2211 4751 2562 4822; x_wconf 75' lang='lat' dir='ltr'><strong>proferebant</strong></span> <span class='ocrx_word' id='word_1_591' title='bbox 2599 4751 2801 4820; x_wconf 76' lang='lat' dir='ltr'><strong>judicia</strong></span> <span class='ocrx_word' id='word_1_592' title='bbox 2852 4751 3077 4806; x_wconf 82' lang='lat' dir='ltr'><strong>istorum</strong></span> <span class='ocrx_word' id='word_1_593' title='bbox 3129 4760 3440 4821; x_wconf 84' lang='lat' dir='ltr'><strong>temporum.</strong></span> <span class='ocrx_word' id='word_1_594' title='bbox 3473 4749 3574 4803; x_wconf 88' lang='lat' dir='ltr'><strong>viri</strong></span> <span class='ocrx_word' id='word_1_595' title='bbox 3621 4747 3801 4803; x_wconf 80' lang='lat' dir='ltr'><strong>eccle-</strong></span> 
     </span>
    </p>
   </div>
   <div class='ocr_carea' id='block_1_85' title="bbox 493 4829 2116 4906">
    <p class='ocr_par' dir='ltr' id='par_1_85' title="bbox 493 4829 2116 4906">
     <span class='ocr_line' id='line_1_85' title="bbox 493 4829 2116 4906; baseline 0.006 -18"><span class='ocrx_word' id='word_1_596' title='bbox 493 4829 742 4889; x_wconf 59' lang='lat' dir='ltr'><strong>Joanne</strong></span> <span class='ocrx_word' id='word_1_597' title='bbox 781 4833 1011 4903; x_wconf 83' lang='lat' dir='ltr'><strong>Erigena</strong></span> <span class='ocrx_word' id='word_1_598' title='bbox 1059 4833 1282 4904; x_wconf 84' lang='lat' dir='ltr'><strong>ejusque</strong></span> <span class='ocrx_word' id='word_1_599' title='bbox 1333 4836 1550 4906; x_wconf 88' lang='lat' dir='ltr'><strong>scriptis</strong></span> <span class='ocrx_word' id='word_1_600' title='bbox 1579 4850 1802 4894; x_wconf 86' lang='lat' dir='ltr'><strong>exortae</strong></span> <span class='ocrx_word' id='word_1_601' title='bbox 1847 4851 1972 4896; x_wconf 88' lang='lat' dir='ltr'><strong>sunt</strong></span> <span class='ocrx_word' id='word_1_602' title='bbox 2029 4858 2116 4898; x_wconf 89' lang='lat' dir='ltr'><strong>se-</strong></span> 
     </span>
    </p>
   </div>
   <div class='ocr_carea' id='block_1_86' title="bbox 538 4925 2113 4994">
    <p class='ocr_par' dir='ltr' id='par_1_86' title="bbox 538 4925 2113 4994">
     <span class='ocr_line' id='line_1_86' title="bbox 538 4925 2113 4994; baseline 0.006 -16"><span class='ocrx_word' id='word_1_603' title='bbox 538 4925 676 4979; x_wconf 90' lang='lat' dir='ltr'><strong>culis</strong></span> <span class='ocrx_word' id='word_1_604' title='bbox 702 4925 1014 4994; x_wconf 87' lang='lat' dir='ltr'><strong>praetcritis</strong></span> <span class='ocrx_word' id='word_1_605' title='bbox 1032 4968 1046 4990; x_wconf 93' lang='lat'><strong>,</strong></span> <span class='ocrx_word' id='word_1_606' title='bbox 1075 4929 1532 4982; x_wconf 81' lang='lat' dir='ltr'><strong>consultissimum</strong></span> <span class='ocrx_word' id='word_1_607' title='bbox 1579 4929 1713 4986; x_wconf 86' lang='lat' dir='ltr'><strong>viris</strong></span> <span class='ocrx_word' id='word_1_608' title='bbox 1739 4932 1910 4988; x_wconf 91' lang='lat' dir='ltr'><strong>doctis</strong></span> <span class='ocrx_word' id='word_1_609' title='bbox 1937 4933 2113 4987; x_wconf 88' lang='lat' dir='ltr'><strong>visum</strong></span> 
     </span>
    </p>
   </div>
   <div class='ocr_carea' id='block_1_87' title="bbox 539 5017 2113 5090">
    <p class='ocr_par' dir='ltr' id='par_1_87' title="bbox 539 5017 2113 5090">
     <span class='ocr_line' id='line_1_87' title="bbox 539 5017 2113 5090; baseline 0.006 -20"><span class='ocrx_word' id='word_1_610' title='bbox 539 5024 762 5081; x_wconf 85' lang='lat' dir='ltr'><strong>est,eos</strong></span> <span class='ocrx_word' id='word_1_611' title='bbox 796 5018 938 5086; x_wconf 88' lang='lat' dir='ltr'><strong>ipsos</strong></span> <span class='ocrx_word' id='word_1_612' title='bbox 983 5017 1170 5082; x_wconf 90' lang='lat' dir='ltr'><strong>libros,</strong></span> <span class='ocrx_word' id='word_1_613' title='bbox 1214 5019 1280 5075; x_wconf 88' lang='lat' dir='ltr'><strong>de</strong></span> <span class='ocrx_word' id='word_1_614' title='bbox 1321 5021 1514 5090; x_wconf 90' lang='lat' dir='ltr'><strong>quibus</strong></span> <span class='ocrx_word' id='word_1_615' title='bbox 1541 5026 2005 5088; x_wconf 88' lang='lat' dir='ltr'><strong>contendebatur,</strong></span> <span class='ocrx_word' id='word_1_616' title='bbox 2059 5026 2113 5079; x_wconf 92' lang='lat' dir='ltr'><strong>in</strong></span> 
     </span>
    </p>
   </div>
   <div class='ocr_carea' id='block_1_88' title="bbox 538 5106 2108 5185">
    <p class='ocr_par' dir='ltr' id='par_1_88' title="bbox 538 5106 2108 5185">
     <span class='ocr_line' id='line_1_88' title="bbox 538 5106 2108 5185; baseline 0.006 -25"><span class='ocrx_word' id='word_1_617' title='bbox 538 5106 710 5164; x_wconf 84' lang='lat' dir='ltr'><strong>lucem</strong></span> <span class='ocrx_word' id='word_1_618' title='bbox 751 5109 912 5164; x_wconf 85' lang='lat' dir='ltr'><strong>edere</strong></span> <span class='ocrx_word' id='word_1_619' title='bbox 956 5127 968 5164; x_wconf 89' lang='lat'>:</span> <span class='ocrx_word' id='word_1_620' title='bbox 1003 5110 1074 5165; x_wconf 90' lang='lat' dir='ltr'><strong>ita</strong></span> <span class='ocrx_word' id='word_1_621' title='bbox 1118 5111 1333 5165; x_wconf 87' lang='lat' dir='ltr'><strong>demum</strong></span> <span class='ocrx_word' id='word_1_622' title='bbox 1358 5153 1372 5176; x_wconf 93' lang='lat'><strong>,</strong></span> <span class='ocrx_word' id='word_1_623' title='bbox 1426 5115 1579 5182; x_wconf 88' lang='lat' dir='ltr'><strong>quasi</strong></span> <span class='ocrx_word' id='word_1_624' title='bbox 1619 5115 1814 5170; x_wconf 87' lang='lat' dir='ltr'><strong>tabulis</strong></span> <span class='ocrx_word' id='word_1_625' title='bbox 1863 5116 2108 5185; x_wconf 87' lang='lat' dir='ltr'><strong>prolatis,</strong></span> 
     </span>
    </p>
   </div>
   <div class='ocr_carea' id='block_1_89' title="bbox 533 5201 2115 5278">
    <p class='ocr_par' dir='ltr' id='par_1_89' title="bbox 533 5201 2115 5278">
     <span class='ocr_line' id='line_1_89' title="bbox 533 5201 2115 5278; baseline 0.007 -26"><span class='ocrx_word' id='word_1_626' title='bbox 533 5201 843 5258; x_wconf 89' lang='lat' dir='ltr'><strong>liberiorem</strong></span> <span class='ocrx_word' id='word_1_627' title='bbox 885 5204 1057 5260; x_wconf 89' lang='lat' dir='ltr'><strong>cuivis</strong></span> <span class='ocrx_word' id='word_1_628' title='bbox 1107 5213 1164 5259; x_wconf 88' lang='lat' dir='ltr'><strong>et</strong></span> <span class='ocrx_word' id='word_1_629' title='bbox 1211 5205 1610 5275; x_wconf 84' lang='lat' dir='ltr'><strong>expeditiorem</strong></span> <span class='ocrx_word' id='word_1_630' title='bbox 1651 5206 1936 5278; x_wconf 86' lang='lat' dir='ltr'><strong>judicandi</strong></span> <span class='ocrx_word' id='word_1_631' title='bbox 1994 5206 2115 5264; x_wconf 78' lang='lat' dir='ltr'><strong>fore</strong></span> 
     </span>
    </p>
   </div>
   <div class='ocr_carea' id='block_1_90' title="bbox 536 5292 866 5350">
    <p class='ocr_par' dir='ltr' id='par_1_90' title="bbox 536 5292 866 5350">
     <span class='ocr_line' id='line_1_90' title="bbox 536 5292 866 5350; baseline 0.003 -4"><span class='ocrx_word' id='word_1_632' title='bbox 536 5292 866 5350; x_wconf 79' lang='lat' dir='ltr'><strong>facultatem.</strong></span> 
     </span>
    </p>
   </div>
   <div class='ocr_carea' id='block_1_91' title="bbox 613 5383 2114 5461">
    <p class='ocr_par' dir='ltr' id='par_1_91' title="bbox 613 5383 2114 5461">
     <span class='ocr_line' id='line_1_91' title="bbox 613 5383 2114 5461; baseline 0.003 -20"><span class='ocrx_word' id='word_1_633' title='bbox 613 5383 844 5454; x_wconf 85' lang='lat' dir='ltr'><strong>Scripsit</strong></span> <span class='ocrx_word' id='word_1_634' title='bbox 870 5385 1329 5458; x_wconf 87' lang='lat' dir='ltr'><strong>Erigena,rogatu</strong></span> <span class='ocrx_word' id='word_1_635' title='bbox 1359 5386 1640 5443; x_wconf 87' lang='lat' dir='ltr'><strong>Hincmari</strong></span> <span class='ocrx_word' id='word_1_636' title='bbox 1675 5399 1731 5444; x_wconf 91' lang='lat' dir='ltr'><strong>et</strong></span> <span class='ocrx_word' id='word_1_637' title='bbox 1755 5389 2114 5461; x_wconf 88' lang='lat' dir='ltr'><strong>Parduli&#39;(qui</strong></span> 
     </span>
    </p>
   </div>
   <div class='ocr_carea' id='block_1_92' title="bbox 507 5475 2116 5540">
    <p class='ocr_par' dir='ltr' id='par_1_92' title="bbox 507 5475 2116 5540">
     <span class='ocr_line' id='line_1_92' title="bbox 507 5475 2116 5540; baseline 0.003 -11"><span class='ocrx_word' id='word_1_638' title='bbox 507 5484 670 5540; x_wconf 61' lang='lat' dir='ltr'><strong>,tune</strong></span> <span class='ocrx_word' id='word_1_639' title='bbox 700 5475 753 5528; x_wconf 89' lang='lat' dir='ltr'><strong>in</strong></span> <span class='ocrx_word' id='word_1_640' title='bbox 801 5475 989 5531; x_wconf 79' lang='lat' dir='ltr'><strong>Galliis</strong></span> <span class='ocrx_word' id='word_1_641' title='bbox 1035 5476 1265 5534; x_wconf 91' lang='lat' dir='ltr'><strong>multum</strong></span> <span class='ocrx_word' id='word_1_642' title='bbox 1312 5479 1728 5534; x_wconf 88' lang='lat' dir='ltr'><strong>celebrabantur</strong></span> <span class='ocrx_word' id='word_1_643' title='bbox 1757 5480 1826 5534; x_wconf 89' lang='lat' dir='ltr'><strong>ob</strong></span> <span class='ocrx_word' id='word_1_644' title='bbox 1857 5481 2116 5534; x_wconf 88' lang='lat' dir='ltr'><strong>eruditio-</strong></span> 
     </span>
    </p>
   </div>
   <div class='ocr_carea' id='block_1_93' title="bbox 545 5568 2116 5641">
    <p class='ocr_par' dir='ltr' id='par_1_93' title="bbox 545 5568 2116 5641">
     <span class='ocr_line' id='line_1_93' title="bbox 545 5568 2116 5641; baseline 0.006 -24"><span class='ocrx_word' id='word_1_645' title='bbox 545 5579 667 5617; x_wconf 87' lang='lat' dir='ltr'><strong>nem</strong></span> <span class='ocrx_word' id='word_1_646' title='bbox 723 5575 778 5618; x_wconf 88' lang='lat' dir='ltr'><strong>ct</strong></span> <span class='ocrx_word' id='word_1_647' title='bbox 832 5568 1232 5641; x_wconf 80' lang='lat' dir='ltr'><strong>sanctitatem),</strong></span> <span class='ocrx_word' id='word_1_648' title='bbox 1286 5571 1546 5626; x_wconf 82' lang='lat' dir='ltr'><strong>adversus</strong></span> <span class='ocrx_word' id='word_1_649' title='bbox 1600 5571 2012 5627; x_wconf 86' lang='lat' dir='ltr'><strong>Goteschalcum</strong></span> <span class='ocrx_word' id='word_1_650' title='bbox 2051 5574 2116 5628; x_wconf 82' lang='lat' dir='ltr'><strong>de</strong></span> 
     </span>
    </p>
   </div>
   <div class='ocr_carea' id='block_1_94' title="bbox 547 5650 2115 5720">
    <p class='ocr_par' dir='ltr' id='par_1_94' title="bbox 547 5650 2115 5720">
     <span class='ocr_line' id='line_1_94' title="bbox 547 5650 2115 5720; baseline 0.008 -13"><span class='ocrx_word' id='word_1_651' title='bbox 547 5650 1028 5714; x_wconf 78' lang='lat' dir='ltr'><strong>Praedestinatione</strong></span> <span class='ocrx_word' id='word_1_652' title='bbox 1049 5658 1444 5716; x_wconf 81' lang='lat' dir='ltr'><strong>librum.Varia</strong></span> <span class='ocrx_word' id='word_1_653' title='bbox 1474 5661 1762 5718; x_wconf 88' lang='lat' dir='ltr'><strong>admodum</strong></span> <span class='ocrx_word' id='word_1_654' title='bbox 1795 5662 1862 5720; x_wconf 88' lang='lat' dir='ltr'><strong>de</strong></span> <span class='ocrx_word' id='word_1_655' title='bbox 1890 5677 1954 5720; x_wconf 87' lang='lat' dir='ltr'><strong>eo</strong></span> <span class='ocrx_word' id='word_1_656' title='bbox 1979 5662 2115 5720; x_wconf 91' lang='lat' dir='ltr'><strong>libro</strong></span> 
     </span>
    </p>
   </div>
   <div class='ocr_carea' id='block_1_95' title="bbox 2218 4841 3796 4914">
    <p class='ocr_par' dir='ltr' id='par_1_95' title="bbox 2218 4841 3796 4914">
     <span class='ocr_line' id='line_1_95' title="bbox 2218 4841 3796 4914; baseline -0.004 -13"><span class='ocrx_word' id='word_1_657' title='bbox 2218 4845 2439 4901; x_wconf 85' lang='lat' dir='ltr'><strong>siastici.</strong></span> <span class='ocrx_word' id='word_1_658' title='bbox 2476 4845 2577 4910; x_wconf 83' lang='lat' dir='ltr'><strong>Qui</strong></span> <span class='ocrx_word' id='word_1_659' title='bbox 2609 4845 2768 4914; x_wconf 89' lang='lat' dir='ltr'><strong>paulo</strong></span> <span class='ocrx_word' id='word_1_660' title='bbox 2794 4847 3006 4900; x_wconf 90' lang='lat' dir='ltr'><strong>acutius</strong></span> <span class='ocrx_word' id='word_1_661' title='bbox 3052 4845 3120 4901; x_wconf 90' lang='lat' dir='ltr'><strong>de</strong></span> <span class='ocrx_word' id='word_1_662' title='bbox 3167 4845 3272 4899; x_wconf 89' lang='lat' dir='ltr'><strong>hac</strong></span> <span class='ocrx_word' id='word_1_663' title='bbox 3316 4859 3375 4898; x_wconf 90' lang='lat' dir='ltr'><strong>re</strong></span> <span class='ocrx_word' id='word_1_664' title='bbox 3404 4843 3650 4914; x_wconf 89' lang='lat' dir='ltr'><strong>judicare</strong></span> <span class='ocrx_word' id='word_1_665' title='bbox 3697 4841 3796 4896; x_wconf 92' lang='lat' dir='ltr'><strong>sibi</strong></span> 
     </span>
    </p>
   </div>
   <div class='ocr_carea' id='block_1_96' title="bbox 2183 4934 3801 5002">
    <p class='ocr_par' dir='ltr' id='par_1_96' title="bbox 2183 4934 3801 5002">
     <span class='ocr_line' id='line_1_96' title="bbox 2183 4934 3801 5002; baseline -0.002 -14"><span class='ocrx_word' id='word_1_666' title='bbox 2183 4950 2190 4959; x_wconf 76' lang='lat'><strong><em>&#39;</em></strong></span> <span class='ocrx_word' id='word_1_667' title='bbox 2218 4935 2488 5001; x_wconf 87' lang='lat' dir='ltr'><strong>videntur,</strong></span> <span class='ocrx_word' id='word_1_668' title='bbox 2522 4935 2727 5000; x_wconf 88' lang='lat' dir='ltr'><strong>dicunt,</strong></span> <span class='ocrx_word' id='word_1_669' title='bbox 2758 4934 2907 4990; x_wconf 88' lang='lat' dir='ltr'><strong>Scoti</strong></span> <span class='ocrx_word' id='word_1_670' title='bbox 2935 4936 3277 4990; x_wconf 86' lang='lat' dir='ltr'><strong>adversarios</strong></span> <span class='ocrx_word' id='word_1_671' title='bbox 3311 4950 3418 4989; x_wconf 91' lang='lat' dir='ltr'><strong>non</strong></span> <span class='ocrx_word' id='word_1_672' title='bbox 3465 4948 3589 4988; x_wconf 87' lang='lat' dir='ltr'><strong>eum</strong></span> <span class='ocrx_word' id='word_1_673' title='bbox 3632 4947 3801 5002; x_wconf 81' lang='lat' dir='ltr'><strong>appu-</strong></span> 
     </span>
    </p>
   </div>
   <div class='ocr_carea' id='block_1_97' title="bbox 2219 5022 3794 5096">
    <p class='ocr_par' dir='ltr' id='par_1_97' title="bbox 2219 5022 3794 5096">
     <span class='ocr_line' id='line_1_97' title="bbox 2219 5022 3794 5096; baseline -0.001 -19"><span class='ocrx_word' id='word_1_674' title='bbox 2219 5041 2443 5096; x_wconf 82' lang='lat' dir='ltr'><strong>gnasse,</strong></span> <span class='ocrx_word' id='word_1_675' title='bbox 2475 5026 2567 5080; x_wconf 88' lang='lat' dir='ltr'><strong>sed</strong></span> <span class='ocrx_word' id='word_1_676' title='bbox 2613 5024 2960 5080; x_wconf 86' lang='lat' dir='ltr'><strong>Hincmarum</strong></span> <span class='ocrx_word' id='word_1_677' title='bbox 3012 5042 3106 5096; x_wconf 91' lang='lat' dir='ltr'><strong>per</strong></span> <span class='ocrx_word' id='word_1_678' title='bbox 3134 5025 3262 5094; x_wconf 77' lang='lat' dir='ltr'><strong>ejus,</strong></span> <span class='ocrx_word' id='word_1_679' title='bbox 3298 5023 3466 5078; x_wconf 89' lang='lat' dir='ltr'><strong>latera</strong></span> <span class='ocrx_word' id='word_1_680' title='bbox 3521 5022 3794 5092; x_wconf 83' lang='lat' dir='ltr'><strong>petivisse.</strong></span> 
     </span>
    </p>
   </div>
   <div class='ocr_carea' id='block_1_98' title="bbox 2219 5113 3802 5186">
    <p class='ocr_par' dir='ltr' id='par_1_98' title="bbox 2219 5113 3802 5186">
     <span class='ocr_line' id='line_1_98' title="bbox 2219 5113 3802 5186; baseline -0.002 -18"><span class='ocrx_word' id='word_1_681' title='bbox 2219 5114 2410 5183; x_wconf 89' lang='lat' dir='ltr'><strong>Coepit</strong></span> <span class='ocrx_word' id='word_1_682' title='bbox 2438 5130 2573 5186; x_wconf 89' lang='lat' dir='ltr'><strong>opus</strong></span> <span class='ocrx_word' id='word_1_683' title='bbox 2613 5114 2741 5169; x_wconf 91' lang='lat' dir='ltr'><strong>illud</strong></span> <span class='ocrx_word' id='word_1_684' title='bbox 2778 5117 2920 5186; x_wconf 89' lang='lat' dir='ltr'><strong>apud</strong></span> <span class='ocrx_word' id='word_1_685' title='bbox 2948 5130 3151 5186; x_wconf 88' lang='lat' dir='ltr'><strong>paucos</strong></span> <span class='ocrx_word' id='word_1_686' title='bbox 3184 5129 3536 5183; x_wconf 88' lang='lat' dir='ltr'><strong>comparere;</strong></span> <span class='ocrx_word' id='word_1_687' title='bbox 3569 5113 3676 5167; x_wconf 89' lang='lat' dir='ltr'><strong>imo</strong></span> <span class='ocrx_word' id='word_1_688' title='bbox 3703 5125 3802 5182; x_wconf 83' lang='lat' dir='ltr'><strong>per</strong></span> 
     </span>
    </p>
   </div>
   <div class='ocr_carea' id='block_1_99' title="bbox 2217 5193 3796 5276">
    <p class='ocr_par' dir='ltr' id='par_1_99' title="bbox 2217 5193 3796 5276">
     <span class='ocr_line' id='line_1_99' title="bbox 2217 5193 3796 5276; baseline -0.001 -18"><span class='ocrx_word' id='word_1_689' title='bbox 2217 5206 2588 5261; x_wconf 89' lang='lat' dir='ltr'><strong>novemdecim</strong></span> <span class='ocrx_word' id='word_1_690' title='bbox 2649 5215 2858 5262; x_wconf 87' lang='lat' dir='ltr'><strong>tantum</strong></span> <span class='ocrx_word' id='word_1_691' title='bbox 2910 5206 3146 5276; x_wconf 88' lang='lat' dir='ltr'><strong>capitula</strong></span> <span class='ocrx_word' id='word_1_692' title='bbox 3192 5193 3471 5276; x_wconf 83' lang='lat' dir='ltr'><strong>aliquanto</strong></span> <span class='ocrx_word' id='word_1_693' title='bbox 3521 5215 3796 5272; x_wconf 83' lang='lat' dir='ltr'><strong>tempore,</strong></span> 
     </span>
    </p>
   </div>
   <div class='ocr_carea' id='block_1_100' title="bbox 2216 5291 3802 5366">
    <p class='ocr_par' dir='ltr' id='par_1_100' title="bbox 2216 5291 3802 5366">
     <span class='ocr_line' id='line_1_100' title="bbox 2216 5291 3802 5366; baseline -0.001 -18"><span class='ocrx_word' id='word_1_694' title='bbox 2216 5308 2356 5364; x_wconf 88' lang='lat' dir='ltr'><strong>quae</strong></span> <span class='ocrx_word' id='word_1_695' title='bbox 2390 5295 2594 5351; x_wconf 88' lang='lat' dir='ltr'><strong>inimici</strong></span> <span class='ocrx_word' id='word_1_696' title='bbox 2639 5305 3066 5366; x_wconf 89' lang='lat' dir='ltr'><strong>excerpserant,</strong></span> <span class='ocrx_word' id='word_1_697' title='bbox 3101 5293 3613 5352; x_wconf 81' lang='lat' dir='ltr'><strong>circumferebatur.</strong></span> <span class='ocrx_word' id='word_1_698' title='bbox 3661 5291 3802 5347; x_wconf 82' lang='lat' dir='ltr'><strong>Fere</strong></span> 
     </span>
    </p>
   </div>
   <div class='ocr_carea' id='block_1_101' title="bbox 2215 5384 3796 5457">
    <p class='ocr_par' dir='ltr' id='par_1_101' title="bbox 2215 5384 3796 5457">
     <span class='ocr_line' id='line_1_101' title="bbox 2215 5384 3796 5457; baseline -0.003 -18"><span class='ocrx_word' id='word_1_699' title='bbox 2215 5385 2308 5451; x_wconf 89' lang='lat' dir='ltr'><strong>tit,</strong></span> <span class='ocrx_word' id='word_1_700' title='bbox 2358 5393 2417 5439; x_wconf 90' lang='lat' dir='ltr'><strong>ut</strong></span> <span class='ocrx_word' id='word_1_701' title='bbox 2456 5385 2516 5439; x_wconf 86' lang='lat' dir='ltr'><strong>in</strong></span> <span class='ocrx_word' id='word_1_702' title='bbox 2541 5387 2702 5442; x_wconf 89' lang='lat' dir='ltr'><strong>rebus</strong></span> <span class='ocrx_word' id='word_1_703' title='bbox 2743 5387 2992 5441; x_wconf 91' lang='lat' dir='ltr'><strong>obscuris</strong></span> <span class='ocrx_word' id='word_1_704' title='bbox 3030 5386 3182 5457; x_wconf 84' lang='lat' dir='ltr'><strong>plura</strong></span> <span class='ocrx_word' id='word_1_705' title='bbox 3221 5384 3367 5440; x_wconf 86' lang='lat' dir='ltr'><strong>veris</strong></span> <span class='ocrx_word' id='word_1_706' title='bbox 3418 5385 3796 5453; x_wconf 84' lang='lat' dir='ltr'><strong>imaginemur.</strong></span> 
     </span>
    </p>
   </div>
   <div class='ocr_carea' id='block_1_102' title="bbox 2214 5473 3800 5547">
    <p class='ocr_par' dir='ltr' id='par_1_102' title="bbox 2214 5473 3800 5547">
     <span class='ocr_line' id='line_1_102' title="bbox 2214 5473 3800 5547; baseline -0.005 -15"><span class='ocrx_word' id='word_1_707' title='bbox 2214 5473 2520 5545; x_wconf 88' lang='lat' dir='ltr'><strong>Coeperunt</strong></span> <span class='ocrx_word' id='word_1_708' title='bbox 2540 5476 2704 5544; x_wconf 89' lang='lat' dir='ltr'><strong>igitur</strong></span> <span class='ocrx_word' id='word_1_709' title='bbox 2734 5475 2888 5530; x_wconf 86' lang='lat' dir='ltr'><strong>multi</strong></span> <span class='ocrx_word' id='word_1_710' title='bbox 2909 5475 3196 5547; x_wconf 89' lang='lat' dir='ltr'><strong>suspicari,</strong></span> <span class='ocrx_word' id='word_1_711' title='bbox 3227 5474 3356 5530; x_wconf 86' lang='lat' dir='ltr'><strong>dolo</strong></span> <span class='ocrx_word' id='word_1_712' title='bbox 3390 5473 3532 5528; x_wconf 84' lang='lat' dir='ltr'><strong>malo</strong></span> <span class='ocrx_word' id='word_1_713' title='bbox 3561 5473 3648 5543; x_wconf 84' lang='lat' dir='ltr'><strong>agi</strong></span> <span class='ocrx_word' id='word_1_714' title='bbox 3675 5485 3800 5526; x_wconf 87' lang='lat' dir='ltr'><strong>cum</strong></span> 
     </span>
    </p>
   </div>
   <div class='ocr_carea' id='block_1_103' title="bbox 2215 5560 3800 5638">
    <p class='ocr_par' dir='ltr' id='par_1_103' title="bbox 2215 5560 3800 5638">
     <span class='ocr_line' id='line_1_103' title="bbox 2215 5560 3800 5638; baseline -0.004 -16"><span class='ocrx_word' id='word_1_715' title='bbox 2215 5566 2484 5638; x_wconf 82' lang='lat' dir='ltr'><strong>Erigena;</strong></span> <span class='ocrx_word' id='word_1_716' title='bbox 2531 5564 2669 5622; x_wconf 86' lang='lat' dir='ltr'><strong>lictis</strong></span> <span class='ocrx_word' id='word_1_717' title='bbox 2710 5567 3068 5632; x_wconf 86' lang='lat' dir='ltr'><strong>criminibus,</strong></span> <span class='ocrx_word' id='word_1_718' title='bbox 3111 5576 3165 5621; x_wconf 89' lang='lat' dir='ltr'><strong>et</strong></span> <span class='ocrx_word' id='word_1_719' title='bbox 3193 5565 3328 5620; x_wconf 82' lang='lat' dir='ltr'><strong>falsa</strong></span> <span class='ocrx_word' id='word_1_720' title='bbox 3376 5563 3578 5619; x_wconf 90' lang='lat' dir='ltr'><strong>invidia</strong></span> <span class='ocrx_word' id='word_1_721' title='bbox 3626 5560 3800 5618; x_wconf 80' lang='lat' dir='ltr'><strong>homi-</strong></span> 
     </span>
    </p>
   </div>
   <div class='ocr_carea' id='block_1_104' title="bbox 2218 5650 3798 5728">
    <p class='ocr_par' dir='ltr' id='par_1_104' title="bbox 2218 5650 3798 5728">
     <span class='ocr_line' id='line_1_104' title="bbox 2218 5650 3798 5728; baseline -0.008 -12"><span class='ocrx_word' id='word_1_722' title='bbox 2218 5674 2340 5716; x_wconf 87' lang='lat' dir='ltr'><strong>nem</strong></span> <span class='ocrx_word' id='word_1_723' title='bbox 2399 5671 2717 5727; x_wconf 83' lang='lat' dir='ltr'><strong>oppressum</strong></span> <span class='ocrx_word' id='word_1_724' title='bbox 2774 5658 2942 5714; x_wconf 84' lang='lat' dir='ltr'><strong>fuisse</strong></span> <span class='ocrx_word' id='word_1_725' title='bbox 3003 5659 3393 5728; x_wconf 85' lang='lat' dir='ltr'><strong>querebantur.</strong></span> <span class='ocrx_word' id='word_1_726' title='bbox 3462 5651 3572 5709; x_wconf 84' lang='lat' dir='ltr'><strong>Nec</strong></span> <span class='ocrx_word' id='word_1_727' title='bbox 3633 5650 3798 5706; x_wconf 83' lang='lat' dir='ltr'><strong>finem</strong></span> 
     </span>
    </p>
   </div>
  </div>
