4152 6276
337 339 418 398 ss
909 310 924 330 ’
1373 339 1438 394 IN
1477 337 1740 396 unum
1777 333 1868 394 DE
1907 335 2246 395 omsrous
2281 339 2614 398 mnuum.
3545 351 3618 410 9ο

341 451 610 524 querelae
651 452 790 508 istae
821 451 970 522 prius
1016 449 1298 506 habiturae
1348 451 1674 506 videbantur
1695 490 1712 515 ,
1763 463 1925 519 quam
1953 449 2002 510 Α
2031 452 2266 506 nondum
2291 455 2424 509 satis
2449 455 2582 510 mihi
2603 456 2796 525 liquet.
2829 455 2990 512 Certe
3011 455 3284 514 allirmant
3313 469 3482 520 testes
3509 464 3618 522 ﬁde

345 543 626 615 integrum
670 559 802 614 opus
841 542 1098 614 prodiret.
1133 543 1310 612 Atque
1361 541 1492 597 illud
1541 543 1760 598 tandem
1803 541 1933 598 emi-

343 641 544 690 serunt
581 633 651 699 ii,
676 634 766 702 qui
793 633 1048 688 libentius
1087 633 1326 688 tenebris
1353 635 1724 688 damnassent.

413 726 564 782 Idem
581 723 818 780 Joannes
849 723 1084 794 Erigena
1115 725 1418 794 composuit
1443 740 1584 794 opus
1625 725 1692 779 de
1723 723 1936 780 Eucha—

341 816 518 879 ristia,
535 813 690 882 jussu
729 813 910 869 Caroli
937 813 1108 868 Calvi.
1163 814 1430 869 Continuo
1459 816 1526 870 de
1567 816 1672 870 hoc
1719 829 1936 885 quoque

339 905 544 974 scripto
591 905 646 958 in
677 915 866 974 partes
895 905 1032 958 itum
1073 914 1176 960 est.
1226 905 1356 960 Post
1384 921 1558 960 annos
1586 905 1850 961 ducentos
1871 906 1935 959 li—

337 995 436 1050 ber
465 995 621 1050 Scoti
653 994 961 1049 infelicibus
975 995 1148 1064 "lignis
1173 994 1463 1050 ustulatur.
1485 995 1726 1063 “Quaeris
1768 1007 1932 1067 quam

325 1087 409 1140 ob
437 1085 590 1140 rem?
629 1085 953 1140 Vincentius
977 1081 1339 1142 Belluacensis
1375 1087 1440 1139 in
1473 1085 1694 1155 speculo
1735 1087 1934 1142 doctri-

341 1177 452 1232 nali
503 1177 826 1246 respondet,
871 1177 1126 1245 quoniam
1177 1177 1536 1247 Berengarius
1581 1177 1797 1232 Scotum
1835 1179 1931 1233 ni—

343 1267 520 1320 mium
551 1264 850 1320 admiratus
869 1271 1032 1318 esset.
1049 1261 1266 1318 Punitis
1290 1263 1522 1334 ingeniis
1543 1264 1930 1335 gliscitaucto—

345 1358 487 1412 ritas
507 1373 536 1410 -:
567 1357 833 1412 exstincto
877 1357 980 1412 isto
1017 1355 1178 1422 libro,
1229 1358 1404 1427 magis
1443 1359 1722 1430 magisque
1755 1360 1822 1412 de
1867 1373 1933 1414 eo

339 1445 578 1502 dissidia
605 1453 923 1511 creverunt;
948 1461 1046 1516 per
1066 1445 1248 1502 secula
1275 1446 1390 1502 fere
1415 1462 1626 1508 novem,
1664 1448 1930 1518 suspicio-

2037 545 2208 615 digni,
2237 545 2458 600 Florum
2475 547 2583 601 110s
2605 547 2774 602 libros
2797 549 3138 618 deprauasse,
3169 558 3222 603 ut
3252 549 3465 607 facilius
3491 570 3619 623 pos-

2037 647 2120 694 set
2147 637 2454 693 confutare.
2477 637 2613 692 illud
2638 653 2802 694 unum
2839 639 2974 704 scio,
2995 639 3128 693 nihil
3157 641 3446 710 quicquam
3476 659 3506 697 a
3531 655 3618 700 me

2036 725 2273 784 scienter
2296 727 2672 796 etprudenter
2687 727 2862 806 luisse
2885 719 3182 794 mutatum,
3198 729 3443 798 ineptias,
3486 729 3619 788 Sco-

2035 819 2168 872 licus
2217 818 2418 886 pultes,
2465 817 2811 872 nubilationes
2835 857 2854 884 ,
2895 835 3097 874 errores
3119 859 3140 883 ,
3193 819 3376 889 lapsus
3422 809 3620 880 omnes

2035 910 2212 965 omnis
2255 910 2504 980 generis,
2543 923 2680 982 quos
2717 909 2902 964 inveni
2924 949 2940 976 ,
2985 909 3216 980 reliqui;
3251 927 3358 966 non
3405 914 3474 968 ad
3511 913 3614 969 ho-

2033 999 2197 1054 minis
2239 999 2560 1065 infamiam,
2611 999 2708 1054 sed
2747 999 2822 1054 ad
2869 1013 3048 1056 meam
3095 999 3258 1056 ﬁdem
3297 1011 3615 1058 contestan-

2035 1089 2180 1144 dam.

2105 1181 2184 1236 De
2209 1197 2373 1252 opere
2397 1179 2621 1236 interim
2662 1180 2765 1236 isto
2793 1195 2901 1236 non
2943 1180 3282 1252 interponam
3323 1181 3620 1237 auctorita-

2034 1281 2142 1328 tem
2169 1285 2368 1338 meam,
2392 1285 2532 1341 quae
2560 1272 2720 1342 plane
2741 1272 2890 1328 nulla
2931 1287 3052 1328 esse
3080 1271 3270 1337 debet;
3307 1271 3535 1328 liberum
3561 1279 3618 1326 et

2033 1361 2305 1432 integrum
2335 1361 2456 1415 volo
2495 1375 2621 1416 esse
2665 1359 2954 1432 legentium
2993 1361 3278 1431 judicium.
3309 1361 3442 1416 Cum
3479 1363 3616 1418 haec

2032 1451 2294 1508 scriberet
2323 1451 2586 1522 Erigena,
2630 1451 2697 1506 de
2737 1451 2960 1506 Graecis
2991 1466 3098 1506 non
3139 1451 3426 1506 admodum
3477 1451 3616 1506 ami-

341 1535 510 1590 nibus
539 1543 594 1590 et
639 1535 882 1590 obscuris
932 1535 1219 1605 dubiisque
1257 1534 1595 1604 coniecturis
1627 1551 1778 1591 serra
1831 1539 1934 1591 ista
2027 1541 2282 1598 cabiliter
2309 1539 2614 1595 sentiebant
2639 1539 2840 1596 Latini.
2875 1539 3100 1596 Photius
3126 1541 3436 1596 cathedram
3475 1539 3614 1596 Con-

338 1623 600 1678 trahitur.
629 1623 774 1678 Exiit
813 1625 1031 1678 tandem
1061 1623 1208 1678 liber
1244 1623 1333 1679 ille
1353 1665 1368 1689 ,
1403 1625 1501 1680 sub
1525 1621 1814 1680 Ratramni
1837 1643 1934 1681 no-

333 1713 520 1777 mine,
549 1721 614 1768 ut
641 1711 810 1782 aliqui
829 1712 1198 1767 contendunt.
1223 1713 1370 1780 Quid
1413 1721 1528 1768 tum
1568 1715 1795 1782 posuea?

488 1837 776 1952 ’ἕξειὲξειιί
802 1853 1034 1903 posuere,
1057 1843 1312 1904 omisque
1330 1845 1542 1904 repente
1557 1841 1751 1894 resedit

2031 1631 2570 1701 stantinopolitanam
2621 1635 2857 1687 tenebat.
2909 1631 3162 1688 Nicotaus
3220 1631 3260 1686 l.
3313 1635 3616 1704 encyclicas

2033 1725 2102 1778 ad
2161 1721 2345 1776 Gallos
2402 1721 2729 1790 scripserat,
2782 1721 2850 1775 ad
2907 1719 3233 1776 refcllendos
3277 1721 3612 1778 Graecorum

1958 1795 2267 1869 Bferrores.
2301 1811 2498 1867 Nocuit
2523 1811 2698 1866 aliena
2719 1812 2919 1866 invidia
2938 1810 3132 1866 Joanni
3154 1821 3365 1879 nostro,
3388 1814 3616 1882 ideoque

2031 1902 2207 1958 malas
2236 1915 2444 1956 merces
2469 1901 2762 1956 obtrudere
2781 1901 3103 1956 credebatur
3119 1939 3136 1968 ,
3160 1903 3418 1972 quoniam
3449 1903 3617 1958 Grae-

333 2003 524 2076 aNeque
567 2005 712 2058 enim
747 2014 856 2058 tam
905 2019 1086 2070 sacer,
1113 2011 1208 2058 aut
1254 2003 1534 2060 horribilis
1565 2005 1678 2059 iste
1719 2001 1933 2058 libellus
2029 2010 2130 2052 eos
2155 2009 2283 2050 suos
2299 1993 2530 2048 subinde
2551 1993 2831 2062 crepabat.
2859 1991 3148 2048 Enimvero
3175 1993 3222 2048 si
3253 1991 3477 2048 Patruus
3497 2011 3616 2050 sett-

335 2101 464 2150 esse
512 2096 966 2167 deprehenditur,
1029 2096 1190 2150 modo
1235 2097 1375 2150 absit
1429 2095 1704 2168 malignus
1756 2095 1931 2149 inter-

243 2251 260 2260 _
333 2201 486 2256 pres.
531 2185 610 2240 lta
655 2203 762 2242 non
799 2187 1088 2252 maximas,
1117 2201 1258 2256 quae
1293 2187 1566 2242 maximae
1595 2195 1722 2242 sunt
1761 2186 1936 2242 inter-

344 2281 474 2335 dum
506 2282 638 2346 irae,
669 2280 894 2350 injurias
919 2283 1146 2336 faciunt.

423 2367 602 2439 (Pag.
649 2371 764 2440 tv.)
807 2370 906 2423 Diu
955 2371 1286 2442 multumque
1319 2371 1550 2426 litterati
1601 2369 1708 2424 viri
1762 2382 1930 2440 quae-

351 2457 613 2523 Siverunt,
659 2455 747 2516 ubi
803 2459 1046 2532 gentium
1099 2463 1332 2518 laterent
1375 2457 1504 2520 libri
1558 2465 1681 2540 περὶ
1727 2467 1932 2537 φύσεων

341 2559 626 2623 μερισμοῦ,
679 2568 816 2622 quos
859 2551 1098 2608 Joannes
1149 2554 1289 2608 idem
1327 2556 1698 2623 composuisse
1756 2555 1932 2624 perhi-

335 2641 524 2696 betur.
553 2641 716 2697 Certe
758 2643 1032 2698 Historiae
1080 2643 1416 2714 Anglicanae
1463 2647 1756 2715 scriptores
1803 2647 1932 2702 illud

325 2747 478 2802 «opus
502 2731 698 2802 insigni
723 2731 884 2787 laude
917 2733 1264 2800 extulerant,
1294 2745 1350 2790 et
1387 2735 1770 2806 praedicarant
1807 2753 1934 2805 pro-

333 2831 453 2892 pter
497 2821 888 2894 perplexitatem
928 2825 1282 2893 quarumdam
1325 2826 1688 2896 quaestionum
1733 2826 1931 2880 soluen-

341 2905 468 2962 dum
510 2909 633 2964 bene
663 2910 868 2964 utilem.
903 2911 1000 2964 Cui
1045 2911 1188 2966 haec
1217 2911 1444 2968 salivam
1472 2929 1577 2970 non
1623 2914 1931 2970 moverint?

345 2995 484 3064 Quis
509 3012 614 3052 non
641 2985 964 3053 accenditur
983 3000 1256 3056 desiderio
1287 3003 1494 3058 videndi
1518 3003 1738 3058 Joannis
1759 3004 1926 3070 illius,

2035 2087 2216 2142 tentiis
2249 2086 2323 2140 ita
2347 2093 2552 2150 utatur,
2571 2099 2633 2138 ac
2656 2084 2756 2154 ipsi
2774 2085 2827 2140 in
2845 2085 2956 2140 suis
2981 2086 3199 2155 scriptis
3217 2095 3543 2155 posuerunt;
3568 2087 3615 2144 si

2033 2174 2206 2238 fraus,
2227 2173 2273 2228 si
2315 2175 2544 2243 stropha
2561 2212 2582 2239 ,
2603 2175 2648 2229 si
2687 2173 3084 2244 paralogismus
3112 2173 3324 2240 omnis,
3337 2175 3382 2230 si
3403 2175 3615 2246 crypsis

2035 2265 2280 2335 improba
2321 2263 2446 2320 huic
2471 2265 2590 2318 viro
2645 2265 2922 2320 abfuerit:
2955 2265 3190 2320 viderint
3223 2265 3281 2331 ii,
3319 2267 3413 2334 qui
3449 2267 3504 2318 in
3547 2279 3616 2320 eo

2035 2353 2294 2408 damnant
2321 2351 2395 2419 id,
2424 2353 2569 2424 quod
2599 2353 2654 2409 in
2685 2353 2792 2410 illis
2823 2353 3077 2412 Patribus
3106 2365 3200 2410 aut
3246 2356 3478 2426 probant
3522 2363 3618 2412 aut

2037 2441 2384 2496 dissimulant
2409 2441 2461 2494 ‘.
2513 2441 2684 2497 Porro
2739 2443 3100 2514 patrocinium
3149 2444 3200 2500 ei
3265 2444 3616 2500 commodare

2033 2533 2249 2588 videtur
2291 2542 2692 2604 argumentum,
2725 2533 2869 2604 quod
2911 2541 3132 2600 tractat,
3165 2535 3431 2592 lubricum
3481 2535 3614 2591 illud

2031 2627 2342 2696 quidemet
2385 2625 2602 2681 subtile.
2653 2625 2848 2682 Graeci
2897 2626 3248 2702 mpi'ApxoTw
3297 2627 3514 2692 dicunt;
3559 2627 3616 2682 in

2031 2731 2138 2784 quo
2164 2715 2462 2770 excolendo
2488 2715 2611 2783 quis
2645 2723 2730 2770 est
2775 2718 2888 2770 sive
2931 2715 3263 2771 Graecorum
3311 2717 3426 2772 sive
3469 2716 3615 2770 Lati-

2032 2819 2250 2870 norum,
2299 2803 2394 2872 qui
2423 2819 2530 2858 non
2579 2801 2782 2872 aliquid
2829 2805 3142 2858 humanitus
3183 2817 3378 2872 passus
3419 2813 3522 2859 est.
3549 2803 3619 2858 Et
3673 2853 3676 2856 .

2032 2894 2117 2950 fac
2147 2893 2418 2964 permulta
2447 2907 2589 2958 esse,
2614 2907 2754 2962 quae
2804 2893 3064 2947 delicatus
3095 2894 3360 2962 quispiam
3381 2965 3388 2968 _
3407 2894 3459 2946 in
3509 2894 3614 2948 hoc

2033 2985 2297 3053 scriptore
2323 2981 2634 3037 desiderare
2655 2982 2857 3051 possit;
2886 2991 3032 3036 certe
3056 2981 3274 3051 quidem
3301 2996 3403 3035 nec
3439 2981 3618 3036 humi-

349 3086 442 3155 ηυξ
467 3127 481 3150 ,
519 3095 577 3140 ιη
613 3087 798 3143 nelias
837 3089 978 3158 πρ,ιά
1029 3088 1263 3145 ιιιάηεοε
1285 3131 1302 3155 ,
1357 3093 1438 3147 νει
1487 3093 1728 3163 Appius
1782 3093 1926 3164 apud
1962 3146 2004 3164 Α
2029 3073 2138 3130 lem
2175 3082 2410 3128 mentem
2440 3087 2568 3142 erga
2602 3072 2794 3127 Patres
2831 3071 3136 3136 Ecclesiae,
3169 3085 3269 3126 nec
3295 3071 3442 3141 piam
3486 3085 3616 3164 erga

340 3146 622 3242 ὐηέεεοε,
668 3146 1026 3237 annm-551m
1073 3146 1300 3255 ἀπριῶέ
1329 3146 1497 3236 nodos
1535 3146 2004 3238 Ehfelgél’epc
2037 3167 2208 3221 Deum
2254 3165 2606 3244 desiderabit.
2657 3165 2840 3220 Potuit
2890 3179 3020 3236 ergo
3069 3179 3274 3232 errare,
3308 3163 3618 3220 haereticus

337 3267 534 3324 solvit?
553 3267 690 3323 Hinc
709 3285 818 3323 non
842 3286 1017 3333 nemo,
1033 3273 1189 3340 quasi
1209 3273 1624 3344 ingemiscens,¢
1647 3275 1694 3328 si
1717 3275 1931 3328 revixe-

331 3355 410 3410 εἰς
431 3355 530 3410 ille
563 3357 702 3412 liber
724 3357 874 3412 Scoti
912 3361 970 3414 il
1001 3361 1154 3416 Alter
1179 3371 1362 3416 autem
1397 3363 1465 3416 de
1487 3363 1626 3416 libro
1653 3377 1930 3432 nunquam

325 3443 474 3512 viso,
507 3461 528 3496 ι
567 3445 744 3502 tristia
773 3457 832 3503 et
854 3447 992 3502 dura
1015 3450 1198 3504 omnia
1221 3471 1264 3502 ι.
1297 3451 1436 3506 Ecce
1471 3451 1662 3522 igitur.
1697 3466 1730 3505 ο
1756 3451 1923 3506 boui!

327 3534 491 3590 adest
537 3551 765 3604 coram,
816 3553 976 3609 quem
1013 3543 1354 3610 quaeritatis.
1395 3541 1536 3600 'qu
1578 3553 1768 3620 νεκρῶν
1809 3565 1926 3600 κω-

335 3627 510 3694 θμῶνα
553 3629 638 3684 καὶ
683 3630 868 3684 σκότου
913 3631 1079 3687 πύλας
1117 3631 1294 3686 λιπὼν.
1353 3629 1571 3697 Verum,
1615 3647 1647 3686 e
1678 3632 1928 3702 sepulcro

333 3715 693 3770 resuscitatus
720 3733 790 3772 an
811 3719 976 3773 etiam
1003 3721 1290 3774 cicatrices
1345 3719 1558 3774 adferat
1593 3719 1734 3774 Flori
1783 3721 1920 3774 Pru-

337 3803 508 3860 dentii
548 3804 868 3864 Galindonis
891 3808 997 3879 (uti
1035 3807 1243 3886 Il-lector
1272 3807 1360 3864 ille
1403 3807 1627 3863 Achillis
1654 3807 1924 3880 vulnera),

1732 3945 2188 3962 Ἥ

1035 4061 1691 4141 TESTIMONIA
1765 4057 2228 4152 ALIQUOT
2283 4057 2692 4137 VETERU

1494 4233 1578 4276 DE
1618 4231 1864 4278 JOANNE
1909 4227 2106 4275 εροτο
2151 4227 2452 4274 ERIGENA.

1725 4363 1950 4380 —

2026 3720 2174 3774 infra
2202 3719 2440 3789 digessi,
2485 3717 2722 3772 maxima
2765 3732 2836 3772 ex
2865 3724 3017 3787 parte
3045 3715 3174 3789 lia};

2021 4357 2214 4374 _

2033 3271 2156 3314 esse
2185 3241 2510 3312 noluit.'Sed
2537 3273 2637 3312 nec
2669 3255 2935 3328 Erigenae
2967 3257 3133 3310 vitam
3171 3269 3274 3310 nec
3315 3253 3617 3325 apologiam

2033 3350 2274 3406 scribere
2323 3349 2672 3404 decreveram
2699 3388 2716 3414 ,
2765 3349 2940 3404 nullas
2992 3364 3094 3418 ego
3145 3347 3263 3416 ejus
3309 3347 3433 3402 lites
3469 3363 3618 3402 meas

2033 3441 2251 3496 faciam.
2277 3439 2564 3512 Nunquam
2596 3441 2727 3495 mihi
2747 3439 3107 3496 contendeudi
3134 3437 3234 3493 fuit
3255 3438 3489 3501 animus,
3513 3453 3614 3492 nec

2030 3535 2202 3592 otium
2247 3549 2392 3590 nunc
2435 3531 2676 3604 quidem.
2722 3533 2824 3602 Qui
2881 3533 3046 3604 igitur
3091 3531 3245 3604 plura
3294 3531 3361 3585 de
3409 3528 3617 3584 Joanne

2033 3629 2262 3700 Erigena
2295 3630 2435 3683 scire
2461 3629 2665 3698 cupiat,
2695 3625 3002 3682 testimonia
3040 3625 3106 3678 de
3150 3639 3216 3679 eo
3243 3623 3428 3693 legat,
3476 3634 3617 3688 quae

3397 3721 3616 3765 nemine

3413 3803 3446 3816 ι.

2697 3731 2722 3772 a
2765 3732 2836 3772 ex
2865 3725 3017 3787 parte
3046 3725 3174 3770 nact
3363 3725 3542 3822 ,ἐξεφ

2033 3809 2315 3879 producta.

343 4451 510 4528 (Pup.
541 4451 620 4524 v.)
659 4449 978 4528 Prudentius
1001 4445 1344 4528 Tricassi'nus
1365 4444 1419 4498 in
1459 4443 1591 4497 libro
1620 4459 1714 4498 suo
1743 4445 1927 4498 πάνυ·
1953 4443 2004 4506 D
2063 4439 2362 4494 Chronico»:
2402 4443 2719 4504 anonpmum
2771 4427 2914 4499 apud
2951 4423 3256 4490 Chesniunt,
3283 4433 3428 4528 tanta
3455 4423 3576 4482 111.

799 4539 888 4576 sus
925 4521 1187 4575 Joannem
1223 4517 1461 4570 Scotum.

2103 4559 2122 4592 ε
2155 4539 2362 4610 Rogato
2389 4535 2616 4610 Aelfridi
2639 4532 2878 4610 Joannes
2902 4529 3100 4588 Scotus
3119 4527 3282 4583 rediit
3303 4541 3333 4580 a
3355 4525 3616 4598 Francia,

413 4635 436 4670 α
467 4615 548 4671 'l‘e
575 4613 748 4670 solum
773 4613 1016 4668 omnium
1045 4608 1420 4666 acutissimum
1443 4605 1651 4662 Galliae
1675 4604 1926 4660 transmi-
2025 4611 2118 4668 ubi
2145 4602 2266 4666 erai
2297 4625 2420 4664 cum
2443 4605 2638 4662 Carolo
2663 4602 2831 4658 Calvo
2872 4621 2920 4655 ι.

335 4686 410 4744 Iit
435 4685 694 4741 Hibernia
725 4703 774 4738 ι.
807 4683 1037 4738 lronice.

369 4774 643 4831 Purdulus
668 4773 1036 4828 Laudunensis
1063 4769 1331 4840 episwpus
1366 4765 1431 4821 de
1469 4765 1675 4820 Joanne
1702 4761 1882 4819 Scuto.

411 4887 434 4924 s
461 4867 572 4924 Sed
598 4867 726 4936 quia
753 4865 890 4936 haec
919 4863 1062 4936 inter
1081 4858 1320 4936 sevalde
1346 4853 1924 4936 dieseptiebainths'co:

335 4917 926 5009 sitm—illumhquiﬁest
1066 4929 1269 5002 palatio
1295 4929 1452 5009 regis
1491 4923 1702 5000 [Caroli
1743 4917 1926 4992 Calvi]

329 5007 606 5068 Joannem
631 5003 854 5062 nomine
879 5004 1118 5058 scribere
1156 5003 1434 5070 coegimus
1465 5017 1510 5050 ι.

443 5095 534 5152 Es:
579 5097 803 5152 historia
841 5095 1222 5164 Episcoporum
1261 5085 1816 5154 Antissiodorenst'unt.

415 5206 436 5240 ι
480 5185 816 5242 Humbaldus
879 5181 1290 5238 Cameracensis
1363 5175 1662 5231 liberalium
1723 5173 1920 5226 artium

333 5257 534 5313 studiis
574 5258 816 5326 apprime
854 5253 1200 5326 instructus,‘
1229 5247 1462 5326 Joannis
1503 5243 1688 5326 suctu
1717 5243 1922 5326 quinea

335 5312 660 5396 tempestaié
703 5339 800 5395 per
839 5322 1044 5396 Gallias
1088 5312 1696 5396 sapientiael‘undebat
1723 5312 1922 5396 radios,

333 5385 516 5452 Iactus
539 5385 892 5467 pedisequus,
929 5392 1090 5467 cuius
1109 5385 1475 5467 disciplinatui
1499 5385 1662 5467 long?
1683 5389 1926 5467 tempore

329 5452 652 5532 inhaerens,
680 5452 1056 5520 diiinasimul
1087 5469 1142 5515 et
1169 5452 1427 5513 humana.
1461 5491 1478 5507 .
1509 5492 1526 5506 .
1556 5452 1743 5507 didicit
1770 5469 1816 5504 ι.

2132 4709 2368 4780 Rogerus
2381 4705 2680 4760 Wendover
2696 4703 2754 4757 in
2774 4701 3032 4757 Chronico
3053 4699 3124 4754 ad
3153 4714 3352 4754 annum
3379 4699 3506 4755 885.

2111 4825 2130 4860 ι
2165 4807 2323 4862 Anno
2367 4803 2473 4860 885
2501 4802 2650 4858 venit
2697 4801 2751 4856 in
2797 4800 3046 4872 Angliam
3077 4799 3334 4870 magister
3379 4793 3618 4856 Joannes

2034 4877 2254 4942 Scotus,
2281 4877 2363 4930 vir
2395 4873 2724 4944 perspicacis
2759 4871 2960 4942 ingenii
2991 4890 3040 4923 ι.

2031 4989 2118 5045 Ea;
2157 4987 2274 5043 Vita
2295 4983 2590 5042 Grimbaldi
2612 4981 2815 5062 abbatig
2839 4995 2934 5104 per
2958 4977 3272 5046 Gotcelium,
3293 4943 3353 5032 ut
3385 4979 3616 5046 videtur,

2697 5067 2838 5104 scrin
2859 5067 2914 5104 α.

2697 5067 2914 5122 scripta.

2107 5182 2138 5215 s~
2167 5160 2440 5214 Aelli-idus
2497 5173 2594 5214 rex
2657 5153 2886 5212 consilio
2941 5149 3160 5208 Eldredi
3221 5143 3614 5215 archiepiscopi

2029 5212 2440 5287 CaiituarieiiSis
2465 5212 2712 5282 oratores
2733 5225 2876 5279 misit
2899 5223 2964 5277 ad
2993 5217 3378 5276 monasterium
3403 5212 3616 5287 S._Bei--

2033 5281 2603 5366 ὖῆἷξῖὶέἷὰξέιῖεὲηόο
2630 5293 2978 5366 Grimbaldo,_
3001 5291 3142 5366 inter
3161 5298 3304 5366 quos
3325 5281 3616 5366 presbyter
3705 5323 3722 5344 ,

2029 5349 2266 5427 illihuic}
2280 5349 2672 5430 'éi'ltis'séiius,
2697 5365 2800 5420 viri
2830 5349 3262 5418 eruditissimi'et
3287 5349 3614 5406 vivacisSimi
3653 5381 3655 5384 ι

2032 5440 2253 5513 ingenii,
2283 5437 2718 5512 praecellebant».

407 5623 440 5656 ⁸
473 5619 633 5676 Haud
666 5619 941 5675 immerito
986 5613 1232 5671 damnari
1285 5619 1378 5668 aut
1427 5607 1720 5680 improbari
1775 5601 2127 5680 Scotinostri
2163 5599 2330 5680 falsas
2381 5593 2656 5652 doctrinas
2685 5629 2700 5656 ,
2742 5587 2856 5660 jam
2905 5599 2974 5641 ex
3013 5583 3082 5643 iis
3107 5625 3123 5654 ,
3165 5599 3306 5658 quae
3350 5587 3408 5642 in
3457 5599 3580 5643 con.

333 5669 1456 5760 metit—aiione'supiapvositaidisputantur,
1482 5669 1615 5738 satis
1649 5678 1837 5748 liquet.
1928 5673 2191 5730 Annum.
2241 5669 2404 5724 Eutr.
3283 5693 3286 5696 ν
3555 5685 3562 5692 α
