2076 3138
174 158 212 186 95·
683 155 716 182 IN
736 152 865 181 LlBRUM
884 151 929 178 DE
949 148 1118 178 DlVlSlONE
1138 148 1307 176 NATURIE.
1777 151 1812 198 ςμ

176 219 236 247 est,
249 214 285 240 de
299 213 418 240 Naturae
432 211 561 239 divisione
578 210 707 247 titulavit»,
725 213 967 247 propter_quarim_-
983 208 1005 237 Α
1020 203 1099 239 (Pag.
1114 204 1164 240 ix.)
1177 204 1310 231 Johmmcs
1327 202 1395 247 twn
1413 205 1439 231 in
1456 204 1521 231 libro
1535 204 1568 231 de
1587 204 1698 240 Regibus
1715 206 1813 242 Anglo-

176 243 242 276 dam
257 248 446 283 perplexarum
461 247 645 283 quaestionum
661 243 821 283 solutionem
836 243 904 283 bene
918 243 968 268 titi-

178 278 287 315 lcm,'si
304 278 391 309 famen
408 278 597 317 ignoscaturci
614 281 639 317 in
655 280 827 317 quibusdam,
843 278 940 317 quibus
953 283 968 302 a

179 313 337 346 Latinorum
351 313 456 352 tramite
470 316 597 352 deviavit,
610 313 672 352 dum
687 315 712 340 in
725 314 843 352 Graecos
858 313 970 352 nimium

180 356 275 381 ocu'os
298 352 419 379 intendit.
437 351 498 387 Fuit
517 351 619 387 multae
633 349 789 387 (I’ag._»vni)
805 348 928 387 lectionis
942 350 970 372 et

181 390 311 418 curiosae,
324 387 406 417 acris,
421 386 468 413 sed
483 386 652 420 inelegantis,
666 389 693 410 ut
705 383 818 420 di\i.rad
836 383 970 420 ιιιιιξψιηςτ

182 423 288 450 tandum
305 417 441 461 ist-ientia-e
454 429 461 453 ;
480 417 702 461 ﬁtted—enimut!
727 418 816 444 verbis
831 417 967 461 Anastasii

179 457 316 483 Romanae
330 456 466 483 Ecclesiae
480 454 677 482 bibliotheca-ii
695 454 799 486 loquar,
813 461 865 477 non
880 454 968 485 egisse

178 493 258 519 aliam
271 492 306 518 ob
317 498 429 519 causam
445 490 580 520 existim.
594 490 645 526 nisi
663 489 810 526 quia,cum
826 492 899 526 esset
917 487 967 511 hu-

178 528 251 554 milis
274 527 382 560 spiritu,
412 532 466 551 non
488 525 650 558 praesumsit
674 524 750 560 verbi
775 524 966 560 proprietatem

177 556 316 592 deserere,
330 568 364 586 ne
375 560 466 593 aliquo
478 556 581 594 modoa
594 566 686 584 sensus
697 558 810 594 veritate
823 556 966 594 decideret:

178 597 283 623 Doctus
298 596 330 621 ad
346 592 492 623 invidiam,
508 598 535 619 ιιι
550 593 710 619 Graecorum
727 592 900 628 pedisequus,
923 592 967 628 qui

180 631 279 661 multa,
295 636 366 664 quae
382 636 435 656 non
453 628 584 662 recipiant
602 635 678 654 aures
695 626 898 664 lalinao,__libris
914 626 969 651 suis

181 660 351 699 asperSerit:
367 660 643 699 quaenon'ignorans
655 671 733 699 quam
748 660 969 699 ill\‘it_llus‘d'lccl(i:

184 694 261 727 ribus
279 694 383 731 essent;
404 697 446 724 vel
465 698 514 724 sub
526 694 641 731 persona
658 694 828 723 ἐυιιοι-ιιιογὶδ
847 694 885 721 sui
898 715 908 731 ,
928 694 969 720 vel

186 734 238 761 sub
253 734 332 769 “pallio
345 729 508 760 Graecorum
524 729 674 769 occulebat.
688 731 853 764 Quapropter
865 729 969 769 ethac-

184 765 284 796 reticits
299 772 407 802 putatus
421 772 479 798 est,
504 767 660 803 etrrscripsit
675 770 768 803 contra
784 773 845 791 eum
860 765 969 803 quidam

180 804 287 831 Florus.
299 800 375 830 'Snnt
388 803 460 829 enim
477 802 503 829 in
522 802 592 838 libro
607 804 664 838 περὶ
684 800 969 838 ‘a-ﬂazmiperpiurima,

178 846 248 869 quae
263 838 409 865 multorum
428 837 617 873 aestimatione
637 835 651 862 ίι
671 835 721 862 lide
739 835 872 873 catlmlit-a
891 841 970 873 exor-

177 867 265 900 bitare
281 873 432 899 videantur.
452 871 536 905 llujus
552 872 686 905 opinionis
702 869 874 905 cognoscitur
889 867 971 905 fuisse

177 907 304 934 Nicolaus
324 915 392 942 papa
405 927 411 938 ,
435 902 545 942 qui-ait
570 902 597 942 in
625 902 747 940 Epistolau
765 905 799 942 ad
822 902 969 942 Carol_um:_

179 952 189 967 ‹
208 938 332 969 Relatum
352 938 394 968 est
408 938 576 975 Apostolatui
597 938 699 971 nasiro,
720 939 793 976 quod
812 946 880 976 opus
897 938 969 976 beati

178 986 188 1003 ι
209 977 327 1013 Dionysii
342 973 537 1013 Areojzagitae.
558 977 628 1010 quod
645 977 677 1001 de
693 975 790 1013 divinis
806 973 969 1013 li-mtlllllllll‘ls,

179 1021 188 1036 ι
207 1013 247 1039 vel
258 1008 422 1039 caelestibus
433 1008 685 1047 ordinibus,grai-('0
698 1009 841 1047 descripsit
853 1008 969 1047 eloquio,

179 1057 188 1071 ι
207 1047 313 1080 quidam
330 1051 419 1073 vester
440 1045 557 1072 Joannes
570 1066 576 1076 ,
599 1053 697 1081 genere
717 1045 823 1071 Scottis.
842 1045 969 1081 imperiti

179 1091 188 1106 ι
208 1077 331 1108 Latinum
356 1080 540 1110 transtulerit,
569 1077 639 1114 quod
660 1080 737 1113 juxta
763 1085 867 1114 morem
891 1077 971 1103 nobis

180 1125 190 1141 ε
207 1117 288 1152 mitti,
302 1121 328 1143 et
344 1121 435 1152 nostro
448 1115 540 1152 dcbuit
555 1115 657 1152 judicio
671 1113 833 1152 approbari,
848 1118 972 1152 praeser-

183 1151 340 1178 «linteum
367 1151 437 1179 idem
465 1148 599 1180 Joannes,
626 1149 687 1176 licet
712 1149 814 1175 multae
839 1148 971 1174 scientiae

184 1194 194 1209 ι
212 1192 272 1211 esse
286 1185 463 1219 praedicetur,
479 1183 542 1210 olim
558 1192 610 1211 non
624 1192 688 1210 sane
703 1191 799 1217 sapere
816 1183 843 1208 in
858 1181 971 1219 quibus-

185 1228 196 1244 1
215 1219 277 1245 dam
287 1216 425 1252 'frequenti
440 1226 547 1245 rumore
559 1219 704 1245 diceretur.
725 1218 820 1251 Itaque
832 1217 904 1250 quod
921 1216 971 1241 ha-

184 1264 195 1279 ς
213 1258 310 1280 etenus
323 1254 452 1280 omissum
465 1257 514 1283 est,
532 1258 621 1280 vestra
636 1253 767 1279 industria
782 1252 922 1286 suppleat,
944 1253 972 1276 et

181 1298 192 1313 1
211 1289 289 1315 nobis
300 1287 450 1322 praefatum
460 1294 528 1322 opus
538 1287 596 1313 sine
606 1287 656 1313 ulla
668 1287 838 1313 cunctatione
848 1287 935 1322 mittat
947 1294 969 1310 ι.

179 1320 379 1356 Propter—hane
397 1328 462 1356 ergo
479 1320 631 1353 infamiam,
647 1325 676 1347 ut
690 1322 781 1351 credo,
799 1320 971 1356 taeduitreum

177 1354 323 1388 Franciac,
344 1354 471 1390 venitque
490 1356 614 1390 Angliam
637 1356 671 1382 ad
696 1363 787 1390 regem
801 1354 970 1386 Aelfredum,

177 1391 256 1425 Cujus
272 1392 455 1418 munificentia
471 1391 587 1422 illectus,
604 1396 630 1418 et
645 1390 803 1425 magisterio
816 1391 883 1424 ejus,
897 1394 924 1415 ut
938 1396 969 1415 ex

178 1424 288 1460 scriptis
304 1425 363 1460 ejus
378 1426 498 1452 intellexi
509 1446 516 1458 ,
537 1426 660 1453 sublimis
675 1424 880 1452 lilahuesburiae
893 1431 968 1460 resc-

180 1459 242 1487 dit.’
256 1460 307 1487 Ubi
319 1459 384 1494 post
400 1461 503 1494 aliquot
518 1468 605 1487 annos
618 1468 633 1486 a
647 1460 749 1495 pueris,
763 1467 828 1493 quos
841 1459 968 1495 docebat,

182 1495 304 1529 graphiis
318 1495 467 1529 perfossus,
487 1495 605 1521 animam
620 1496 693 1522 exuit
708 1498 838 1521 tormento
852 1494 926 1529 gravi
943 1498 970 1520 et

183 1528 299 1560 acerbo,
321 1528 353 1555 iit
377 1529 439 1556 dum
464 1530 592 1563 iniquitas
606 1530 691 1556 valida
709 1534 736 1555 et
750 1536 843 1555 manus
861 1528 967 1555 inﬁrma

184 1571 266 1597 saepe
300 1563 477 1591 frustraretur
506 1569 533 1591 et.
558 1572 637 1598 saepe
662 1565 819 1598 impeterct,
845 1571 968 1590 amaram

182 1604 296 1625 mortem
314 1599 410 1625 obiret.
436 1598 524 1625 Jacnit.
547 1599 698 1633 aliquandiu
722 1598 748 1624 in
770 1598 884 1625 ecclesia
906 1598 967 1628 illa,

180 1641 250 1666 quae
283 1633 368 1659 fuerat
393 1633 552 1660 inhonestae
576 1633 666 1660 caedis
689 1633 813 1664 conscia;
842 1634 889 1660 sed
924 1633 969 1659 ubi

177 1668 286 1694 divinus
301 1667 377 1694 favor
393 1668 486 1694 multis
503 1668 627 1694 noctibus
642 1675 723 1701 super
737 1675 798 1694 eum
817 1668 904 1695 lucem
925 1668 967 1694 in-

176 1702 259 1729 dulsit.
273 1702 398 1735 igneam,
416 1703 549 1729 admoniti
565 1703 689 1729 monachi
709 1704 736 1729 in
756 1702 887 1735 majorem
907 1709 969 1729 cum

177 1737 371 1763 transtulerunt
384 1737 539 1768 ecclesiam,
551 1742 577 1764 et
591 1738 623 1763 ad
638 1738 776 1764 sinistram
791 1737 885 1764 altaris
899 1745 971 1772 post-

178 1776 246 1804 tum,
259 1772 302 1798 his
315 1772 543 1807 praedicaverunt
555 1772 679 1799 versibus
692 1777 841 1807 martyrem
855 1780 862 1798 :

223 1859 341 1884 Conditus
351 1859 399 1884 hoc
413 1860 505 1883 tumulo
522 1863 622 1884 sanctus
632 1860 742 1890 Sephista
764 1859 884 1891 Joannes,

225 1891 272 1918 Qui
285 1892 377 1914 dilatus
389 1894 443 1914 erat
452 1892 537 1914 vivens
551 1891 599 1920 jam
612 1891 725 1920 dogmate
737 1893 812 1921 miro;

225 1920 339 1950 Martyrln
352 1922 449 1944 laudem
463 1922 552 1944 meruit
565 1921 729 1944 conscendere
743 1928 777 1944 cm
790 1921 847 1951 lum,

226 1952 279 1980 Quo
290 1958 387 1982 semper
398 1952 479 1975 cuncti
491 1955 595 1981 regnant
606 1957 649 1982 per
657 1951 742 1975 secula
754 1952 839 1975 sancti.

218 2039 228 2054 ι
244 2029 297 2056 Sed
319 2034 347 2057 et
366 2030 527 2057 Anastasius
544 2030 576 2057 de
596 2030 693 2064 insigni
716 2029 861 2057 sanctitate
881 2029 969 2057 adhuc

177 2065 314 2092 viventem
328 2065 462 2091 collaudat
477 2065 519 2092 his
534 2065 622 2092 verbis
637 2065 670 2092 ad
684 2064 810 2092 Carolum
824 2074 831 2092 :
848 2073 857 2090 ι
874 2064 971 2091 Miran—

182 2109 193 2125 ε
210 2099 387 2134 dumquoquc
398 2104 449 2131 est,
463 2100 598 2133 quomodo
612 2100 655 2126 ille
665 2099 706 2125 vir
717 2099 865 2131 barbarus,
889 2099 970 2125 Joan-

183 2143 194 2158 ι
211 2142 272 2169 nent
286 2134 357 2166 dico,
371 2134 414 2160 ille
426 2135 471 2168 qui
486 2135 512 2160 in
527 2134 624 2161 linibus
637 2134 728 2160 mundi
743 2134 856 2167 positus,
867 2139 969 2169 quanto

183 2177 194 2193 ι
212 2168 248 2193 ab
267 2168 416 2195 hominibus
435 2169 656 2201 conversatione,
684 2173 758 2195 tanto
782 2169 857 2195 credi
881 2170 968 2202 potuit

185 2211 196 2227 ι
212 2201 324 2229 alterius
336 2203 437 2247 linguae
448 2204 565 2247 dictione
577 2203 819 2247 lciigitiqtius,pt:ilia
832 2201 967 2247 intellectu
983 2217 1006 2247 υ

184 2246 195 2264 α
210 2244 323 2273 capere,
347 2238 372 2264 in
393 2238 525 2273 aliamque
540 2238 657 2273 linguam
674 2238 821 2265 transferre
837 2238 966 2271 valuerit,

181 2281 192 2297 ε
208 2270 338 2308 Joannem
363 2272 422 2299 dico
448 2270 630 2308 Sc'otigetiam,
644 2273 741 2304 virum,
754 2278 883 2306 quantum
895 2281 968 2300 com—

181 2315 191 2332 ι
207 2307 280 2342 peri,
303 2314 351 2340 per
365 2308 455 2334 omnia
471 2312 605 2334 sanctum.
631 2307 683 2334 Sed
706 2308 758 2335 hoc
780 2312 906 2342 operatus
926 2312 968 2335 est

179 2350 191 2367 ι
208 2341 253 2377 ille
265 2342 364 2369 artifex
377 2343 500 2376 spiritus.
516 2343 562 2376 qui
577 2343 648 2370 hunc
662 2341 806 2370 ardentem
817 2343 919 2377 pariter
940 2347 968 2369 et

180 2385 191 2401 ε
208 2376 361 2409 loquentem
384 2377 466 2409 fecit;
491 2378 541 2404 nisi
562 2377 633 2403 enim
652 2385 683 2403 ex
702 2377 787 2411 gratia
806 2376 889 2411 ipsius
907 2377 967 2410 igne

181 2420 191 2435 ι
209 2411 331 2446 caritatis
360 2411 518 2446 ﬂagrasset,
556 2419 725 2446 nequaquam
747 2412 846 2438 donum
871 2412 967 2446 linguis

181 2455 191 2470 ι
208 2445 334 2480 loquendi
352 2445 444 2479 procul
456 2447 537 2473 dubio
553 2445 726 2481 suscepisset.
743 2446 808 2472 Nam
826 2447 896 2473 hunc
912 2445 967 2472 ina-

181 2489 192 2504 ι
209 2480 291 2514 gistia
309 2482 411 2507 caritas
434 2481 538 2512 thCllil,
562 2480 638 2515 quod
658 2482 691 2507 ad
707 2481 850 2508 multorum
866 2481 968 2507 instru-

181 2523 192 2540 ι
209 2516 327 2542 ctionem
351 2520 378 2542 et
400 2516 615 2543 aedificationem
640 2516 758 2550 patravit
777 2526 799 2542 ι.
827 2515 969 2542 Alter-nant

178 2550 291 2583 ergode
308 2550 430 2577 laudibus
444 2550 514 2585 ejus,
538 2555 566 2577 et
589 2551 698 2577 infamia
723 2551 827 2577 diversa
850 2551 967 2584 scripta,

176 2585 309 2620 quamvis
317 2584 478 2620 jampridem
493 2586 585 2612 laudes
599 2585 881 2620 praeponderaverint.
898 2585 968 2620 'l'an-

177 2624 236 2645 tum
258 2619 357 2645 artiﬁci
376 2619 461 2646 valuit
478 2619 632 2654 eloquentia
644 2640 651 2650 ,
665 2619 706 2647 fut
730 2619 885 2654 magisterio
909 2619 967 2653 ejus

179 2660 277 2680 manus
292 2654 396 2681 dederit
411 2655 499 2682 omnis
512 2655 609 2682 Gallia.
631 2654 727 2682 Verum
742 2655 766 2681 si
778 2655 822 2688 qui
838 2654 967 2689 majorem

179 2688 321 2725 audaciam
337 2689 481 2725 anhelant,
502 2695 531 2716 ut
550 2690 682 2725 synodus,
703 2697 774 2723 quae
789 2694 908 2723 tempore
923 2689 969 2716 Ni-

179 2721 249 2748 cnlai
269 2730 353 2759 papae
367 2724 478 2750 secundi
492 2721 609 2751 Turonis
622 2721 785 2759 congregata
800 2721 858 2755 est]
874 2733 927 2751 non
942 2725 969 2751 in

177 2764 243 2794 eum
252 2777 260 2788 ,
279 2758 369 2794 sedjn
382 2758 482 2792 scripta
496 2759 556 2792 ejus
566 2758 704 2787 duriorem
717 2759 882 2786 sententiam
893 2767 971 2794 prae-

179 2792 303 2831 cipitant.
330 2792 399 2819 Sunt
418 2801 483 2827 ergo
502 2794 568 2821 haec
587 2794 644 2822 fere
664 2801 735 2829 quae
757 2792 971 2823 controversiam

179 2831 514 2859 pariunt".................
532 2838 541 2854 ι

1341 233 1430 265 ἕίιχοιι
1434 248 1447 265 il
1452 248 1488 266 ιη.

1059 294 1067 309 ι
1084 285 1115 321 5ἶ
1125 284 1310 321 Grimhaldum
1323 284 1444 321 aliosque
1452 292 1516 321 cum
1525 284 1568 310 illo
1580 292 1630 321 per
1642 285 1743 321 legatos
1757 286 1814 321 [Al-

1020 319 1116 355 fridus]
1136 320 1264 351 adscivit;
1284 320 1374 354 plures
1388 320 1421 346 de
1437 320 1534 346 Mercia
1544 339 1550 351 ,
1565 325 1593 346 et
1606 319 1707 347 ultimis
1722 319 1816 349 teri-ao

1020 354 1129 390 finilms,
1143 362 1210 389 quos
1224 355 1337 390 scientia
1352 354 1451 390 pollere
1465 354 1549 387 novit,
1563 354 1589 381 in
1603 363 1717 390 regnum
1731 363 1815 387 suum

1020 389 1151 421 alliciens,
1167 389 1314 416 honoribus
1328 389 1467 423 ampliavit
1483 399 1505 415 ι.

1137 433 1272 460 Joliamies
1287 433 1386 461 Russus
1400 435 1427 460 in
1442 434 1507 460 libra
1521 434 1553 460 de
1566 433 1689 469 Regibus.

1058 488 1066 503 ι
1083 478 1138 505 Rex
1155 478 1287 505 Alvrcdus
1304 478 1332 505 S.
1345 478 1530 505 Griinbaldum
1547 479 1738 508 Flandreuscm
1755 489 1812 509 mo-

1019 513 1134 540 nachum
1158 514 1191 539 de
1217 514 1382 540 monasterio
1398 513 1427 540 S.
1444 513 1544 540 Bel-lini
1559 534 1566 544 ,
1593 522 1653 540 cum
1678 517 1812 543 cousociis

1018 547 1121 575 Joanne
1144 552 1172 574 et
1195 548 1320 579 Asserio,
1346 553 1373 575 et
1397 548 1531 576 Joannem
1547 549 1709 577 Wallensem
1724 559 1739 578 ε
1754 559 1811 578 mo-

1020 584 1141 610 naslerio
1156 583 1185 609 δ.
1200 583 1285 610 David
1298 584 1348 610 sibi
1364 583 1450 610 univu
1467 595 1492 609 ι.

1020 627 1154 655 Iohannes
1166 628 1199 654 de
1211 627 1359 655 Triteuliem
1374 629 1401 655 in
1414 628 1482 655 libro
1496 628 1528 655 de
1538 628 1715 664 Sci‘t'iuon'lmc
1728 631 1813 658 θεοὺς.

1351 664 1474 690 siaslicis.

1059 707 1198 735 (Joannes
1222 708 1309 735 dictus
1330 708 1462 743 Erigena,
1488 709 1636 735 monachus
1660 709 1686 736 in
1712 710 1813 740 divinis

1023 742 1170 776 Scripturis
1186 743 1289 772 doctus,
1311 748 1338 769 et
1353 742 1534 777 inﬁdisciplina
1557 744 1718 770 secularium
1738 745 1811 772 litte-

1021 784 1114 814 rarum
1130 778 1343 814 eruditissimus,
1368 777 1473 814 Graeco
1491 782 1519 814 et
1536 778 1632 805 Latino
1650 780 1683 805 ad
1702 780 1812 814 plenum

1022 812 1171 849 instructus
1185 812 1301 846 eloquio,
1315 813 1421 847 ingenio
1434 812 1550 844 subtilis,
1564 820 1688 841 sermone
1702 812 1813 849 compo-

1023 848 1092 873 situs
1107 857 1115 871 ι
1123 867 1130 879 ,
1144 852 1196 873 ctc.

984 882 1008 912 Β
1021 891 1156 919 .Iolianues
1175 891 1308 919 Lelandus
1330 893 1356 919 in
1376 892 1442 919 libra
1463 901 1482 919 ιι
1502 892 1534 918 de
1553 888 1730 927 scriptoribus
1748 893 1810 920 Bri-

1354 928 1477 953 lmiuicis.

1060 980 1068 995 ι
1081 970 1216 998 Aelfridus
1230 971 1436 1008 PJOgllilllltllllll,
1450 972 1643 1005 Werefridum,
1660 973 1812 1008 Asserium,

1022 1004 1221 1036 lilcnevcuscni,
1238 1004 1424 1032 Grinibaldum
1438 1028 1445 1038 ,
1470 1008 1601 1034 Joannem
1617 1004 1778 1036 monachum
1797 1004 1814 1037 ὁ

1023 1039 1140 1077 Saxotiia
1160 1041 1513 1077 transmarinaoriundum,
1535 1043 1665 1070 Joannem
1689 1044 1811 1077 Scotum,

1021 1076 1067 1114 qui
1082 1075 1201 1114 Dionysii
1215 1076 1400 1114 llierarchiam
1415 1077 1608 1112 interpretatus
1621 1084 1671 1112 est,
1683 1079 1710 1106 in
1724 1075 1813 1114 pretio

1023 1110 1118 1136 habuit
1133 1116 1160 1136 ct
1175 1110 1359 1137 familiaritate
1376 1121 1398 1137 ι.
1419 1128 1421 1130 ›

1057 1155 1145 1189 Atque
1158 1155 1225 1182 haec
1237 1160 1299 1183 sunt
1308 1164 1339 1183 ea
1351 1158 1514 1190 testimonia,
1524 1166 1592 1193 quae
1605 1159 1669 1186 mihi
1682 1160 1738 1187 visa
1750 1165 1814 1188 sunt

1022 1200 1172 1227 certissime
1196 1201 1267 1228 hunc
1285 1200 1415 1228 Joannem
1439 1202 1548 1230 Scotum
1568 1205 1720 1240 designare.
1738 1205 1814 1239 Quae

1021 1254 1087 1273 vero
1108 1247 1205 1275 Balcus
1225 1248 1258 1274 de
1276 1248 1355 1283 hujus
1372 1254 1446 1283 patre
1463 1249 1591 1283 Patricio,
1613 1252 1646 1279 de
1662 1253 1814 1287 pcregrina-

1021 1294 1106 1325 lione,
1125 1302 1177 1329 qua
1192 1294 1307 1322 Athenas
1323 1297 1414 1330 petiit,
1431 1297 1464 1324 de
1479 1299 1546 1325 mira
1561 1299 1587 1325 in
1603 1299 1700 1335 linguis
1716 1300 1811 1333 Orione

1021 1338 1117 1364 talibus
1130 1339 1223 1373 peritia
1239 1339 1360 1374 scripsit,
1376 1341 1477 1367 nullam
1494 1342 1564 1376 apud
1579 1350 1621 1369 nte
1635 1343 1714 1370 tidem
1729 1344 1814 1379 impe-

1022 1387 1105 1410 trant.
1125 1383 1256 1416 Quoniam
1269 1389 1356 1410 autem
1370 1393 1517 1419 cognomen
1531 1387 1594 1413 illud
1606 1387 1730 1421 Erigena,
1741 1389 1814 1423 quod

1021 1426 1118 1455 Joanni
1145 1432 1239 1454 nostro
1265 1427 1403 1460 tribuitur,
1441 1430 1558 1456 noudum
1584 1431 1668 1462 satis,
1695 1437 1725 1458 ut
1747 1433 1813 1460 n-ihi

1021 1472 1139 1505 videtur,
1167 1472 1336 1507 intelligitur,
1363 1480 1484 1508 promam
1511 1481 1586 1501 meas
1610 1476 1642 1501 dc
1666 1482 1698 1503 eo
1723 1476 1814 1511 conje-

1023 1523 1124 1545 Cllll‘ﬂS.

982 1546 1005 1577 Ο
1058 1564 1134 1597 Quod
1162 1565 1243 1600 igitur
1271 1565 1309 1592 ait
1333 1565 1481 1593 Gulielmus
1509 1566 1759 1596 lllalmesburiensis
1782 1569 1813 1597 in

1021 1608 1139 1643 Epistula
1152 1609 1275 1643 superius
1290 1609 1382 1642 allata,
1394 1610 1504 1638 Scotum
1518 1619 1546 1638 sc
1561 1612 1710 1646 appellasse
1725 1613 1814 1642 IIem-

1021 1654 1132 1689 ligenam
1156 1655 1183 1681 in
1199 1655 1275 1682 lilulu
1291 1655 1473 1689 Hieran/tiae,
1499 1665 1550 1683 non
1576 1657 1654 1685 facile
1673 1666 1722 1693 pro
1745 1667 1812 1687 vero

1021 1701 1189 1727 admiserim.
1212 1701 1312 1729 Omnes
1333 1702 1405 1728 enim
1429 1702 1540 1729 Codices
1561 1702 1625 1730 Mss.
1655 1712 1709 1731 uno
1735 1706 1811 1739 quasi

1021 1753 1068 1772 ore
1081 1746 1106 1772 ei
1122 1747 1318 1779 contradicunt,
1339 1751 1366 1774 et
1380 1752 1509 1781 perpetuo
1528 1756 1594 1781 prae
1609 1756 1638 1775 se
1652 1748 1741 1776 ferunt
1764 1754 1811 1777 alit

1021 1790 1162 1825 Erigenam
1186 1797 1232 1818 aut.
1251 1791 1422 1827 Eriugenam.
1447 1793 1561 1828 Legerat.
1578 1793 1725 1822 Gulielmus
1740 1795 1811 1829 apud

1020 1835 1159 1863 Asserium
1175 1841 1202 1862 et
1223 1836 1354 1872 lngulfuni
1375 1836 1458 1864 fuisse
1473 1845 1532 1864 cum
1553 1838 1663 1865 Alfredo
1680 1837 1811 1865 Joannem

1021 1882 1154 1916 quendam
1181 1881 1393 1915 Ealdsaxonem;
1419 1887 1499 1916 atque
1527 1884 1604 1915 adeo,
1632 1884 1694 1918 quia
1719 1883 1812 1911 Heruli

1021 1936 1087 1964 gens
1111 1932 1190 1955 erant
1205 1928 1270 1955 oliui
1293 1928 1319 1955 in
1346 1928 1456 1963 antiqua
1479 1928 1613 1962 Saxonia,
1636 1930 1706 1957 hunc
1730 1929 1811 1957 Joan-

1020 1981 1082 1999 ucm
1098 1981 1129 2000 ex
1151 1973 1258 1999 llerulis
1277 1973 1420 2000 oriundum
1439 1973 1613 2000 existimavit.

1056 2017 1084 2044 Si
1098 2018 1157 2051 quis
1172 2022 1260 2044 tamen
1273 2018 1370 2048 credit,
1387 2017 1437 2043 ista
1453 2026 1505 2043 non
1524 2022 1626 2045 temere
1647 2018 1810 2046 Malmeshu-

1020 2063 1102 2089 riensi
1118 2062 1267 2093 excidisse,
1290 2062 1371 2089 faciat
1391 2069 1456 2088 sane
1478 2070 1526 2095 pro
1542 2070 1591 2094 eo,
1606 2064 1677 2097 quod
1700 2063 1813 2091 Herulus

1021 2109 1091 2134 inter
1104 2107 1286 2134 llibcrnenses
1296 2108 1360 2134 olim
1373 2108 1527 2134 consedisse
1540 2114 1644 2134 veteres
1658 2108 1813 2143 Scriptores

1022 2152 1137 2179 tradant.
1158 2151 1215 2185 Qua
1231 2151 1264 2178 de
1277 2159 1307 2178 rc
1322 2151 1425 2178 consuli
1442 2156 1530 2184 potest
1549 2151 1648 2179 Lazius
1663 2153 1696 2179 dc
1711 2154 1811 2188 migra-

1020 2196 1133 2223 tiom'bus
1146 2196 1274 2231 gentium,
1287 2200 1313 2223 et
1329 2195 1426 2222 Beatus
1446 2195 1603 2229 Rhenanus,
1615 2203 1695 2230 quem
1708 2197 1734 2224 in
1749 2206 1810 2232 par-

1021 2247 1061 2270 lCS
1074 2248 1162 2270 νοςίιι.

1055 2289 1113 2317 Non
1139 2289 1225 2324 magis
1246 2289 1312 2316 mihi
1327 2288 1459 2323 probatur
1481 2295 1576 2315 eorum
1605 2289 1749 2324 sententia,
1765 2290 1812 2326 qui

1020 2342 1053 2362 ex
1076 2335 1128 2362 hoc
1149 2334 1279 2361 vocabulo
1301 2334 1415 2368 Erigeua
1438 2333 1569 2362 Joannem
1594 2335 1697 2363 faciunt
1718 2336 1813 2364 Iliber-

1021 2387 1092 2405 num.
1122 2379 1189 2405 Nam
1210 2378 1369 2412 et_saepius
1390 2378 1417 2405 in
1442 2380 1561 2414 antiquis
1583 2380 1658 2408 libris
1680 2381 1812 2417 liriugena

1021 2424 1119 2450 dicitur
1148 2431 1227 2458 quam
1257 2423 1390 2459 Erigena;
1424 2430 1498 2452 certe
1528 2425 1555 2452 in
1582 2426 1675 2453 codice
1699 2427 1812 2454 ultimae

1021 2469 1191 2504 antiquitatis
1212 2468 1274 2505 (qui
1295 2478 1366 2497 nunc
1380 2475 1507 2498 servatur
1528 2471 1555 2497 in
1575 2471 1741 2500 Bibliotheca
1756 2473 1812 2501 col-

1021 2514 1082 2549 legii
1099 2514 1128 2540 S.
1146 2514 1287 2541 Trinitatis
1301 2514 1455 2550 Cantabr.),
1477 2523 1531 2550 quo
1549 2524 1613 2543 usus
1630 2522 1672 2544 est
1687 2507 1811 2545 Usserius

1019 2560 1222 2592 Armachanus,
1243 2565 1270 2588 et
1289 2568 1338 2595 ego
1360 2568 1482 2595 quoque,
1509 2562 1638 2589 scribitur
1659 2562 1809 2596 Eriugcna_,

1020 2613 1072 2631 non
1089 2604 1214 2640 Erigcna.
1231 2605 1269 2632 lla
1287 2613 1395 2640 quoque
1415 2606 1549 2633 Sulfridus
1562 2606 1646 2637 Petri,
1661 2606 1697 2632 ita
1712 2607 1737 2632 in
1754 2607 1811 2633 suis

1021 2651 1121 2685 reperit
1139 2651 1283 2685 Dionysius
1302 2651 1439 2683 Petavius,
1458 2651 1496 2677 ita
1512 2650 1609 2685 Philip.
1629 2649 1760 2677 Labbeus.
1776 2650 1811 2679 Et

1020 2703 1073 2722 vox
1092 2696 1170 2728 Erin,
1196 2695 1340 2727 Hibernus,
1365 2696 1489 2730 producit
1511 2703 1563 2720 non
1584 2694 1736 2728 Erigenmu,
1763 2697 1811 2724 sed

1023 2740 1207 2775 Erinigenam,
1222 2748 1275 2775 quo
1290 2740 1399 2773 quidem
1412 2744 1491 2773 pacto
1507 2743 1579 2764 recte
1593 2746 1653 2766 eam
1665 2738 1811 2769 dictionem

1022 2787 1110 2822 pinxit
1125 2787 1155 2814 P.
1167 2786 1259 2814 Marca
1270 2786 1296 2812 in
1310 2784 1430 2819 Epistola
1442 2784 1474 2811 de
1485 2784 1536 2810 hoc
1546 2783 1649 2813 Joanne
1661 2786 1694 2814 ad
1709 2785 1809 2815 Lucam

1024 2832 1186 2860 Daeherium
1200 2823 1391 2865 exarataiNcc
1405 2835 1514 2857 movere
1530 2836 1692 2866 quemquam
1701 2832 1808 2865 debeat,
