4152 6276
1718 296 1980 352 ΤΙιΟΜΑζ
2017 292 2249 349 ΕΑΙΛΕΙ
2289 291 2659 348 ΡΒΕΡΑΤΙΟ

558 421 702 491 quod
728 420 816 475 hic
842 411 1079 476 Joannes
1097 413 1370 473 Hibernos
1393 417 1554 472 toties
1578 415 1817 478 dicatur;
1851 415 1904 467 id
1934 412 2136 475 evenit,
2169 417 2213 472 Α
2241 409 2620 480 probabilitate
2642 449 2656 472 ,
2706 408 3024 479 magistrum
3067 407 3332 466 Joannem
3375 424 3500 465 cum
3527 424 3630 468 suo
3663 412 3838 470 disci-

558 510 814 579 qnoniam
847 509 1146 564 studiorum
1184 508 1357 578 gratia
1399 508 1452 560 in
1491 522 1554 560 ea
1580 514 1740 575 gente
1779 503 1868 557 diu
1898 510 2143 557 versatus

557 609 697 664 erat,
729 615 870 668 quae
901 607 1030 654 tunc
1061 597 1222 668 (Pag.
1257 598 1312 670 ι)
1346 598 1606 666 temporis
1639 599 1906 651 bonarum
1929 594 2142 648 littera-

559 707 679 748 rum
713 693 923 749 ofﬁcina
977 683 1096 748 fuit.
1155 693 1359 747 Bessus
1405 692 1458 746 in
1506 692 1646 745 libro
1687 691 1754 744 de
1800 688 2033 757 Regibus
2073 699 2140 741 ex

557 786 793 854 quodam
818 784 1040 852 antiquo
1069 784 1336 852 scriptore
1367 781 1469 836 ista
1501 781 1568 836 de
1593 779 1850 835 Hibernia
1880 777 2089 848 profert
2122 791 2138 830 :

561 875 866 946 Anglicani:
920 872 1110 928 studiis
1165 873 1430 942 suspensis
1460 868 1490 942 Ι
1516 886 1612 941 per
1659 869 1980 937 Gregorium
2020 867 2039 921 l
2075 867 2144 922 ab

559 962 845 1032 Augustini
895 959 1180 1033 tempore]
1228 961 1446 1031 ﬂorebat
1495 959 1717 1015 scientia
1759 961 1816 1013 in
1865 957 2048 1016 Scotia
2095 967 2144 1013 et

561 1053 858 1118 Hibernia;
908 1063 1021 1107 erat
1066 1069 1184 1108 vero
1224 1051 1480 1106 Hibernia
1518 1052 1677 1104 totius
1733 1061 1856 1104 tunc
1899 1050 2145 1104 scientiae

557 1143 944 1210 promtuarium
969 1151 1018 1195 et
1039 1141 1280 1196 alumna.
1305 1140 1335 1195 1
1339 1142 1390 1194 bi
1411 1143 1651 1194 studebat
1681 1139 1739 1193 S.
1772 1140 1973 1206 Ceddo,
1997 1141 2143 1210 prius

562 1229 623 1285 S.
688 1232 878 1285 Aidani
945 1229 1226 1299 Lindiﬂ‘er.
1299 1231 1524 1299 episcopi
1575 1229 1904 1296 discipulus,
1967 1241 2146 1300 postea

560 1319 812 1382 Eborum,
846 1329 893 1373 et
915 1319 1126 1372 demum
1147 1317 1452 1374 Lindeseiae
1491 1331 1539 1374 et
1572 1320 1732 1374 totius
1764 1319 1993 1374 Marciae
2036 1321 2148 1388 epi-

563 1419 788 1476 scopus;
833 1407 919 1460 cui
961 1408 1319 1462 conscholaris
1371 1409 1471 1479 fuit
1525 1412 1581 1462 in
1637 1407 1890 1463 Hibernia
1948 1409 2146 1480 Egber-

560 1508 806 1554 ηιμ»...
850 1509 899 1552 et
931 1498 1092 1552 multi
1129 1499 1389 1568 praeclari
1425 1500 1654 1554 moribus
1687 1512 1733 1554 et
1777 1501 1995 1554 scientia
2047 1500 2145 1555 viri

559 1588 625 1641 de
669 1587 882 1657 Anglia.
926 1588 1048 1642 Dixi
1099 1604 1224 1642 eum
1273 1589 1396 1645 ideo
1446 1589 1742 1644 Hibernum
1794 1590 1962 1644 fuisse
2022 1591 2138 1646 dic-

562 1685 699 1740 tum,
723 1678 866 1746 quod
898 1679 969 1732 ibi
1013 1678 1211 1733 litteris
1247 1694 1469 1748 operam
1518 1678 1748 1734 dederit.
1801 1679 1950 1734 idem
1999 1680 2144 1735 acci-

2243 503 2371 572 pn’lo
2401 491 2899 572 hanc'legationem
2927 501 3148 556 obiisse.
3183 502 3447 558 Audierat
3473 502 3709 560 Joannes
3737 520 3839 575 per

2245 589 2536 645 Fulconem
2588 591 2788 660 (nunc,
2833 606 2976 646 anno
3026 590 3166 655 882,
3218 591 3686 664 archiepiscopum
3733 595 3840 650 lie-

2244 694 2519 742 mensem,
2571 694 2745 748 nuper
2795 680 3047 735 abbatem
3101 678 3514 753 Bertinianum)
3567 684 3635 738 de
3690 684 3838 744 {ann

2244 768 2539 827 Grimbaldi
2596 771 2928 837 Bertiniani;
2981 772 3150 827 redux
3204 771 3295 827 ille
3348 773 3402 826 in
3444 774 3694 845 Angliam
3738 792 3840 832 an-

2244 866 2325 932 ηοξ
2355 863 2467 918 885
2517 862 2770 918 Aellredo
2827 863 3082 922 eumdem
3135 865 3631 921 commendaverat.
3697 866 3838 926 Hinc

2243 961 2474 1022 sequuta
2503 962 2589 1008 est
2621 953 2712 1008 illa
2742 953 2938 1023 legatio
2965 969 3112 1010 anno
3146 954 3228 1009 vel
3269 955 3488 1012 circiter
3514 956 3653 1023 884;
3703 973 3832 1015 nam

2245 1044 2448 1114 appulit
2490 1043 2594 1098 huc
2629 1043 2980 1100 Grimbaldus
3009 1059 3154 1100 anno
3181 1044 3304 1100 885.
3336 1045 3446 1100 ista
3483 1047 3628 1101 dicta
3669 1057 3791 1102 sunt
3814 1085 3837 1114 ,

2245 1134 2459 1204 nequis
2514 1133 2828 1198 existimet,
2884 1132 3170 1204 Erigenam
3219 1135 3323 1189 hoc
3368 1134 3423 1188 in
3480 1142 3724 1205 tempore
3775 1139 3832 1195 in

2245 1225 2432 1281 Galliis
2479 1226 2740 1279 haesisse.
2766 1225 2798 1259 "
2831 1224 2936 1280 Sed
2966 1226 3070 1280 hac
3098 1225 3164 1280 de
3189 1240 3248 1280 re
3275 1226 3428 1295 plura
3460 1243 3610 1282 mox.

2317 1315 2556 1384 Denique
2582 1315 2769 1384 quaeri
2793 1316 2862 1368 ab
2901 1315 2969 1369 iis
3005 1323 3216 1385 potest,
3256 1316 3348 1385 qui
3385 1315 3653 1372 Joannem
3681 1320 3824 1376 hunc

2245 1405 2542 1463 Hibernum
2571 1414 2730 1476 gente
2757 1415 2812 1462 et
2830 1407 2990 1462 domo
3029 1405 3195 1462 fuisse
3222 1408 3580 1474 contendunt,
3609 1425 3709 1466 cur
3742 1411 3831 1466 hic

2245 1496 2392 1552 solus
2419 1511 2450 1550 e
2481 1505 2560 1551 tot
2602 1496 2952 1566 popularibus
2990 1497 3102 1552 suis
3148 1496 3379 1564 Erigena
3417 1501 3831 1569 cognominatus

2247 1587 2427 1642 fuerit.
2457 1587 2750 1641 Testantur
2789 1595 2938 1641 certe
2979 1587 3220 1642 Annales
3259 1587 3555 1653 Saxonici,
3597 1599 3832 1646 testatur

2247 1673 2438 1731 Ericus
2479 1675 2995 1740 Antissiodorensis,
3033 1675 3232 1746 aliique
3279 1676 3421 1746 apud
3457 1677 3830 1737 doctissimum

557 1765 638 1821 dit
665 1765 843 1821 Marco
868 1767 1080 1823 cuidam
1100 1809 1116 1835 ,
1157 1768 1248 1838 qui
1291 1768 1555 1823 Hibernas
1583 1771 1946 1824 communiter
1993 1770 2144 1824 dice-
2174 1752 2222 1812 Β
2249 1767 2362 1824 Jac.
2387 1768 2664 1824 Usserium
2692 1768 2912 1823 Armac.
2938 1766 3097 1839 (Pag.
3121 1768 3198 1839 xu)
3217 1768 3382 1824 Arch.
3410 1769 3463 1824 in
3494 1770 3834 1828 Praelatione

557 1859 742 1922 batur,
791 1873 914 1914 cum
954 1867 1133 1914 tamen
1176 1867 1323 1914 esset
1367 1859 1589 1914 natione
1631 1859 1835 1923 Britto,
1884 1860 2146 1914 educatus

555 1959 688 2001 Vero
731 1947 783 2002 in
821 1947 1078 2002 Hibernia
1098 1987 1114 2011 ,
1146 1957 1206 2002 ut
1234 1948 1299 2003 de
1325 1964 1391 2002 eo
1427 1946 1620 2002 scribit
1655 1948 1844 2002 Ericus
1873 1945 2145 2002 Autissio-

561 2036 810 2091 dorensis
848 2039 900 2092 in
945 2036 1055 2092 [ine
1091 2037 1220 2091 iibri
1269 2052 1287 2090 ι
1332 2039 1397 2091 de
1444 2037 1720 2092 miraculis
1763 2036 1822 2090 S.
1863 2037 2144 2092 Germani.

559 2129 710 2184 Idem
741 2131 937 2185 accidit
983 2130 1041 2184 S.
1085 2129 1354 2194 Patricio,
1386 2131 1633 2202 Pelagio,
1668 2133 1896 2201 aliisque
1935 2133 2140 2188 multis.

637 2237 706 2295 Ut
739 2241 902 2309 igitur
926 2240 1114 2309 paucis
1158 2255 1332 2294 meam
1372 2239 1741 2308 conjecturam
1773 2243 2102 2310 complectar
2127 2283 2144 2309 ,

553 2331 754 2402 Opinor
805 2331 1069 2387 Joannem
1115 2333 1278 2388 istum
1328 2333 1615 2404 Erigenam
1657 2333 1861 2388 dictum
1907 2334 2074 2389 fuisse
2112 2351 2146 2389 a

557 2420 700 2488 loco,
733 2431 791 2476 ut
819 2424 1052 2488 videtur,
1098 2424 1283 2477 nata—li.
1315 2424 1406 2478 Est
1440 2433 1622 2478 autem
1647 2425 1858 2493 Ergene
1885 2441 2011 2494 pars
2035 2442 2144 2480 non

556 2513 956 2566 contemnenda
980 2509 1392 2568 Herefordensis
1418 2514 1730 2578 comitatus,
1767 2512 1998 2570 Walliae
2020 2531 2163 2570 con-'

558 2599 812 2653 termina.
853 2599 966 2654 lmo
1003 2615 1166 2654 unum
1193 2615 1224 2653 e
1252 2600 1431 2670 regnis
1465 2599 1692 2656 Walliae
1740 2601 1840 2657 fuit
1873 2604 1978 2658 hoc
2010 2613 2145 2658 tem-

551 2704 691 2759 pore
711 2688 924 2743 Alfrido
952 2691 1314 2746 tributarium.
1333 2691 1390 2745 ln
1419 2692 1522 2746 hoc
1538 2702 1710 2747 tractu
1730 2695 1939 2762 reperio
1965 2695 2142 2750 locum

551 2778 809 2844 Eriueen,
863 2795 983 2848 quae
1031 2782 1250 2851 quidem
1304 2781 1470 2836 dictio
1515 2796 1707 2852 parum
1754 2783 2028 2855 discrepat
2073 2788 2141 2841 ab

554 2869 790 2942 Eriugen
817 2870 837 2942 (
850 2881 904 2925 et
944 2878 1224 2928 contracte
1279 2871 1543 2944 Ergene).
1584 2871 1704 2927 Jam
1761 2882 1871 2927 tota
1904 2883 2048 2929 terra
2073 2874 2142 2929 ab

555 2958 688 3029 ipsis
735 2960 925 3014 \Vallis
954 2962 1229 3016 modernis
1255 2962 1454 3016 dicitur
1485 2959 1705 3033 Erynug
1724 3003 1739 3026 ,
1773 2963 1855 3015 vel
1886 2961 2134 3017 Ereinuc.

555 3049 659 3115 Qui
689 3050 1092 3115 observaverit,
1131 3061 1367 3122 quantae
1406 3052 1462 3105 in
1491 3053 1610 3108 aliis
1643 3055 1972 3110 dictionibus
2010 3057 2138 3110 bar-

553 3138 704 3193 baris
733 3139 797 3192 ad
829 3154 1072 3193 normam
1113 3139 1333 3194 latinam
1381 3141 1768 3210 detorquendis
1806 3145 2140 3199 mutationes

553 3229 874 3297 plerumque
901 3229 1059 3291 ﬁant,
1102 3245 1206 3282 non
1243 3244 1406 3299 aegre
1441 3230 1542 3284 has
1579 3231 1904 3287 leviuscnlas
1943 3234 2142 3288 altera-

556 3319 731 3372 tiones
762 3320 888 3373 mihi
930 3322 1030 3374 hac
1069 3321 1120 3374 in
1150 3337 1282 3375 voce
1321 3321 1604 3376 concedet.
1646 3321 1939 3379 Enimvero
1978 3327 2142 3381 Liber

553 3407 830 3464 Ecclesiae
859 3409 1239 3477 Landavensis,
1266 3413 1316 3466 in
1349 3413 1518 3468 Tomo
1557 3414 1623 3468 Ill
1653 3413 1929 3472 Monastici
1955 3417 2140 3488 Angli-

552 3497 698 3561 cani,
737 3496 986 3553 Giraldus
1019 3514 1232 3568 quoque
1268 3499 1617 3559 Cambrensis
1648 3505 1701 3558 in
1734 3504 2010 3559 Cambriae
2041 3507 2137 3560 de-

551 3590 832 3659 scriptione
861 3605 910 3646 c.
939 3592 972 3645 5
1003 3592 1211 3660 plenius
1240 3591 1306 3648 de
1345 3595 1448 3648 hac
1486 3596 1800 3668 regiuncula
1844 3598 2135 3654 docebunt.

551 3679 794 3747 Quorum
825 3682 913 3736 hic
957 3691 1130 3746 notat,
1172 3682 1337 3739 fuisse
1374 3695 1576 3753 partem
1625 3688 1918 3742 dioeceseos
1955 3689 2138 3744 Hene-

547 3769 747 3833 rtensis;
810 3769 899 3824 ubi
956 3769 1120 3824 Asscr
1191 3770 1292 3824 fuit
1354 3773 1816 3844 archiepisc0pus,
1878 3777 1971 3846 qui
2035 3776 2139 3832 fuit

551 3859 885 3930 propinquus
921 3861 1136 3927 Asseri,
1177 3864 1268 3932 qui
1306 3862 1570 3919 Joannem
1613 3865 1896 3937 Erigenam
1934 3869 2140 3924 audivit

550 3950 852 4004 docentem.
887 3950 1053 4018 Hujus
1088 3968 1300 4021 quoque
1326 3954 1694 4024 provinciolae
1725 3959 1974 4012 meminit
1999 3956 2137 4014 liber

551 4037 915 4110 Doomesday,
976 4042 1029 4094 in
1075 4058 1180 4110 quo
1229 4045 1308 4098 sic
1339 4044 1454 4114 lego
1504 4063 1518 4099 :
1565 4045 1684 4100 Hae
1730 4050 2136 4104 consuetudines

547 4140 701 4184 erant
733 4131 1080 4186 Wallensium
1133 4131 1192 4186 T.
1243 4134 1306 4188 Β.
1368 4136 1435 4189 Ε.
1474 4139 1528 4191 in
1561 4138 1927 4210 Archenefeld,
1972 4141 2024 4195 id
2053 4147 2137 4195 est

549 4220 777 4297 Ergene.
821 4223 981 4278 Notat
1007 4239 1171 4294 porro
1199 4235 1309 4280 tum
1353 4226 1624 4294 Giraldus,
1667 4239 1778 4285 tum
1818 4231 1956 4286 liber
1992 4229 2135 4286 Lan-

546 4307 815 4378 daoemis,
875 4311 1066 4368 Scotos
1113 4313 1408 4370 Wallorum
1455 4316 1590 4373 lines
1628 4318 1918 4388 aliquando
1965 4335 2133 4375 occu-

545 4413 736 4469 passe;
769 4403 906 4456 unde
937 4411 991 4456 et
1016 4401 1206 4458 Joanni
1239 4415 1424 4460 nostro
1456 4406 1603 4460 Scoti
1631 4423 1930 4478 cognomen
1959 4411 2132 4477 potuit
2163 4425 2210 4485 ι)

541 4489 860 4544 accessisse.
891 4490 997 4544 Sed
1021 4501 1078 4544 ut
1102 4494 1337 4546 redeam.
1374 4493 1518 4548 Haec
1539 4497 1702 4549 etiam
1729 4497 1852 4551 inde
1882 4499 2134 4554 videntur

544 4576 857 4631 conﬁrmari
886 4617 900 4642 ,
946 4582 1089 4648 quod
1134 4579 1366 4636 Joannes
1419 4583 1648 4654 Erigena
1695 4602 1722 4640 a
1779 4587 2132 4656 scriptoribus

541 4663 749 4721 diserte
777 4667 983 4722 Wallus
1011 4669 1322 4740 appelletur.
1363 4673 1453 4728 Sic
1489 4675 1801 4732 Hidensium
1842 4681 2130 4738 Annalium

542 4759 907 4829 compositor,
936 4762 1016 4816 sic
1047 4761 1252 4817 Rossus
1281 4765 1332 4817 in
1363 4765 1500 4821 libro
1532 4768 1595 4821 de
1617 4771 1840 4838 regibus.
1872 4773 1982 4828 lmo
2015 4774 2129 4846 ipse

543 4859 606 4904 te
647 4845 881 4926 Wal'lum
959 4865 1065 4904 non
1129 4851 1360 4907 obscure
1426 4853 1606 4909 innuit
1670 4859 1723 4912 in
1772 4845 2125 4918 carmineiad

543 4935 797 4994 Caroium
837 4939 1200 4996 Calvum......
1249 4945 1463 5000 Advena
1513 4945 1747 5004 Joannes
1777 4949 1986 5021 Spendo
2012 4970 2125 5007 meo

544 5025 758 5085 Carolo.
804 5027 920 5084 Vox
965 5031 1110 5086 enim
1143 5031 1350 5088 Wallus
1393 5043 1448 5090 et
1493 5037 1692 5092 advena
1742 5043 2122 5110 aequipollent.

541 5118 645 5187 Qui
680 5120 847 5175 vitam
880 5119 1176 5177 Griinbaldi
1227 5125 1464 5194 scripsit,
1497 5128 1672 5198 prodit
1700 5129 1960 5186 Joannem
1999 5149 2122 5187 cum

541 5209 740 5266 Assero
791 5209 1026 5282 legatum
1086 5211 1141 5264 in
1185 5212 1492 5269 Flandriam
1549 5217 1773 5273 missum
1830 5218 1996 5275 fuisse
2051 5222 2122 5276 ad

543 5297 893 5366 invitandum,
919 5299 1123 5356 Alfredi
1144 5303 1381 5372 nomine,
1403 5305 1796 5363 Grimbaldum.
1825 5308 1941 5365 Non
1972 5321 2121 5367 caret

612 5482 1144 5568 :Quaenbucusque
1194 5494 1263 5568 de
1305 5497 1642 5568 cognomine
1673 5497 1900 5568 Erigena
1949 5509 2001 5556 et
2053 5502 2120 5558 de

539 5546 766 5638 «liminis
814 5553 973 5638 βροιί
1013 5546 1072 5614 iii
1108 5546 2001 5638 Angliai.'°r'éaiiii'iiiEpliiiiiﬁu-T
2025 5546 2118 5627 an;

542 5622 766 5676 omnino
811 5622 945 5698 [uisa
993 5638 1138 5696 sunt,
1189 5622 1281 5686 aut
1327 5636 1680 5704 argumentis,
1701 5622 1859 5708 lquae
1900 5622 2116 5708 quidem

2249 1858 2318 1912 ad
2375 1857 2643 1928 Epistolas
2697 1855 3032 1920 Hibernic-as,
3075 1858 3358 1926 perplures
3399 1857 3669 1915 Hibernos
3713 1863 3832 1930 (seu

2247 1945 2730 2016 Scoto-Hibernos)
2766 1946 2884 2001 orbi
2912 1946 3150 2000 litterato
3181 1945 3501 2013 innotuisse,
3529 1962 3628 2018 per
3655 1947 3834 2004 Caroli

2246 2036 2448 2106 Magni,
2475 2036 2652 2112 Caroli
2681 2034 2852 2101 Calvi,
2883 2034 3123 2090 Aelfredi
3156 2045 3419 2106 tempora,
3451 2046 3508 2091 et
3539 2038 3829 2108 deinceps;

2244 2143 2472 2197 quorum
2517 2137 2695 2183 tamen
2749 2129 2950 2182 nemini
2998 2141 3193 2184 nomen
3239 2129 3377 2195 hoc,
3425 2129 3684 2200 Erigena,
3721 2143 3829 2198 pro

2245 2220 2432 2289 gentili
2486 2219 2806 2273 attributum
2861 2219 3226 2288 cegnoscitur.
3283 2219 3484 2274 Omnes
3535 2220 3681 2275 enim
3734 2217 3824 2276 vel

2247 2307 2489 2372 Hiberni,
2520 2307 2606 2362 vel
2657 2307 2830 2374 Scoti,
2857 2318 2914 2363 et
2945 2307 3366 2363 Scuto-Hiberni
3401 2308 3641 2370 audiunt.

2317 2416 2489 2472 Venio
2517 2432 2663 2472 nunc
2690 2418 2756 2472 ad
2780 2417 2925 2473 Scoti
2954 2417 3212 2488 Erigenae
3239 2419 3445 2488 scripta
3473 2413 3824 2475 recensenda.

2243 2505 2394 2561 Pono
2441 2515 2622 2561 autem
2660 2508 2837 2576 primo
2885 2508 3002 2563 loco
3051 2522 3114 2562 ea
3164 2508 3400 2564 hominis
3443 2509 3720 2579 opuscula,
3762 2509 3831 2562 de

2243 2598 2440 2667 quibus
2470 2597 2614 2652 nulla
2638 2598 2778 2668 apud
2803 2605 3012 2653 veteres
3033 2599 3303 2670 reperitur
3326 2599 3666 2670 ambiguitas.
3704 2599 3830 2654 Edi-

2243 2688 2325 2745 dit
2353 2680 2519 2760 igitur
2542 2688 2782 2744 Joannes
2810 2689 2898 2743 ille
2931 2707 2943 2741 :

2385 2780 2436 2833 1.
2479 2780 2556 2834 De
2593 2779 2934 2835 Eucharistia
2974 2779 3172 2836 librum
3204 2779 3245 2834 l.

2383 2869 2439 2924 2.
2483 2868 2769 2926 Versiones
2807 2871 3047 2941 Dionysii
3084 2872 3280 2942 Areop.
3321 2869 3416 2928 lib.
3455 2867 3544 2927 IV.

2390 2958 2648 3014 Videlicet
2686 2978 2698 3013 :

2456 3048 2535 3102 De
2564 3048 2792 3104 Caelesti
2822 3050 3159 3107 Hierarchia.

2454 3137 2532 3192 De
2561 3137 2940 3195 Ecclesiastica
2970 3141 3306 3197 Hierarchia.

2461 3227 2538 3282 De
2567 3228 2774 3284 Divinis
2805 3231 3141 3288 Nominibus.

2455 3317 2534 3373 De
2563 3318 2790 3390 Mystica
2819 3321 3129 3393 Tlieologia.

2384 3407 2438 3462 3.
2471 3406 2546 3463 De
2570 3408 3068 3467 Praedestinatione
3124 3413 3376 3470 adversus
3429 3414 3821 3473 Goteschalcum

2462 3497 2555 3553 lib.
2596 3499 2635 3554 Ι.

2378 3589 2434 3643 4.
2469 3589 2758 3645 Versiones
2782 3589 2842 3645 S.
2872 3591 3097 3646 Maximi
3119 3593 3182 3648 de
3203 3595 3472 3666 Ambiguis
3495 3595 3554 3652 S.
3586 3593 3820 3665 Dionysii

2453 3689 2502 3734 et
2535 3678 2771 3750 Gregorii
2806 3677 3072 3752 Theologi.

2382 3769 2438 3823 5.
2473 3771 2548 3824 De
2578 3769 2796 3827 Visions
2823 3773 2916 3827 Dei
2949 3774 3282 3831 Tractatum.

2383 3860 2437 3915 6.
2467 3859 2544 3915 De
2575 3861 2847 3920 Divisione
2875 3865 3113 3921 Naturae
3142 3867 3235 3922 lib.
3269 3867 3336 3924 ν.

2383 3949 2434 4003 7.
2469 3949 2758 4018 Epistolas.

2380 4041 2435 4096 8.
2472 4040 2692 4099 Versus.

2381 4131 2717 4189 Tribuuntur
2743 4135 2916 4192 eidem
2951 4147 3006 4194 et
3035 4141 3202 4207 haec,
3241 4157 3380 4212 quae
3415 4147 3813 4202 subnotantnr:

2379 4224 2433 4280 9.
2468 4226 2526 4280 In
2555 4225 2874 4283 Martiannm
2909 4231 3181 4300 Capellam
3212 4233 3604 4292 Commentarii.

2381 4317 2470 4372 10.
2501 4318 2768 4388 Excerpta
2795 4337 2861 4375 ex
2891 4321 3181 4378 Macrobio.

2381 4405 2468 4458 11.
2503 4405 2577 4460 De
2604 4407 2896 4477 Disciplina
2929 4409 3267 4467 Scholarinm
3295 4413 3431 4469 liber
3461 4415 3503 4469 Ι.

2380 4493 2468 4546 12.
2505 4493 2805 4563 Disputatio
2827 4499 3090 4566 quaedam
3124 4517 3244 4555 cum
3273 4502 3554 4559 Theodoro
3577 4502 3811 4560 Studita.

2378 4582 2464 4636 i5.
2501 4581 2690 4638 Versio
2715 4584 2998 4642 Moralium
3027 4589 3355 4645 Aristotelis.

2373 4672 2464 4727 M.
2502 4671 2693 4729 Versio
2719 4674 2839 4729 libri
2873 4677 3169 4734 Aristotelis
3207 4681 3274 4735 de
3301 4680 3569 4750 Regimine
3599 4678 3815 4739 Princi—

2442 4779 2582 4832 pum.

2374 4857 2462 4910 15.
2495 4857 2881 4913 Commentarii
2929 4861 2985 4913 in
3017 4860 3314 4918 Aristotelis
3350 4862 3807 4920 Praedicamenta.
3847 4863 3857 4873 ”
3891 4844 3895 4846 ’

2369 4946 2457 5000 16.
2489 4947 2750 5015 Dogmata
2784 4948 3254 5020 Philosophorum.

2369 5039 2454 5093 17.
2491 5039 2772 5096 Homiliae.

2371 5127 2456 5181 18.
2489 5126 2565 5182 De
2591 5129 2724 5184 Fide
2748 5142 2929 5186 contra
2956 5131 3244 5188 Barbaros.

2373 5216 2456 5271 l9.
2491 5217 2885 5288 Parapbrastici
2931 5221 3116 5288 Tomi,
3169 5226 3276 5279 sine
3329 5224 3702 5282 Commentarii
3751 5227 3806 5280 in

2440 5308 2753 5378 Dionysium
2780 5312 3170 5383 Areopagitam.

2227 5501 2380 5584 firma
2447 5505 2591 5584 sint,
2645 5507 2808 5563 nullis
2872 5510 3089 5580 probari
3153 5526 3314 5584 posse
3385 5512 3656 5570 videntur.
3693 5499 3806 5569 'Cl‘.

2233 5572 2562 5631 Prooemium
2591 5587 2855 5636 nostrum.

3210 5651 3470 5708 ANIIADV.
3503 5651 3662 5709 EDIT.

3833 4945 3873 5046 ι.
