4152 6276
288 349 353 407 97
1302 340 1374 396 nv
1409 339 1666 398 unaue
1702 342 1793 399 ne
1827 339 2171 400 omsmNE
2208 338 2541 398 umnam.
2618 306 2637 315 ’
2834 342 2841 349 ·
3098 378 3099 385 γ
3500 348 3571 405 as

297 462 311 480 ‘
360 456 451 516 i.‘
488 435 1126 528 ﬂoremﬂopusculorum
1174 454 1410 524 primum
1465 463 1658 525 putant
1713 455 1880 525 aliqui
1910 464 1957 522 Α
1985 455 2333 520 siensizeas,
2381 470 2518 524 quas
2564 471 2659 511 seu
2700 458 2912 513 scribae
2960 458 3134 514 nostri
3174 458 3569 529 festinationcs,‘

296 551 670 615 intercidisse;
708 548 797 604 alii
834 548 1010 602 adhuc
1048 554 1266 601 exstare
1309 546 1496 600 volunt
1524 547 1627 600 sub
1664 548 1883 602 nomine

297 642 601 706 Bcrtrami,
642 640 724 695 vel
770 637 1073 693 Ratramni.
1120 636 1343 691 Praeter
1386 637 1520 690 alios
1560 639 1664 693 hac
1713 640 1779 692 de
1826 655 1883 694 re

299 733 506 789 consuli
530 738 751 801 possunt
769 728 965 783 Petrus
992 728 1060 782 de
1080 726 1257 782 Marca
1285 729 1425 796 apud
1446 728 1650 783 Lucam
1680 730 1884 786 Dache-

306 823 440 877 rium
489 820 759 892 Spicilegii
813 829 945 873 tom.
994 817 1060 880 ll,
1110 827 1163 871 ct
1208 818 1549 873 doctissimus
1588 819 1674 873 vir
1721 819 1879 875 Joan.

300 911 630 967 Mabillonius
674 910 728 963 in
768 907 1009 963 Praefat.
1041 907 1107 962 ad
1131 915 1342 978 partem
1375 907 1421 962 ll
1461 908 1631 963 seculi
1657 907 1726 963 IV
1755 908 1877 965 Act.

297 1002 788 1057 Benedictinorum.

359 1094 416 1148 2.
469 1092 766 1148 Versiones
827 1091 1073 1163 Dionysii
1133 1099 1350 1148 exstant
1384 1093 1444 1148 in
1502 1094 1883 1166 manuscriptis

296 1184 483 1241 codd..
543 1198 780 1252 quorum
822 1181 1026 1250 aliquot
1069 1181 1199 1246 vidi,
1245 1183 1413 1252 ipsius
1459 1184 1645 1251 seculi,
1683 1186 1735 1240 in
1776 1200 1883 1255 quo

306 1273 451 1327 vixit
504 1272 661 1328 Joan.
717 1271 946 1336 Scotus,
1001 1282 1259 1340 quantum
1310 1272 1618 1341 conjectura
1667 1278 1882 1348 assequi

302 1365 604 1442 liccat._De
634 1365 721 1421 bis
748 1365 869 1420 vide
902 1365 1251 1419 Anastasium
1296 1365 1782 1437 hibliothecar‘ium,
1828 1379 1885 1425 et

308 1454 614 1526 Philippum
660 1454 931 1511 Labbeum
972 1456 1027 1509 in
1091 1456 1397 1511 Anastasio.
1460 1458 1589 1514 bibl.
1655 1459 1887 1515 Exstant

303 1549 467 1602 etiam
504 1549 641 1619 typis
669 1563 851 1605 cusae.
887 1547 1194 1604 Observant
1239 1550 1476 1605 nonnulli
1504 1553 1574 1607 ob
1603 1554 1741 1610 hanc
1764 1571 1886 1610 ver—

299 1638 508 1693 sionem
536 1640 713 1708 primo
741 1639 795 1694 in
831 1640 1196 1711 suspicionem
1224 1639 1439 1697 venisse
1459 1641 1723 1699 Joannem
1762 1645 1886 1700 fidei

295 1742 489 1797 parum
518 1744 705 1786 sanae.

1985 561 2078 600 seu
2106 547 2309 602 codicis
2328 547 2494 616 ipsius
2521 547 2762 603 defectus
2792 549 3139 605 multifariam
3162 553 3567 621 suppleverunt.

1986 635 2042 689 Si
2075 637 2199 705 quis
2251 639 2477 707 posthac
2526 638 2738 707 aliquas
2781 640 2835 693 in
2878 642 2980 695 hac
3020 640 3255 697 editione
3289 645 3356 698 ab
3389 659 3572 700 exem.

1984 725 2121 794 plari
2151 740 2254 779 ms.
2279 726 2670 795 discrepantias
2711 730 3112 797 observaverit,
3140 733 3281 787 sciat
3320 748 3416 788 cas
3444 751 3569 789 cve-

1985 817 2130 872 uisse
2182 831 2287 870 non
2339 817 2605 882 consulto,
2669 821 2765 874 sed
2820 836 2984 887 casu;
3039 839 3144 878 non
3206 827 3406 891 studio,
3459 843 3593 882 nono

1983 902 2174 960 fraude
2198 906 2363 971 mala,
2409 908 2505 961 sed
2548 923 2645 978 per
2672 910 2962 965 humanam
3010 912 3397 981 inﬁrmitatem,
3428 933 3569 986 quae

1983 1010 2093 1050 non
2134 997 2281 1052 videt
2317 999 2521 1065 omnia,
2569 1000 2868 1070 irrepsisse.
2911 1003 3022 1058 llos
3074 1003 3113 1056 γ
3172 1005 3336 1061 llbrOs
3387 1008 3568 1063 Altbas

1985 1084 2315 1141 Tritbemius
2343 1086 2602 1143 adscribit
2623 1087 2814 1144 Joanni
2841 1091 3026 1158 Scoto,
3048 1108 3207 1164 quem
3235 1094 3568 1150 Mailrosium

1983 1185 2198 1232 vocant.
2227 1178 2360 1233 Eum
2395 1180 2640 1249 sequitur
2668 1181 2883 1244 Baleus.
2915 1193 2965 1237 et
2992 1199 3113 1239 cum
3144 1195 3364 1241 errante
3397 1201 3564 1243 errat.

1983 1268 2143 1334 Nam,
2170 1277 2230 1324 ut
2256 1271 2325 1326 de
2351 1271 2633 1327 Historicis
2672 1275 2805 1330 nihil
2834 1276 3010 1331 dicam
3051 1279 3165 1348 (qui
3194 1281 3409 1348 quidem
3452 1297 3568 1335 om-

1984 1372 2083 1412 nes
2102 1359 2429 1414 unanimiter
2458 1354 2715 1432 hoc'opus
2738 1362 2901 1419 Scoto
2927 1365 3184 1436 Erigenae
3205 1356 3567 1440 adscribunt),

1985 1451 2119 1505 satis
2141 1459 2355 1505 constat
2381 1453 2707 1507 exversione
2733 1440 3126 1525 Ambiguorum,
3153 1475 3317 1514 unum
3348 1470 3401 1515 et
3434 1476 3567 1515 eun-

1986 1542 2106 1597 dem
2130 1541 2412 1612 utriusque
2447 1544 2628 1613 operis
2654 1559 2772 1600 esse
2800 1556 3027 1615 patrem.
3083 1550 3179 1604 Diu
3224 1552 3366 1606 haud
3404 1552 3567 1608 dubie

1986 1635 2104 1688 sine
2127 1634 2364 1689 anetoris
2391 1636 2607 1690 nomine
2631 1637 2932 1693 circumlati
2957 1648 3084 1694 sunt
3111 1641 3167 1695 hi
3196 1641 3349 1708 libri;
3380 1658 3444 1698 eo
3470 1661 3563 1698 ca-

1986 1726 2097 1781 ruit
2123 1733 2339 1792 noster;
2367 1740 2433 1781 eo
2459 1727 2623 1782 etiam
2659 1727 2982 1784 Parisiensis
3009 1733 3181 1786 codex
3209 1733 3403 1786 caruit.
3454 1733 3567 1789 lino

366 1817 421 1872 3,
469 1819 713 1876 Τει-ιίιηη
766 1821 1027 1893 scripula]
1076 1823 1143 1879 de
1194 1822 1696 1881 Praedesﬁnaﬁone
1741 1828 1884 1898 typis
1910 1827 1959 1888 Β
1986 1815 2123 1869 adeo
2143 1814 2489 1885 ignorabatur
2513 1831 2707 1872 nomen
2735 1818 2992 1882 auctoris,
3016 1826 3077 1872 ut
3095 1834 3229 1888 opus
3247 1821 3397 1888 prius
3418 1824 3568 1876 dam-

297 1911 573 1981 vulgatum
614 1912 841 1969 Parisiis
889 1931 1032 1970 anno
1061 1915 1254 1971 salutis
1298 1924 1519 1973 nostrae
1563 1906 1779 1974 MXDC.
1820 1919 1882 1973 L.

298 2002 464 2060 babes
504 2006 642 2074 apud
673 2007 881 2078 regium
923 2008 1289 2064 consiliarium
1317 2008 1618 2065 Gilbertum
1641 2010 1884 2083 Maugui-

300 2112 427 2151 num
470 2098 612 2152 inter
650 2099 943 2169 scriptores
1003 2100 1171 2155 seculi
1211 2100 1303 2167 IX,
1347 2116 1470 2156 cum
1516 2101 1681 2157 variis
1710 2103 1778 2157 de
1819 2117 1886 2158 eo

310 2187 446 2245 libro
474 2190 812 2261 antiquorum
832 2190 1052 2260 judiciis
1083 2201 1139 2246 et
1172 2192 1436 2248 censuris.

373 2277 426 2332 4.
454 2276 511 2332 8.
544 2276 806 2334 Maximus
825 2281 1043 2350 scripsit
1066 2281 1460 2352 expositionem
1482 2280 1883 2361 Ambiguorum

321 2366 520 2436 aliquot
548 2368 810 2435 locorum,
836 2384 971 2439 quae
1026 2372 1079 2424 in
1129 2371 1186 2425 S.
1235 2369 1476 2443 Dionysii
1531 2380 1588 2427 et
1632 2371 1885 2443 Gregorii

317 2455 639 2513 Nazianzeni
661 2460 814 2515 libris
838 2472 1150 2516 occurrunt.
1181 2462 1323 2517 Haec
1354 2462 1516 2534 (Pag.
1547 2462 1665 2536 ΧΠ)
1696 2448 1886 2519 Ambi-

319 2563 417 2617 gua
448 2546 685 2603 Joannes
712 2550 945 2620 Erigeua
988 2551 1150 2605 vertit
1175 2551 1369 2606 latine.‘
1386 2552 1585 2608 Nescio
1616 2570 1685 2608 an
1712 2562 1882 2609 totum

314 2635 530 2692 Maximi
571 2653 746 2709 opus:
777 2640 1032 2710 quoniam
1068 2638 1273 2696 Graeca
1306 2639 1364 2696 8.
1402 2641 1626 2697 Maximi
1673 2644 1885 2716 integra

314 2729 547 2783 nondum
569 2739 761 2786 nactus
793 2745 934 2785 sum.
967 2730 1117 2797 Quae
1141 2731 1233 2787 hic
1260 2732 1316 2786 in
1352 2731 1460 2789 fine
1485 2732 1643 2803 legis,
1670 2743 1886 2805 accepta

299 2832 514 2874 mecum
540 2820 684 2876 refer
700 2820 901 2891 partim
935 2821 1205 2876 beneﬂcio
1231 2838 1285 2877 v.
1308 2822 1377 2877 cl.
1413 2823 1646 2880 Emerici
1667 2824 1880 2898 Bigotii,

313 2912 408 2980 qui
461 2926 531 2966 ex
573 2911 906 2969 Bibliotheca
948 2913 1096 2985 regis
1130 2912 1427 2970 Galliarum
1469 2916 1523 2970 in
1569 2931 1715 2972 meos
1752 2933 1884 2974 usus

312 3002 589 3071 descripta
613 3003 972 3070 examinavit,
998 3003 1194 3074 partim
1243 3005 1413 3060 codici
1452 3021 1590 3071 meo,
1617 3008 1705 3076 qui
1734 3023 1883 3064 com-

318 3090 579 3162 plurimas
623 3090 862 3160 ejusdem
912 3091 1126 3146 Maximi
1174 3092 1567 3151 lucubrationes
1614 3098 1875 3153 continet.

1988 1915 2177 1960 natum
2212 1905 2372 1961 fuerit
2401 1906 2645 1973 Parisiis,
2674 1923 2833 1977 quam
2882 1911 3208 1977 constiterit,
3246 1913 3399 1984 cujus
3425 1926 3569 1970 esset

1988 1995 2183 2051 foetus.
2215 1995 2474 2050 Martinus
2508 1996 2740 2052 Polonus
2766 1999 2843 2053 sic
2873 2001 2939 2054 de
2980 2016 3045 2055 eo
3073 2003 3261 2057 scribit
3282 2004 3564 2073 (quemad—

1985 2086 2208 2141 modum
2235 2087 2289 2140 in
2336 2086 2544 2142 duobus
2574 2087 2728 2144 MSS.
2760 2106 2923 2160 penes
2954 2092 3482 2151 Reverendissimum
3511 2099 3564 2153 in

1988 2177 2114 2233 Chr.
2166 2177 2226 2231 P.
2261 2177 2582 2234 Gulielmum
2629 2180 2931 2253 Archiepis.
2962 2184 3219 2241 Cantuar.
3264 2188 3386 2260 legi)
3420 2207 3432 2242 :
3461 2190 3566 2243 Hic

1988 2268 2118 2322 liber
2140 2266 2282 2344 [περὶ
2314 2269 2534 2343 φύσεων]
2558 2271 2696 2326 inter
2724 2272 2857 2327 alios
2881 2273 3041 2329 libros
3063 2277 3431 2332 condemnatos
3457 2279 3566 2334 Ρα-

1986 2359 2127 2413 risiis
2177 2362 2410 2429 ponitur,
2460 2371 2507 2415 et
2538 2363 2732 2417 dicitur
2780 2363 2910 2418 liber
2959 2367 3229 2422 Amaln‘ci.
3286 2368 3565 2425 Postrema

1986 2449 2121 2504 haec
2142 2450 2305 2505 verba
2337 2466 2445 2506 non
2487 2462 2797 2523 comparent
2829 2457 2884 2508 in
2907 2455 3065 2511 editis
3089 2457 3242 2513 libris
3270 2457 3428 2513 Mart.
3457 2459 3564 2514 Po-

1985 2542 2114 2598 loni.
2131 2527 2446 2600 ’Gulielmus
2473 2544 2973 2603 Malmesburiensis
2997 2550 3206 2619 primus
3237 2566 3335 2606 suo
3357 2557 3566 2609 auclori

1985 2635 2308 2703 vindicavit;
2340 2637 2592 2707 Erigena,
2624 2647 2798 2709 utpar
2822 2650 2905 2696 est
2933 2642 3269 2710 existimare,
3305 2646 3394 2700 hic
3424 2649 3564 2715 apud

1984 2740 2111 2781 suos
2141 2726 2195 2781 id
2223 2725 2399 2781 fassus
2424 2737 2558 2791 erat,
2584 2731 2727 2797 quod
2757 2731 2897 2799 apud
2931 2741 3145 2787 exteros
3170 2733 3455 2789 celaverat.

2054 2817 2107 2871 7.
2159 2815 2430 2887 Epistolas
2478 2815 2626 2871 Scoti
2670 2818 2867 2884 nullas,
2911 2823 3054 2888 quod
3100 2822 3237 2885 scio,
3279 2825 3565 2893 quisquam

1981 2909 2141 2975 vidit,
2188 2917 2406 2978 praeter
2431 2922 2545 2975 cas,
2574 2924 2711 2978 quas
2736 2910 2889 2965 libris
2915 2912 3026 2966 suis
3056 2912 3338 2982 praeﬁxit;
3368 2930 3469 2970 nec
3489 2927 3566 2970 ta-

1983 3016 2108 3056 men
2139 3000 2373 3055 dubitari
2399 3008 2598 3070 potest,
2628 3000 2757 3070 quin
2778 2999 2912 3056 alias
2942 3002 3242 3073 scripserit.
3276 3005 3489 3076 Subjeci
3509 3007 3564 3062 in

1984 3094 2135 3148 calce
2185 3092 2345 3163 hujus
2394 3092 2682 3148 voluminis
2730 3093 2984 3148 ineditam
3032 3095 3351 3171 epistolam,
3400 3112 3567 3167 quam

322 3180 598 3248 Ceterum,
627 3189 688 3236 ut
731 3181 945 3237 redeam
996 3182 1064 3237 ad
1091 3181 1332 3249 Scotum,
1355 3183 1466 3253 ejus
1497 3186 1876 3256 tralationcm,
1905 3185 1952 3249 C
1984 3182 2199 3253 scripsit
2228 3183 2456 3251 Erigena
2488 3185 2554 3237 ad
2591 3183 2839 3240 Carolum
2886 3184 3112 3240 Calvum
3151 3187 3217 3242 de
3260 3186 3317 3242 8.
3347 3187 3566 3243 Maximi

313 3286 471 3340 quam
499 3272 587 3327 hic
614 3272 735 3338 edo,
771 3285 980 3327 mecum
1009 3275 1423 3330 communicavit
1459 3277 1793 3334 humanitate
1820 3288 1877 3334 et
1979 3272 2245 3327 versione.

307 3364 607 3419 eruditione
661 3363 891 3420 celebris
945 3379 994 3419 ν.
1040 3363 1274 3423 Joannes
1315 3366 1601 3435 Mabillon,
1649 3372 1715 3426 de
1768 3386 1877 3441 quo

296 3447 459 3527 supra
501 3457 939 3513 commemoravi.
969 3455 1113 3514 Haec
1141 3460 1351 3524 versio,
1382 3461 1584 3531 absque
1612 3463 1713 3528 iis,
1740 3479 1880 3533 quae

294 3552 354 3605 in
392 3551 546 3606 libris
590 3553 657 3606 de
699 3551 962 3607 divisione
1007 3550 1243 3608 Naturae
1291 3551 1451 3610 facile
1495 3555 1876 3623 observantur,

291 3643 430 3699 satis
479 3642 739 3708 ostendit,
793 3643 1081 3714 Erigenam
1128 3642 1298 3700 fuisse
1342 3646 1398 3700 in
1445 3644 1669 3702 Graecis
1724 3647 1881 3718 plane

289 3734 751 3803 alphabetarium.
1370 3785 1383 3793 .

372 3825 426 3880 5.
457 3826 600 3881 Idem
642 3841 697 3879 v.
739 3824 810 3880 cl.
839 3822 891 3879 J.
934 3823 1270 3881 Mabillonius
1314 3823 1512 3881 librum
1562 3827 1627 3882 de
1662 3826 1883 3884 Visione

290 3917 399 3971 Dei
470 3916 821 3986 deprehendit
880 3916 934 3971 in
990 3932 1092 3971 ms.
1154 3916 1343 3973 codice
1401 3917 1883 3977 Claromariscensi

289 4020 471 4078 prope
528 4004 1001 4073 Audomaropolin,
1066 4019 1190 4059 eum
1251 4006 1357 4060 hoc
1410 4006 1564 4060 titulo
1606 4016 1659 4063 et
1707 4009 1880 4075 initio,

287 4093 717 4152 TRACTATUS
747 4095 971 4149 Joannis
999 4093 1141 4149 Scott'
1169 4095 1260 4150 DE
1300 4094 1570 4152 VISIONE
1601 4098 1729 4152 DEI.
1759 4099 1887 4154 0m-

290 4204 392 4242 nes
419 4202 600 4241 sensus
624 4186 858 4256 carparet'
881 4201 946 4238 ea:
982 4185 1346 4253 coniunctione
1373 4188 1662 4240 nascuntur
1680 4191 1885 4242 animae

290 4290 348 4335 et
384 4278 635 4347 corporis.
664 4276 796 4331 Dedi
842 4290 941 4348 ego
980 4290 1216 4345 operam,
1261 4285 1321 4330 ut
1364 4278 1432 4331 ad
1461 4280 1548 4333 me
1578 4281 1889 4347 perveniret

290 4369 402 4425 hic
431 4367 582 4422 Scoti
625 4365 787 4433 liber;
832 4368 926 4422 sed
961 4366 1177 4421 conatui
1232 4366 1408 4422 adhuc
1456 4381 1565 4424 non
1611 4370 1890 4441 respondit

292 4472 615 4516 successus.
802 4472 809 4477 ’

2050 3363 2311 3420 8.Versus
2332 3366 2635 3423 omisissem
2650 3368 2901 3435 libenter,
2928 3370 3028 3425 nisi
3054 3372 3151 3427 hos
3171 3372 3361 3444 dignos
3381 3377 3567 3434 existi-

1982 3464 2182 3511 masset
2203 3456 2564 3527 Baleus,qnos
2590 3457 2749 3531 [Pag.
2783 3458 2920 3534 Xlll]
2958 3475 3424 3522 commemoraret.
3455 3470 3564 3526 Ex-

1983 3550 2356 3618 stantquidam
2374 3553 2426 3605 in
2441 3552 2600 3608 Calcc
2617 3555 2876 3623 epistolae
2888 3557 2956 3611 ad
2970 3556 3166 3613 librum
3182 3558 3567 3620 de’Praedesti-

1983 3638 2232 3704 natione;
2271 3639 2360 3693 alii
2392 3642 2658 3696 habentur
2682 3645 2964 3712 praemissi
3006 3647 3075 3701 ad
3114 3648 3490 3719 Areopagitica
3531 3669 3561 3705 a

1985 3724 2150 3782 Scoto
2180 3742 2458 3783 conversa.
2493 3728 2632 3784 Sunt
2675 3746 2886 3802 quoque
2920 3735 3157 3790 nonnulli
3203 3738 3256 3790 in
3292 3737 3568 3795 Glossario

1984 3817 2206 3885 Labbei,
2234 3821 2375 3890 quod
2405 3822 2641 3894 Cangius
2679 3825 2731 3879 in
2777 3825 2949 3881 lucem
2997 3827 3163 3881 dedit.
3203 3829 3567 3898 Reperiuntur

1987 3914 2217 3983 denique
2247 3914 2451 3985 aliquot
2486 3914 2631 3972 Scoti
2655 3919 2723 3971 ad
2746 3917 2997 3974 Carolum
3025 3922 3265 3975 carmina
3294 3923 3345 3975 in
3369 3924 3569 3978 Codice

1986 4019 2090 4058 ms.
2121 4003 2476 4060 Benedictino
2524 4009 2663 4078 apud
2694 4008 3198 4078 Cantabrigienses;
3226 4026 3363 4079 quae
3390 4021 3567 4071 tamen

1988 4093 2177 4146 eadem
2231 4092 2367 4146 forte
2411 4104 2535 4148 sunt
2577 4114 2698 4151 cum
2753 4100 2839 4165 iis,
2890 4116 3026 4169 quos
3070 4103 3569 4163 Reverendissimus

1992 4181 2241 4237 Usserius
2259 4183 2574 4251 jamdudum
2614 4188 2922 4256 publicavit.

2060 4272 2393 4327 Tribuunlur
2432 4274 2593 4329 Scoto
2642 4276 2900 4345 Erigenae
2926 4277 3088 4331 etiam
3130 4281 3286 4343 haec,
3315 4295 3454 4349 quae
3481 4298 3568 4338 se-

1991 4375 2253 4438 quuntur,
2283 4366 2572 4436 opuscula;
2610 4375 2755 4422 recte
2779 4383 2848 4420 an
2870 4381 3046 4434 secus,
3073 4383 3179 4423 non
3207 4369 3424 4427 deﬁnio.

2063 4461 2118 4516 9.
2158 4459 2218 4514 in
2247 4458 2571 4515 Martianum
2600 4459 2872 4530 Capellam
2914 4460 3306 4518 Commentarii.
3338 4463 3570 4523 Servan-

374 4550 429 4604 6.
471 4547 664 4604 Libros
705 4548 750 4602 ν
787 4548 878 4603 de-
901 4548 1161 4606 divisione
1216 4548 1456 4605 Naturae
1501 4552 1709 4621 primus
1747 4532 1966 4608 nuncD
1995 4560 2081 4608 tur
2106 4551 2485 4606 conimontarii
2515 4552 2731 4621 quidam
2759 4552 2813 4605 in
2840 4550 3113 4622 Capellam
3139 4555 3271 4611 satis
3312 4556 3572 4629 antiquae

290 4644 424 4699 edo.
479 4640 591 4696 llos
638 4642 769 4696 mihi
816 4642 1175 4712 suppeditavit
1222 4645 1461 4716 supellex
1509 4660 1652 4710 mea,
1711 4644 1887 4717 (curta

296 4733 460 4807 alias)
502 4733 744 4788 libraria.
788 4732 970 4789 Codex
1008 4745 1195 4790 noster
1218 4735 1433 4791 videtur
1456 4737 1689 4807 scriptus
1719 4738 1887 4795 fuisse

302 4835 431 4880 ante
460 4840 634 4879 annos
662 4833 970 4881 sexcentos.
1000 4824 1264 4892 Quoniam
1289 4840 1470 4882 autem
1506 4845 1616 4883 non
1642 4829 1775 4885 satis
1805 4838 1889 4885 tu-

307 4926 416 4971 tum
445 4916 756 4972 existimavi
809 4917 971 4973 unico
1012 4916 1178 4973 ﬁdere
1214 4901 1530 4990 exemplari,
1565 4924 1885 4992 praesertim

250 5028 263 5052 ι
305 5009 360 5064 in
410 5009 708 5079 scriptione
756 5008 1142 5063 controversiis
1192 5009 1460 5077 obnoxia,
1504 5013 1680 5081 primo
1720 5013 1888 5081 locos,

303 5116 444 5171 quos
470 5100 667 5157 Scotus
694 5115 762 5156 ex
799 5100 1036 5169 antiquis
1056 5099 1307 5156 Patribus
1334 5102 1576 5168 adduxit,
1611 5118 1717 5157 non
1756 5104 1895 5160 indi-
1954 5122 1957 5125 π

306 5190 538 5262 ligenter
575 5190 829 5260 inspexi;
851 5191 994 5246 unde
1034 5190 1319 5246 nonnullas
1355 5192 1762 5249 emendationes
1794 5208 1891 5249 co-

305 5283 408 5337 dex
432 5282 526 5339 ille
560 5293 748 5338 noster
776 5283 1017 5339 lucratus
1043 5290 1127 5338 est
1166 5297 1183 5337 :
1222 5282 1434 5347 deinde,
1462 5297 1584 5337 cum
1608 5282 1888 5353 rescirem,

301 5369 533 5428 Parisiis
555 5373 611 5427 in
635 5371 963 5428 Monasterio
991 5370 1051 5427 S.
1075 5370 1354 5439 Germani,
1391 5372 1549 5444 hujus
1567 5365 1748 5441 operis
1776 5389 1891 5431 ser-

303 5464 423 5517 vari
444 5462 729 5534 exemplar
749 5462 897 5517 aliud
941 5464 1018 5533 (et
1043 5463 1180 5517 forte
1200 5462 1419 5517 unicum
1441 5462 1735 5518 secundum
1758 5464 1888 5521 illud

238 5602 239 5605 η
302 5566 523 5618 meum;
554 5567 684 5607 nam
716 5551 901 5608 Codex
923 5550 1133 5607 Thuani
1161 5551 1314 5606 valde
1334 5551 1553 5606 mutilus
1580 5551 1716 5624 erat)
1749 5555 1889 5607 ami-

307 5659 498 5701 corum
545 5645 721 5715 gratia
779 5644 959 5715 (inter
1003 5659 1141 5713 quos
1198 5644 1404 5714 primus
1454 5644 1516 5698 Β.
1575 5660 1630 5697 v.
1696 5644 1889 5700 Petrus

302 5736 541 5811 Alixius)
569 5737 780 5795 obtinui
810 5737 1086 5792 variantes
1114 5737 1372 5792 lectiones
1393 5750 1458 5791 ex
1493 5735 1597 5792 isto
1622 5752 1721 5791 ms.
1749 5735 1891 5791 Pari-

641 5836 917 5898 Ρηιωι..
962 5834 1219 5896 CXXI].

1995 4654 2188 4696 manus
2219 4642 2274 4695 in
2301 4641 2633 4696 Bibliotheca
2665 4640 2903 4711 ampliss.
2930 4642 3033 4699 viri
3079 4643 3130 4698 Ι.
3160 4644 3369 4714 Cotton,
3400 4647 3571 4705 Baro-

1950 4732 1955 4739 ’
1995 4736 2120 4788 nem'
2149 4746 2168 4784 :
2199 4734 2294 4788 sed
2343 4734 2599 4805 anonymi
2634 4743 2778 4800 sunt,
2811 4744 2866 4791 et
2892 4736 2963 4791 ob
3000 4738 3285 4795 nonnullas
3329 4743 3571 4800 rationes

1992 4832 2124 4894 puto
2170 4823 2492 4879 Duncbanto
2539 4825 2789 4881 Pontilici
2843 4826 3162 4885 Hibernensi
3217 4832 3399 4901 potius
3451 4849 3572 4891 esse

1996 4913 2402 4969 adscribendos.
2433 4914 2812 4970 Dunchantum
2853 4925 3037 4973 servat
3061 4916 3393 4979 Bibliotheca
3424 4925 3572 4997 regis

1997 5006 2167 5061 nostri
2193 5005 2393 5061 Caroli.

2069 5098 2155 5153 10.
2198 5100 2273 5154 De
2324 5101 2594 5170 excerptis
2645 5118 2714 5159 ex
2762 5099 3032 5159 Macrobio
3094 5103 3173 5160 sic
3238 5106 3571 5161 clarissimus

1993 5190 2251 5246 Armach.
2296 5189 2531 5248 Jacobus
2578 5191 2831 5248 Usserius
2873 5213 2886 5247 :
2924 5212 2943 5244 ί
2985 5192 3209 5247 Joannis
3232 5209 3443 5262 quoque
3475 5209 3570 5246 no-

1995 5281 2092 5336 stri
2111 5288 2375 5351 putantur
2394 5295 2513 5336 esse
2538 5290 2789 5352 excerpta
2820 5281 2926 5347 illa,
2968 5296 3106 5351 quae
3140 5282 3282 5334 inter
3309 5280 3569 5335 Macrobii

1998 5375 2200 5444 scripta
2222 5373 2487 5442 feruntur,
2510 5375 2578 5430 de
2596 5375 2911 5429 diﬁ'erentiis
2932 5382 2989 5427 et
3007 5370 3355 5426 societatibus
3387 5374 3569 5441 graeci

1995 5466 2258 5536 latinique
2287 5467 2459 5532 verbi,
2490 5474 2591 5519 cet.
2623 5465 2701 5519 lta
2727 5477 2941 5534 quoque
2978 5460 3189 5533 censuit
3222 5459 3283 5516 P.
3312 5461 3568 5524 Pithoeus

1997 5573 2050 5612 ν.
2091 5560 2161 5613 cl.
2202 5578 2221 5610 ι
2256 5558 2402 5613 Haec
2424 5558 2511 5612 ille
2534 5555 2588 5607 in
2610 5555 2781 5621 Epist.
2820 5552 3140 5608 llibernicis.

2069 5652 2154 5704 11.
2211 5651 2284 5703 De
2344 5646 2630 5713 Disciplina
2684 5643 3042 5699 Scholarium.
3095 5645 3257 5703 Putat
3307 5649 3567 5712 Joannem

1996 5739 2140 5793 hunc
2182 5738 2460 5807 scripsisse
2493 5732 2687 5789 Bulcus
2717 5735 2769 5790 in
2799 5733 3035 5793 Historia
3072 5739 3390 5799 Academiae
3415 5742 3567 5799 Pari-

3017 5832 3053 5891 [ι
