4152 6276
587 327 658 385 99
1415 326 1627 385 THOM.
1668 327 1871 384 GALEI
1909 326 2172 382 PRAEFA

2273 326 2405 389 )‘lN
2439 326 2569 384 LIB.
2608 328 2697 385 DE
2734 327 2868 389 ων.
2906 329 3065 385 NAT.

3755 331 3865 397 100

588 419 804 476 siensis.
859 418 1124 491 Equidem
1166 419 1325 483 aliter
1370 433 1589 476 censeo.
1649 419 1968 490 Quanquam
2020 420 2165 474 enim
2197 428 2242 482 Λ
2273 419 2422 474 vivos
2469 434 2591 477 esse
2622 420 2798 493 desiit,
2833 435 2939 485 non
2987 428 3135 475 certo
3182 419 3452 497 designat.
3507 418 3734 481 Constat
3791 438 3863 478 ex

591 513 789 571 Seotus
817 522 1003 570 noster
1040 513 1296 568 barbarus
1325 522 1437 566 erat
1464 522 1511 567 et
1549 514 1604 579 in
1632 512 1824 580 ﬁnibus
1854 511 2036 581 mundi
2078 526 2171 581 po-

589 605 744 668 situs,
789 610 850 657 ut
890 604 956 659 de
983 618 1049 658 eo
1075 603 1311 673 loquitur
1353 584 1671 658 Anastasius
1708 603 2169 667 bibliothecarius,

591 702 739 749 certe
760 710 867 750 non
901 695 1056 759 adeo,
1091 710 1156 748 ac
1190 703 1381 749 auctor
1414 694 1571 749 istius
1594 693 1778 759 libelli,
1808 693 2170 769 ἐϐαρϐαρὼθη,

593 800 698 841 nec
731 783 1109 856 Chrysostomi
1148 800 1343 839 nomen
1385 785 1436 839 ei
1467 799 1703 853 unquam
1736 784 2051 841 tribuissent
2087 783 2173 839 sui

590 878 762 934 seculi
791 877 1059 942 homines,
1093 877 1138 931 si
1189 876 1346 932 istius
1394 876 1580 945 scripti
1613 875 1834 947 ﬁgulum
1862 875 2174 943 existimas-

590 979 732 1027 sent.

661 1062 748 1119 12.
781 1060 1083 1132 Disputatio
1120 1074 1245 1114 cum
1282 1058 1571 1121 Theodoro
1610 1057 1826 1121 Studita
1856 1056 2018 1127 hujus
2052 1072 2175 1115 esse

587 1165 695 1207 non
721 1150 957 1215 videtur,
998 1149 1257 1218 quoniam
1303 1147 1622 1204 Theodorus
1648 1148 1810 1218 paulo
1840 1147 2024 1203 senior
2047 1146 2171 1213 fuit,

588 1255 752 1311 quam
782 1249 842 1295 ut
866 1240 930 1295 ad
960 1238 1108 1294 Secti
1137 1240 1309 1294 nostri
1344 1247 1582 1309 tempora
1610 1239 1916 1309 pertingere
1942 1248 2125 1309 posset
2156 1256 2170 1294 :

589 1328 786 1384 deinde
840 1330 1054 1384 videtur
1105 1328 1196 1382 illa
1246 1328 1538 1398 disputatio
1585 1328 1858 1384 celebrata
1900 1327 2067 1384 fuisse
2106 1328 2175 1387 de

588 1422 734 1477 cultu
782 1422 1095 1492 imaginum,
1142 1436 1281 1490 quae
1324 1421 1542 1491 quidem
1585 1420 1893 1491 agitabatur
1933 1429 2174 1492 tempore

590 1512 822 1568 Alewini
871 1521 927 1568 et
969 1511 1194 1567 Joannis
1240 1511 1386 1567 Scoti
1428 1511 1670 1567 Mailros.
1702 1511 1841 1568 Huic
1873 1513 2036 1583 igitur
2079 1527 2173 1583 po-

593 1604 701 1657 tius
723 1618 885 1672 quam
911 1602 1171 1673 Erigenae
1198 1611 1506 1669 competere
1548 1601 1762 1656 videtur
1803 1601 1906 1657 ista
1932 1602 2174 1671 disputa~

589 1694 666 1750 tio
700 1713 712 1748 ε
746 1704 1010 1758 servatur,
1049 1694 1127 1749 uti
1151 1693 1332 1757 audio,
1357 1692 1410 1747 in
1456 1692 1806 1748 celeberrima
1837 1692 2171 1761 Bibliotheca

586 1782 753 1855 Regis
777 1783 1091 1840 Galliarum.

660 1880 745 1934 i3.
790 1877 1008 1933 Moralia
1050 1877 1356 1933 Aristotelis
1400 1893 1468 1932 an
1510 1877 1675 1933 latine
1716 1878 1940 1941 verterit
1973 1878 2178 1934 nescio.

599 1973 861 2041 Suspicor
908 1973 1044 2027 alius
1075 1973 1222 2027 Scoti
1253 1989 1374 2028 esse
1398 1973 1638 2029 laborem
1670 1974 1840 2028 illum.

668 2066 753 2121 14.
799 2064 988 2119 Versio
1034 2065 1384 2129 Aristoteliei,
1418 2073 1477 2118 ut
1520 2074 1763 2134 putatur,
1808 2065 1926 2118 libri
1963 2066 2028 2121 de
2053 2066 2183 2133 regi-

587 2158 727 2211 mine
751 2152 1061 2223 Principum
1090 2154 1250 2222 hujus
1281 2152 1428 2207 Seoti
1463 2169 1568 2207 non
1614 2163 1696 2208 est
1738 2136 1894 2222 opus,
1926 2154 2179 2223 quicquid

588 2245 1087 2300 conlidentissimns
1144 2244 1427 2314 scripserit
1472 2244 1688 2299 Baleus.
1733 2244 1917 2300 Ilabeo
1973 2245 2180 2315 aliquot

591 2334 749 2389 istius
780 2333 901 2387 libri
931 2332 1285 2403 exemplaria,
1310 2332 1420 2386 vidi
1449 2331 1574 2397 alia,
1602 2334 1653 2385 in
1702 2332 1897 2401 quibus
1925 2333 2178 2391 omnibus

592 2428 661 2489 is,
698 2426 789 2495 qui
820 2425 1004 2490 vertit,
1031 2425 1232 2480 dicitur
1246 2424 1480 2478 Joannes
1504 2422 1777 2479 Patricius
1808 2423 2172 2493 llispanensis.

589 2515 740 2572 Multi
766 2516 871 2572 hoe
891 2530 1016 2569 cum
1034 2513 1303 2583 superiori
1325 2513 1583 2582 opusculo
1606 2513 1748 2569 idem
1770 2528 1892 2569 esse
1911 2513 2173 2579 sciscunt,

588 2604 787 2676 quibus
811 2619 919 2658 non
947 2602 1170 2658 accedo.

664 2696 752 2751 15.
803 2695 1192 2750 Commentarii
1248 2694 1304 2748 in
1367 2692 1675 2748 Aristotelis
1730 2691 2175 2759 Praedicamenta

584 2793 715 2843 sunt
750 2782 911 2854 hujus
938 2783 1165 2841 Joannis
1204 2785 1427 2855 πόνημα,
1469 2784 1514 2838 si
1559 2783 1837 2852 Hugonem
1868 2792 1923 2838 et
1955 2783 2173 2855 Petrum

590 2879 655 2934 de
682 2876 738 2932 S.
775 2876 991 2931 Victore
1038 2884 1186 2931 recte
1231 2876 1407 2945 capio.
1442 2873 1570 2929 Scio
1608 2884 1787 2928 tamen
1841 2874 1892 2928 in
1919 2874 2173 2945 Catalogo

588 2970 823 3039 quodam
848 2969 1217 3024 Bibliothecae
1247 2966 1573 3023 Oxoniensis
1606 2968 1795 3023 eadem
1836 2967 1974 3037 alius
2023 2968 2170 3022 Secti

588 3075 787 3117 nomen
816 3060 1106 3128 praeferre.
1137 3057 1280 3119 Nihil
1308 3060 1373 3113 de
1403 3059 1486 3112 his
1530 3058 1850 3127 pronnneio,
1880 3057 2036 3128 libris
2061 3073 2169 3115 non

586 3148 740 3204 visis.

658 3236 746 3290 16.
810 3235 1069 3304 Dogmata
1135 3233 1624 3303 Philosophorum;
1697 3237 1783 3290 17.
1842 3235 2168 3304 Homiliae;

591 3325 677 3381 18.
706 3325 773 3379 de
799 3323 931 3379 Fide
963 3332 1152 3379 contra
1179 3323 1452 3380 Barbaros
1501 3326 1633 3381 mihi
1662 3326 1821 3395 plane
1851 3336 1976 3383 sunt
2005 3343 2170 3397 opera

590 3417 861 3488 incognita
887 3417 1089 3471 omnia.
1124 3415 1183 3472 Si
1209 3417 1434 3473 vidisset
1474 3417 1691 3485 Baleus,
1728 3419 1913 3490 utique
1938 3430 1993 3475 et
2019 3420 2172 3476 initia

589 3509 783 3565 horum
810 3508 1169 3578 apposuisset.

663 3597 749 3653 19.
794 3598 871 3653 De
898 3593 1332 3667 Parapbrastieis
1364 3598 1542 3662 tomis,
1565 3599 1680 3654 sive
1701 3602 2084 3655 commentariis
2116 3603 2173 3656 in

588 3689 926 3759 Dionysium,
958 3696 1177 3758 praeter
1223 3696 1439 3743 tenuem
1488 3689 1849 3758 suspicionem
1901 3691 2034 3744 nihil
2076 3691 2172 3745 ba-

588 3782 725 3848 heo;
777 3782 1022 3853 suspicor
1070 3791 1253 3836 autem
1297 3797 1419 3837 esse
1468 3780 1695 3836 Joannis
1756 3780 2172 3853 Scythpolitani

592 3874 934 3948 παραθέσιις,
1005 3888 1141 3942 quas
1208 3875 1370 3929 vertit
1435 3873 1753 3929 Anastasius
1821 3874 2175 3931 bibliotheca-

592 3963 740 4027 rius;
791 3965 874 4019 vel
927 3965 1283 4036 paraphrasin
1337 3963 1564 4020 Abbatis
1621 3964 1899 4035 cujusdam
1958 3965 2175 4022 Vercel-

592 4053 777 4111 lensis.
1560 4048 1563 4051 ’

664 4145 834 4202 Porro
864 4147 932 4201 de
982 4147 1198 4217 scriptis
1240 4144 1463 4202 Joannis
1494 4146 1753 4218 Erigenae
1800 4147 1962 4220 quale
2009 4147 2174 4211 fuerit

590 4239 939 4310 antiquorum
988 4241 1264 4297 hominum
1329 4238 1631 4309 judicium,
1681 4239 1772 4310 qui
1829 4241 1973 4296 seire
2030 4251 2169 4305 avet,

590 4331 733 4402 legat
747 4334 1040 4404 scriptores
1053 4334 1323 4390 Historiae
1339 4333 1818 4388 Goteschaleianae
1833 4331 1990 4406 (Pag.
2008 4331 2127 4389 XIV
2129 4338 2171 4404 ),

590 4422 864 4487 Vossium,
918 4425 1217 4486 Usserium,
1277 4425 1644 4494 Mauguinum,
1696 4423 2003 4489 Cellotium,
2045 4426 2173 4479 item

2273 510 2486 581 Rogcro
2544 510 2909 575 Wendovcro,
2962 509 3181 587 Scotum
3232 512 3284 569 in
3342 508 3594 593 Angliam
3636 511 3866 569 rediisse

2273 616 2416 657 anno
2440 600 2628 655 salutis
2665 600 2816 665 883.,
2869 601 2974 665 vel,
3005 611 3063 659 ut
3111 601 3222 665 alii,
3272 616 3414 681 anno
3442 596 3566 661 884.
3598 601 3713 659 Hoc
3746 603 3864 674 ipso

2273 705 2416 746 anno
2447 690 2571 746 885.
2600 690 2713 767 [ato
2746 692 2986 767 iunctum
3015 707 3136 747 esse
3179 692 3398 763 scripsit
3424 708 3653 764 magnus
3697 688 3864 752 Baro?

2273 785 2416 859 nius,
2448 785 2648 851 Verum
2677 784 2980 857 sentcntiae
3007 799 3138 840 suae
3171 794 3438 840 nostrates
3476 786 3619 843 solos
3644 787 3863 845 histori-

2275 892 2371 945 cos
2400 885 2567 947 testes
2612 877 2821 947 laudat,
2861 876 2954 947 qui
3001 876 3055 933 id
3079 891 3186 950 non
3232 876 3449 953 dicunt;
3487 892 3609 931 nam
3641 879 3709 934 de
3746 881 3864 953 ejus

2274 974 2451 1021 morte
2478 966 2769 1036 loquuntur
2798 981 2863 1021 eo
2884 981 3027 1020 anno
3066 980 3165 1034 per
3210 966 3483 1041 quandam
3515 968 3860 1038 anticipatio-

2272 1073 2422 1135 θεῷ.
2461 1058 2589 1135 ροσε
2612 1058 2808 1133 aliqua!
2840 1075 3009 1133 annos
3032 1058 3121 1131 (ab
3154 1056 3305 1135 885.)
3332 1058 3567 1128 graphiis
3596 1061 3860 1129 perfossus

2276 1151 2507 1225 animum
2553 1151 2716 1225 patuit,
2766 1149 2939 1225 inquit
2988 1147 3287 1204 Gulielmus
3336 1146 3852 1209 Malmesburiensis.

2275 1222 2530 1316 Secundo
2751 1222 2887 1313 post}
2920 1239 3209 1294 adventum
3238 1237 3539 1294 Grimbaldi
3569 1240 3740 1312 (venit
3766 1241 3859 1297 ille

2274 1329 2330 1407 in
2359 1329 2608 1403 Angliam
2638 1345 2780 1409 anno
2808 1328 2911 1407 884
2939 1328 3020 1384 vel
3054 1326 3205 1398 885.)
3244 1327 3373 1403 legit
3416 1322 3859 1400 Oxonii,Scotus,

2276 1423 2325 1493 si
2354 1425 2489 1497 ﬁdes
2513 1424 2584 1499 sit
2608 1422 2910 1498 Annalibus
2932 1420 3285 1493 Hidensibus,
3324 1422 3419 1499 qui
3459 1432 3554 1504 aut
3581 1424 3741 1494 primi
3768 1431 3863 1481 aut

2281 1516 2381 1574 soli
2409 1517 2511 1575 hoc
2540 1515 2830 1577 atIirmant.
2862 1513 2938 1577 De
2964 1513 3171 1585 reliquo
3196 1514 3338 1593 vitae
3362 1515 3541 1595 spatio
3560 1516 3692 1572 nihil
3713 1532 3859 1575 com-

2274 1606 2416 1681 perti
2444 1606 2639 1661 habeo.
3304 1590 3311 1593 ’
3394 1590 3407 1599 ⁷

2349 1698 2520 1752 Periit
2566 1697 2782 1767 indigna
2831 1702 3005 1751 morte
3034 1713 3047 1749 :
3079 1705 3235 1766 grata
3260 1695 3557 1777 posteritas
3580 1697 3864 1759 immorta-

2201 1781 2251 1871 Β
2278 1790 2383 1855 lem
2415 1788 2631 1863 edicere
2677 1789 2867 1861 cupiit,
2903 1789 3131 1861 ideoque
3172 1787 3291 1867 ejus
3330 1789 3510 1857 natale
3540 1790 3608 1845 ad
3652 1789 3708 1844 ὁ.
3743 1790 3865 1847 ldus

2284 1884 2606 1940 Novembris
2656 1882 2746 1937 diu
2799 1881 3110 1941 celebravit.
3163 1880 3433 1942 Arnoldus
3478 1881 3640 1959 Wion
3686 1883 3753 1943 de
3800 1898 3866 1939 eo

2284 1976 2338 2029 in
2391 1974 2562 2044 Ligno
2607 1973 2750 2031 vitae
2805 1971 3101 2033 honorifice
3158 1970 3440 2038 meminit,
3490 1980 3767 2042 notatque,
3806 1972 3862 2028 in

2284 2065 2665 2137 Martyrologio
2692 2066 2953 2127 Romano,
2980 2064 3123 2134 quod
3145 2064 3513 2143 exeudebatur
3532 2080 3674 2121 anno
3706 2065 3861 2137 l580,

2283 2154 2333 2210 ei
2359 2154 2533 2209 locum
2566 2162 2623 2209 et
2658 2155 2820 2208 decus
2846 2169 3002 2209 suum
3034 2153 3300 2227 integrum
3332 2138 3660 2245 copslitisse,
3689 2170 3720 2209 a
3753 2171 3863 2225 quo

2283 2254 2463 2303 tamen
2500 2253 2788 2321 seqqentes
2818 2244 3085 2303 editiones
3109 2243 3471 2317 Martyrologii
3498 2259 3617 2299 eum
3642 2246 3862 2327 penitus

2281 2338 2655 2397 detraxerunt.
2687 2335 2764 2390 Eo
2788 2336 2900 2393 fato
2925 2334 3056 2388 mihi
3082 2343 3239 2395 natus
3267 2335 3435 2395 fuisse
3461 2334 3695 2393 Joannes
3714 2337 3865 2394 vide—

2282 2435 2475 2501 tur,ut
2503 2425 2789 2528 homian
2835 2426 2901 2503 de
2948 2439 3005 2506 se
3046 2423 3250 2507 judicia
3279 2411 3492 2501 semper
3543 2426 3864 2483 alternantia

2280 2518 2508 2593 subiret.
2542 2515 2862 2595 Anastasius
2896 2515 3339 2583 bibliothecarius
3364 2517 3534 2600 virum
3575 2533 3668 2589 per
3693 2516 3864 2570 omnia

2278 2620 2519 2687 sanctum
2562 2609 2865 2686 praedicat,
2913 2607 3004 2667 alii
3038 2617 3099 2685 ut
3147 2608 3470 2687 mendacem,
3500 2608 3867 2687 inminuens-

2278 2692 2522 2777 mentem,
2558 2699 2878 2777 haereticmn
2914 2696 3188 2777 quierunt.
3222 2697 3382 2777 Pueri
3412 2692 3863 2785 Malniesbnrien-

2279 2806 2367 2868 vas
2401 2806 2524 2867 eum
2557 2789 2920 2869 interﬁciunt;
2960 2785 3204 2868 Marulli
3243 2785 3553 2870 male"!!!
3597 2787 3859 2842 οοειίίυηι·

2276 2882 2516 2960 Abbates
2543 2881 2636 2935 alii
2665 2880 2779 2951 pari
2806 2895 2932 2961 eum
2961 2880 3075 2958 fere
3102 2895 3221 2959 curn
3248 2894 3344 2961 suo
3372 2876 3616 2961 Miletum
3651 2879 3860 2935 honore

2276 2982 2698 3044 prosequuntur,
2735 2972 2990 3051 Warinus
3011 2987 3147 3051 pene
3174 2987 3273 3043 pro,
3293 2974 3643 3053 purgamento
3667 2970 3852 3027 habet.

2276 3059 2343 3117 Hi
2393 3077 2519 3118 eum
2576 3061 2731 3117 fastis
2771 3062 3052 3139 inserunt,
3109 3059 3198 3139 alii
3243 3070 3576 3143 expungunt.
3617 3061 3700 3115 ita
3746 3057 3858 3131 ejus

2200 3145 2247 3209 C
2280 3154 2427 3211 fama
2452 3164 2508 3212 et
2548 3170 2746 3228 nomen
2793 3154 3031 3229 recidiva
3066 3154 3221 3227 quasi
3252 3153 3387 3231 febri
3414 3152 3526 3233 jam
3562 3154 3652 3209 diu
3677 3151 3858 3210 conﬂi-

2281 3256 2483 3302 ctatnr.

2352 3338 2429 3393 De
2449 3338 2563 3393 solo
2593 3337 2903 3409 sepulturae
2927 3337 3046 3394 loco
3085 3337 3229 3394 inter
3251 3352 3440 3416 omnes
3464 3331 3733 3394 convenit.
3758 3336 3859 3392 Ca-

2279 3427 2491 3501 taiogus
2539 3429 2641 3504 SS.
2676 3430 2733 3484 in
2765 3430 2961 3503 Anglia
2987 3430 3321 3509 sepultorum
3347 3430 3462 3505 (qui
3497 3447 3639 3486 nunc
3668 3432 3720 3487 in
3743 3427 3853 3486 eol-

2278 3517 2417 3589 legio
2445 3517 2796 3597 Benedictiup
2823 3519 2964 3598 apud
2991 3517 3463 3603 Cantabrigienses
3494 3518 3762 3588 servatur)
3790 3517 3856 3574 de

2276 3622 2342 3664 eo
2392 3609 2471 3663 sic
2530 3609 2720 3664 scribit
2772 3608 2968 3689 litteris
3006 3609 3290 3694 saxonieis
3339 3629 3350 3664 :
3406 3608 3469 3666 S.
3529 3609 3859 3674 Maiidunus,

2279 3697 2340 3753 S.
2380 3697 2665 3763 Aldelmus,
2698 3708 2746 3753 et
2772 3697 3005 3754 Joannes
3039 3700 3244 3769 sapiens
3266 3699 3586 3771 requiescunt
3614 3701 3670 3754 in
3697 3696 3861 3753 Mail-

2278 3790 2563 3844 mesburia.
2592 3790 2792 3846 Eadem
2831 3791 2994 3863 habet
3021 3790 3202 3848 Codex
3247 3782 3604 3847 CottOnianus
3641 3806 3710 3845 ex
3735 3789 3862 3846 Got-

2279 3878 2452 3959 celino
2475 3879 2811 3944 Bertiniano,
2838 3864 2939 3936 nec
2965 3880 3078 3935 abit
3106 3882 3172 3941 ab
3196 3882 3300 3959 his,
3336 3882 3411 3936 uti
3437 3881 3690 3945 vidimus,
3726 3879 3860 3936 Mal-

2280 3958 2667 4023 mesburiensis
2696 3967 3151 4033 Bibliothecarius
3171 3958 3319 4037 {nec
3346 3979 3559 4026 vetusta
3594 3970 3861 4040 quaedam

2277 4056 2616 4139 connota'tio,
2655 4074 2794 4141 quae
2824 4060 2954 4117 olim
2993 4060 3274 4132 legebatur
3315 4062 3367 4116 in
3405 4058 3863 4128 Mertonianaﬁi—

2277 4157 2549 4213 bliotheca
2576 4155 2872 4227 Oxoniensi
2898 4177 2911 4213 :
2935 4189 3005 4203 -——
3044 4158 3104 4221 S.
3146 4159 3414 4215 Aldelmus
3444 4168 3491 4213 et
3511 4156 3743 4211 Joannes
3768 4172 3861 4211 sae

2275 4250 2422 4321 piens
2450 4261 2673 4321 pausam
2706 4250 2760 4307 in
2786 4249 2919 4316 loco,
2944 4251 3034 4321 qui
3068 4250 3264 4303 dicitur
3291 4244 3708 4304 in'Malmesbiri.
3733 4243 3863 4300 Fuit

2278 4316 2495 4412 quoque
2529 4316 2582 4395 in
2613 4316 2874 4394 honorem
2930 4316 3089 4406 hujus
3117 4337 3340 4415 Joannis
3384 4346 3562 4392 statua
3594 4336 3771 4408 posita
3802 4328 3860 4388 in

2280 4422 2479 4496 templo
2500 4427 2762 4481 Abbatiae
2805 4427 3329 4490 Malmesburiensis,
3364 4442 3483 4480 cum
3525 4427 3627 4480 hac
3675 4422 3863 4479 inscri-

588 4513 811 4569 Petrum
837 4514 904 4569 de
925 4514 1124 4579 Marca,
1145 4514 1302 4568 Joan.
1331 4514 1720 4579 Mahillonium,
1746 4521 1801 4568 et
1820 4514 1882 4569 P.
1909 4515 2165 4570 Alixinm.
2196 4503 2248 4563 Ι)
2275 4515 2459 4591 ptione
2497 4533 2510 4569 :
2554 4514 2787 4570 Joannes
2811 4516 3020 4583 Scalas,
3064 4517 3154 4587 qui
3183 4515 3451 4579 transtulit
3490 4513 3803 4584 Dionysium
3828 4527 3860 4565 ε

589 4604 709 4669 Quo
735 4604 929 4659 mortis
956 4618 1154 4673 genere
1181 4605 1341 4674 periit
1363 4604 1623 4671 Joannes,
1652 4605 1833 4660 docuit
1852 4620 1954 4674 nos
1971 4605 2175 4662 Guliel-

591 4707 717 4750 mus
768 4693 1293 4762 Malmesburiensis;
1342 4711 1449 4766 quo
1493 4705 1675 4753 autem
1733 4705 1976 4770 tempore
2032 4698 2174 4755 inter

2277 4606 2476 4664 Graeco
2506 4610 2561 4664 in
2590 4607 2852 4671 Latinum.
2885 4610 2964 4667 Ita
2987 4609 3256 4667 Lelandus
3283 4610 3334 4664 in
3362 4604 3664 4662 Itinerario.
3703 4602 3860 4661 llaec

2282 4701 2446 4760 habui
2468 4702 2536 4758 de
2559 4699 2765 4781 Joanne
2799 4699 3055 4779 Erigone,
3085 4715 3226 4784 quae
3250 4713 3394 4757 nunc
3419 4697 3680 4785 dicerem.
