  <div class='ocr_page' id='page_1' title='image "/cluster/home/n/w/nwhite01/storage/ocr_20150623/122/pst.000018028355/089.png"; bbox 0 0 4152 6276; ppageno 0'>
   <div class='ocr_carea' id='block_1_1' title="bbox 555 332 657 392">
    <p class='ocr_par' dir='ltr' id='par_1_1' title="bbox 555 332 657 392">
     <span class='ocr_line' id='line_1_1' title="bbox 555 332 657 392; baseline -0.01 -3"><span class='ocrx_word' id='word_1_1' title='bbox 555 332 657 392; x_wconf 78' lang='grc'><strong>105</strong></span> 
     </span>
    </p>
   </div>
   <div class='ocr_carea' id='block_1_2' title="bbox 1677 324 3307 388">
    <p class='ocr_par' dir='ltr' id='par_1_2' title="bbox 1677 324 3307 388">
     <span class='ocr_line' id='line_1_2' title="bbox 1677 324 3307 388; baseline -0.002 -1"><span class='ocrx_word' id='word_1_2' title='bbox 1677 331 1738 387; x_wconf 86' lang='lat' dir='ltr'><strong>C.</strong></span> <span class='ocrx_word' id='word_1_3' title='bbox 1778 330 1839 386; x_wconf 86' lang='grc' dir='ltr'><strong>Β.</strong></span> <span class='ocrx_word' id='word_1_4' title='bbox 1883 327 2311 388; x_wconf 80' lang='lat' dir='ltr'><strong>SCHLUETERI</strong></span> <span class='ocrx_word' id='word_1_5' title='bbox 2342 324 2708 386; x_wconf 72' lang='lat' dir='ltr'><strong>PREFA&#39;I‘IO</strong></span> <span class='ocrx_word' id='word_1_6' title='bbox 3280 327 3307 346; x_wconf 74' lang='lat'><strong>‘</strong></span> 
     </span>
    </p>
   </div>
   <div class='ocr_carea' id='block_1_3' title="bbox 3698 336 3807 394">
    <p class='ocr_par' dir='ltr' id='par_1_3' title="bbox 3698 336 3807 394">
     <span class='ocr_line' id='line_1_3' title="bbox 3698 336 3807 394; baseline 0.037 -3"><span class='ocrx_word' id='word_1_7' title='bbox 3698 336 3807 394; x_wconf 73' lang='lat' dir='ltr'><strong>HM</strong></span> 
     </span>
    </p>
   </div>
   <div class='ocr_carea' id='block_1_4' title="bbox 554 442 3803 523">
    <p class='ocr_par' dir='ltr' id='par_1_4' title="bbox 554 442 3803 523">
     <span class='ocr_line' id='line_1_4' title="bbox 554 442 3803 523; baseline 0 -19"><span class='ocrx_word' id='word_1_8' title='bbox 554 451 877 505; x_wconf 89' lang='lat' dir='ltr'><strong>documento</strong></span> <span class='ocrx_word' id='word_1_9' title='bbox 918 454 1001 502; x_wconf 88' lang='lat' dir='ltr'><strong>est</strong></span> <span class='ocrx_word' id='word_1_10' title='bbox 1027 444 1201 516; x_wconf 67' lang='lat' dir='ltr'><strong>,‘quid</strong></span> <span class='ocrx_word' id='word_1_11' title='bbox 1234 446 1300 501; x_wconf 89' lang='lat' dir='ltr'><strong>de</strong></span> <span class='ocrx_word' id='word_1_12' title='bbox 1341 458 1406 499; x_wconf 88' lang='lat' dir='ltr'><strong>eo</strong></span> <span class='ocrx_word' id='word_1_13' title='bbox 1444 444 1648 501; x_wconf 87' lang='lat' dir='ltr'><strong>Romae</strong></span> <span class='ocrx_word' id='word_1_14' title='bbox 1686 454 1741 499; x_wconf 87' lang='lat' dir='ltr'><strong>et</strong></span> <span class='ocrx_word' id='word_1_15' title='bbox 1775 448 1826 500; x_wconf 90' lang='lat' dir='ltr'><strong>in</strong></span> <span class='ocrx_word' id='word_1_16' title='bbox 1858 446 1970 515; x_wconf 87' lang='lat' dir='ltr'><strong>ipsa</strong></span> <span class='ocrx_word' id='word_1_17' title='bbox 2010 447 2129 500; x_wconf 89' lang='lat' dir='ltr'><strong>aula</strong></span> <span class='ocrx_word' id='word_1_18' title='bbox 2157 452 2205 508; x_wconf 74' lang='grc' dir='ltr'><strong>Α</strong></span> <span class='ocrx_word' id='word_1_19' title='bbox 2234 442 2615 512; x_wconf 86' lang='lat' dir='ltr'><strong>discipulorum</strong></span> <span class='ocrx_word' id='word_1_20' title='bbox 2667 443 3101 498; x_wconf 72' lang='lat' dir='ltr'><strong>tumultuantium</strong></span> <span class='ocrx_word' id='word_1_21' title='bbox 3150 444 3476 514; x_wconf 85' lang='lat' dir='ltr'><strong>graphiariis</strong></span> <span class='ocrx_word' id='word_1_22' title='bbox 3504 446 3661 520; x_wconf 86' lang='lat' dir='ltr'><strong>(Pag.</strong></span> <span class='ocrx_word' id='word_1_23' title='bbox 3714 450 3803 523; x_wconf 83' lang='lat' dir='ltr'><strong>Vl)</strong></span> 
     </span>
    </p>
   </div>
   <div class='ocr_carea' id='block_1_5' title="bbox 552 536 2125 615">
    <p class='ocr_par' dir='ltr' id='par_1_5' title="bbox 552 536 2125 615">
     <span class='ocr_line' id='line_1_5' title="bbox 552 536 2125 615; baseline -0.004 -21"><span class='ocrx_word' id='word_1_24' title='bbox 552 539 827 612; x_wconf 85' lang='lat' dir='ltr'><strong>pontificia</strong></span> <span class='ocrx_word' id='word_1_25' title='bbox 851 578 867 603; x_wconf 96' lang='lat'><strong>,</strong></span> <span class='ocrx_word' id='word_1_26' title='bbox 907 537 1032 592; x_wconf 90' lang='lat' dir='ltr'><strong>licet</strong></span> <span class='ocrx_word' id='word_1_27' title='bbox 1058 537 1199 591; x_wconf 90' lang='lat' dir='ltr'><strong>fama</strong></span> <span class='ocrx_word' id='word_1_28' title='bbox 1228 538 1473 615; x_wconf 74' lang='lat' dir='ltr'><strong>ambigua</strong></span> <span class='ocrx_word' id='word_1_29' title='bbox 1502 536 1627 589; x_wconf 89' lang='lat' dir='ltr'><strong>olim</strong></span> <span class='ocrx_word' id='word_1_30' title='bbox 1654 550 1905 603; x_wconf 81' lang='lat' dir='ltr'><strong>aspersus</strong></span> <span class='ocrx_word' id='word_1_31' title='bbox 1943 543 2087 589; x_wconf 89' lang='lat' dir='ltr'><strong>esset</strong></span> <span class='ocrx_word' id='word_1_32' title='bbox 2111 576 2125 601; x_wconf 96' lang='lat'><strong>,</strong></span> 
     </span>
    </p>
   </div>
   <div class='ocr_carea' id='block_1_6' title="bbox 552 618 2129 705">
    <p class='ocr_par' dir='ltr' id='par_1_6' title="bbox 552 618 2129 705">
     <span class='ocr_line' id='line_1_6' title="bbox 552 618 2129 705; baseline -0.004 -19"><span class='ocrx_word' id='word_1_33' title='bbox 552 627 919 687; x_wconf 83' lang='lat' dir='ltr'><strong>existimatum</strong></span> <span class='ocrx_word' id='word_1_34' title='bbox 958 629 1137 684; x_wconf 88' lang='lat' dir='ltr'><strong>fuerit.</strong></span> <span class='ocrx_word' id='word_1_35' title='bbox 1167 618 1413 705; x_wconf 81' lang='lat' dir='ltr'><strong>Studium</strong></span> <span class='ocrx_word' id='word_1_36' title='bbox 1441 635 1646 705; x_wconf 72' lang='lat' dir='ltr'><strong>tantum</strong></span> <span class='ocrx_word' id='word_1_37' title='bbox 1677 627 1913 705; x_wconf 81' lang='lat' dir='ltr'><strong>nimium</strong></span> <span class='ocrx_word' id='word_1_38' title='bbox 1940 627 2129 680; x_wconf 86' lang='lat' dir='ltr'><strong>archc-</strong></span> 
     </span>
    </p>
   </div>
   <div class='ocr_carea' id='block_1_7' title="bbox 554 702 2123 791">
    <p class='ocr_par' dir='ltr' id='par_1_7' title="bbox 554 702 2123 791">
     <span class='ocr_line' id='line_1_7' title="bbox 554 702 2123 791; baseline -0.004 -16"><span class='ocrx_word' id='word_1_39' title='bbox 554 721 666 791; x_wconf 84' lang='lat' dir='ltr'><strong>typi</strong></span> <span class='ocrx_word' id='word_1_40' title='bbox 709 721 775 774; x_wconf 90' lang='lat' dir='ltr'><strong>ad</strong></span> <span class='ocrx_word' id='word_1_41' title='bbox 808 720 1031 774; x_wconf 93' lang='lat' dir='ltr'><strong>verbum</strong></span> <span class='ocrx_word' id='word_1_42' title='bbox 1061 702 1420 771; x_wconf 86' lang='lat' dir='ltr'><strong>transferendi</strong></span> <span class='ocrx_word' id='word_1_43' title='bbox 1446 702 1505 770; x_wconf 83' lang='lat' dir='ltr'><strong>in</strong></span> <span class='ocrx_word' id='word_1_44' title='bbox 1531 732 1593 770; x_wconf 89' lang='lat' dir='ltr'><strong>ea</strong></span> <span class='ocrx_word' id='word_1_45' title='bbox 1620 702 1865 770; x_wconf 86' lang='lat' dir='ltr'><strong>versione</strong></span> <span class='ocrx_word' id='word_1_46' title='bbox 1892 717 2123 769; x_wconf 86' lang='lat' dir='ltr'><strong>Anasta-</strong></span> 
     </span>
    </p>
   </div>
   <div class='ocr_carea' id='block_1_8' title="bbox 552 805 2175 890">
    <p class='ocr_par' dir='ltr' id='par_1_8' title="bbox 552 805 2175 890">
     <span class='ocr_line' id='line_1_8' title="bbox 552 805 2175 890; baseline -0.006 -24"><span class='ocrx_word' id='word_1_47' title='bbox 552 814 664 867; x_wconf 87' lang='lat' dir='ltr'><strong>sius</strong></span> <span class='ocrx_word' id='word_1_48' title='bbox 694 810 1191 881; x_wconf 85' lang='lat' dir='ltr'><strong>reprehendendum</strong></span> <span class='ocrx_word' id='word_1_49' title='bbox 1242 823 1363 862; x_wconf 91' lang='lat' dir='ltr'><strong>esse</strong></span> <span class='ocrx_word' id='word_1_50' title='bbox 1409 809 1646 876; x_wconf 85' lang='lat' dir='ltr'><strong>putavit,</strong></span> <span class='ocrx_word' id='word_1_51' title='bbox 1698 806 1943 877; x_wconf 76' lang='lat' dir='ltr'><strong>quamvis</strong></span> <span class='ocrx_word' id='word_1_52' title='bbox 1996 805 2175 890; x_wconf 28' lang='lat' dir='ltr'><strong>illudv</strong></span> 
     </span>
    </p>
   </div>
   <div class='ocr_carea' id='block_1_9' title="bbox 549 897 2118 969">
    <p class='ocr_par' dir='ltr' id='par_1_9' title="bbox 549 897 2118 969">
     <span class='ocr_line' id='line_1_9' title="bbox 549 897 2118 969; baseline -0.006 -12"><span class='ocrx_word' id='word_1_53' title='bbox 549 904 785 957; x_wconf 89' lang='lat' dir='ltr'><strong>studium</strong></span> <span class='ocrx_word' id='word_1_54' title='bbox 815 900 1133 955; x_wconf 71' lang='lat' dir='ltr'><strong>«humilitati</strong></span> <span class='ocrx_word' id='word_1_55' title='bbox 1164 918 1181 950; x_wconf 77' lang='grc' dir='ltr'><strong>ι</strong></span> <span class='ocrx_word' id='word_1_56' title='bbox 1206 898 1470 967; x_wconf 85' lang='lat' dir='ltr'><strong>Erigenae</strong></span> <span class='ocrx_word' id='word_1_57' title='bbox 1494 899 1558 952; x_wconf 90' lang='lat' dir='ltr'><strong>ad</strong></span> <span class='ocrx_word' id='word_1_58' title='bbox 1582 898 1734 969; x_wconf 86' lang='lat' dir='ltr'><strong>(Pag.</strong></span> <span class='ocrx_word' id='word_1_59' title='bbox 1756 897 2118 966; x_wconf 79' lang='lat' dir='ltr'><strong>V)scriberet.</strong></span> 
     </span>
    </p>
   </div>
   <div class='ocr_carea' id='block_1_10' title="bbox 526 987 2120 1048">
    <p class='ocr_par' dir='ltr' id='par_1_10' title="bbox 526 987 2120 1048">
     <span class='ocr_line' id='line_1_10' title="bbox 526 987 2120 1048; baseline -0.004 -1"><span class='ocrx_word' id='word_1_60' title='bbox 526 993 882 1048; x_wconf 73' lang='lat' dir='ltr'><strong>Postremum</strong></span> <span class='ocrx_word' id='word_1_61' title='bbox 926 991 1092 1045; x_wconf 85' lang='lat' dir='ltr'><strong>circa</strong></span> <span class='ocrx_word' id='word_1_62' title='bbox 1156 1005 1355 1044; x_wconf 88' lang='lat' dir='ltr'><strong>annum</strong></span> <span class='ocrx_word' id='word_1_63' title='bbox 1405 987 1509 1044; x_wconf 89' lang='lat'><strong>870</strong></span> <span class='ocrx_word' id='word_1_64' title='bbox 1553 988 1798 1043; x_wconf 87' lang='lat' dir='ltr'><strong>doctrina</strong></span> <span class='ocrx_word' id='word_1_65' title='bbox 1847 987 2120 1042; x_wconf 80' lang='lat' dir='ltr'><strong>Paschasii</strong></span> 
     </span>
    </p>
   </div>
   <div class='ocr_carea' id='block_1_11' title="bbox 518 1078 2120 1148">
    <p class='ocr_par' dir='ltr' id='par_1_11' title="bbox 518 1078 2120 1148">
     <span class='ocr_line' id='line_1_11' title="bbox 518 1078 2120 1148; baseline -0.002 -12"><span class='ocrx_word' id='word_1_66' title='bbox 518 1082 801 1137; x_wconf 71' lang='lat' dir='ltr'><strong>Radberti</strong></span> <span class='ocrx_word' id='word_1_67' title='bbox 831 1082 898 1136; x_wconf 90' lang='lat' dir='ltr'><strong>de</strong></span> <span class='ocrx_word' id='word_1_68' title='bbox 923 1081 1265 1135; x_wconf 85' lang='lat' dir='ltr'><strong>Eucharistia</strong></span> <span class='ocrx_word' id='word_1_69' title='bbox 1288 1121 1301 1144; x_wconf 93' lang='lat'><strong>,</strong></span> <span class='ocrx_word' id='word_1_70' title='bbox 1342 1095 1479 1148; x_wconf 90' lang='lat' dir='ltr'><strong>quae</strong></span> <span class='ocrx_word' id='word_1_71' title='bbox 1516 1080 1876 1148; x_wconf 87' lang='lat' dir='ltr'><strong>praesentiam</strong></span> <span class='ocrx_word' id='word_1_72' title='bbox 1919 1078 2120 1132; x_wconf 85' lang='lat' dir='ltr'><strong>Christi</strong></span> 
     </span>
    </p>
   </div>
   <div class='ocr_carea' id='block_1_12' title="bbox 520 1169 2121 1241">
    <p class='ocr_par' dir='ltr' id='par_1_12' title="bbox 520 1169 2121 1241">
     <span class='ocr_line' id='line_1_12' title="bbox 520 1169 2121 1241; baseline -0.002 -16"><span class='ocrx_word' id='word_1_73' title='bbox 520 1186 681 1241; x_wconf 83' lang='lat' dir='ltr'><strong>pene</strong></span> <span class='ocrx_word' id='word_1_74' title='bbox 726 1171 888 1225; x_wconf 89' lang='lat' dir='ltr'><strong>nimis</strong></span> <span class='ocrx_word' id='word_1_75' title='bbox 934 1170 1203 1225; x_wconf 87' lang='lat' dir='ltr'><strong>carnalem</strong></span> <span class='ocrx_word' id='word_1_76' title='bbox 1246 1178 1301 1223; x_wconf 91' lang='lat' dir='ltr'><strong>et</strong></span> <span class='ocrx_word' id='word_1_77' title='bbox 1340 1172 1473 1224; x_wconf 89' lang='lat' dir='ltr'><strong>adeo</strong></span> <span class='ocrx_word' id='word_1_78' title='bbox 1510 1169 1962 1239; x_wconf 90' lang='lat' dir='ltr'><strong>caphernaitieam</strong></span> <span class='ocrx_word' id='word_1_79' title='bbox 2010 1178 2121 1223; x_wconf 90' lang='lat' dir='ltr'><strong>sta-</strong></span> 
     </span>
    </p>
   </div>
   <div class='ocr_carea' id='block_1_13' title="bbox 542 1258 2143 1327">
    <p class='ocr_par' dir='ltr' id='par_1_13' title="bbox 542 1258 2143 1327">
     <span class='ocr_line' id='line_1_13' title="bbox 542 1258 2143 1327; baseline -0.001 -14"><span class='ocrx_word' id='word_1_80' title='bbox 542 1261 671 1323; x_wconf 90' lang='lat' dir='ltr'><strong>tuit,</strong></span> <span class='ocrx_word' id='word_1_81' title='bbox 705 1274 900 1313; x_wconf 89' lang='lat' dir='ltr'><strong>novam</strong></span> <span class='ocrx_word' id='word_1_82' title='bbox 927 1259 981 1313; x_wconf 92' lang='lat' dir='ltr'><strong>in</strong></span> <span class='ocrx_word' id='word_1_83' title='bbox 1014 1258 1240 1314; x_wconf 87' lang='lat' dir='ltr'><strong>ecclesia</strong></span> <span class='ocrx_word' id='word_1_84' title='bbox 1281 1260 1700 1313; x_wconf 89' lang='lat' dir='ltr'><strong>controversiam</strong></span> <span class='ocrx_word' id='word_1_85' title='bbox 1741 1258 2143 1327; x_wconf 43' lang='lat' dir='ltr'><strong>suscitaverat,</strong></span> 
     </span>
    </p>
   </div>
   <div class='ocr_carea' id='block_1_14' title="bbox 538 1347 2119 1419">
    <p class='ocr_par' dir='ltr' id='par_1_14' title="bbox 538 1347 2119 1419">
     <span class='ocr_line' id='line_1_14' title="bbox 538 1347 2119 1419; baseline -0.001 -16"><span class='ocrx_word' id='word_1_86' title='bbox 538 1349 715 1403; x_wconf 86' lang='lat' dir='ltr'><strong>Etiam</strong></span> <span class='ocrx_word' id='word_1_87' title='bbox 744 1349 975 1419; x_wconf 89' lang='lat' dir='ltr'><strong>Erigena</strong></span> <span class='ocrx_word' id='word_1_88' title='bbox 1005 1349 1132 1402; x_wconf 86' lang='lat' dir='ltr'><strong>huic</strong></span> <span class='ocrx_word' id='word_1_89' title='bbox 1158 1349 1559 1402; x_wconf 81' lang='lat' dir='ltr'><strong>controversiae</strong></span> <span class='ocrx_word' id='word_1_90' title='bbox 1611 1362 1671 1402; x_wconf 89' lang='lat' dir='ltr'><strong>se</strong></span> <span class='ocrx_word' id='word_1_91' title='bbox 1698 1347 2009 1414; x_wconf 86' lang='lat' dir='ltr'><strong>immiscuit,</strong></span> <span class='ocrx_word' id='word_1_92' title='bbox 2064 1355 2119 1402; x_wconf 89' lang='lat' dir='ltr'><strong>et</strong></span> 
     </span>
    </p>
   </div>
   <div class='ocr_carea' id='block_1_15' title="bbox 514 1426 2119 1511">
    <p class='ocr_par' dir='ltr' id='par_1_15' title="bbox 514 1426 2119 1511">
     <span class='ocr_line' id='line_1_15' title="bbox 514 1426 2119 1511; baseline -0.001 -16"><span class='ocrx_word' id='word_1_93' title='bbox 514 1426 661 1495; x_wconf 36' lang='lat' dir='ltr'><strong>&#39;cum</strong></span> <span class='ocrx_word' id='word_1_94' title='bbox 704 1439 1000 1495; x_wconf 82' lang='lat' dir='ltr'><strong>Ratramno</strong></span> <span class='ocrx_word' id='word_1_95' title='bbox 1037 1440 1373 1509; x_wconf 88' lang='lat' dir='ltr'><strong>potissimum</strong></span> <span class='ocrx_word' id='word_1_96' title='bbox 1408 1441 1685 1510; x_wconf 69' lang='lat' dir='ltr'><strong>spiritualc</strong></span> <span class='ocrx_word' id='word_1_97' title='bbox 1712 1441 1977 1511; x_wconf 78' lang='lat' dir='ltr'><strong>dogmatis</strong></span> <span class='ocrx_word' id='word_1_98' title='bbox 2004 1456 2119 1495; x_wconf 89' lang='lat' dir='ltr'><strong>mo-</strong></span> 
     </span>
    </p>
   </div>
   <div class='ocr_carea' id='block_1_16' title="bbox 536 1528 2117 1602">
    <p class='ocr_par' dir='ltr' id='par_1_16' title="bbox 536 1528 2117 1602">
     <span class='ocr_line' id='line_1_16' title="bbox 536 1528 2117 1602; baseline -0.001 -18"><span class='ocrx_word' id='word_1_99' title='bbox 536 1539 777 1584; x_wconf 85' lang='lat' dir='ltr'><strong>mentum</strong></span> <span class='ocrx_word' id='word_1_100' title='bbox 810 1529 1116 1584; x_wconf 80' lang='lat' dir='ltr'><strong>illustravit.</strong></span> <span class='ocrx_word' id='word_1_101' title='bbox 1159 1529 1308 1595; x_wconf 86' lang='lat' dir='ltr'><strong>Quae</strong></span> <span class='ocrx_word' id='word_1_102' title='bbox 1330 1529 1639 1602; x_wconf 79' lang='lat' dir='ltr'><strong>singillatim</strong></span> <span class='ocrx_word' id='word_1_103' title='bbox 1672 1529 1738 1584; x_wconf 90' lang='lat' dir='ltr'><strong>de</strong></span> <span class='ocrx_word' id='word_1_104' title='bbox 1775 1528 2117 1583; x_wconf 87' lang='lat' dir='ltr'><strong>Eucharistia</strong></span> 
     </span>
    </p>
   </div>
   <div class='ocr_carea' id='block_1_17' title="bbox 513 1606 2116 1698">
    <p class='ocr_par' dir='ltr' id='par_1_17' title="bbox 513 1606 2116 1698">
     <span class='ocr_line' id='line_1_17' title="bbox 513 1606 2116 1698; baseline -0.001 -26"><span class='ocrx_word' id='word_1_105' title='bbox 513 1612 821 1698; x_wconf 21' lang='lat' dir='ltr'><strong>u&#39;docuerit,</strong></span> <span class='ocrx_word' id='word_1_106' title='bbox 868 1620 1172 1685; x_wconf 85' lang='lat' dir='ltr'><strong>nescimus,</strong></span> <span class='ocrx_word' id='word_1_107' title='bbox 1226 1634 1389 1687; x_wconf 92' lang='lat' dir='ltr'><strong>quum</strong></span> <span class='ocrx_word' id='word_1_108' title='bbox 1421 1606 1586 1684; x_wconf 85' lang='lat' dir='ltr'><strong>liber,</strong></span> <span class='ocrx_word' id='word_1_109' title='bbox 1620 1618 1712 1687; x_wconf 90' lang='lat' dir='ltr'><strong>qui</strong></span> <span class='ocrx_word' id='word_1_110' title='bbox 1742 1634 1771 1672; x_wconf 90' lang='lat' dir='ltr'><strong>a</strong></span> <span class='ocrx_word' id='word_1_111' title='bbox 1794 1618 2116 1688; x_wconf 87' lang='lat' dir='ltr'><strong>quibusdam</strong></span> 
     </span>
    </p>
   </div>
   <div class='ocr_carea' id='block_1_18' title="bbox 538 1708 2116 1780">
    <p class='ocr_par' dir='ltr' id='par_1_18' title="bbox 538 1708 2116 1780">
     <span class='ocr_line' id='line_1_18' title="bbox 538 1708 2116 1780; baseline -0.001 -16"><span class='ocrx_word' id='word_1_112' title='bbox 538 1711 802 1780; x_wconf 84' lang='lat' dir='ltr'><strong>Erigenae</strong></span> <span class='ocrx_word' id='word_1_113' title='bbox 829 1710 1132 1779; x_wconf 86' lang='lat' dir='ltr'><strong>adscriptus</strong></span> <span class='ocrx_word' id='word_1_114' title='bbox 1162 1718 1264 1773; x_wconf 91' lang='lat' dir='ltr'><strong>est,</strong></span> <span class='ocrx_word' id='word_1_115' title='bbox 1295 1708 1524 1764; x_wconf 82' lang='lat' dir='ltr'><strong>fortasse</strong></span> <span class='ocrx_word' id='word_1_116' title='bbox 1557 1709 1667 1779; x_wconf 88' lang='lat' dir='ltr'><strong>jam</strong></span> <span class='ocrx_word' id='word_1_117' title='bbox 1718 1719 1843 1764; x_wconf 88' lang='lat' dir='ltr'><strong>ante</strong></span> <span class='ocrx_word' id='word_1_118' title='bbox 1874 1709 2116 1764; x_wconf 81' lang='lat' dir='ltr'><strong>seculum</strong></span> 
     </span>
    </p>
   </div>
   <div class='ocr_carea' id='block_1_19' title="bbox 2233 535 3804 612">
    <p class='ocr_par' dir='ltr' id='par_1_19' title="bbox 2233 535 3804 612">
     <span class='ocr_line' id='line_1_19' title="bbox 2233 535 3804 612; baseline 0.004 -23"><span class='ocrx_word' id='word_1_119' title='bbox 2233 546 2456 590; x_wconf 82' lang='lat' dir='ltr'><strong>necatus</strong></span> <span class='ocrx_word' id='word_1_120' title='bbox 2485 536 2592 589; x_wconf 91' lang='lat' dir='ltr'><strong>vita</strong></span> <span class='ocrx_word' id='word_1_121' title='bbox 2627 535 2858 591; x_wconf 88' lang='lat' dir='ltr'><strong>decessit</strong></span> <span class='ocrx_word' id='word_1_122' title='bbox 2889 536 2984 607; x_wconf 78' lang='grc' dir='ltr'><strong>(ε).</strong></span> <span class='ocrx_word' id='word_1_123' title='bbox 3016 535 3179 591; x_wconf 83' lang='lat' dir='ltr'><strong>Fama</strong></span> <span class='ocrx_word' id='word_1_124' title='bbox 3209 540 3476 608; x_wconf 83' lang='lat' dir='ltr'><strong>perhibet,</strong></span> <span class='ocrx_word' id='word_1_125' title='bbox 3525 550 3648 610; x_wconf 56' lang='lat' dir='ltr'><strong>pest</strong></span> <span class='ocrx_word' id='word_1_126' title='bbox 3687 542 3804 612; x_wconf 84' lang='lat' dir='ltr'><strong>ejus</strong></span> 
     </span>
    </p>
   </div>
   <div class='ocr_carea' id='block_1_20' title="bbox 2200 627 3801 707">
    <p class='ocr_par' dir='ltr' id='par_1_20' title="bbox 2200 627 3801 707">
     <span class='ocr_line' id='line_1_20' title="bbox 2200 627 3801 707; baseline 0.006 -27"><span class='ocrx_word' id='word_1_127' title='bbox 2200 635 2456 707; x_wconf 29' lang='lat' dir='ltr'><strong>‘mortem</strong></span> <span class='ocrx_word' id='word_1_128' title='bbox 2487 641 2659 695; x_wconf 86' lang='lat' dir='ltr'><strong>super</strong></span> <span class='ocrx_word' id='word_1_129' title='bbox 2683 627 2989 696; x_wconf 83' lang='lat' dir='ltr'><strong>sepulcrum</strong></span> <span class='ocrx_word' id='word_1_130' title='bbox 3019 627 3135 695; x_wconf 85' lang='lat' dir='ltr'><strong>ejus</strong></span> <span class='ocrx_word' id='word_1_131' title='bbox 3176 627 3350 683; x_wconf 90' lang='lat' dir='ltr'><strong>lucem</strong></span> <span class='ocrx_word' id='word_1_132' title='bbox 3395 632 3587 685; x_wconf 86' lang='lat' dir='ltr'><strong>miram</strong></span> <span class='ocrx_word' id='word_1_133' title='bbox 3628 634 3801 690; x_wconf 88' lang='lat' dir='ltr'><strong>visam</strong></span> 
     </span>
    </p>
   </div>
   <div class='ocr_carea' id='block_1_21' title="bbox 2227 712 3805 785">
    <p class='ocr_par' dir='ltr' id='par_1_21' title="bbox 2227 712 3805 785">
     <span class='ocr_line' id='line_1_21' title="bbox 2227 712 3805 785; baseline 0.01 -18"><span class='ocrx_word' id='word_1_134' title='bbox 2227 715 2394 770; x_wconf 84' lang='lat' dir='ltr'><strong>fuisse</strong></span> <span class='ocrx_word' id='word_1_135' title='bbox 2420 757 2433 780; x_wconf 93' lang='lat'><strong>,</strong></span> <span class='ocrx_word' id='word_1_136' title='bbox 2474 731 2699 785; x_wconf 87' lang='lat' dir='ltr'><strong>eamque</strong></span> <span class='ocrx_word' id='word_1_137' title='bbox 2746 727 2852 771; x_wconf 91' lang='lat' dir='ltr'><strong>tam</strong></span> <span class='ocrx_word' id='word_1_138' title='bbox 2892 718 2980 773; x_wconf 91' lang='lat' dir='ltr'><strong>diu</strong></span> <span class='ocrx_word' id='word_1_139' title='bbox 3016 712 3301 775; x_wconf 47' lang='lat' dir='ltr'><strong>&#39;refulsisse</strong></span> <span class='ocrx_word' id='word_1_140' title='bbox 3329 761 3344 785; x_wconf 98' lang='lat'><strong>,</strong></span> <span class='ocrx_word' id='word_1_141' title='bbox 3391 723 3563 777; x_wconf 91' lang='lat' dir='ltr'><strong>donec</strong></span> <span class='ocrx_word' id='word_1_142' title='bbox 3611 725 3658 779; x_wconf 91' lang='lat' dir='ltr'><strong>ei</strong></span> <span class='ocrx_word' id='word_1_143' title='bbox 3706 728 3805 782; x_wconf 89' lang='lat' dir='ltr'><strong>ho-</strong></span> 
     </span>
    </p>
   </div>
   <div class='ocr_carea' id='block_1_22' title="bbox 2225 805 3798 878">
    <p class='ocr_par' dir='ltr' id='par_1_22' title="bbox 2225 805 3798 878">
     <span class='ocr_line' id='line_1_22' title="bbox 2225 805 3798 878; baseline 0.008 -19"><span class='ocrx_word' id='word_1_144' title='bbox 2225 805 2431 860; x_wconf 88' lang='lat' dir='ltr'><strong>nestius</strong></span> <span class='ocrx_word' id='word_1_145' title='bbox 2458 806 2619 859; x_wconf 89' lang='lat' dir='ltr'><strong>etiam</strong></span> <span class='ocrx_word' id='word_1_146' title='bbox 2672 807 2975 877; x_wconf 86' lang='lat' dir='ltr'><strong>sepulcrum</strong></span> <span class='ocrx_word' id='word_1_147' title='bbox 3016 807 3071 861; x_wconf 90' lang='lat' dir='ltr'><strong>in</strong></span> <span class='ocrx_word' id='word_1_148' title='bbox 3113 809 3319 878; x_wconf 84' lang='lat' dir='ltr'><strong>majore</strong></span> <span class='ocrx_word' id='word_1_149' title='bbox 3351 810 3798 872; x_wconf 84' lang='lat' dir='ltr'><strong>Malmesburien-</strong></span> 
     </span>
    </p>
   </div>
   <div class='ocr_carea' id='block_1_23' title="bbox 2225 895 3797 969">
    <p class='ocr_par' dir='ltr' id='par_1_23' title="bbox 2225 895 3797 969">
     <span class='ocr_line' id='line_1_23' title="bbox 2225 895 3797 969; baseline 0.01 -22"><span class='ocrx_word' id='word_1_150' title='bbox 2225 896 2364 948; x_wconf 89' lang='lat' dir='ltr'><strong>sium</strong></span> <span class='ocrx_word' id='word_1_151' title='bbox 2381 895 2606 950; x_wconf 91' lang='lat' dir='ltr'><strong>ecclesia</strong></span> <span class='ocrx_word' id='word_1_152' title='bbox 2624 911 2790 966; x_wconf 89' lang='lat' dir='ltr'><strong>prope</strong></span> <span class='ocrx_word' id='word_1_153' title='bbox 2806 896 2976 952; x_wconf 90' lang='lat' dir='ltr'><strong>altare</strong></span> <span class='ocrx_word' id='word_1_154' title='bbox 2996 901 3370 967; x_wconf 62' lang='lat' dir='ltr'><strong>pararetur“.</strong></span> <span class='ocrx_word' id='word_1_155' title='bbox 3390 902 3560 969; x_wconf 80' lang='lat' dir='ltr'><strong>Quam</strong></span> <span class='ocrx_word' id='word_1_156' title='bbox 3581 906 3647 960; x_wconf 88' lang='lat' dir='ltr'><strong>ob</strong></span> <span class='ocrx_word' id='word_1_157' title='bbox 3669 923 3797 961; x_wconf 89' lang='lat' dir='ltr'><strong>cau-</strong></span> 
     </span>
    </p>
   </div>
   <div class='ocr_carea' id='block_1_24' title="bbox 2162 977 3796 1065">
    <p class='ocr_par' dir='ltr' id='par_1_24' title="bbox 2162 977 3796 1065">
     <span class='ocr_line' id='line_1_24' title="bbox 2162 977 3796 1065; baseline 0.011 -29"><span class='ocrx_word' id='word_1_158' title='bbox 2162 1000 2167 1001; x_wconf 51' lang='lat'>’</span> <span class='ocrx_word' id='word_1_159' title='bbox 2223 998 2339 1037; x_wconf 88' lang='lat' dir='ltr'><strong>sam</strong></span> <span class='ocrx_word' id='word_1_160' title='bbox 2391 977 2497 1039; x_wconf 75' lang='lat' dir='ltr'><strong>nbn</strong></span> <span class='ocrx_word' id='word_1_161' title='bbox 2544 986 2746 1051; x_wconf 91' lang='lat' dir='ltr'><strong>minus,</strong></span> <span class='ocrx_word' id='word_1_162' title='bbox 2779 1002 2942 1056; x_wconf 89' lang='lat' dir='ltr'><strong>quam</strong></span> <span class='ocrx_word' id='word_1_163' title='bbox 2983 997 3207 1057; x_wconf 84' lang='lat' dir='ltr'><strong>propter</strong></span> <span class='ocrx_word' id='word_1_164' title='bbox 3242 991 3387 1046; x_wconf 85' lang='lat' dir='ltr'><strong>vitae</strong></span> <span class='ocrx_word' id='word_1_165' title='bbox 3431 992 3796 1065; x_wconf 85' lang='lat' dir='ltr'><strong>integritatem</strong></span> 
     </span>
    </p>
   </div>
   <div class='ocr_carea' id='block_1_25' title="bbox 2223 1076 3795 1158">
    <p class='ocr_par' dir='ltr' id='par_1_25' title="bbox 2223 1076 3795 1158">
     <span class='ocr_line' id='line_1_25' title="bbox 2223 1076 3795 1158; baseline 0.011 -29"><span class='ocrx_word' id='word_1_166' title='bbox 2223 1076 2277 1130; x_wconf 90' lang='lat' dir='ltr'><strong>in</strong></span> <span class='ocrx_word' id='word_1_167' title='bbox 2311 1076 2640 1132; x_wconf 81' lang='lat' dir='ltr'><strong>Francorum</strong></span> <span class='ocrx_word' id='word_1_168' title='bbox 2669 1078 3073 1150; x_wconf 81' lang='lat' dir='ltr'><strong>Anglorumque</strong></span> <span class='ocrx_word' id='word_1_169' title='bbox 3102 1084 3501 1155; x_wconf 83' lang='lat' dir='ltr'><strong>martyrologiis</strong></span> <span class='ocrx_word' id='word_1_170' title='bbox 3527 1102 3690 1158; x_wconf 90' lang='lat' dir='ltr'><strong>usque</strong></span> <span class='ocrx_word' id='word_1_171' title='bbox 3724 1091 3795 1146; x_wconf 90' lang='lat' dir='ltr'><strong>ad</strong></span> 
     </span>
    </p>
   </div>
   <div class='ocr_carea' id='block_1_26' title="bbox 2224 1169 3794 1247">
    <p class='ocr_par' dir='ltr' id='par_1_26' title="bbox 2224 1169 3794 1247">
     <span class='ocr_line' id='line_1_26' title="bbox 2224 1169 3794 1247; baseline 0.01 -27"><span class='ocrx_word' id='word_1_172' title='bbox 2224 1183 2424 1222; x_wconf 90' lang='lat' dir='ltr'><strong>annum</strong></span> <span class='ocrx_word' id='word_1_173' title='bbox 2458 1169 2616 1234; x_wconf 76' lang='grc'>1585,</span> <span class='ocrx_word' id='word_1_174' title='bbox 2651 1184 2760 1239; x_wconf 91' lang='lat' dir='ltr'><strong>quo</strong></span> <span class='ocrx_word' id='word_1_175' title='bbox 2786 1169 3152 1226; x_wconf 79' lang='lat' dir='ltr'><strong>Romanorum</strong></span> <span class='ocrx_word' id='word_1_176' title='bbox 3183 1172 3306 1227; x_wconf 84' lang='lat' dir='ltr'><strong>libri</strong></span> <span class='ocrx_word' id='word_1_177' title='bbox 3331 1174 3563 1247; x_wconf 86' lang='lat' dir='ltr'><strong>liturgici</strong></span> <span class='ocrx_word' id='word_1_178' title='bbox 3593 1179 3794 1236; x_wconf 84' lang='lat' dir='ltr'><strong>inducti</strong></span> 
     </span>
    </p>
   </div>
   <div class='ocr_carea' id='block_1_27' title="bbox 2222 1258 3789 1332">
    <p class='ocr_par' dir='ltr' id='par_1_27' title="bbox 2222 1258 3789 1332">
     <span class='ocr_line' id='line_1_27' title="bbox 2222 1258 3789 1332; baseline 0.01 -23"><span class='ocrx_word' id='word_1_179' title='bbox 2222 1267 2368 1322; x_wconf 90' lang='lat' dir='ltr'><strong>sunt,</strong></span> <span class='ocrx_word' id='word_1_180' title='bbox 2422 1258 2563 1311; x_wconf 87' lang='lat' dir='ltr'><strong>inter</strong></span> <span class='ocrx_word' id='word_1_181' title='bbox 2608 1268 2825 1314; x_wconf 90' lang='lat' dir='ltr'><strong>sanctos</strong></span> <span class='ocrx_word' id='word_1_182' title='bbox 2872 1269 3138 1332; x_wconf 85' lang='lat' dir='ltr'><strong>martyres</strong></span> <span class='ocrx_word' id='word_1_183' title='bbox 3186 1276 3640 1323; x_wconf 88' lang='lat' dir='ltr'><strong>commemoratus</strong></span> <span class='ocrx_word' id='word_1_184' title='bbox 3689 1278 3789 1325; x_wconf 87' lang='lat' dir='ltr'><strong>est.</strong></span> 
     </span>
    </p>
   </div>
   <div class='ocr_carea' id='block_1_28' title="bbox 2224 1338 3794 1429">
    <p class='ocr_par' dir='ltr' id='par_1_28' title="bbox 2224 1338 3794 1429">
     <span class='ocr_line' id='line_1_28' title="bbox 2224 1338 3794 1429; baseline 0.011 -29"><span class='ocrx_word' id='word_1_185' title='bbox 2224 1344 2423 1401; x_wconf 87' lang='lat' dir='ltr'><strong>Sancte</strong></span> <span class='ocrx_word' id='word_1_186' title='bbox 2445 1338 2602 1413; x_wconf 67' lang='lat' dir='ltr'><strong>vixit,</strong></span> <span class='ocrx_word' id='word_1_187' title='bbox 2631 1362 2806 1417; x_wconf 90' lang='lat' dir='ltr'><strong>neque</strong></span> <span class='ocrx_word' id='word_1_188' title='bbox 2834 1365 3073 1419; x_wconf 85' lang='lat' dir='ltr'><strong>unquam</strong></span> <span class='ocrx_word' id='word_1_189' title='bbox 3101 1352 3217 1420; x_wconf 86' lang='lat' dir='ltr'><strong>ejus</strong></span> <span class='ocrx_word' id='word_1_190' title='bbox 3243 1355 3377 1420; x_wconf 89' lang='lat' dir='ltr'><strong>vita,</strong></span> <span class='ocrx_word' id='word_1_191' title='bbox 3420 1356 3515 1412; x_wconf 92' lang='lat' dir='ltr'><strong>scd</strong></span> <span class='ocrx_word' id='word_1_192' title='bbox 3545 1359 3656 1414; x_wconf 90' lang='lat' dir='ltr'><strong>sola</strong></span> <span class='ocrx_word' id='word_1_193' title='bbox 3680 1360 3794 1429; x_wconf 87' lang='lat' dir='ltr'><strong>ejus</strong></span> 
     </span>
    </p>
   </div>
   <div class='ocr_carea' id='block_1_29' title="bbox 2220 1434 3793 1514">
    <p class='ocr_par' dir='ltr' id='par_1_29' title="bbox 2220 1434 3793 1514">
     <span class='ocr_line' id='line_1_29' title="bbox 2220 1434 3793 1514; baseline 0.011 -25"><span class='ocrx_word' id='word_1_194' title='bbox 2220 1434 2467 1489; x_wconf 85' lang='lat' dir='ltr'><strong>doctrina</strong></span> <span class='ocrx_word' id='word_1_195' title='bbox 2507 1436 2776 1490; x_wconf 87' lang='lat' dir='ltr'><strong>interdum</strong></span> <span class='ocrx_word' id='word_1_196' title='bbox 2811 1437 3113 1507; x_wconf 80' lang='lat' dir='ltr'><strong>vituperata</strong></span> <span class='ocrx_word' id='word_1_197' title='bbox 3146 1450 3265 1509; x_wconf 90' lang='lat' dir='ltr'><strong>est,</strong></span> <span class='ocrx_word' id='word_1_198' title='bbox 3308 1444 3562 1514; x_wconf 83' lang='lat' dir='ltr'><strong>quamvis</strong></span> <span class='ocrx_word' id='word_1_199' title='bbox 3590 1446 3793 1507; x_wconf 82' lang='lat' dir='ltr'><strong>incerta</strong></span> 
     </span>
    </p>
   </div>
   <div class='ocr_carea' id='block_1_30' title="bbox 2186 1524 3794 1616">
    <p class='ocr_par' dir='ltr' id='par_1_30' title="bbox 2186 1524 3794 1616">
     <span class='ocr_line' id='line_1_30' title="bbox 2186 1524 3794 1616; baseline 0.012 -39"><span class='ocrx_word' id='word_1_200' title='bbox 2186 1524 2274 1613; x_wconf 44' lang='lat' dir='ltr'><strong>:et</strong></span> <span class='ocrx_word' id='word_1_201' title='bbox 2307 1526 2578 1597; x_wconf 82' lang='lat' dir='ltr'><strong>ambigua,</strong></span> <span class='ocrx_word' id='word_1_202' title='bbox 2613 1535 2669 1581; x_wconf 91' lang='lat' dir='ltr'><strong>ut</strong></span> <span class='ocrx_word' id='word_1_203' title='bbox 2703 1529 2953 1596; x_wconf 86' lang='lat' dir='ltr'><strong>vidimus,</strong></span> <span class='ocrx_word' id='word_1_204' title='bbox 3009 1530 3098 1585; x_wconf 88' lang='lat' dir='ltr'><strong>illa</strong></span> <span class='ocrx_word' id='word_1_205' title='bbox 3148 1530 3285 1616; x_wconf 69' lang='lat' dir='ltr'><strong>sint,</strong></span> <span class='ocrx_word' id='word_1_206' title='bbox 3328 1552 3466 1606; x_wconf 89' lang='lat' dir='ltr'><strong>quae</strong></span> <span class='ocrx_word' id='word_1_207' title='bbox 3491 1539 3794 1610; x_wconf 86' lang='lat' dir='ltr'><strong>antiquiore</strong></span> 
     </span>
    </p>
   </div>
   <div class='ocr_carea' id='block_1_31' title="bbox 2186 1618 3791 1703">
    <p class='ocr_par' dir='ltr' id='par_1_31' title="bbox 2186 1618 3791 1703">
     <span class='ocr_line' id='line_1_31' title="bbox 2186 1618 3791 1703; baseline 0.012 -33"><span class='ocrx_word' id='word_1_208' title='bbox 2186 1625 2467 1703; x_wconf 36' lang='lat' dir='ltr'><strong>-tempore</strong></span> <span class='ocrx_word' id='word_1_209' title='bbox 2506 1618 2764 1674; x_wconf 86' lang='lat' dir='ltr'><strong>adversus</strong></span> <span class='ocrx_word' id='word_1_210' title='bbox 2804 1620 3179 1676; x_wconf 84' lang='lat' dir='ltr'><strong>orthodoxiam</strong></span> <span class='ocrx_word' id='word_1_211' title='bbox 3222 1623 3339 1692; x_wconf 88' lang='lat' dir='ltr'><strong>ejus</strong></span> <span class='ocrx_word' id='word_1_212' title='bbox 3377 1640 3627 1698; x_wconf 86' lang='lat' dir='ltr'><strong>suscepta</strong></span> <span class='ocrx_word' id='word_1_213' title='bbox 3672 1645 3791 1688; x_wconf 85' lang='lat' dir='ltr'><strong>esse</strong></span> 
     </span>
    </p>
   </div>
   <div class='ocr_carea' id='block_1_32' title="bbox 2222 1706 3790 1781">
    <p class='ocr_par' dir='ltr' id='par_1_32' title="bbox 2222 1706 3790 1781">
     <span class='ocr_line' id='line_1_32' title="bbox 2222 1706 3790 1781; baseline 0.01 -20"><span class='ocrx_word' id='word_1_214' title='bbox 2222 1706 2495 1761; x_wconf 91' lang='lat' dir='ltr'><strong>dicuntur.</strong></span> <span class='ocrx_word' id='word_1_215' title='bbox 2529 1706 2745 1762; x_wconf 88' lang='lat' dir='ltr'><strong>Statura</strong></span> <span class='ocrx_word' id='word_1_216' title='bbox 2779 1710 3006 1781; x_wconf 84' lang='lat' dir='ltr'><strong>exiguus</strong></span> <span class='ocrx_word' id='word_1_217' title='bbox 3040 1710 3180 1778; x_wconf 83' lang='lat' dir='ltr'><strong>fuit;</strong></span> <span class='ocrx_word' id='word_1_218' title='bbox 3218 1714 3385 1768; x_wconf 89' lang='lat' dir='ltr'><strong>animi</strong></span> <span class='ocrx_word' id='word_1_219' title='bbox 3428 1732 3557 1772; x_wconf 87' lang='lat' dir='ltr'><strong>vero</strong></span> <span class='ocrx_word' id='word_1_220' title='bbox 3581 1719 3790 1776; x_wconf 88' lang='lat' dir='ltr'><strong>cultura</strong></span> 
     </span>
    </p>
   </div>
   <div class='ocr_carea' id='block_1_33' title="bbox 532 1797 3791 1883">
    <p class='ocr_par' dir='ltr' id='par_1_33' title="bbox 532 1797 3791 1883">
     <span class='ocr_line' id='line_1_33' title="bbox 532 1797 3791 1883; baseline 0.003 -28"><span class='ocrx_word' id='word_1_221' title='bbox 532 1802 879 1857; x_wconf 90' lang='lat' dir='ltr'><strong>undecimum</strong></span> <span class='ocrx_word' id='word_1_222' title='bbox 920 1801 1260 1855; x_wconf 73' lang='lat' dir='ltr'><strong>interierit&quot;.</strong></span> <span class='ocrx_word' id='word_1_223' title='bbox 1287 1800 1514 1854; x_wconf 87' lang='lat' dir='ltr'><strong>Dubium</strong></span> <span class='ocrx_word' id='word_1_224' title='bbox 1543 1800 1687 1853; x_wconf 91' lang='lat' dir='ltr'><strong>enim</strong></span> <span class='ocrx_word' id='word_1_225' title='bbox 1713 1815 1818 1855; x_wconf 94' lang='lat' dir='ltr'><strong>non</strong></span> <span class='ocrx_word' id='word_1_226' title='bbox 1851 1808 1956 1865; x_wconf 85' lang='lat' dir='ltr'><strong>est,</strong></span> <span class='ocrx_word' id='word_1_227' title='bbox 1988 1800 2118 1869; x_wconf 92' lang='lat' dir='ltr'><strong>quin</strong></span> <span class='ocrx_word' id='word_1_228' title='bbox 2147 1801 2194 1861; x_wconf 88' lang='lat' dir='ltr'><strong>B</strong></span> <span class='ocrx_word' id='word_1_229' title='bbox 2224 1797 2471 1867; x_wconf 82' lang='lat' dir='ltr'><strong>insignis,</strong></span> <span class='ocrx_word' id='word_1_230' title='bbox 2499 1798 2715 1869; x_wconf 80' lang='lat' dir='ltr'><strong>ingenio</strong></span> <span class='ocrx_word' id='word_1_231' title='bbox 2742 1801 2854 1855; x_wconf 88' lang='lat' dir='ltr'><strong>acri</strong></span> <span class='ocrx_word' id='word_1_232' title='bbox 2884 1809 2941 1854; x_wconf 92' lang='lat' dir='ltr'><strong>et</strong></span> <span class='ocrx_word' id='word_1_233' title='bbox 2961 1801 3199 1869; x_wconf 88' lang='lat' dir='ltr'><strong>sublimi,</strong></span> <span class='ocrx_word' id='word_1_234' title='bbox 3232 1805 3458 1881; x_wconf 89' lang='lat' dir='ltr'><strong>scientia</strong></span> <span class='ocrx_word' id='word_1_235' title='bbox 3484 1815 3593 1863; x_wconf 89' lang='lat' dir='ltr'><strong>tam</strong></span> <span class='ocrx_word' id='word_1_236' title='bbox 3615 1804 3791 1883; x_wconf 87' lang='lat' dir='ltr'><strong>ampla</strong></span> 
     </span>
    </p>
   </div>
   <div class='ocr_carea' id='block_1_34' title="bbox 528 1889 2116 1958">
    <p class='ocr_par' dir='ltr' id='par_1_34' title="bbox 528 1889 2116 1958">
     <span class='ocr_line' id='line_1_34' title="bbox 528 1889 2116 1958; baseline 0 -11"><span class='ocrx_word' id='word_1_237' title='bbox 528 1891 618 1948; x_wconf 90' lang='lat' dir='ltr'><strong>vel</strong></span> <span class='ocrx_word' id='word_1_238' title='bbox 642 1894 783 1949; x_wconf 90' lang='lat' dir='ltr'><strong>idem</strong></span> <span class='ocrx_word' id='word_1_239' title='bbox 812 1891 900 1947; x_wconf 92' lang='lat' dir='ltr'><strong>vel</strong></span> <span class='ocrx_word' id='word_1_240' title='bbox 928 1892 1064 1948; x_wconf 90' lang='lat' dir='ltr'><strong>alius</strong></span> <span class='ocrx_word' id='word_1_241' title='bbox 1090 1892 1227 1946; x_wconf 89' lang='lat' dir='ltr'><strong>liber</strong></span> <span class='ocrx_word' id='word_1_242' title='bbox 1253 1893 1318 1945; x_wconf 89' lang='lat' dir='ltr'><strong>de</strong></span> <span class='ocrx_word' id='word_1_243' title='bbox 1347 1890 1705 1956; x_wconf 89' lang='lat' dir='ltr'><strong>Eucharistia,</strong></span> <span class='ocrx_word' id='word_1_244' title='bbox 1751 1889 1903 1958; x_wconf 88' lang='lat' dir='ltr'><strong>cujus</strong></span> <span class='ocrx_word' id='word_1_245' title='bbox 1929 1901 2116 1947; x_wconf 88' lang='lat' dir='ltr'><strong>aucto-</strong></span> 
     </span>
    </p>
   </div>
   <div class='ocr_carea' id='block_1_35' title="bbox 532 1981 2114 2059">
    <p class='ocr_par' dir='ltr' id='par_1_35' title="bbox 532 1981 2114 2059">
     <span class='ocr_line' id='line_1_35' title="bbox 532 1981 2114 2059; baseline -0.003 -20"><span class='ocrx_word' id='word_1_246' title='bbox 532 1986 697 2039; x_wconf 86' lang='lat' dir='ltr'><strong>ritate</strong></span> <span class='ocrx_word' id='word_1_247' title='bbox 734 1985 1105 2059; x_wconf 79' lang='lat' dir='ltr'><strong>Berengarius</strong></span> <span class='ocrx_word' id='word_1_248' title='bbox 1126 1999 1257 2037; x_wconf 91' lang='lat' dir='ltr'><strong>usus</strong></span> <span class='ocrx_word' id='word_1_249' title='bbox 1287 1990 1386 2046; x_wconf 89' lang='lat' dir='ltr'><strong>est,</strong></span> <span class='ocrx_word' id='word_1_250' title='bbox 1430 1993 1485 2036; x_wconf 91' lang='lat' dir='ltr'><strong>et</strong></span> <span class='ocrx_word' id='word_1_251' title='bbox 1518 1983 1608 2050; x_wconf 92' lang='lat' dir='ltr'><strong>qui</strong></span> <span class='ocrx_word' id='word_1_252' title='bbox 1649 1983 1703 2036; x_wconf 91' lang='lat' dir='ltr'><strong>in</strong></span> <span class='ocrx_word' id='word_1_253' title='bbox 1752 1981 1982 2036; x_wconf 90' lang='lat' dir='ltr'><strong>concilio</strong></span> <span class='ocrx_word' id='word_1_254' title='bbox 2011 1981 2114 2035; x_wconf 86' lang='lat' dir='ltr'><strong>Pa-</strong></span> 
     </span>
    </p>
   </div>
   <div class='ocr_carea' id='block_1_36' title="bbox 506 2056 2113 2141">
    <p class='ocr_par' dir='ltr' id='par_1_36' title="bbox 506 2056 2113 2141">
     <span class='ocr_line' id='line_1_36' title="bbox 506 2056 2113 2141; baseline -0.001 -14"><span class='ocrx_word' id='word_1_255' title='bbox 506 2056 679 2127; x_wconf 59' lang='lat' dir='ltr'><strong>risiis</strong></span> <span class='ocrx_word' id='word_1_256' title='bbox 704 2072 940 2127; x_wconf 83' lang='lat' dir='ltr'><strong>Henrico</strong></span> <span class='ocrx_word' id='word_1_257' title='bbox 969 2073 991 2126; x_wconf 89' lang='grc' dir='ltr'>Ι</span> <span class='ocrx_word' id='word_1_258' title='bbox 1021 2056 1148 2141; x_wconf 74' lang='lat' dir='ltr'><strong>rege</strong></span> <span class='ocrx_word' id='word_1_259' title='bbox 1176 2073 1362 2125; x_wconf 92' lang='lat' dir='ltr'><strong>habito</strong></span> <span class='ocrx_word' id='word_1_260' title='bbox 1384 2072 1690 2135; x_wconf 90' lang='lat' dir='ltr'><strong>damnatus,</strong></span> <span class='ocrx_word' id='word_1_261' title='bbox 1719 2066 1880 2140; x_wconf 87' lang='lat' dir='ltr'><strong>atque</strong></span> <span class='ocrx_word' id='word_1_262' title='bbox 1907 2072 1961 2125; x_wconf 92' lang='lat' dir='ltr'><strong>in</strong></span> <span class='ocrx_word' id='word_1_263' title='bbox 1988 2086 2113 2125; x_wconf 85' lang='lat' dir='ltr'><strong>con-</strong></span> 
     </span>
    </p>
   </div>
   <div class='ocr_carea' id='block_1_37' title="bbox 530 2161 2112 2230">
    <p class='ocr_par' dir='ltr' id='par_1_37' title="bbox 530 2161 2112 2230">
     <span class='ocr_line' id='line_1_37' title="bbox 530 2161 2112 2230; baseline -0.002 -12"><span class='ocrx_word' id='word_1_264' title='bbox 530 2164 658 2218; x_wconf 89' lang='lat' dir='ltr'><strong>cilio</strong></span> <span class='ocrx_word' id='word_1_265' title='bbox 687 2162 1018 2218; x_wconf 84' lang='lat' dir='ltr'><strong>Vercelleusi</strong></span> <span class='ocrx_word' id='word_1_266' title='bbox 1049 2178 1099 2216; x_wconf 89' lang='lat' dir='ltr'><strong>a.</strong></span> <span class='ocrx_word' id='word_1_267' title='bbox 1126 2161 1264 2215; x_wconf 80' lang='grc'>1050</span> <span class='ocrx_word' id='word_1_268' title='bbox 1297 2171 1675 2215; x_wconf 90' lang='lat' dir='ltr'><strong>concrematus</strong></span> <span class='ocrx_word' id='word_1_269' title='bbox 1699 2171 1812 2225; x_wconf 87' lang='lat' dir='ltr'><strong>est,</strong></span> <span class='ocrx_word' id='word_1_270' title='bbox 1845 2176 2019 2230; x_wconf 91' lang='lat' dir='ltr'><strong>neque</strong></span> <span class='ocrx_word' id='word_1_271' title='bbox 2043 2161 2112 2215; x_wconf 89' lang='lat' dir='ltr'><strong>ab</strong></span> 
     </span>
    </p>
   </div>
   <div class='ocr_carea' id='block_1_38' title="bbox 528 2252 2110 2324">
    <p class='ocr_par' dir='ltr' id='par_1_38' title="bbox 528 2252 2110 2324">
     <span class='ocr_line' id='line_1_38' title="bbox 528 2252 2110 2324; baseline -0.001 -16"><span class='ocrx_word' id='word_1_272' title='bbox 528 2254 762 2324; x_wconf 87' lang='lat' dir='ltr'><strong>Erigena</strong></span> <span class='ocrx_word' id='word_1_273' title='bbox 788 2293 803 2319; x_wconf 93' lang='lat'><strong>,</strong></span> <span class='ocrx_word' id='word_1_274' title='bbox 839 2268 1013 2323; x_wconf 87' lang='lat' dir='ltr'><strong>neque</strong></span> <span class='ocrx_word' id='word_1_275' title='bbox 1054 2268 1084 2305; x_wconf 90' lang='lat' dir='ltr'><strong>a</strong></span> <span class='ocrx_word' id='word_1_276' title='bbox 1114 2252 1397 2306; x_wconf 81' lang='lat' dir='ltr'><strong>Bet&#39;tt&#39;amo</strong></span> <span class='ocrx_word' id='word_1_277' title='bbox 1438 2252 1671 2320; x_wconf 91' lang='lat' dir='ltr'><strong>quodam</strong></span> <span class='ocrx_word' id='word_1_278' title='bbox 1697 2293 1712 2316; x_wconf 92' lang='lat'><strong>,</strong></span> <span class='ocrx_word' id='word_1_279' title='bbox 1769 2253 1861 2306; x_wconf 89' lang='lat' dir='ltr'><strong>sed</strong></span> <span class='ocrx_word' id='word_1_280' title='bbox 1916 2267 1946 2304; x_wconf 91' lang='lat' dir='ltr'><strong>a</strong></span> <span class='ocrx_word' id='word_1_281' title='bbox 2001 2252 2110 2306; x_wconf 80' lang='lat' dir='ltr'><strong>Ra-</strong></span> 
     </span>
    </p>
   </div>
   <div class='ocr_carea' id='block_1_39' title="bbox 527 2340 2107 2412">
    <p class='ocr_par' dir='ltr' id='par_1_39' title="bbox 527 2340 2107 2412">
     <span class='ocr_line' id='line_1_39' title="bbox 527 2340 2107 2412; baseline -0.002 -16"><span class='ocrx_word' id='word_1_282' title='bbox 527 2353 750 2397; x_wconf 87' lang='lat' dir='ltr'><strong>tramno</strong></span> <span class='ocrx_word' id='word_1_283' title='bbox 786 2342 1121 2412; x_wconf 85' lang='lat' dir='ltr'><strong>perscriptus</strong></span> <span class='ocrx_word' id='word_1_284' title='bbox 1149 2342 1218 2394; x_wconf 89' lang='lat' dir='ltr'><strong>sit</strong></span> <span class='ocrx_word' id='word_1_285' title='bbox 1256 2340 1354 2411; x_wconf 84' lang='lat' dir='ltr'><strong>(u).</strong></span> <span class='ocrx_word' id='word_1_286' title='bbox 1388 2340 1675 2392; x_wconf 81' lang='lat' dir='ltr'><strong>Maximum</strong></span> <span class='ocrx_word' id='word_1_287' title='bbox 1704 2348 1882 2393; x_wconf 90' lang='lat' dir='ltr'><strong>autem</strong></span> <span class='ocrx_word' id='word_1_288' title='bbox 1904 2349 1959 2393; x_wconf 90' lang='lat' dir='ltr'><strong>et</strong></span> <span class='ocrx_word' id='word_1_289' title='bbox 1982 2355 2107 2407; x_wconf 86' lang='lat' dir='ltr'><strong>gra-</strong></span> 
     </span>
    </p>
   </div>
   <div class='ocr_carea' id='block_1_40' title="bbox 528 2427 2109 2501">
    <p class='ocr_par' dir='ltr' id='par_1_40' title="bbox 528 2427 2109 2501">
     <span class='ocr_line' id='line_1_40' title="bbox 528 2427 2109 2501; baseline -0.002 -15"><span class='ocrx_word' id='word_1_290' title='bbox 528 2434 812 2487; x_wconf 89' lang='lat' dir='ltr'><strong>vissimum</strong></span> <span class='ocrx_word' id='word_1_291' title='bbox 859 2433 1123 2501; x_wconf 85' lang='lat' dir='ltr'><strong>Erigeuae</strong></span> <span class='ocrx_word' id='word_1_292' title='bbox 1161 2446 1295 2499; x_wconf 89' lang='lat' dir='ltr'><strong>opus</strong></span> <span class='ocrx_word' id='word_1_293' title='bbox 1324 2439 1407 2482; x_wconf 89' lang='lat' dir='ltr'><strong>est</strong></span> <span class='ocrx_word' id='word_1_294' title='bbox 1448 2428 1513 2482; x_wconf 88' lang='lat' dir='ltr'><strong>de</strong></span> <span class='ocrx_word' id='word_1_295' title='bbox 1558 2429 1821 2483; x_wconf 90' lang='lat' dir='ltr'><strong>divisione</strong></span> <span class='ocrx_word' id='word_1_296' title='bbox 1872 2427 2109 2483; x_wconf 85' lang='lat' dir='ltr'><strong>Naturae</strong></span> 
     </span>
    </p>
   </div>
   <div class='ocr_carea' id='block_1_41' title="bbox 529 2518 2107 2593">
    <p class='ocr_par' dir='ltr' id='par_1_41' title="bbox 529 2518 2107 2593">
     <span class='ocr_line' id='line_1_41' title="bbox 529 2518 2107 2593; baseline -0.003 -16"><span class='ocrx_word' id='word_1_297' title='bbox 529 2523 793 2593; x_wconf 83' lang='lat' dir='ltr'><strong>dialogus,</strong></span> <span class='ocrx_word' id='word_1_298' title='bbox 824 2523 1064 2590; x_wconf 91' lang='lat' dir='ltr'><strong>quinque</strong></span> <span class='ocrx_word' id='word_1_299' title='bbox 1090 2520 1241 2573; x_wconf 90' lang='lat' dir='ltr'><strong>libris</strong></span> <span class='ocrx_word' id='word_1_300' title='bbox 1270 2528 1546 2573; x_wconf 88' lang='lat' dir='ltr'><strong>constans.</strong></span> <span class='ocrx_word' id='word_1_301' title='bbox 1575 2518 1674 2583; x_wconf 85' lang='lat' dir='ltr'><strong>Qui</strong></span> <span class='ocrx_word' id='word_1_302' title='bbox 1713 2533 1819 2586; x_wconf 92' lang='lat' dir='ltr'><strong>quo</strong></span> <span class='ocrx_word' id='word_1_303' title='bbox 1865 2527 2107 2589; x_wconf 89' lang='lat' dir='ltr'><strong>tempore</strong></span> 
     </span>
    </p>
   </div>
   <div class='ocr_carea' id='block_1_42' title="bbox 526 2610 2104 2682">
    <p class='ocr_par' dir='ltr' id='par_1_42' title="bbox 526 2610 2104 2682">
     <span class='ocr_line' id='line_1_42' title="bbox 526 2610 2104 2682; baseline -0.003 -14"><span class='ocrx_word' id='word_1_304' title='bbox 526 2614 870 2682; x_wconf 89' lang='lat' dir='ltr'><strong>conscriptus</strong></span> <span class='ocrx_word' id='word_1_305' title='bbox 896 2613 984 2676; x_wconf 89' lang='lat' dir='ltr'><strong>sit,</strong></span> <span class='ocrx_word' id='word_1_306' title='bbox 1019 2612 1324 2675; x_wconf 88' lang='lat' dir='ltr'><strong>nescimus;</strong></span> <span class='ocrx_word' id='word_1_307' title='bbox 1356 2610 1729 2665; x_wconf 87' lang='lat' dir='ltr'><strong>auctoritatem</strong></span> <span class='ocrx_word' id='word_1_308' title='bbox 1757 2625 1883 2663; x_wconf 86' lang='lat' dir='ltr'><strong>vero</strong></span> <span class='ocrx_word' id='word_1_309' title='bbox 1912 2620 2104 2663; x_wconf 89' lang='lat' dir='ltr'><strong>nactus</strong></span> 
     </span>
    </p>
   </div>
   <div class='ocr_carea' id='block_1_43' title="bbox 496 2690 2104 2768">
    <p class='ocr_par' dir='ltr' id='par_1_43' title="bbox 496 2690 2104 2768">
     <span class='ocr_line' id='line_1_43' title="bbox 496 2690 2104 2768; baseline -0.004 -11"><span class='ocrx_word' id='word_1_310' title='bbox 496 2690 503 2695; x_wconf 61' lang='grc'><em>’</em></span> <span class='ocrx_word' id='word_1_311' title='bbox 521 2712 607 2757; x_wconf 90' lang='lat' dir='ltr'><strong>est</strong></span> <span class='ocrx_word' id='word_1_312' title='bbox 638 2703 803 2756; x_wconf 90' lang='lat' dir='ltr'><strong>multo</strong></span> <span class='ocrx_word' id='word_1_313' title='bbox 827 2703 1088 2755; x_wconf 88' lang='lat' dir='ltr'><strong>minorem</strong></span> <span class='ocrx_word' id='word_1_314' title='bbox 1102 2716 1187 2763; x_wconf 89' lang='lat' dir='ltr'><strong>ea,</strong></span> <span class='ocrx_word' id='word_1_315' title='bbox 1205 2714 1369 2768; x_wconf 85' lang='lat' dir='ltr'><strong>quam</strong></span> <span class='ocrx_word' id='word_1_316' title='bbox 1390 2698 1605 2752; x_wconf 85' lang='lat' dir='ltr'><strong>meruit.</strong></span> <span class='ocrx_word' id='word_1_317' title='bbox 1623 2697 1736 2751; x_wconf 86' lang='lat' dir='ltr'><strong>Non</strong></span> <span class='ocrx_word' id='word_1_318' title='bbox 1755 2699 1930 2751; x_wconf 87' lang='lat' dir='ltr'><strong>minus</strong></span> <span class='ocrx_word' id='word_1_319' title='bbox 1958 2699 2104 2752; x_wconf 88' lang='lat' dir='ltr'><strong>enim</strong></span> 
     </span>
    </p>
   </div>
   <div class='ocr_carea' id='block_1_44' title="bbox 522 2786 2103 2861">
    <p class='ocr_par' dir='ltr' id='par_1_44' title="bbox 522 2786 2103 2861">
     <span class='ocr_line' id='line_1_44' title="bbox 522 2786 2103 2861; baseline -0.004 -15"><span class='ocrx_word' id='word_1_320' title='bbox 522 2793 739 2847; x_wconf 91' lang='lat' dir='ltr'><strong>doctum</strong></span> <span class='ocrx_word' id='word_1_321' title='bbox 768 2808 929 2861; x_wconf 91' lang='lat' dir='ltr'><strong>quam</strong></span> <span class='ocrx_word' id='word_1_322' title='bbox 963 2790 1301 2861; x_wconf 84' lang='lat' dir='ltr'><strong>ingeniosum</strong></span> <span class='ocrx_word' id='word_1_323' title='bbox 1340 2790 1572 2858; x_wconf 88' lang='lat' dir='ltr'><strong>primum</strong></span> <span class='ocrx_word' id='word_1_324' title='bbox 1595 2798 1680 2842; x_wconf 88' lang='lat' dir='ltr'><strong>est</strong></span> <span class='ocrx_word' id='word_1_325' title='bbox 1722 2787 1777 2841; x_wconf 90' lang='lat' dir='ltr'><strong>in</strong></span> <span class='ocrx_word' id='word_1_326' title='bbox 1808 2786 2103 2842; x_wconf 87' lang='lat' dir='ltr'><strong>Occidente</strong></span> 
     </span>
    </p>
   </div>
   <div class='ocr_carea' id='block_1_45' title="bbox 523 2878 2101 2957">
    <p class='ocr_par' dir='ltr' id='par_1_45' title="bbox 523 2878 2101 2957">
     <span class='ocr_line' id='line_1_45' title="bbox 523 2878 2101 2957; baseline -0.004 -18"><span class='ocrx_word' id='word_1_327' title='bbox 523 2901 657 2954; x_wconf 91' lang='lat' dir='ltr'><strong>opus</strong></span> <span class='ocrx_word' id='word_1_328' title='bbox 691 2883 1072 2955; x_wconf 87' lang='lat' dir='ltr'><strong>theologicum,</strong></span> <span class='ocrx_word' id='word_1_329' title='bbox 1097 2881 1259 2957; x_wconf 87' lang='lat' dir='ltr'><strong>quod,</strong></span> <span class='ocrx_word' id='word_1_330' title='bbox 1287 2879 1464 2934; x_wconf 92' lang='lat' dir='ltr'><strong>indole</strong></span> <span class='ocrx_word' id='word_1_331' title='bbox 1488 2880 1708 2933; x_wconf 88' lang='lat' dir='ltr'><strong>omnino</strong></span> <span class='ocrx_word' id='word_1_332' title='bbox 1730 2878 2101 2948; x_wconf 85' lang='lat' dir='ltr'><strong>philosophica</strong></span> 
     </span>
    </p>
   </div>
   <div class='ocr_carea' id='block_1_46' title="bbox 520 2970 2101 3044">
    <p class='ocr_par' dir='ltr' id='par_1_46' title="bbox 520 2970 2101 3044">
     <span class='ocr_line' id='line_1_46' title="bbox 520 2970 2101 3044; baseline -0.001 -18"><span class='ocrx_word' id='word_1_333' title='bbox 520 2976 839 3044; x_wconf 85' lang='lat' dir='ltr'><strong>praeditum,</strong></span> <span class='ocrx_word' id='word_1_334' title='bbox 874 2973 1175 3026; x_wconf 87' lang='lat' dir='ltr'><strong>sententias</strong></span> <span class='ocrx_word' id='word_1_335' title='bbox 1200 2986 1293 3025; x_wconf 90' lang='lat' dir='ltr'><strong>eas</strong></span> <span class='ocrx_word' id='word_1_336' title='bbox 1320 2970 1592 3040; x_wconf 88' lang='lat' dir='ltr'><strong>proponit,</strong></span> <span class='ocrx_word' id='word_1_337' title='bbox 1621 2970 1817 3038; x_wconf 90' lang='lat' dir='ltr'><strong>quibus</strong></span> <span class='ocrx_word' id='word_1_338' title='bbox 1843 2979 1897 3024; x_wconf 90' lang='lat' dir='ltr'><strong>et</strong></span> <span class='ocrx_word' id='word_1_339' title='bbox 1942 2971 2101 3024; x_wconf 84' lang='lat' dir='ltr'><strong>scho-</strong></span> 
     </span>
    </p>
   </div>
   <div class='ocr_carea' id='block_1_47' title="bbox 519 3059 2099 3131">
    <p class='ocr_par' dir='ltr' id='par_1_47' title="bbox 519 3059 2099 3131">
     <span class='ocr_line' id='line_1_47' title="bbox 519 3059 2099 3131; baseline 0 -17"><span class='ocrx_word' id='word_1_340' title='bbox 519 3063 831 3117; x_wconf 87' lang='lat' dir='ltr'><strong>lasticorum</strong></span> <span class='ocrx_word' id='word_1_341' title='bbox 854 3061 1022 3129; x_wconf 89' lang='lat' dir='ltr'><strong>logica</strong></span> <span class='ocrx_word' id='word_1_342' title='bbox 1046 3070 1100 3114; x_wconf 92' lang='lat' dir='ltr'><strong>et</strong></span> <span class='ocrx_word' id='word_1_343' title='bbox 1121 3060 1346 3131; x_wconf 87' lang='lat' dir='ltr'><strong>mystica</strong></span> <span class='ocrx_word' id='word_1_344' title='bbox 1378 3059 1584 3114; x_wconf 88' lang='lat' dir='ltr'><strong>mediae</strong></span> <span class='ocrx_word' id='word_1_345' title='bbox 1605 3061 1804 3113; x_wconf 88' lang='lat' dir='ltr'><strong>aetatis</strong></span> <span class='ocrx_word' id='word_1_346' title='bbox 1832 3060 2099 3128; x_wconf 82' lang='lat' dir='ltr'><strong>theologia</strong></span> 
     </span>
    </p>
   </div>
   <div class='ocr_carea' id='block_1_48' title="bbox 2218 1884 3788 1970">
    <p class='ocr_par' dir='ltr' id='par_1_48' title="bbox 2218 1884 3788 1970">
     <span class='ocr_line' id='line_1_48' title="bbox 2218 1884 3788 1970; baseline 0.01 -30"><span class='ocrx_word' id='word_1_347' title='bbox 2218 1904 2380 1957; x_wconf 84' lang='lat' dir='ltr'><strong>quant</strong></span> <span class='ocrx_word' id='word_1_348' title='bbox 2409 1886 2696 1958; x_wconf 85' lang='lat' dir='ltr'><strong>profunda,</strong></span> <span class='ocrx_word' id='word_1_349' title='bbox 2742 1884 3021 1945; x_wconf 84' lang='lat' dir='ltr'><strong>dialectica</strong></span> <span class='ocrx_word' id='word_1_350' title='bbox 3048 1890 3270 1947; x_wconf 87' lang='lat' dir='ltr'><strong>Platone</strong></span> <span class='ocrx_word' id='word_1_351' title='bbox 3304 1902 3361 1948; x_wconf 90' lang='lat' dir='ltr'><strong>et</strong></span> <span class='ocrx_word' id='word_1_352' title='bbox 3387 1892 3581 1951; x_wconf 88' lang='lat' dir='ltr'><strong>Proclo</strong></span> <span class='ocrx_word' id='word_1_353' title='bbox 3609 1898 3788 1970; x_wconf 82' lang='lat' dir='ltr'><strong>digna,</strong></span> 
     </span>
    </p>
   </div>
   <div class='ocr_carea' id='block_1_49' title="bbox 2188 1977 3791 2060">
    <p class='ocr_par' dir='ltr' id='par_1_49' title="bbox 2188 1977 3791 2060">
     <span class='ocr_line' id='line_1_49' title="bbox 2188 1977 3791 2060; baseline 0.006 -29"><span class='ocrx_word' id='word_1_354' title='bbox 2188 1986 2548 2060; x_wconf 32' lang='lat' dir='ltr'><strong>.postremum</strong></span> <span class='ocrx_word' id='word_1_355' title='bbox 2574 1977 2754 2032; x_wconf 90' lang='lat' dir='ltr'><strong>divino</strong></span> <span class='ocrx_word' id='word_1_356' title='bbox 2777 1980 3005 2047; x_wconf 89' lang='lat' dir='ltr'><strong>quodam</strong></span> <span class='ocrx_word' id='word_1_357' title='bbox 3036 1982 3228 2036; x_wconf 88' lang='lat' dir='ltr'><strong>mentis</strong></span> <span class='ocrx_word' id='word_1_358' title='bbox 3260 1983 3540 2052; x_wconf 89' lang='lat' dir='ltr'><strong>instinctu,</strong></span> <span class='ocrx_word' id='word_1_359' title='bbox 3563 2002 3671 2057; x_wconf 91' lang='lat' dir='ltr'><strong>quo</strong></span> <span class='ocrx_word' id='word_1_360' title='bbox 3696 2003 3791 2044; x_wconf 84' lang='lat' dir='ltr'><strong>ex-</strong></span> 
     </span>
    </p>
   </div>
   <div class='ocr_carea' id='block_1_50' title="bbox 2182 2066 3790 2154">
    <p class='ocr_par' dir='ltr' id='par_1_50' title="bbox 2182 2066 3790 2154">
     <span class='ocr_line' id='line_1_50' title="bbox 2182 2066 3790 2154; baseline 0.009 -34"><span class='ocrx_word' id='word_1_361' title='bbox 2182 2066 2357 2154; x_wconf 31' lang='lat' dir='ltr'><strong>.celsa</strong></span> <span class='ocrx_word' id='word_1_362' title='bbox 2388 2081 2633 2135; x_wconf 89' lang='lat' dir='ltr'><strong>quaeque</strong></span> <span class='ocrx_word' id='word_1_363' title='bbox 2686 2077 2740 2122; x_wconf 92' lang='lat' dir='ltr'><strong>et</strong></span> <span class='ocrx_word' id='word_1_364' title='bbox 2768 2082 3025 2138; x_wconf 87' lang='lat' dir='ltr'><strong>generosa</strong></span> <span class='ocrx_word' id='word_1_365' title='bbox 3061 2070 3414 2141; x_wconf 89' lang='lat' dir='ltr'><strong>percipiebat,</strong></span> <span class='ocrx_word' id='word_1_366' title='bbox 3435 2074 3790 2147; x_wconf 84' lang='lat' dir='ltr'><strong>investigabat</strong></span> 
     </span>
    </p>
   </div>
   <div class='ocr_carea' id='block_1_51' title="bbox 2214 2160 3783 2234">
    <p class='ocr_par' dir='ltr' id='par_1_51' title="bbox 2214 2160 3783 2234">
     <span class='ocr_line' id='line_1_51' title="bbox 2214 2160 3783 2234; baseline 0.008 -24"><span class='ocrx_word' id='word_1_367' title='bbox 2214 2167 2271 2212; x_wconf 91' lang='lat' dir='ltr'><strong>et</strong></span> <span class='ocrx_word' id='word_1_368' title='bbox 2305 2160 2371 2212; x_wconf 89' lang='lat' dir='ltr'><strong>ad</strong></span> <span class='ocrx_word' id='word_1_369' title='bbox 2398 2167 2701 2229; x_wconf 87' lang='lat' dir='ltr'><strong>extremum</strong></span> <span class='ocrx_word' id='word_1_370' title='bbox 2731 2174 2903 2228; x_wconf 87' lang='lat' dir='ltr'><strong>usque</strong></span> <span class='ocrx_word' id='word_1_371' title='bbox 2930 2160 3299 2232; x_wconf 87' lang='lat' dir='ltr'><strong>contemplans</strong></span> <span class='ocrx_word' id='word_1_372' title='bbox 3328 2167 3783 2234; x_wconf 86' lang='lat' dir='ltr'><strong>perscrutabatur,</strong></span> 
     </span>
    </p>
   </div>
   <div class='ocr_carea' id='block_1_52' title="bbox 2182 2240 3775 2325">
    <p class='ocr_par' dir='ltr' id='par_1_52' title="bbox 2182 2240 3775 2325">
     <span class='ocr_line' id='line_1_52' title="bbox 2182 2240 3775 2325; baseline 0.006 -24"><span class='ocrx_word' id='word_1_373' title='bbox 2182 2240 2187 2321; x_wconf 51' lang='grc' dir='ltr'><strong>ί</strong></span> <span class='ocrx_word' id='word_1_374' title='bbox 2213 2248 2371 2319; x_wconf 83' lang='lat' dir='ltr'><strong>longe</strong></span> <span class='ocrx_word' id='word_1_375' title='bbox 2401 2248 2661 2317; x_wconf 89' lang='lat' dir='ltr'><strong>plurimos</strong></span> <span class='ocrx_word' id='word_1_376' title='bbox 2688 2258 2741 2303; x_wconf 92' lang='lat' dir='ltr'><strong>et</strong></span> <span class='ocrx_word' id='word_1_377' title='bbox 2770 2251 3114 2307; x_wconf 89' lang='lat' dir='ltr'><strong>doctissimos</strong></span> <span class='ocrx_word' id='word_1_378' title='bbox 3141 2252 3443 2323; x_wconf 89' lang='lat' dir='ltr'><strong>aequalium</strong></span> <span class='ocrx_word' id='word_1_379' title='bbox 3483 2258 3775 2325; x_wconf 86' lang='lat' dir='ltr'><strong>superavit.</strong></span> 
     </span>
    </p>
   </div>
   <div class='ocr_carea' id='block_1_53' title="bbox 2282 2340 3787 2417">
    <p class='ocr_par' dir='ltr' id='par_1_53' title="bbox 2282 2340 3787 2417">
     <span class='ocr_line' id='line_1_53' title="bbox 2282 2340 3787 2417; baseline 0.01 -26"><span class='ocrx_word' id='word_1_380' title='bbox 2282 2340 2569 2408; x_wconf 85' lang='lat' dir='ltr'><strong>Erigenam</strong></span> <span class='ocrx_word' id='word_1_381' title='bbox 2597 2340 2752 2393; x_wconf 90' lang='lat' dir='ltr'><strong>multi</strong></span> <span class='ocrx_word' id='word_1_382' title='bbox 2790 2342 3085 2411; x_wconf 88' lang='lat' dir='ltr'><strong>multisque</strong></span> <span class='ocrx_word' id='word_1_383' title='bbox 3114 2344 3287 2400; x_wconf 87' lang='lat' dir='ltr'><strong>modis</strong></span> <span class='ocrx_word' id='word_1_384' title='bbox 3311 2361 3592 2417; x_wconf 83' lang='lat' dir='ltr'><strong>perperam</strong></span> <span class='ocrx_word' id='word_1_385' title='bbox 3631 2349 3787 2406; x_wconf 89' lang='lat' dir='ltr'><strong>intel-</strong></span> 
     </span>
    </p>
   </div>
   <div class='ocr_carea' id='block_1_54' title="bbox 2210 2429 3785 2511">
    <p class='ocr_par' dir='ltr' id='par_1_54' title="bbox 2210 2429 3785 2511">
     <span class='ocr_line' id='line_1_54' title="bbox 2210 2429 3785 2511; baseline 0.009 -29"><span class='ocrx_word' id='word_1_386' title='bbox 2210 2429 2478 2494; x_wconf 80' lang='lat' dir='ltr'><strong>lexerunt,</strong></span> <span class='ocrx_word' id='word_1_387' title='bbox 2545 2431 2597 2485; x_wconf 90' lang='lat' dir='ltr'><strong>id</strong></span> <span class='ocrx_word' id='word_1_388' title='bbox 2638 2432 2780 2500; x_wconf 91' lang='lat' dir='ltr'><strong>quod</strong></span> <span class='ocrx_word' id='word_1_389' title='bbox 2834 2433 2950 2487; x_wconf 87' lang='lat' dir='ltr'><strong>fieri</strong></span> <span class='ocrx_word' id='word_1_390' title='bbox 2995 2448 3131 2502; x_wconf 90' lang='lat' dir='ltr'><strong>pene</strong></span> <span class='ocrx_word' id='word_1_391' title='bbox 3173 2451 3398 2492; x_wconf 85' lang='lat' dir='ltr'><strong>necesse</strong></span> <span class='ocrx_word' id='word_1_392' title='bbox 3447 2436 3570 2506; x_wconf 87' lang='lat' dir='ltr'><strong>fuit,</strong></span> <span class='ocrx_word' id='word_1_393' title='bbox 3621 2456 3785 2511; x_wconf 88' lang='lat' dir='ltr'><strong>quum</strong></span> 
     </span>
    </p>
   </div>
   <div class='ocr_carea' id='block_1_55' title="bbox 2210 2524 3781 2602">
    <p class='ocr_par' dir='ltr' id='par_1_55' title="bbox 2210 2524 3781 2602">
     <span class='ocr_line' id='line_1_55' title="bbox 2210 2524 3781 2602; baseline 0.009 -28"><span class='ocrx_word' id='word_1_394' title='bbox 2210 2536 2645 2590; x_wconf 87' lang='lat' dir='ltr'><strong>unamquamque</strong></span> <span class='ocrx_word' id='word_1_395' title='bbox 2674 2524 2980 2590; x_wconf 84' lang='lat' dir='ltr'><strong>veritatem,</strong></span> <span class='ocrx_word' id='word_1_396' title='bbox 3033 2542 3193 2595; x_wconf 90' lang='lat' dir='ltr'><strong>quam</strong></span> <span class='ocrx_word' id='word_1_397' title='bbox 3232 2529 3547 2586; x_wconf 88' lang='lat' dir='ltr'><strong>acutissime</strong></span> <span class='ocrx_word' id='word_1_398' title='bbox 3584 2531 3781 2602; x_wconf 86' lang='lat' dir='ltr'><strong>potuit,</strong></span> 
     </span>
    </p>
   </div>
   <div class='ocr_carea' id='block_1_56' title="bbox 2207 2611 3783 2693">
    <p class='ocr_par' dir='ltr' id='par_1_56' title="bbox 2207 2611 3783 2693">
     <span class='ocr_line' id='line_1_56' title="bbox 2207 2611 3783 2693; baseline 0.011 -31"><span class='ocrx_word' id='word_1_399' title='bbox 2207 2611 2510 2680; x_wconf 78' lang='lat' dir='ltr'><strong>exprimere</strong></span> <span class='ocrx_word' id='word_1_400' title='bbox 2532 2613 2795 2680; x_wconf 87' lang='lat' dir='ltr'><strong>studeret,</strong></span> <span class='ocrx_word' id='word_1_401' title='bbox 2818 2625 2873 2670; x_wconf 93' lang='lat' dir='ltr'><strong>et</strong></span> <span class='ocrx_word' id='word_1_402' title='bbox 2894 2616 3108 2686; x_wconf 88' lang='lat' dir='ltr'><strong>ingenio</strong></span> <span class='ocrx_word' id='word_1_403' title='bbox 3137 2616 3415 2691; x_wconf 76' lang='lat' dir='ltr'><strong>indulgens</strong></span> <span class='ocrx_word' id='word_1_404' title='bbox 3439 2624 3679 2693; x_wconf 86' lang='lat' dir='ltr'><strong>opposita</strong></span> <span class='ocrx_word' id='word_1_405' title='bbox 3707 2625 3783 2679; x_wconf 91' lang='lat' dir='ltr'><strong>ita</strong></span> 
     </span>
    </p>
   </div>
   <div class='ocr_carea' id='block_1_57' title="bbox 2207 2703 3780 2781">
    <p class='ocr_par' dir='ltr' id='par_1_57' title="bbox 2207 2703 3780 2781">
     <span class='ocr_line' id='line_1_57' title="bbox 2207 2703 3780 2781; baseline 0.011 -28"><span class='ocrx_word' id='word_1_406' title='bbox 2207 2703 2640 2771; x_wconf 71' lang='lat' dir='ltr'><strong>amplecteretur,</strong></span> <span class='ocrx_word' id='word_1_407' title='bbox 2677 2715 2733 2758; x_wconf 93' lang='lat' dir='ltr'><strong>ut</strong></span> <span class='ocrx_word' id='word_1_408' title='bbox 2758 2706 2891 2760; x_wconf 87' lang='lat' dir='ltr'><strong>locis</strong></span> <span class='ocrx_word' id='word_1_409' title='bbox 2918 2708 3038 2762; x_wconf 90' lang='lat' dir='ltr'><strong>aliis</strong></span> <span class='ocrx_word' id='word_1_410' title='bbox 3061 2709 3162 2781; x_wconf 85' lang='lat' dir='ltr'><strong>alia</strong></span> <span class='ocrx_word' id='word_1_411' title='bbox 3188 2720 3241 2766; x_wconf 92' lang='lat' dir='ltr'><strong>et</strong></span> <span class='ocrx_word' id='word_1_412' title='bbox 3265 2711 3469 2767; x_wconf 88' lang='lat' dir='ltr'><strong>diversa</strong></span> <span class='ocrx_word' id='word_1_413' title='bbox 3498 2715 3562 2767; x_wconf 92' lang='lat' dir='ltr'><strong>de</strong></span> <span class='ocrx_word' id='word_1_414' title='bbox 3586 2717 3780 2770; x_wconf 87' lang='lat' dir='ltr'><strong>eadem</strong></span> 
     </span>
    </p>
   </div>
   <div class='ocr_carea' id='block_1_58' title="bbox 2178 2790 3779 2873">
    <p class='ocr_par' dir='ltr' id='par_1_58' title="bbox 2178 2790 3779 2873">
     <span class='ocr_line' id='line_1_58' title="bbox 2178 2790 3779 2873; baseline 0.011 -32"><span class='ocrx_word' id='word_1_415' title='bbox 2178 2860 2179 2863; x_wconf 14' lang='grc' dir='ltr'><strong>η</strong></span> <span class='ocrx_word' id='word_1_416' title='bbox 2208 2805 2267 2842; x_wconf 90' lang='lat' dir='ltr'><strong>re</strong></span> <span class='ocrx_word' id='word_1_417' title='bbox 2295 2790 2567 2845; x_wconf 86' lang='lat' dir='ltr'><strong>disserens</strong></span> <span class='ocrx_word' id='word_1_418' title='bbox 2609 2793 2663 2846; x_wconf 91' lang='lat' dir='ltr'><strong>in</strong></span> <span class='ocrx_word' id='word_1_419' title='bbox 2697 2802 2983 2865; x_wconf 88' lang='lat' dir='ltr'><strong>utramque</strong></span> <span class='ocrx_word' id='word_1_420' title='bbox 3011 2808 3216 2866; x_wconf 86' lang='lat' dir='ltr'><strong>partem</strong></span> <span class='ocrx_word' id='word_1_421' title='bbox 3243 2800 3457 2855; x_wconf 87' lang='lat' dir='ltr'><strong>modum</strong></span> <span class='ocrx_word' id='word_1_422' title='bbox 3486 2817 3653 2873; x_wconf 87' lang='lat' dir='ltr'><strong>prope</strong></span> <span class='ocrx_word' id='word_1_423' title='bbox 3685 2820 3779 2858; x_wconf 85' lang='lat' dir='ltr'><strong>ex-</strong></span> 
     </span>
    </p>
   </div>
   <div class='ocr_carea' id='block_1_59' title="bbox 2206 2881 3781 2964">
    <p class='ocr_par' dir='ltr' id='par_1_59' title="bbox 2206 2881 3781 2964">
     <span class='ocr_line' id='line_1_59' title="bbox 2206 2881 3781 2964; baseline 0.01 -30"><span class='ocrx_word' id='word_1_424' title='bbox 2206 2881 2440 2935; x_wconf 86' lang='lat' dir='ltr'><strong>cederet.</strong></span> <span class='ocrx_word' id='word_1_425' title='bbox 2468 2882 2635 2948; x_wconf 87' lang='lat' dir='ltr'><strong>Quam</strong></span> <span class='ocrx_word' id='word_1_426' title='bbox 2673 2885 2740 2938; x_wconf 90' lang='lat' dir='ltr'><strong>ob</strong></span> <span class='ocrx_word' id='word_1_427' title='bbox 2771 2901 2986 2940; x_wconf 90' lang='lat' dir='ltr'><strong>causam</strong></span> <span class='ocrx_word' id='word_1_428' title='bbox 3016 2888 3156 2943; x_wconf 89' lang='lat' dir='ltr'><strong>haud</strong></span> <span class='ocrx_word' id='word_1_429' title='bbox 3186 2889 3339 2945; x_wconf 82' lang='lat' dir='ltr'><strong>facile</strong></span> <span class='ocrx_word' id='word_1_430' title='bbox 3362 2894 3781 2964; x_wconf 89' lang='lat' dir='ltr'><strong>unumquodque</strong></span> 
     </span>
    </p>
   </div>
   <div class='ocr_carea' id='block_1_60' title="bbox 2206 2970 3776 3054">
    <p class='ocr_par' dir='ltr' id='par_1_60' title="bbox 2206 2970 3776 3054">
     <span class='ocr_line' id='line_1_60' title="bbox 2206 2970 3776 3054; baseline 0.011 -32"><span class='ocrx_word' id='word_1_431' title='bbox 2206 2970 2324 3037; x_wconf 87' lang='lat' dir='ltr'><strong>ejus</strong></span> <span class='ocrx_word' id='word_1_432' title='bbox 2350 2970 2573 3031; x_wconf 90' lang='lat' dir='ltr'><strong>dictum,</strong></span> <span class='ocrx_word' id='word_1_433' title='bbox 2611 2972 2656 3026; x_wconf 91' lang='lat' dir='ltr'><strong>si</strong></span> <span class='ocrx_word' id='word_1_434' title='bbox 2697 2989 2762 3027; x_wconf 85' lang='lat' dir='ltr'><strong>cx</strong></span> <span class='ocrx_word' id='word_1_435' title='bbox 2808 2977 3067 3032; x_wconf 89' lang='lat' dir='ltr'><strong>orationis</strong></span> <span class='ocrx_word' id='word_1_436' title='bbox 3109 2987 3362 3034; x_wconf 88' lang='lat' dir='ltr'><strong>contextu</strong></span> <span class='ocrx_word' id='word_1_437' title='bbox 3405 2980 3776 3054; x_wconf 87' lang='lat' dir='ltr'><strong>abrumpatur,</strong></span> 
     </span>
    </p>
   </div>
   <div class='ocr_carea' id='block_1_61' title="bbox 2205 3059 3780 3137">
    <p class='ocr_par' dir='ltr' id='par_1_61' title="bbox 2205 3059 3780 3137">
     <span class='ocr_line' id='line_1_61' title="bbox 2205 3059 3780 3137; baseline 0.01 -26"><span class='ocrx_word' id='word_1_438' title='bbox 2205 3059 2493 3116; x_wconf 84' lang='lat' dir='ltr'><strong>defendere</strong></span> <span class='ocrx_word' id='word_1_439' title='bbox 2514 3078 2699 3131; x_wconf 88' lang='lat' dir='ltr'><strong>queas.</strong></span> <span class='ocrx_word' id='word_1_440' title='bbox 2719 3065 2788 3116; x_wconf 90' lang='lat' dir='ltr'><strong>At</strong></span> <span class='ocrx_word' id='word_1_441' title='bbox 2805 3065 3069 3121; x_wconf 74' lang='lat' dir='ltr'><strong>affirmare</strong></span> <span class='ocrx_word' id='word_1_442' title='bbox 3090 3070 3367 3136; x_wconf 88' lang='lat' dir='ltr'><strong>audemus,</strong></span> <span class='ocrx_word' id='word_1_443' title='bbox 3388 3084 3528 3137; x_wconf 90' lang='lat' dir='ltr'><strong>eum,</strong></span> <span class='ocrx_word' id='word_1_444' title='bbox 3545 3072 3590 3127; x_wconf 90' lang='lat' dir='ltr'><strong>si</strong></span> <span class='ocrx_word' id='word_1_445' title='bbox 3615 3082 3780 3128; x_wconf 84' lang='lat' dir='ltr'><strong>totum</strong></span> 
     </span>
    </p>
   </div>
   <div class='ocr_carea' id='block_1_62' title="bbox 520 3149 3775 3237">
    <p class='ocr_par' dir='ltr' id='par_1_62' title="bbox 520 3149 3775 3237">
     <span class='ocr_line' id='line_1_62' title="bbox 520 3149 3775 3237; baseline 0.004 -30"><span class='ocrx_word' id='word_1_446' title='bbox 520 3153 814 3207; x_wconf 80' lang='lat' dir='ltr'><strong>maximam</strong></span> <span class='ocrx_word' id='word_1_447' title='bbox 869 3160 1075 3220; x_wconf 90' lang='lat' dir='ltr'><strong>partem</strong></span> <span class='ocrx_word' id='word_1_448' title='bbox 1128 3151 1257 3203; x_wconf 84' lang='lat' dir='ltr'><strong>nixa</strong></span> <span class='ocrx_word' id='word_1_449' title='bbox 1305 3149 1635 3203; x_wconf 89' lang='lat' dir='ltr'><strong>considerari</strong></span> <span class='ocrx_word' id='word_1_450' title='bbox 1674 3157 1870 3217; x_wconf 88' lang='lat' dir='ltr'><strong>potest.</strong></span> <span class='ocrx_word' id='word_1_451' title='bbox 1922 3150 2174 3237; x_wconf 85' lang='lat' dir='ltr'><strong>Quum</strong></span> <span class='ocrx_word' id='word_1_452' title='bbox 2206 3151 2486 3220; x_wconf 88' lang='lat' dir='ltr'><strong>respicias,</strong></span> <span class='ocrx_word' id='word_1_453' title='bbox 2520 3155 2779 3209; x_wconf 83' lang='lat' dir='ltr'><strong>amussim</strong></span> <span class='ocrx_word' id='word_1_454' title='bbox 2808 3158 3052 3212; x_wconf 88' lang='lat' dir='ltr'><strong>veritatis</strong></span> <span class='ocrx_word' id='word_1_455' title='bbox 3094 3175 3358 3230; x_wconf 90' lang='lat' dir='ltr'><strong>nusquam</strong></span> <span class='ocrx_word' id='word_1_456' title='bbox 3385 3169 3775 3234; x_wconf 78' lang='lat' dir='ltr'><strong>transgressum</strong></span> 
     </span>
    </p>
   </div>
   <div class='ocr_carea' id='block_1_63' title="bbox 521 3243 3776 3327">
    <p class='ocr_par' dir='ltr' id='par_1_63' title="bbox 521 3243 3776 3327">
     <span class='ocr_line' id='line_1_63' title="bbox 521 3243 3776 3327; baseline 0.003 -27"><span class='ocrx_word' id='word_1_457' title='bbox 521 3256 701 3300; x_wconf 90' lang='lat' dir='ltr'><strong>autem</strong></span> <span class='ocrx_word' id='word_1_458' title='bbox 726 3245 909 3300; x_wconf 83' lang='lat' dir='ltr'><strong>seculo</strong></span> <span class='ocrx_word' id='word_1_459' title='bbox 936 3260 1031 3298; x_wconf 86' lang='lat' dir='ltr'><strong>xm</strong></span> <span class='ocrx_word' id='word_1_460' title='bbox 1078 3244 1390 3313; x_wconf 86' lang='lat' dir='ltr'><strong>Albigenscs</strong></span> <span class='ocrx_word' id='word_1_461' title='bbox 1430 3244 1687 3297; x_wconf 88' lang='lat' dir='ltr'><strong>haeretici</strong></span> <span class='ocrx_word' id='word_1_462' title='bbox 1712 3244 1915 3312; x_wconf 90' lang='lat' dir='ltr'><strong>aliquot</strong></span> <span class='ocrx_word' id='word_1_463' title='bbox 1943 3243 2100 3310; x_wconf 88' lang='lat' dir='ltr'><strong>hujus</strong></span> <span class='ocrx_word' id='word_1_464' title='bbox 2166 3316 2173 3327; x_wconf 36' lang='lat'><strong>&#39;</strong></span> <span class='ocrx_word' id='word_1_465' title='bbox 2204 3259 2347 3306; x_wconf 88' lang='lat' dir='ltr'><strong>esse,</strong></span> <span class='ocrx_word' id='word_1_466' title='bbox 2373 3244 2515 3313; x_wconf 93' lang='lat' dir='ltr'><strong>quod</strong></span> <span class='ocrx_word' id='word_1_467' title='bbox 2545 3247 2708 3300; x_wconf 90' lang='lat' dir='ltr'><strong>etiam</strong></span> <span class='ocrx_word' id='word_1_468' title='bbox 2752 3248 3010 3318; x_wconf 78' lang='lat' dir='ltr'><strong>singulari</strong></span> <span class='ocrx_word' id='word_1_469' title='bbox 3052 3250 3194 3307; x_wconf 89' lang='lat' dir='ltr'><strong>vitae</strong></span> <span class='ocrx_word' id='word_1_470' title='bbox 3240 3250 3357 3320; x_wconf 88' lang='lat' dir='ltr'><strong>ejus</strong></span> <span class='ocrx_word' id='word_1_471' title='bbox 3381 3253 3653 3310; x_wconf 84' lang='lat' dir='ltr'><strong>sanctitati</strong></span> <span class='ocrx_word' id='word_1_472' title='bbox 3677 3256 3776 3309; x_wconf 85' lang='lat' dir='ltr'><strong>mi-</strong></span> 
     </span>
    </p>
   </div>
   <div class='ocr_carea' id='block_1_64' title="bbox 523 3332 2715 3409">
    <p class='ocr_par' dir='ltr' id='par_1_64' title="bbox 523 3332 2715 3409">
     <span class='ocr_line' id='line_1_64' title="bbox 523 3332 2715 3409; baseline 0.001 -20"><span class='ocrx_word' id='word_1_473' title='bbox 523 3336 705 3405; x_wconf 88' lang='lat' dir='ltr'><strong>operis</strong></span> <span class='ocrx_word' id='word_1_474' title='bbox 733 3335 879 3389; x_wconf 89' lang='lat' dir='ltr'><strong>locos</strong></span> <span class='ocrx_word' id='word_1_475' title='bbox 908 3349 1123 3404; x_wconf 88' lang='lat' dir='ltr'><strong>semper</strong></span> <span class='ocrx_word' id='word_1_476' title='bbox 1154 3334 1207 3386; x_wconf 91' lang='lat' dir='ltr'><strong>in</strong></span> <span class='ocrx_word' id='word_1_477' title='bbox 1245 3346 1341 3387; x_wconf 91' lang='lat' dir='ltr'><strong>ore</strong></span> <span class='ocrx_word' id='word_1_478' title='bbox 1370 3332 1602 3396; x_wconf 90' lang='lat' dir='ltr'><strong>ferrent,</strong></span> <span class='ocrx_word' id='word_1_479' title='bbox 1634 3340 1689 3387; x_wconf 93' lang='lat' dir='ltr'><strong>et</strong></span> <span class='ocrx_word' id='word_1_480' title='bbox 1716 3333 1977 3404; x_wconf 84' lang='lat' dir='ltr'><strong>Erigeuae</strong></span> <span class='ocrx_word' id='word_1_481' title='bbox 2006 3349 2101 3387; x_wconf 82' lang='lat' dir='ltr'><strong>au-</strong></span> <span class='ocrx_word' id='word_1_482' title='bbox 2148 3408 2151 3409; x_wconf 14' lang='grc' dir='ltr'><em>ν</em></span> <span class='ocrx_word' id='word_1_483' title='bbox 2203 3335 2351 3388; x_wconf 91' lang='lat' dir='ltr'><strong>nime</strong></span> <span class='ocrx_word' id='word_1_484' title='bbox 2381 3338 2715 3391; x_wconf 89' lang='lat' dir='ltr'><strong>conveniret.</strong></span> 
     </span>
    </p>
   </div>
   <div class='ocr_carea' id='block_1_65' title="bbox 519 3410 3775 3505">
    <p class='ocr_par' dir='ltr' id='par_1_65' title="bbox 519 3410 3775 3505">
     <span class='ocr_line' id='line_1_65' title="bbox 519 3410 3775 3505; baseline 0.003 -24"><span class='ocrx_word' id='word_1_485' title='bbox 519 3425 780 3481; x_wconf 89' lang='lat' dir='ltr'><strong>ctoritate</strong></span> <span class='ocrx_word' id='word_1_486' title='bbox 818 3424 1186 3494; x_wconf 80' lang='lat' dir='ltr'><strong>gloriarentur</strong></span> <span class='ocrx_word' id='word_1_487' title='bbox 1208 3462 1222 3487; x_wconf 95' lang='lat'><strong>,</strong></span> <span class='ocrx_word' id='word_1_488' title='bbox 1251 3421 1519 3476; x_wconf 86' lang='lat' dir='ltr'><strong>Honorius</strong></span> <span class='ocrx_word' id='word_1_489' title='bbox 1545 3421 1610 3476; x_wconf 88' lang='lat' dir='ltr'><strong>lll</strong></span> <span class='ocrx_word' id='word_1_490' title='bbox 1639 3437 1778 3491; x_wconf 89' lang='lat' dir='ltr'><strong>papa</strong></span> <span class='ocrx_word' id='word_1_491' title='bbox 1811 3437 1905 3476; x_wconf 89' lang='lat' dir='ltr'><strong>eos</strong></span> <span class='ocrx_word' id='word_1_492' title='bbox 1932 3423 2098 3477; x_wconf 90' lang='lat' dir='ltr'><strong>libros</strong></span> <span class='ocrx_word' id='word_1_493' title='bbox 2168 3410 2171 3419; x_wconf 70' lang='grc'><em>’</em></span> <span class='ocrx_word' id='word_1_494' title='bbox 2272 3423 2561 3481; x_wconf 86' lang='lat' dir='ltr'><strong>Enimvero</strong></span> <span class='ocrx_word' id='word_1_495' title='bbox 2576 3428 2793 3497; x_wconf 81' lang='lat' dir='ltr'><strong>vulgata</strong></span> <span class='ocrx_word' id='word_1_496' title='bbox 2809 3428 2899 3483; x_wconf 88' lang='lat' dir='ltr'><strong>illa</strong></span> <span class='ocrx_word' id='word_1_497' title='bbox 2920 3432 3207 3498; x_wconf 87' lang='lat' dir='ltr'><strong>sententia,</strong></span> <span class='ocrx_word' id='word_1_498' title='bbox 3230 3414 3391 3502; x_wconf 83' lang='lat' dir='ltr'><strong>quam</strong></span> <span class='ocrx_word' id='word_1_499' title='bbox 3410 3440 3570 3505; x_wconf 84' lang='lat' dir='ltr'><strong>poeta</strong></span> <span class='ocrx_word' id='word_1_500' title='bbox 3589 3441 3775 3493; x_wconf 78' lang='lat' dir='ltr'><strong>nostro</strong></span> 
     </span>
    </p>
   </div>
   <div class='ocr_carea' id='block_1_66' title="bbox 520 3507 3771 3594">
    <p class='ocr_par' dir='ltr' id='par_1_66' title="bbox 520 3507 3771 3594">
     <span class='ocr_line' id='line_1_66' title="bbox 520 3507 3771 3594; baseline 0.003 -23"><span class='ocrx_word' id='word_1_501' title='bbox 520 3517 759 3586; x_wconf 89' lang='lat' dir='ltr'><strong>undique</strong></span> <span class='ocrx_word' id='word_1_502' title='bbox 787 3515 1033 3584; x_wconf 88' lang='lat' dir='ltr'><strong>conquiri</strong></span> <span class='ocrx_word' id='word_1_503' title='bbox 1062 3523 1115 3569; x_wconf 89' lang='lat' dir='ltr'><strong>et</strong></span> <span class='ocrx_word' id='word_1_504' title='bbox 1144 3513 1480 3568; x_wconf 88' lang='lat' dir='ltr'><strong>concremari</strong></span> <span class='ocrx_word' id='word_1_505' title='bbox 1501 3513 1682 3583; x_wconf 89' lang='lat' dir='ltr'><strong>jussit.</strong></span> <span class='ocrx_word' id='word_1_506' title='bbox 1714 3511 1936 3569; x_wconf 86' lang='lat' dir='ltr'><strong>Praeter</strong></span> <span class='ocrx_word' id='word_1_507' title='bbox 1965 3514 2099 3569; x_wconf 89' lang='lat' dir='ltr'><strong>haec</strong></span> <span class='ocrx_word' id='word_1_508' title='bbox 2168 3507 2445 3586; x_wconf 56' lang='lat' dir='ltr'><strong>&#39;tempore</strong></span> <span class='ocrx_word' id='word_1_509' title='bbox 2499 3518 2832 3576; x_wconf 89' lang='lat' dir='ltr'><strong>clarissimus</strong></span> <span class='ocrx_word' id='word_1_510' title='bbox 2884 3523 3105 3591; x_wconf 89' lang='lat' dir='ltr'><strong>protulit</strong></span> <span class='ocrx_word' id='word_1_511' title='bbox 3149 3539 3163 3577; x_wconf 88' lang='lat'><strong>:</strong></span> <span class='ocrx_word' id='word_1_512' title='bbox 3220 3524 3402 3581; x_wconf 80' lang='lat' dir='ltr'><strong>Mundi</strong></span> <span class='ocrx_word' id='word_1_513' title='bbox 3455 3525 3771 3594; x_wconf 87' lang='lat' dir='ltr'><strong>historiam,</strong></span> 
     </span>
    </p>
   </div>
   <div class='ocr_carea' id='block_1_67' title="bbox 515 3604 2097 3678">
    <p class='ocr_par' dir='ltr' id='par_1_67' title="bbox 515 3604 2097 3678">
     <span class='ocr_line' id='line_1_67' title="bbox 515 3604 2097 3678; baseline 0 -18"><span class='ocrx_word' id='word_1_514' title='bbox 515 3607 808 3678; x_wconf 86' lang='lat' dir='ltr'><strong>praecipua</strong></span> <span class='ocrx_word' id='word_1_515' title='bbox 836 3646 851 3671; x_wconf 93' lang='lat'><strong>,</strong></span> <span class='ocrx_word' id='word_1_516' title='bbox 902 3619 1042 3674; x_wconf 91' lang='lat' dir='ltr'><strong>quae</strong></span> <span class='ocrx_word' id='word_1_517' title='bbox 1071 3604 1302 3674; x_wconf 86' lang='lat' dir='ltr'><strong>Erigena</strong></span> <span class='ocrx_word' id='word_1_518' title='bbox 1332 3605 1570 3673; x_wconf 90' lang='lat' dir='ltr'><strong>scripsit,</strong></span> <span class='ocrx_word' id='word_1_519' title='bbox 1603 3620 1765 3673; x_wconf 83' lang='lat' dir='ltr'><strong>opera</strong></span> <span class='ocrx_word' id='word_1_520' title='bbox 1785 3646 1799 3671; x_wconf 97' lang='lat'><strong>,</strong></span> <span class='ocrx_word' id='word_1_521' title='bbox 1842 3607 2097 3661; x_wconf 80' lang='lat' dir='ltr'><strong>tredecim</strong></span> 
     </span>
    </p>
   </div>
   <div class='ocr_carea' id='block_1_68' title="bbox 518 3695 2095 3770">
    <p class='ocr_par' dir='ltr' id='par_1_68' title="bbox 518 3695 2095 3770">
     <span class='ocr_line' id='line_1_68' title="bbox 518 3695 2095 3770; baseline 0.001 -18"><span class='ocrx_word' id='word_1_522' title='bbox 518 3709 727 3753; x_wconf 92' lang='lat' dir='ltr'><strong>tantum</strong></span> <span class='ocrx_word' id='word_1_523' title='bbox 789 3697 1062 3770; x_wconf 86' lang='lat' dir='ltr'><strong>hymnos,</strong></span> <span class='ocrx_word' id='word_1_524' title='bbox 1127 3695 1196 3750; x_wconf 90' lang='lat' dir='ltr'><strong>ab</strong></span> <span class='ocrx_word' id='word_1_525' title='bbox 1254 3696 1445 3766; x_wconf 85' lang='lat' dir='ltr'><strong>angelo</strong></span> <span class='ocrx_word' id='word_1_526' title='bbox 1489 3695 1626 3751; x_wconf 83' lang='lat' dir='ltr'><strong>Maio</strong></span> <span class='ocrx_word' id='word_1_527' title='bbox 1667 3698 1721 3750; x_wconf 92' lang='lat' dir='ltr'><strong>in</strong></span> <span class='ocrx_word' id='word_1_528' title='bbox 1780 3700 1964 3753; x_wconf 78' lang='lat' dir='ltr'><strong>codice</strong></span> <span class='ocrx_word' id='word_1_529' title='bbox 2001 3714 2095 3768; x_wconf 90' lang='lat' dir='ltr'><strong>pa-</strong></span> 
     </span>
    </p>
   </div>
   <div class='ocr_carea' id='block_1_69' title="bbox 515 3785 2099 3857">
    <p class='ocr_par' dir='ltr' id='par_1_69' title="bbox 515 3785 2099 3857">
     <span class='ocr_line' id='line_1_69' title="bbox 515 3785 2099 3857; baseline 0.001 -16"><span class='ocrx_word' id='word_1_530' title='bbox 515 3787 797 3857; x_wconf 87' lang='lat' dir='ltr'><strong>limpsesto</strong></span> <span class='ocrx_word' id='word_1_531' title='bbox 832 3794 1117 3856; x_wconf 91' lang='lat' dir='ltr'><strong>repertos,</strong></span> <span class='ocrx_word' id='word_1_532' title='bbox 1151 3800 1287 3854; x_wconf 91' lang='lat' dir='ltr'><strong>quos</strong></span> <span class='ocrx_word' id='word_1_533' title='bbox 1338 3785 1563 3840; x_wconf 85' lang='lat' dir='ltr'><strong>editioni</strong></span> <span class='ocrx_word' id='word_1_534' title='bbox 1618 3797 1835 3842; x_wconf 90' lang='lat' dir='ltr'><strong>nostrae</strong></span> <span class='ocrx_word' id='word_1_535' title='bbox 1882 3788 1933 3840; x_wconf 93' lang='lat' dir='ltr'><strong>iu</strong></span> <span class='ocrx_word' id='word_1_536' title='bbox 1994 3788 2099 3842; x_wconf 86' lang='lat' dir='ltr'><strong>line</strong></span> 
     </span>
    </p>
   </div>
   <div class='ocr_carea' id='block_1_70' title="bbox 519 3876 2097 3949">
    <p class='ocr_par' dir='ltr' id='par_1_70' title="bbox 519 3876 2097 3949">
     <span class='ocr_line' id='line_1_70' title="bbox 519 3876 2097 3949; baseline 0.001 -18"><span class='ocrx_word' id='word_1_537' title='bbox 519 3877 838 3946; x_wconf 85' lang='lat' dir='ltr'><strong>adjecimus,</strong></span> <span class='ocrx_word' id='word_1_538' title='bbox 872 3877 1173 3931; x_wconf 88' lang='lat' dir='ltr'><strong>laudandos</strong></span> <span class='ocrx_word' id='word_1_539' title='bbox 1202 3890 1321 3931; x_wconf 90' lang='lat' dir='ltr'><strong>esse</strong></span> <span class='ocrx_word' id='word_1_540' title='bbox 1350 3876 1632 3943; x_wconf 88' lang='lat' dir='ltr'><strong>duximus;</strong></span> <span class='ocrx_word' id='word_1_541' title='bbox 1665 3886 1865 3944; x_wconf 90' lang='lat' dir='ltr'><strong>cetera,</strong></span> <span class='ocrx_word' id='word_1_542' title='bbox 1899 3880 2097 3949; x_wconf 87' lang='lat' dir='ltr'><strong>partim</strong></span> 
     </span>
    </p>
   </div>
   <div class='ocr_carea' id='block_1_71' title="bbox 519 3967 2093 4038">
    <p class='ocr_par' dir='ltr' id='par_1_71' title="bbox 519 3967 2093 4038">
     <span class='ocr_line' id='line_1_71' title="bbox 519 3967 2093 4038; baseline 0.001 -14"><span class='ocrx_word' id='word_1_543' title='bbox 519 3969 780 4038; x_wconf 88' lang='lat' dir='ltr'><strong>temporis</strong></span> <span class='ocrx_word' id='word_1_544' title='bbox 807 3968 1009 4023; x_wconf 86' lang='lat' dir='ltr'><strong>invidia</strong></span> <span class='ocrx_word' id='word_1_545' title='bbox 1039 3967 1314 4038; x_wconf 83' lang='lat' dir='ltr'><strong>deperdita</strong></span> <span class='ocrx_word' id='word_1_546' title='bbox 1335 4007 1349 4031; x_wconf 96' lang='lat'><strong>,</strong></span> <span class='ocrx_word' id='word_1_547' title='bbox 1384 3967 1485 4021; x_wconf 92' lang='lat' dir='ltr'><strong>hoc</strong></span> <span class='ocrx_word' id='word_1_548' title='bbox 1517 3968 1634 4023; x_wconf 88' lang='lat' dir='ltr'><strong>loco</strong></span> <span class='ocrx_word' id='word_1_549' title='bbox 1663 3984 1965 4025; x_wconf 86' lang='lat' dir='ltr'><strong>memorare</strong></span> <span class='ocrx_word' id='word_1_550' title='bbox 1995 3984 2093 4025; x_wconf 91' lang='lat' dir='ltr'><strong>no-</strong></span> 
     </span>
    </p>
   </div>
   <div class='ocr_carea' id='block_1_72' title="bbox 516 4060 2096 4135">
    <p class='ocr_par' dir='ltr' id='par_1_72' title="bbox 516 4060 2096 4135">
     <span class='ocr_line' id='line_1_72' title="bbox 516 4060 2096 4135; baseline 0.003 -20"><span class='ocrx_word' id='word_1_551' title='bbox 516 4061 717 4116; x_wconf 90' lang='lat' dir='ltr'><strong>luimus</strong></span> <span class='ocrx_word' id='word_1_552' title='bbox 759 4060 858 4133; x_wconf 87' lang='lat' dir='ltr'><strong>(b).</strong></span> <span class='ocrx_word' id='word_1_553' title='bbox 898 4060 1104 4116; x_wconf 90' lang='lat' dir='ltr'><strong>Forsan</strong></span> <span class='ocrx_word' id='word_1_554' title='bbox 1139 4069 1245 4112; x_wconf 90' lang='lat' dir='ltr'><strong>tam</strong></span> <span class='ocrx_word' id='word_1_555' title='bbox 1277 4060 1594 4121; x_wconf 79' lang='lat' dir='ltr'><strong>discordiae,</strong></span> <span class='ocrx_word' id='word_1_556' title='bbox 1634 4076 1772 4131; x_wconf 87' lang='lat' dir='ltr'><strong>quae</strong></span> <span class='ocrx_word' id='word_1_557' title='bbox 1804 4062 2096 4135; x_wconf 87' lang='lat' dir='ltr'><strong>Erigenam</strong></span> 
     </span>
    </p>
   </div>
   <div class='ocr_carea' id='block_1_73' title="bbox 515 4140 2091 4225">
    <p class='ocr_par' dir='ltr' id='par_1_73' title="bbox 515 4140 2091 4225">
     <span class='ocr_line' id='line_1_73' title="bbox 515 4140 2091 4225; baseline 0 -16"><span class='ocrx_word' id='word_1_558' title='bbox 515 4156 662 4210; x_wconf 85' lang='lat' dir='ltr'><strong>inter</strong></span> <span class='ocrx_word' id='word_1_559' title='bbox 691 4163 745 4207; x_wconf 92' lang='lat' dir='ltr'><strong>et</strong></span> <span class='ocrx_word' id='word_1_560' title='bbox 773 4153 960 4223; x_wconf 88' lang='lat' dir='ltr'><strong>plures</strong></span> <span class='ocrx_word' id='word_1_561' title='bbox 992 4153 1041 4206; x_wconf 91' lang='lat' dir='ltr'><strong>in</strong></span> <span class='ocrx_word' id='word_1_562' title='bbox 1078 4152 1306 4206; x_wconf 81' lang='lat' dir='ltr'><strong>Francia</strong></span> <span class='ocrx_word' id='word_1_563' title='bbox 1335 4140 1613 4207; x_wconf 76' lang='lat' dir='ltr'><strong>sacrorum</strong></span> <span class='ocrx_word' id='word_1_564' title='bbox 1646 4155 1915 4210; x_wconf 87' lang='lat' dir='ltr'><strong>antistites</strong></span> <span class='ocrx_word' id='word_1_565' title='bbox 1944 4155 2091 4225; x_wconf 83' lang='lat' dir='ltr'><strong>paul—</strong></span> 
     </span>
    </p>
   </div>
   <div class='ocr_carea' id='block_1_74' title="bbox 470 4246 2092 4320">
    <p class='ocr_par' dir='ltr' id='par_1_74' title="bbox 470 4246 2092 4320">
     <span class='ocr_line' id='line_1_74' title="bbox 470 4246 2092 4320; baseline -0.002 -16"><span class='ocrx_word' id='word_1_566' title='bbox 470 4302 475 4311; x_wconf 87' lang='grc'><strong><em>,</em></strong></span> <span class='ocrx_word' id='word_1_567' title='bbox 515 4250 668 4305; x_wconf 90' lang='lat' dir='ltr'><strong>latim</strong></span> <span class='ocrx_word' id='word_1_568' title='bbox 699 4252 1139 4314; x_wconf 89' lang='lat' dir='ltr'><strong>intercesserant,</strong></span> <span class='ocrx_word' id='word_1_569' title='bbox 1162 4265 1323 4320; x_wconf 88' lang='lat' dir='ltr'><strong>quam</strong></span> <span class='ocrx_word' id='word_1_570' title='bbox 1347 4258 1498 4303; x_wconf 86' lang='lat' dir='ltr'><strong>vetus</strong></span> <span class='ocrx_word' id='word_1_571' title='bbox 1530 4246 1619 4301; x_wconf 92' lang='lat' dir='ltr'><strong>illa</strong></span> <span class='ocrx_word' id='word_1_572' title='bbox 1644 4262 1813 4317; x_wconf 89' lang='lat' dir='ltr'><strong>papae</strong></span> <span class='ocrx_word' id='word_1_573' title='bbox 1836 4246 2038 4301; x_wconf 88' lang='lat' dir='ltr'><strong>Nicolai</strong></span> <span class='ocrx_word' id='word_1_574' title='bbox 2070 4246 2092 4300; x_wconf 89' lang='grc' dir='ltr'>Ι</span> 
     </span>
    </p>
   </div>
   <div class='ocr_carea' id='block_1_75' title="bbox 470 4338 2156 4413">
    <p class='ocr_par' dir='ltr' id='par_1_75' title="bbox 470 4338 2156 4413">
     <span class='ocr_line' id='line_1_75' title="bbox 470 4338 2156 4413; baseline -0.004 -15"><span class='ocrx_word' id='word_1_575' title='bbox 470 4342 701 4413; x_wconf 57' lang='grc' dir='ltr'><strong>,018³ιί0</strong></span> <span class='ocrx_word' id='word_1_576' title='bbox 755 4340 1087 4412; x_wconf 89' lang='lat' dir='ltr'><strong>impulerunt</strong></span> <span class='ocrx_word' id='word_1_577' title='bbox 1126 4340 1445 4411; x_wconf 85' lang='lat' dir='ltr'><strong>Erigeuam,</strong></span> <span class='ocrx_word' id='word_1_578' title='bbox 1502 4346 1593 4401; x_wconf 89' lang='lat' dir='ltr'><strong>ut,</strong></span> <span class='ocrx_word' id='word_1_579' title='bbox 1650 4338 1702 4391; x_wconf 89' lang='lat' dir='ltr'><strong>id</strong></span> <span class='ocrx_word' id='word_1_580' title='bbox 1754 4338 1895 4406; x_wconf 84' lang='lat' dir='ltr'><strong>quod</strong></span> <span class='ocrx_word' id='word_1_581' title='bbox 1949 4351 2093 4391; x_wconf 89' lang='lat' dir='ltr'><strong>nunc</strong></span> <span class='ocrx_word' id='word_1_582' title='bbox 2150 4401 2156 4405; x_wconf 27' lang='lat'><em>.</em></span> 
     </span>
    </p>
   </div>
   <div class='ocr_carea' id='block_1_76' title="bbox 511 4427 2091 4504">
    <p class='ocr_par' dir='ltr' id='par_1_76' title="bbox 511 4427 2091 4504">
     <span class='ocr_line' id='line_1_76' title="bbox 511 4427 2091 4504; baseline -0.005 -15"><span class='ocrx_word' id='word_1_583' title='bbox 511 4449 681 4504; x_wconf 82' lang='lat' dir='ltr'><strong>prope</strong></span> <span class='ocrx_word' id='word_1_584' title='bbox 713 4440 869 4486; x_wconf 80' lang='lat' dir='ltr'><strong>extra</strong></span> <span class='ocrx_word' id='word_1_585' title='bbox 895 4434 1117 4487; x_wconf 90' lang='lat' dir='ltr'><strong>dubium</strong></span> <span class='ocrx_word' id='word_1_586' title='bbox 1147 4432 1376 4500; x_wconf 89' lang='lat' dir='ltr'><strong>positum</strong></span> <span class='ocrx_word' id='word_1_587' title='bbox 1406 4437 1491 4483; x_wconf 89' lang='lat' dir='ltr'><strong>est</strong></span> <span class='ocrx_word' id='word_1_588' title='bbox 1519 4427 1905 4495; x_wconf 85' lang='lat' dir='ltr'><strong>(probabiliter</strong></span> <span class='ocrx_word' id='word_1_589' title='bbox 1944 4428 2091 4482; x_wconf 87' lang='lat' dir='ltr'><strong>circa</strong></span> 
     </span>
    </p>
   </div>
   <div class='ocr_carea' id='block_1_77' title="bbox 2200 3608 3776 3685">
    <p class='ocr_par' dir='ltr' id='par_1_77' title="bbox 2200 3608 3776 3685">
     <span class='ocr_line' id='line_1_77' title="bbox 2200 3608 3776 3685; baseline 0.008 -23"><span class='ocrx_word' id='word_1_590' title='bbox 2200 3608 2383 3662; x_wconf 90' lang='lat' dir='ltr'><strong>mundi</strong></span> <span class='ocrx_word' id='word_1_591' title='bbox 2423 3624 2545 3665; x_wconf 89' lang='lat' dir='ltr'><strong>esse</strong></span> <span class='ocrx_word' id='word_1_592' title='bbox 2608 3610 2871 3679; x_wconf 90' lang='lat' dir='ltr'><strong>judicium</strong></span> <span class='ocrx_word' id='word_1_593' title='bbox 2918 3613 3018 3685; x_wconf 74' lang='grc' dir='ltr'>(ιι),</span> <span class='ocrx_word' id='word_1_594' title='bbox 3058 3616 3303 3684; x_wconf 88' lang='lat' dir='ltr'><strong>quamvis</strong></span> <span class='ocrx_word' id='word_1_595' title='bbox 3332 3616 3600 3673; x_wconf 86' lang='lat' dir='ltr'><strong>interdum</strong></span> <span class='ocrx_word' id='word_1_596' title='bbox 3646 3633 3776 3675; x_wconf 86' lang='lat' dir='ltr'><strong>vera</strong></span> 
     </span>
    </p>
   </div>
   <div class='ocr_carea' id='block_1_78' title="bbox 2199 3700 3774 3773">
    <p class='ocr_par' dir='ltr' id='par_1_78' title="bbox 2199 3700 3774 3773">
     <span class='ocr_line' id='line_1_78' title="bbox 2199 3700 3774 3773; baseline 0.008 -21"><span class='ocrx_word' id='word_1_597' title='bbox 2199 3713 2320 3754; x_wconf 88' lang='lat' dir='ltr'><strong>esse</strong></span> <span class='ocrx_word' id='word_1_598' title='bbox 2367 3700 2688 3770; x_wconf 89' lang='lat' dir='ltr'><strong>reperiatur,</strong></span> <span class='ocrx_word' id='word_1_599' title='bbox 2740 3704 3057 3773; x_wconf 90' lang='lat' dir='ltr'><strong>saepissime</strong></span> <span class='ocrx_word' id='word_1_600' title='bbox 3096 3715 3274 3761; x_wconf 88' lang='lat' dir='ltr'><strong>tamen</strong></span> <span class='ocrx_word' id='word_1_601' title='bbox 3319 3706 3492 3773; x_wconf 88' lang='lat' dir='ltr'><strong>fallit;</strong></span> <span class='ocrx_word' id='word_1_602' title='bbox 3540 3724 3774 3765; x_wconf 86' lang='lat' dir='ltr'><strong>necnon</strong></span> 
     </span>
    </p>
   </div>
   <div class='ocr_carea' id='block_1_79' title="bbox 2200 3792 3774 3873">
    <p class='ocr_par' dir='ltr' id='par_1_79' title="bbox 2200 3792 3774 3873">
     <span class='ocr_line' id='line_1_79' title="bbox 2200 3792 3774 3873; baseline 0.007 -27"><span class='ocrx_word' id='word_1_603' title='bbox 2200 3792 2464 3862; x_wconf 84' lang='lat' dir='ltr'><strong>Erigeuae</strong></span> <span class='ocrx_word' id='word_1_604' title='bbox 2494 3803 2679 3849; x_wconf 88' lang='lat' dir='ltr'><strong>nostro</strong></span> <span class='ocrx_word' id='word_1_605' title='bbox 2707 3797 2924 3863; x_wconf 89' lang='lat' dir='ltr'><strong>accidit,</strong></span> <span class='ocrx_word' id='word_1_606' title='bbox 2976 3805 3034 3851; x_wconf 90' lang='lat' dir='ltr'><strong>ut</strong></span> <span class='ocrx_word' id='word_1_607' title='bbox 3070 3814 3210 3868; x_wconf 89' lang='lat' dir='ltr'><strong>pene</strong></span> <span class='ocrx_word' id='word_1_608' title='bbox 3250 3814 3459 3867; x_wconf 90' lang='lat' dir='ltr'><strong>omnes,</strong></span> <span class='ocrx_word' id='word_1_609' title='bbox 3511 3803 3604 3873; x_wconf 91' lang='lat' dir='ltr'><strong>qui</strong></span> <span class='ocrx_word' id='word_1_610' title='bbox 3651 3817 3774 3857; x_wconf 86' lang='lat' dir='ltr'><strong>eum</strong></span> 
     </span>
    </p>
   </div>
   <div class='ocr_carea' id='block_1_80' title="bbox 2160 3882 3775 3959">
    <p class='ocr_par' dir='ltr' id='par_1_80' title="bbox 2160 3882 3775 3959">
     <span class='ocr_line' id='line_1_80' title="bbox 2160 3882 3775 3959; baseline 0.006 -24"><span class='ocrx_word' id='word_1_611' title='bbox 2160 3952 2163 3955; x_wconf 9' lang='lat' dir='ltr'><strong>b</strong></span> <span class='ocrx_word' id='word_1_612' title='bbox 2199 3882 2643 3953; x_wconf 88' lang='lat' dir='ltr'><strong>vituperaverunt</strong></span> <span class='ocrx_word' id='word_1_613' title='bbox 2668 3886 2754 3940; x_wconf 88' lang='lat' dir='ltr'><strong>vel</strong></span> <span class='ocrx_word' id='word_1_614' title='bbox 2784 3886 3157 3954; x_wconf 88' lang='lat' dir='ltr'><strong>laudaverunt,</strong></span> <span class='ocrx_word' id='word_1_615' title='bbox 3189 3888 3540 3959; x_wconf 89' lang='lat' dir='ltr'><strong>profunditati</strong></span> <span class='ocrx_word' id='word_1_616' title='bbox 3565 3900 3621 3947; x_wconf 91' lang='lat' dir='ltr'><strong>et</strong></span> <span class='ocrx_word' id='word_1_617' title='bbox 3649 3907 3775 3947; x_wconf 87' lang='lat' dir='ltr'><strong>acu-</strong></span> 
     </span>
    </p>
   </div>
   <div class='ocr_carea' id='block_1_81' title="bbox 2198 3971 3773 4050">
    <p class='ocr_par' dir='ltr' id='par_1_81' title="bbox 2198 3971 3773 4050">
     <span class='ocr_line' id='line_1_81' title="bbox 2198 3971 3773 4050; baseline 0.007 -25"><span class='ocrx_word' id='word_1_618' title='bbox 2198 3971 2330 4025; x_wconf 87' lang='lat' dir='ltr'><strong>mini</strong></span> <span class='ocrx_word' id='word_1_619' title='bbox 2352 3972 2468 4042; x_wconf 90' lang='lat' dir='ltr'><strong>ejus</strong></span> <span class='ocrx_word' id='word_1_620' title='bbox 2488 3974 2762 4043; x_wconf 86' lang='lat' dir='ltr'><strong>capiendis</strong></span> <span class='ocrx_word' id='word_1_621' title='bbox 2785 3976 3004 4030; x_wconf 91' lang='lat' dir='ltr'><strong>minime</strong></span> <span class='ocrx_word' id='word_1_622' title='bbox 3034 3993 3192 4047; x_wconf 88' lang='lat' dir='ltr'><strong>pares</strong></span> <span class='ocrx_word' id='word_1_623' title='bbox 3218 3978 3438 4046; x_wconf 78' lang='lat' dir='ltr'><strong>fuerint,</strong></span> <span class='ocrx_word' id='word_1_624' title='bbox 3456 3989 3617 4050; x_wconf 87' lang='lat' dir='ltr'><strong>atque</strong></span> <span class='ocrx_word' id='word_1_625' title='bbox 3639 3983 3773 4037; x_wconf 87' lang='lat' dir='ltr'><strong>adeo</strong></span> 
     </span>
    </p>
   </div>
   <div class='ocr_carea' id='block_1_82' title="bbox 2198 4061 3768 4138">
    <p class='ocr_par' dir='ltr' id='par_1_82' title="bbox 2198 4061 3768 4138">
     <span class='ocr_line' id='line_1_82' title="bbox 2198 4061 3768 4138; baseline 0.006 -24"><span class='ocrx_word' id='word_1_626' title='bbox 2198 4061 2381 4131; x_wconf 83' lang='lat' dir='ltr'><strong>inique</strong></span> <span class='ocrx_word' id='word_1_627' title='bbox 2420 4063 2486 4118; x_wconf 90' lang='lat' dir='ltr'><strong>de</strong></span> <span class='ocrx_word' id='word_1_628' title='bbox 2514 4079 2578 4118; x_wconf 90' lang='lat' dir='ltr'><strong>eo</strong></span> <span class='ocrx_word' id='word_1_629' title='bbox 2598 4063 2966 4134; x_wconf 87' lang='lat' dir='ltr'><strong>judicaverint</strong></span> <span class='ocrx_word' id='word_1_630' title='bbox 2986 4107 3000 4130; x_wconf 91' lang='lat'><strong>,</strong></span> <span class='ocrx_word' id='word_1_631' title='bbox 3032 4070 3319 4138; x_wconf 90' lang='lat' dir='ltr'><strong>perpaucis</strong></span> <span class='ocrx_word' id='word_1_632' title='bbox 3350 4078 3554 4125; x_wconf 88' lang='lat' dir='ltr'><strong>tantum</strong></span> <span class='ocrx_word' id='word_1_633' title='bbox 3584 4071 3768 4136; x_wconf 89' lang='lat' dir='ltr'><strong>altam,</strong></span> 
     </span>
    </p>
   </div>
   <div class='ocr_carea' id='block_1_83' title="bbox 2162 4155 3765 4235">
    <p class='ocr_par' dir='ltr' id='par_1_83' title="bbox 2162 4155 3765 4235">
     <span class='ocr_line' id='line_1_83' title="bbox 2162 4155 3765 4235; baseline 0.004 -28"><span class='ocrx_word' id='word_1_634' title='bbox 2162 4167 2302 4235; x_wconf 0' lang='lat' dir='ltr'><strong>equa</strong></span> <span class='ocrx_word' id='word_1_635' title='bbox 2351 4155 2627 4224; x_wconf 89' lang='lat' dir='ltr'><strong>praeditus</strong></span> <span class='ocrx_word' id='word_1_636' title='bbox 2675 4157 2795 4221; x_wconf 91' lang='lat' dir='ltr'><strong>fuit,</strong></span> <span class='ocrx_word' id='word_1_637' title='bbox 2841 4167 3075 4213; x_wconf 88' lang='lat' dir='ltr'><strong>mentem</strong></span> <span class='ocrx_word' id='word_1_638' title='bbox 3121 4168 3269 4215; x_wconf 89' lang='lat' dir='ltr'><strong>recte</strong></span> <span class='ocrx_word' id='word_1_639' title='bbox 3332 4159 3765 4233; x_wconf 83' lang='lat' dir='ltr'><strong>intelligentibus.</strong></span> 
     </span>
    </p>
   </div>
   <div class='ocr_carea' id='block_1_84' title="bbox 2196 4248 3767 4325">
    <p class='ocr_par' dir='ltr' id='par_1_84' title="bbox 2196 4248 3767 4325">
     <span class='ocr_line' id='line_1_84' title="bbox 2196 4248 3767 4325; baseline 0.003 -22"><span class='ocrx_word' id='word_1_640' title='bbox 2196 4248 2445 4305; x_wconf 81' lang='lat' dir='ltr'><strong>Profecto</strong></span> <span class='ocrx_word' id='word_1_641' title='bbox 2458 4251 2602 4305; x_wconf 82' lang='lat' dir='ltr'><strong>enim</strong></span> <span class='ocrx_word' id='word_1_642' title='bbox 2616 4252 2776 4306; x_wconf 89' lang='lat' dir='ltr'><strong>etiam</strong></span> <span class='ocrx_word' id='word_1_643' title='bbox 2796 4251 3006 4306; x_wconf 89' lang='lat' dir='ltr'><strong>laudem</strong></span> <span class='ocrx_word' id='word_1_644' title='bbox 3032 4252 3263 4319; x_wconf 91' lang='lat' dir='ltr'><strong>illorum,</strong></span> <span class='ocrx_word' id='word_1_645' title='bbox 3279 4256 3369 4323; x_wconf 91' lang='lat' dir='ltr'><strong>qui</strong></span> <span class='ocrx_word' id='word_1_646' title='bbox 3392 4253 3767 4325; x_wconf 86' lang='lat' dir='ltr'><strong>philosophum</strong></span> 
     </span>
    </p>
   </div>
   <div class='ocr_carea' id='block_1_85' title="bbox 2196 4343 3771 4413">
    <p class='ocr_par' dir='ltr' id='par_1_85' title="bbox 2196 4343 3771 4413">
     <span class='ocr_line' id='line_1_85' title="bbox 2196 4343 3771 4413; baseline 0.005 -20"><span class='ocrx_word' id='word_1_647' title='bbox 2196 4350 2441 4396; x_wconf 89' lang='lat' dir='ltr'><strong>nostrum</strong></span> <span class='ocrx_word' id='word_1_648' title='bbox 2470 4351 2724 4413; x_wconf 91' lang='lat' dir='ltr'><strong>tauquam</strong></span> <span class='ocrx_word' id='word_1_649' title='bbox 2759 4343 3020 4411; x_wconf 89' lang='lat' dir='ltr'><strong>Spinosac</strong></span> <span class='ocrx_word' id='word_1_650' title='bbox 3052 4354 3451 4403; x_wconf 89' lang='lat' dir='ltr'><strong>antecessorem</strong></span> <span class='ocrx_word' id='word_1_651' title='bbox 3492 4346 3771 4402; x_wconf 80' lang='lat' dir='ltr'><strong>declaran-</strong></span> 
     </span>
    </p>
   </div>
   <div class='ocr_carea' id='block_1_86' title="bbox 2196 4433 3775 4502">
    <p class='ocr_par' dir='ltr' id='par_1_86' title="bbox 2196 4433 3775 4502">
     <span class='ocr_line' id='line_1_86' title="bbox 2196 4433 3775 4502; baseline 0.005 -18"><span class='ocrx_word' id='word_1_652' title='bbox 2196 4438 2278 4485; x_wconf 90' lang='lat' dir='ltr'><strong>tes</strong></span> <span class='ocrx_word' id='word_1_653' title='bbox 2314 4450 2333 4482; x_wconf 78' lang='grc' dir='ltr'><strong>ι</strong></span> <span class='ocrx_word' id='word_1_654' title='bbox 2368 4434 2765 4502; x_wconf 88' lang='lat' dir='ltr'><strong>pantbeismum</strong></span> <span class='ocrx_word' id='word_1_655' title='bbox 2804 4433 2919 4502; x_wconf 88' lang='lat' dir='ltr'><strong>ejus</strong></span> <span class='ocrx_word' id='word_1_656' title='bbox 2949 4445 3003 4489; x_wconf 91' lang='lat' dir='ltr'><strong>et</strong></span> <span class='ocrx_word' id='word_1_657' title='bbox 3040 4451 3259 4490; x_wconf 90' lang='lat' dir='ltr'><strong>sensum</strong></span> <span class='ocrx_word' id='word_1_658' title='bbox 3301 4436 3370 4492; x_wconf 85' lang='lat' dir='ltr'><strong>ab</strong></span> <span class='ocrx_word' id='word_1_659' title='bbox 3392 4436 3635 4493; x_wconf 84' lang='lat' dir='ltr'><strong>Ecclesia</strong></span> <span class='ocrx_word' id='word_1_660' title='bbox 3682 4454 3775 4492; x_wconf 90' lang='lat' dir='ltr'><strong>ca-</strong></span> 
     </span>
    </p>
   </div>
   <div class='ocr_carea' id='block_1_87' title="bbox 470 4503 3767 4595">
    <p class='ocr_par' dir='ltr' id='par_1_87' title="bbox 470 4503 3767 4595">
     <span class='ocr_line' id='line_1_87' title="bbox 470 4503 3767 4595; baseline 0.001 -19"><span class='ocrx_word' id='word_1_661' title='bbox 470 4510 475 4515; x_wconf 65' lang='grc'><em>’</em></span> <span class='ocrx_word' id='word_1_662' title='bbox 513 4503 715 4576; x_wconf 85' lang='lat' dir='ltr'><strong>annum</strong></span> <span class='ocrx_word' id='word_1_663' title='bbox 747 4521 851 4576; x_wconf 81' lang='lat'><strong>883</strong></span> <span class='ocrx_word' id='word_1_664' title='bbox 874 4520 961 4575; x_wconf 91' lang='lat' dir='ltr'><strong>vel</strong></span> <span class='ocrx_word' id='word_1_665' title='bbox 987 4518 1168 4589; x_wconf 87' lang='lat' dir='ltr'><strong>paullo</strong></span> <span class='ocrx_word' id='word_1_666' title='bbox 1205 4514 1451 4584; x_wconf 86' lang='lat' dir='ltr'><strong>serius),</strong></span> <span class='ocrx_word' id='word_1_667' title='bbox 1493 4523 1714 4569; x_wconf 89' lang='lat' dir='ltr'><strong>vocatus</strong></span> <span class='ocrx_word' id='word_1_668' title='bbox 1758 4515 1826 4568; x_wconf 90' lang='lat' dir='ltr'><strong>ab</strong></span> <span class='ocrx_word' id='word_1_669' title='bbox 1869 4513 2088 4571; x_wconf 85' lang='lat' dir='ltr'><strong>Alfredo</strong></span> <span class='ocrx_word' id='word_1_670' title='bbox 2113 4512 2167 4574; x_wconf 90' lang='lat' dir='ltr'><strong><em>D</em></strong></span> <span class='ocrx_word' id='word_1_671' title='bbox 2194 4503 2389 4575; x_wconf 76' lang='lat' dir='ltr'><strong>tbolica</strong></span> <span class='ocrx_word' id='word_1_672' title='bbox 2421 4518 2578 4591; x_wconf 89' lang='lat' dir='ltr'><strong>(Pag.</strong></span> <span class='ocrx_word' id='word_1_673' title='bbox 2605 4521 2713 4593; x_wconf 79' lang='lat' dir='ltr'><strong>VII)</strong></span> <span class='ocrx_word' id='word_1_674' title='bbox 2739 4523 3115 4579; x_wconf 90' lang='lat' dir='ltr'><strong>abhorrentem</strong></span> <span class='ocrx_word' id='word_1_675' title='bbox 3141 4545 3159 4577; x_wconf 73' lang='grc' dir='ltr'><strong>ι</strong></span> <span class='ocrx_word' id='word_1_676' title='bbox 3192 4539 3352 4595; x_wconf 78' lang='lat' dir='ltr'><strong>quam</strong></span> <span class='ocrx_word' id='word_1_677' title='bbox 3400 4524 3635 4579; x_wconf 76' lang='lat' dir='ltr'><strong>maxime</strong></span> <span class='ocrx_word' id='word_1_678' title='bbox 3665 4540 3767 4595; x_wconf 85' lang='lat' dir='ltr'><strong>po-</strong></span> 
     </span>
    </p>
   </div>
   <div class='ocr_carea' id='block_1_88' title="bbox 516 4601 2091 4678">
    <p class='ocr_par' dir='ltr' id='par_1_88' title="bbox 516 4601 2091 4678">
     <span class='ocr_line' id='line_1_88' title="bbox 516 4601 2091 4678; baseline -0.003 -13"><span class='ocrx_word' id='word_1_679' title='bbox 516 4610 708 4678; x_wconf 79' lang='lat' dir='ltr'><strong>Magno</strong></span> <span class='ocrx_word' id='word_1_680' title='bbox 737 4608 792 4662; x_wconf 92' lang='lat' dir='ltr'><strong>in</strong></span> <span class='ocrx_word' id='word_1_681' title='bbox 821 4607 1071 4678; x_wconf 83' lang='lat' dir='ltr'><strong>Angliam</strong></span> <span class='ocrx_word' id='word_1_682' title='bbox 1099 4621 1158 4660; x_wconf 89' lang='lat' dir='ltr'><strong>se</strong></span> <span class='ocrx_word' id='word_1_683' title='bbox 1182 4604 1472 4660; x_wconf 90' lang='lat' dir='ltr'><strong>conferret.</strong></span> <span class='ocrx_word' id='word_1_684' title='bbox 1504 4603 1580 4657; x_wconf 91' lang='lat' dir='ltr'><strong>lbi</strong></span> <span class='ocrx_word' id='word_1_685' title='bbox 1611 4603 1824 4671; x_wconf 91' lang='lat' dir='ltr'><strong>quidem</strong></span> <span class='ocrx_word' id='word_1_686' title='bbox 1851 4601 2091 4660; x_wconf 84' lang='lat' dir='ltr'><strong>Oxoniae</strong></span> 
     </span>
    </p>
   </div>
   <div class='ocr_carea' id='block_1_89' title="bbox 516 4693 2091 4764">
    <p class='ocr_par' dir='ltr' id='par_1_89' title="bbox 516 4693 2091 4764">
     <span class='ocr_line' id='line_1_89' title="bbox 516 4693 2091 4764; baseline -0.002 -11"><span class='ocrx_word' id='word_1_687' title='bbox 516 4701 570 4754; x_wconf 91' lang='lat' dir='ltr'><strong>in</strong></span> <span class='ocrx_word' id='word_1_688' title='bbox 615 4698 921 4752; x_wconf 89' lang='lat' dir='ltr'><strong>litterarum</strong></span> <span class='ocrx_word' id='word_1_689' title='bbox 971 4695 1323 4750; x_wconf 87' lang='lat' dir='ltr'><strong>universitate</strong></span> <span class='ocrx_word' id='word_1_690' title='bbox 1369 4708 1465 4762; x_wconf 86' lang='lat' dir='ltr'><strong>per</strong></span> <span class='ocrx_word' id='word_1_691' title='bbox 1519 4693 1787 4763; x_wconf 86' lang='lat' dir='ltr'><strong>quoddam</strong></span> <span class='ocrx_word' id='word_1_692' title='bbox 1834 4695 2091 4764; x_wconf 87' lang='lat' dir='ltr'><strong>temporis</strong></span> 
     </span>
    </p>
   </div>
   <div class='ocr_carea' id='block_1_90' title="bbox 516 4786 2145 4862">
    <p class='ocr_par' dir='ltr' id='par_1_90' title="bbox 516 4786 2145 4862">
     <span class='ocr_line' id='line_1_90' title="bbox 516 4786 2145 4862; baseline -0.002 -16"><span class='ocrx_word' id='word_1_693' title='bbox 516 4792 748 4862; x_wconf 89' lang='lat' dir='ltr'><strong>spatium</strong></span> <span class='ocrx_word' id='word_1_694' title='bbox 775 4789 1044 4844; x_wconf 88' lang='lat' dir='ltr'><strong>mathesin</strong></span> <span class='ocrx_word' id='word_1_695' title='bbox 1073 4796 1127 4843; x_wconf 89' lang='lat' dir='ltr'><strong>et</strong></span> <span class='ocrx_word' id='word_1_696' title='bbox 1151 4786 1487 4840; x_wconf 89' lang='lat' dir='ltr'><strong>dialecticam</strong></span> <span class='ocrx_word' id='word_1_697' title='bbox 1511 4786 1723 4848; x_wconf 82' lang='lat' dir='ltr'><strong>docuit;</strong></span> <span class='ocrx_word' id='word_1_698' title='bbox 1755 4796 2089 4856; x_wconf 90' lang='lat' dir='ltr'><strong>postremum</strong></span> <span class='ocrx_word' id='word_1_699' title='bbox 2142 4796 2145 4805; x_wconf 89' lang='lat'><em>‘</em></span> 
     </span>
    </p>
   </div>
   <div class='ocr_carea' id='block_1_91' title="bbox 517 4877 2090 4942">
    <p class='ocr_par' dir='ltr' id='par_1_91' title="bbox 517 4877 2090 4942">
     <span class='ocr_line' id='line_1_91' title="bbox 517 4877 2090 4942; baseline -0.003 -5"><span class='ocrx_word' id='word_1_700' title='bbox 517 4883 572 4937; x_wconf 85' lang='lat' dir='ltr'><strong>in</strong></span> <span class='ocrx_word' id='word_1_701' title='bbox 588 4882 850 4938; x_wconf 89' lang='lat' dir='ltr'><strong>coenobio</strong></span> <span class='ocrx_word' id='word_1_702' title='bbox 864 4878 1324 4934; x_wconf 84' lang='lat' dir='ltr'><strong>Malmesburiensi</strong></span> <span class='ocrx_word' id='word_1_703' title='bbox 1342 4877 1506 4931; x_wconf 85' lang='lat' dir='ltr'><strong>abbas</strong></span> <span class='ocrx_word' id='word_1_704' title='bbox 1523 4877 1717 4942; x_wconf 76' lang='lat' dir='ltr'><strong>factus,</strong></span> <span class='ocrx_word' id='word_1_705' title='bbox 1732 4879 1831 4932; x_wconf 91' lang='lat' dir='ltr'><strong>sub</strong></span> <span class='ocrx_word' id='word_1_706' title='bbox 1843 4881 2090 4933; x_wconf 89' lang='lat' dir='ltr'><strong>manibus</strong></span> 
     </span>
    </p>
   </div>
   <div class='ocr_carea' id='block_1_92' title="bbox 589 5005 2149 5085">
    <p class='ocr_par' dir='ltr' id='par_1_92' title="bbox 589 5005 2149 5085">
     <span class='ocr_line' id='line_1_92' title="bbox 589 5005 2149 5085; baseline -0.001 -20"><span class='ocrx_word' id='word_1_707' title='bbox 589 5011 665 5085; x_wconf 80' lang='grc' dir='ltr'><strong>(η)</strong></span> <span class='ocrx_word' id='word_1_708' title='bbox 696 5010 777 5085; x_wconf 83' lang='lat' dir='ltr'><strong>Cf.</strong></span> <span class='ocrx_word' id='word_1_709' title='bbox 805 5010 1091 5085; x_wconf 69' lang='lat' dir='ltr'><strong>Dellinger,</strong></span> <span class='ocrx_word' id='word_1_710' title='bbox 1124 5008 1521 5085; x_wconf 43' lang='lat' dir='ltr'><strong>Lehrbucftnger</strong></span> <span class='ocrx_word' id='word_1_711' title='bbox 1540 5005 2080 5085; x_wconf 55' lang='lat' dir='ltr'><strong>ire/tangesclziqhte.</strong></span> <span class='ocrx_word' id='word_1_712' title='bbox 2139 5010 2149 5018; x_wconf 86' lang='grc'><em>’</em></span> 
     </span>
    </p>
   </div>
   <div class='ocr_carea' id='block_1_93' title="bbox 516 5078 2079 5151">
    <p class='ocr_par' dir='ltr' id='par_1_93' title="bbox 516 5078 2079 5151">
     <span class='ocr_line' id='line_1_93' title="bbox 516 5078 2079 5151; baseline -0.002 -14"><span class='ocrx_word' id='word_1_713' title='bbox 516 5078 866 5151; x_wconf 75' lang='lat' dir='ltr'><strong>Regensburg</strong></span> <span class='ocrx_word' id='word_1_714' title='bbox 898 5078 1005 5151; x_wconf 78' lang='lat' dir='ltr'><strong>und</strong></span> <span class='ocrx_word' id='word_1_715' title='bbox 1034 5079 1327 5151; x_wconf 84' lang='lat' dir='ltr'><strong>Landshut,</strong></span> <span class='ocrx_word' id='word_1_716' title='bbox 1362 5078 1514 5132; x_wconf 80' lang='grc'>1856.</span> <span class='ocrx_word' id='word_1_717' title='bbox 1550 5078 1666 5133; x_wconf 79' lang='lat' dir='ltr'><strong>Vol.</strong></span> <span class='ocrx_word' id='word_1_718' title='bbox 1708 5079 1749 5144; x_wconf 89' lang='grc' dir='ltr'><strong>Ι,</strong></span> <span class='ocrx_word' id='word_1_719' title='bbox 1776 5078 1899 5150; x_wconf 80' lang='lat' dir='ltr'><strong>pag.</strong></span> <span class='ocrx_word' id='word_1_720' title='bbox 1954 5081 2079 5134; x_wconf 70' lang='lat'><strong>409.</strong></span> 
     </span>
    </p>
   </div>
   <div class='ocr_carea' id='block_1_94' title="bbox 585 5149 2082 5296">
    <p class='ocr_par' dir='ltr' id='par_1_94' title="bbox 585 5149 2082 5296">
     <span class='ocr_line' id='line_1_94' title="bbox 603 5149 1865 5208; baseline -0.005 0"><span class='ocrx_word' id='word_1_721' title='bbox 603 5149 637 5208; x_wconf 66' lang='grc' dir='ltr'><strong>ὗ</strong></span> <span class='ocrx_word' id='word_1_722' title='bbox 687 5151 768 5208; x_wconf 84' lang='lat' dir='ltr'><strong>Cf.</strong></span> <span class='ocrx_word' id='word_1_723' title='bbox 800 5149 945 5206; x_wconf 76' lang='lat' dir='ltr'><strong>ﬂock</strong></span> <span class='ocrx_word' id='word_1_724' title='bbox 970 5150 1007 5205; x_wconf 87' lang='grc' dir='ltr'><strong>ι.</strong></span> <span class='ocrx_word' id='word_1_725' title='bbox 1037 5150 1074 5205; x_wconf 90' lang='lat' dir='ltr'><strong>l.</strong></span> <span class='ocrx_word' id='word_1_726' title='bbox 1858 5149 1865 5150; x_wconf 27' lang='grc' dir='ltr'>ί</span> 
     </span>
     <span class='ocr_line' id='line_1_95' title="bbox 585 5156 2082 5296; baseline -0.003 -19"><span class='ocrx_word' id='word_1_727' title='bbox 585 5156 841 5296; x_wconf 44' lang='grc' dir='ltr'>ἓσίᾼϋιιε</span> <span class='ocrx_word' id='word_1_728' title='bbox 869 5230 954 5296; x_wconf 84' lang='lat' dir='ltr'><strong>est</strong></span> <span class='ocrx_word' id='word_1_729' title='bbox 977 5229 1157 5296; x_wconf 82' lang='lat' dir='ltr'><strong>noster</strong></span> <span class='ocrx_word' id='word_1_730' title='bbox 1196 5219 1452 5296; x_wconf 78' lang='lat' dir='ltr'><strong>Joannes,</strong></span> <span class='ocrx_word' id='word_1_731' title='bbox 1467 5219 1613 5296; x_wconf 74' lang='lat' dir='ltr'><strong>alios</strong></span> <span class='ocrx_word' id='word_1_732' title='bbox 1638 5218 1873 5296; x_wconf 83' lang='lat' dir='ltr'><strong>Joannes</strong></span> <span class='ocrx_word' id='word_1_733' title='bbox 1906 5218 2082 5296; x_wconf 67' lang='lat' dir='ltr'><strong>abbas</strong></span> 
     </span>
    </p>
   </div>
   <div class='ocr_carea' id='block_1_95' title="bbox 515 5288 2079 5364">
    <p class='ocr_par' dir='ltr' id='par_1_95' title="bbox 515 5288 2079 5364">
     <span class='ocr_line' id='line_1_96' title="bbox 515 5288 2079 5364; baseline -0.003 -17"><span class='ocrx_word' id='word_1_734' title='bbox 515 5288 915 5364; x_wconf 72' lang='lat' dir='ltr'><strong>Athelingensis</strong></span> <span class='ocrx_word' id='word_1_735' title='bbox 941 5331 956 5356; x_wconf 96' lang='lat'><strong>,</strong></span> <span class='ocrx_word' id='word_1_736' title='bbox 985 5292 1077 5360; x_wconf 82' lang='lat' dir='ltr'><strong>qui</strong></span> <span class='ocrx_word' id='word_1_737' title='bbox 1105 5305 1136 5343; x_wconf 88' lang='lat' dir='ltr'><strong>a</strong></span> <span class='ocrx_word' id='word_1_738' title='bbox 1162 5290 1377 5345; x_wconf 85' lang='lat' dir='ltr'><strong>sicariis</strong></span> <span class='ocrx_word' id='word_1_739' title='bbox 1402 5289 1649 5343; x_wconf 88' lang='lat' dir='ltr'><strong>mercede</strong></span> <span class='ocrx_word' id='word_1_740' title='bbox 1685 5288 1964 5343; x_wconf 87' lang='lat' dir='ltr'><strong>conductis</strong></span> <span class='ocrx_word' id='word_1_741' title='bbox 1992 5288 2079 5342; x_wconf 88' lang='lat' dir='ltr'><strong>in-</strong></span> 
     </span>
    </p>
   </div>
   <div class='ocr_carea' id='block_1_96' title="bbox 514 5362 903 5418">
    <p class='ocr_par' dir='ltr' id='par_1_96' title="bbox 514 5362 903 5418">
     <span class='ocr_line' id='line_1_97' title="bbox 514 5362 903 5418; baseline -0.005 0"><span class='ocrx_word' id='word_1_742' title='bbox 514 5362 772 5418; x_wconf 75' lang='lat' dir='ltr'><strong>terfectus</strong></span> <span class='ocrx_word' id='word_1_743' title='bbox 799 5370 903 5418; x_wconf 84' lang='lat' dir='ltr'><strong>est.</strong></span> 
     </span>
    </p>
   </div>
   <div class='ocr_carea' id='block_1_97' title="bbox 586 5472 2083 5531">
    <p class='ocr_par' dir='ltr' id='par_1_97' title="bbox 586 5472 2083 5531">
     <span class='ocr_line' id='line_1_98' title="bbox 586 5472 2083 5531; baseline -0.001 -4"><span class='ocrx_word' id='word_1_744' title='bbox 586 5473 615 5508; x_wconf 72' lang='lat'><strong><em>&quot;</em></strong></span> <span class='ocrx_word' id='word_1_745' title='bbox 637 5473 971 5529; x_wconf 88' lang='lat' dir='ltr'><strong>Peculiarem</strong></span> <span class='ocrx_word' id='word_1_746' title='bbox 989 5472 1213 5531; x_wconf 89' lang='lat' dir='ltr'><strong>Joannis</strong></span> <span class='ocrx_word' id='word_1_747' title='bbox 1246 5474 1394 5531; x_wconf 90' lang='lat' dir='ltr'><strong>Scoti</strong></span> <span class='ocrx_word' id='word_1_748' title='bbox 1438 5477 1504 5530; x_wconf 89' lang='lat' dir='ltr'><strong>de</strong></span> <span class='ocrx_word' id='word_1_749' title='bbox 1527 5473 1865 5530; x_wconf 87' lang='lat' dir='ltr'><strong>Eucharistia</strong></span> <span class='ocrx_word' id='word_1_750' title='bbox 1891 5472 2083 5526; x_wconf 79' lang='lat' dir='ltr'><strong>librum</strong></span> 
     </span>
    </p>
   </div>
   <div class='ocr_carea' id='block_1_98' title="bbox 456 5543 2078 5609">
    <p class='ocr_par' dir='ltr' id='par_1_98' title="bbox 456 5543 2078 5609">
     <span class='ocr_line' id='line_1_99' title="bbox 456 5543 2078 5609; baseline 0.001 -14"><span class='ocrx_word' id='word_1_751' title='bbox 456 5592 461 5595; x_wconf 71' lang='lat'><strong>.</strong></span> <span class='ocrx_word' id='word_1_752' title='bbox 518 5544 738 5597; x_wconf 91' lang='lat' dir='ltr'><strong>omnino</strong></span> <span class='ocrx_word' id='word_1_753' title='bbox 766 5559 870 5596; x_wconf 90' lang='lat' dir='ltr'><strong>non</strong></span> <span class='ocrx_word' id='word_1_754' title='bbox 896 5546 1191 5609; x_wconf 86' lang='lat' dir='ltr'><strong>exstitisse,</strong></span> <span class='ocrx_word' id='word_1_755' title='bbox 1218 5544 1660 5599; x_wconf 88' lang='lat' dir='ltr'><strong>verisimillimum</strong></span> <span class='ocrx_word' id='word_1_756' title='bbox 1675 5544 1829 5597; x_wconf 89' lang='lat' dir='ltr'><strong>nobis</strong></span> <span class='ocrx_word' id='word_1_757' title='bbox 1847 5543 2078 5609; x_wconf 89' lang='lat' dir='ltr'><strong>videtur,</strong></span> 
     </span>
    </p>
   </div>
   <div class='ocr_carea' id='block_1_99' title="bbox 520 5612 1849 5669">
    <p class='ocr_par' dir='ltr' id='par_1_99' title="bbox 520 5612 1849 5669">
     <span class='ocr_line' id='line_1_100' title="bbox 520 5612 1849 5669; baseline 0.002 -5"><span class='ocrx_word' id='word_1_758' title='bbox 520 5620 579 5665; x_wconf 89' lang='lat' dir='ltr'><strong>ut</strong></span> <span class='ocrx_word' id='word_1_759' title='bbox 612 5612 943 5667; x_wconf 89' lang='lat' dir='ltr'><strong>ostendimus</strong></span> <span class='ocrx_word' id='word_1_760' title='bbox 972 5614 1024 5667; x_wconf 91' lang='lat' dir='ltr'><strong>in</strong></span> <span class='ocrx_word' id='word_1_761' title='bbox 1052 5614 1343 5667; x_wconf 85' lang='lat' dir='ltr'><strong>Prooemio.</strong></span> <span class='ocrx_word' id='word_1_762' title='bbox 1385 5616 1651 5669; x_wconf 68' lang='lat' dir='ltr'><strong>Amuxnv.</strong></span> <span class='ocrx_word' id='word_1_763' title='bbox 1692 5613 1849 5667; x_wconf 80' lang='lat' dir='ltr'><strong>EDIT.</strong></span> 
     </span>
    </p>
   </div>
   <div class='ocr_carea' id='block_1_100' title="bbox 588 5681 2081 5756">
    <p class='ocr_par' dir='ltr' id='par_1_100' title="bbox 588 5681 2081 5756">
     <span class='ocr_line' id='line_1_101' title="bbox 588 5681 2081 5756; baseline 0.002 -21"><span class='ocrx_word' id='word_1_764' title='bbox 588 5681 649 5716; x_wconf 68' lang='lat'><strong>&quot;</strong></span> <span class='ocrx_word' id='word_1_765' title='bbox 678 5681 823 5736; x_wconf 85' lang='lat' dir='ltr'><strong>Haec</strong></span> <span class='ocrx_word' id='word_1_766' title='bbox 842 5696 980 5753; x_wconf 90' lang='lat' dir='ltr'><strong>quae</strong></span> <span class='ocrx_word' id='word_1_767' title='bbox 999 5684 1064 5738; x_wconf 91' lang='lat' dir='ltr'><strong>de</strong></span> <span class='ocrx_word' id='word_1_768' title='bbox 1085 5684 1256 5739; x_wconf 88' lang='lat' dir='ltr'><strong>reditu</strong></span> <span class='ocrx_word' id='word_1_769' title='bbox 1283 5684 1502 5740; x_wconf 88' lang='lat' dir='ltr'><strong>Joannis</strong></span> <span class='ocrx_word' id='word_1_770' title='bbox 1543 5683 1689 5740; x_wconf 91' lang='lat' dir='ltr'><strong>Scoti</strong></span> <span class='ocrx_word' id='word_1_771' title='bbox 1731 5686 1784 5739; x_wconf 92' lang='lat' dir='ltr'><strong>in</strong></span> <span class='ocrx_word' id='word_1_772' title='bbox 1810 5684 2081 5756; x_wconf 76' lang='lat' dir='ltr'><strong>Angliam,</strong></span> 
     </span>
    </p>
   </div>
   <div class='ocr_carea' id='block_1_101' title="bbox 2195 4611 3769 4689">
    <p class='ocr_par' dir='ltr' id='par_1_101' title="bbox 2195 4611 3769 4689">
     <span class='ocr_line' id='line_1_102' title="bbox 2195 4611 3769 4689; baseline 0.003 -24"><span class='ocrx_word' id='word_1_773' title='bbox 2195 4619 2374 4667; x_wconf 88' lang='lat' dir='ltr'><strong>terant</strong></span> <span class='ocrx_word' id='word_1_774' title='bbox 2419 4612 2726 4667; x_wconf 90' lang='lat' dir='ltr'><strong>extulerunt</strong></span> <span class='ocrx_word' id='word_1_775' title='bbox 2766 4612 2835 4684; x_wconf 79' lang='grc' dir='ltr'><strong>(ε)</strong></span> <span class='ocrx_word' id='word_1_776' title='bbox 2864 4654 2878 4679; x_wconf 91' lang='grc'><strong><em>,</em></strong></span> <span class='ocrx_word' id='word_1_777' title='bbox 2924 4614 3035 4683; x_wconf 88' lang='lat' dir='ltr'><strong>ipse</strong></span> <span class='ocrx_word' id='word_1_778' title='bbox 3078 4620 3374 4689; x_wconf 31' lang='lat' dir='ltr'><strong>prorsus&#39;et</strong></span> <span class='ocrx_word' id='word_1_779' title='bbox 3400 4613 3620 4685; x_wconf 85' lang='lat' dir='ltr'><strong>quidem</strong></span> <span class='ocrx_word' id='word_1_780' title='bbox 3641 4611 3769 4682; x_wconf 88' lang='lat' dir='ltr'><strong>jure</strong></span> 
     </span>
    </p>
   </div>
   <div class='ocr_carea' id='block_1_102' title="bbox 2192 4708 2612 4756">
    <p class='ocr_par' dir='ltr' id='par_1_102' title="bbox 2192 4708 2612 4756">
     <span class='ocr_line' id='line_1_103' title="bbox 2192 4708 2612 4756; baseline -0.005 -1"><span class='ocrx_word' id='word_1_781' title='bbox 2192 4715 2290 4756; x_wconf 78' lang='lat' dir='ltr'><strong>SUO</strong></span> <span class='ocrx_word' id='word_1_782' title='bbox 2318 4708 2612 4756; x_wconf 88' lang='lat' dir='ltr'><strong>recusaret.</strong></span> 
     </span>
    </p>
   </div>
   <div class='ocr_carea' id='block_1_103' title="bbox 2264 4789 3765 4865">
    <p class='ocr_par' dir='ltr' id='par_1_103' title="bbox 2264 4789 3765 4865">
     <span class='ocr_line' id='line_1_104' title="bbox 2264 4789 3765 4865; baseline 0.007 -23"><span class='ocrx_word' id='word_1_783' title='bbox 2264 4791 2377 4857; x_wconf 84' lang='lat' dir='ltr'><strong>Age</strong></span> <span class='ocrx_word' id='word_1_784' title='bbox 2407 4804 2554 4856; x_wconf 86' lang='lat' dir='ltr'><strong>vero,</strong></span> <span class='ocrx_word' id='word_1_785' title='bbox 2584 4799 2643 4844; x_wconf 92' lang='lat' dir='ltr'><strong>ut</strong></span> <span class='ocrx_word' id='word_1_786' title='bbox 2667 4789 3006 4861; x_wconf 89' lang='lat' dir='ltr'><strong>aliquatenus</strong></span> <span class='ocrx_word' id='word_1_787' title='bbox 3032 4793 3335 4863; x_wconf 87' lang='lat' dir='ltr'><strong>videamus,</strong></span> <span class='ocrx_word' id='word_1_788' title='bbox 3378 4808 3542 4865; x_wconf 85' lang='lat' dir='ltr'><strong>quem</strong></span> <span class='ocrx_word' id='word_1_789' title='bbox 3583 4795 3765 4852; x_wconf 84' lang='lat' dir='ltr'><strong>locum</strong></span> 
     </span>
    </p>
   </div>
   <div class='ocr_carea' id='block_1_104' title="bbox 2195 4882 3765 4956">
    <p class='ocr_par' dir='ltr' id='par_1_104' title="bbox 2195 4882 3765 4956">
     <span class='ocr_line' id='line_1_105' title="bbox 2195 4882 3765 4956; baseline 0.004 -21"><span class='ocrx_word' id='word_1_790' title='bbox 2195 4883 2421 4953; x_wconf 89' lang='lat' dir='ltr'><strong>Erigena</strong></span> <span class='ocrx_word' id='word_1_791' title='bbox 2471 4882 2524 4936; x_wconf 90' lang='lat' dir='ltr'><strong>in</strong></span> <span class='ocrx_word' id='word_1_792' title='bbox 2576 4884 2743 4938; x_wconf 92' lang='lat' dir='ltr'><strong>choro</strong></span> <span class='ocrx_word' id='word_1_793' title='bbox 2788 4884 3068 4940; x_wconf 88' lang='lat' dir='ltr'><strong>doctorum</strong></span> <span class='ocrx_word' id='word_1_794' title='bbox 3098 4894 3260 4956; x_wconf 90' lang='lat' dir='ltr'><strong>atque</strong></span> <span class='ocrx_word' id='word_1_795' title='bbox 3285 4885 3619 4942; x_wconf 85' lang='lat' dir='ltr'><strong>eruditorum</strong></span> <span class='ocrx_word' id='word_1_796' title='bbox 3648 4902 3765 4941; x_wconf 92' lang='lat' dir='ltr'><strong>om-</strong></span> 
     </span>
    </p>
   </div>
   <div class='ocr_carea' id='block_1_105' title="bbox 2264 5012 3763 5140">
    <p class='ocr_par' dir='ltr' id='par_1_105' title="bbox 2264 5012 3763 5140">
     <span class='ocr_line' id='line_1_106' title="bbox 2264 5012 3763 5140; baseline 0.006 -77"><span class='ocrx_word' id='word_1_797' title='bbox 2264 5012 2341 5094; x_wconf 65' lang='grc' dir='ltr'><strong>(ιζ)</strong></span> <span class='ocrx_word' id='word_1_798' title='bbox 2395 5032 2413 5064; x_wconf 74' lang='grc' dir='ltr'><strong>ι</strong></span> <span class='ocrx_word' id='word_1_799' title='bbox 2448 5014 2541 5069; x_wconf 90' lang='lat' dir='ltr'><strong>Die</strong></span> <span class='ocrx_word' id='word_1_800' title='bbox 2583 5014 3039 5140; x_wconf 55' lang='lat' dir='ltr'><strong>Wellﬁescltichte</strong></span> <span class='ocrx_word' id='word_1_801' title='bbox 3077 5017 3149 5072; x_wconf 88' lang='lat' dir='ltr'><strong>ist</strong></span> <span class='ocrx_word' id='word_1_802' title='bbox 3191 5017 3287 5072; x_wconf 89' lang='lat' dir='ltr'><strong>das</strong></span> <span class='ocrx_word' id='word_1_803' title='bbox 3332 5015 3689 5089; x_wconf 83' lang='lat' dir='ltr'><strong>Weltgericht</strong></span> <span class='ocrx_word' id='word_1_804' title='bbox 3716 5038 3763 5072; x_wconf 69' lang='grc' dir='ltr'><strong>ι.</strong></span> 
     </span>
     <span class='ocr_line' id='line_1_107' title="bbox 2269 5084 3762 5140; baseline 0.002 -3"><span class='ocrx_word' id='word_1_805' title='bbox 2269 5086 2440 5137; x_wconf 85' lang='lat' dir='ltr'><strong>lnllcr.</strong></span> <span class='ocrx_word' id='word_1_806' title='bbox 2474 5084 2557 5139; x_wconf 82' lang='lat' dir='ltr'><strong>Cf.</strong></span> <span class='ocrx_word' id='word_1_807' title='bbox 2589 5084 2689 5138; x_wconf 88' lang='lat' dir='ltr'><strong>Th.</strong></span> <span class='ocrx_word' id='word_1_808' title='bbox 2769 5087 2871 5140; x_wconf 88' lang='lat' dir='ltr'><strong>alei</strong></span> <span class='ocrx_word' id='word_1_809' title='bbox 2920 5086 3144 5140; x_wconf 80' lang='lat' dir='ltr'><strong>praefat.</strong></span> <span class='ocrx_word' id='word_1_810' title='bbox 3193 5088 3247 5140; x_wconf 86' lang='lat' dir='ltr'><strong>in</strong></span> <span class='ocrx_word' id='word_1_811' title='bbox 3292 5085 3463 5140; x_wconf 87' lang='lat' dir='ltr'><strong>libros</strong></span> <span class='ocrx_word' id='word_1_812' title='bbox 3512 5088 3579 5140; x_wconf 88' lang='lat' dir='ltr'><strong>de</strong></span> <span class='ocrx_word' id='word_1_813' title='bbox 3625 5088 3762 5140; x_wconf 92' lang='lat' dir='ltr'><strong>div..</strong></span> 
     </span>
    </p>
   </div>
   <div class='ocr_carea' id='block_1_106' title="bbox 2192 5083 3762 5157">
    <p class='ocr_par' dir='ltr' id='par_1_106' title="bbox 2192 5083 3762 5157">
     <span class='ocr_line' id='line_1_108' title="bbox 2192 5083 3762 5157; baseline 0.001 -19"><span class='ocrx_word' id='word_1_814' title='bbox 2192 5083 2440 5157; x_wconf 79' lang='lat' dir='ltr'><strong>Schiller.</strong></span> <span class='ocrx_word' id='word_1_815' title='bbox 2474 5084 2557 5139; x_wconf 83' lang='lat' dir='ltr'><strong>Cf.</strong></span> <span class='ocrx_word' id='word_1_816' title='bbox 2589 5084 2689 5138; x_wconf 88' lang='lat' dir='ltr'><strong>Th.</strong></span> <span class='ocrx_word' id='word_1_817' title='bbox 2721 5083 2871 5140; x_wconf 86' lang='lat' dir='ltr'><strong>Galei</strong></span> <span class='ocrx_word' id='word_1_818' title='bbox 2918 5086 3144 5157; x_wconf 80' lang='lat' dir='ltr'><strong>praefat.</strong></span> <span class='ocrx_word' id='word_1_819' title='bbox 3193 5088 3247 5141; x_wconf 89' lang='lat' dir='ltr'><strong>in</strong></span> <span class='ocrx_word' id='word_1_820' title='bbox 3292 5085 3463 5143; x_wconf 89' lang='lat' dir='ltr'><strong>libros</strong></span> <span class='ocrx_word' id='word_1_821' title='bbox 3482 5083 3579 5143; x_wconf 51' lang='lat' dir='ltr'><strong>&#39;de</strong></span> <span class='ocrx_word' id='word_1_822' title='bbox 3625 5088 3762 5153; x_wconf 92' lang='lat' dir='ltr'><strong>div.,</strong></span> 
     </span>
    </p>
   </div>
   <div class='ocr_carea' id='block_1_107' title="bbox 2130 5155 2552 5225">
    <p class='ocr_par' dir='ltr' id='par_1_107' title="bbox 2130 5155 2552 5225">
     <span class='ocr_line' id='line_1_109' title="bbox 2130 5155 2552 5225; baseline 0.002 -19"><span class='ocrx_word' id='word_1_823' title='bbox 2130 5182 2138 5186; x_wconf 86' lang='lat'><strong>-</strong></span> <span class='ocrx_word' id='word_1_824' title='bbox 2190 5169 2323 5225; x_wconf 64' lang='lat' dir='ltr'><strong>pag.</strong></span> <span class='ocrx_word' id='word_1_825' title='bbox 2346 5155 2552 5225; x_wconf 78' lang='lat' dir='ltr'><strong>ultima.</strong></span> 
     </span>
    </p>
   </div>
   <div class='ocr_carea' id='block_1_108' title="bbox 2263 5221 3761 5295">
    <p class='ocr_par' dir='ltr' id='par_1_108' title="bbox 2263 5221 3761 5295">
     <span class='ocr_line' id='line_1_110' title="bbox 2263 5221 3761 5295; baseline 0.006 -20"><span class='ocrx_word' id='word_1_826' title='bbox 2263 5221 2332 5293; x_wconf 79' lang='grc' dir='ltr'><strong>(ε)</strong></span> <span class='ocrx_word' id='word_1_827' title='bbox 2360 5223 2442 5295; x_wconf 66' lang='grc' dir='ltr'>ω.</span> <span class='ocrx_word' id='word_1_828' title='bbox 2471 5224 2841 5295; x_wconf 86' lang='lat' dir='ltr'><strong>Tennemann,</strong></span> <span class='ocrx_word' id='word_1_829' title='bbox 2864 5223 3167 5282; x_wconf 71' lang='lat' dir='ltr'><strong>Geschichte</strong></span> <span class='ocrx_word' id='word_1_830' title='bbox 3193 5224 3472 5294; x_wconf 81' lang='lat' dir='ltr'><strong>derPlu‘l.,</strong></span> <span class='ocrx_word' id='word_1_831' title='bbox 3489 5226 3761 5295; x_wconf 78' lang='lat' dir='ltr'><strong>tom.Vlll,</strong></span> 
     </span>
    </p>
   </div>
   <div class='ocr_carea' id='block_1_109' title="bbox 2134 5293 2834 5364">
    <p class='ocr_par' dir='ltr' id='par_1_109' title="bbox 2134 5293 2834 5364">
     <span class='ocr_line' id='line_1_111' title="bbox 2134 5293 2834 5364; baseline 0.003 -17"><span class='ocrx_word' id='word_1_832' title='bbox 2134 5332 2141 5337; x_wconf 85' lang='lat'><strong>.</strong></span> <span class='ocrx_word' id='word_1_833' title='bbox 2191 5301 2325 5347; x_wconf 89' lang='lat' dir='ltr'><strong>sect.</strong></span> <span class='ocrx_word' id='word_1_834' title='bbox 2358 5293 2401 5359; x_wconf 88' lang='grc' dir='ltr'><strong>Ι,</strong></span> <span class='ocrx_word' id='word_1_835' title='bbox 2426 5310 2478 5363; x_wconf 91' lang='lat' dir='ltr'><strong>p.</strong></span> <span class='ocrx_word' id='word_1_836' title='bbox 2502 5294 2571 5349; x_wconf 77' lang='lat'><strong>53</strong></span> <span class='ocrx_word' id='word_1_837' title='bbox 2589 5305 2646 5348; x_wconf 91' lang='lat' dir='ltr'><strong>et</strong></span> <span class='ocrx_word' id='word_1_838' title='bbox 2664 5310 2717 5364; x_wconf 88' lang='lat' dir='ltr'><strong>p.</strong></span> <span class='ocrx_word' id='word_1_839' title='bbox 2745 5294 2834 5349; x_wconf 76' lang='lat'><strong>72.</strong></span> 
     </span>
    </p>
   </div>
   <div class='ocr_carea' id='block_1_110' title="bbox 2188 5472 3762 5546">
    <p class='ocr_par' dir='ltr' id='par_1_110' title="bbox 2188 5472 3762 5546">
     <span class='ocr_line' id='line_1_112' title="bbox 2188 5472 3762 5546; baseline 0.002 -20"><span class='ocrx_word' id='word_1_840' title='bbox 2188 5480 2243 5546; x_wconf 79' lang='lat' dir='ltr'><strong>et</strong></span> <span class='ocrx_word' id='word_1_841' title='bbox 2269 5472 2334 5527; x_wconf 91' lang='lat' dir='ltr'><strong>de</strong></span> <span class='ocrx_word' id='word_1_842' title='bbox 2362 5480 2535 5546; x_wconf 86' lang='lat' dir='ltr'><strong>morte</strong></span> <span class='ocrx_word' id='word_1_843' title='bbox 2575 5472 2692 5542; x_wconf 88' lang='lat' dir='ltr'><strong>ejus</strong></span> <span class='ocrx_word' id='word_1_844' title='bbox 2737 5482 3048 5546; x_wconf 78' lang='lat' dir='ltr'><strong>narrantur,</strong></span> <span class='ocrx_word' id='word_1_845' title='bbox 3087 5482 3364 5546; x_wconf 64' lang='lat' dir='ltr'><strong>comperta</strong></span> <span class='ocrx_word' id='word_1_846' title='bbox 3395 5490 3503 5530; x_wconf 90' lang='lat' dir='ltr'><strong>non</strong></span> <span class='ocrx_word' id='word_1_847' title='bbox 3528 5487 3675 5546; x_wconf 70' lang='lat' dir='ltr'><strong>esse,</strong></span> <span class='ocrx_word' id='word_1_848' title='bbox 3707 5476 3762 5530; x_wconf 90' lang='lat' dir='ltr'><strong>in</strong></span> 
     </span>
    </p>
   </div>
   <div class='ocr_carea' id='block_1_111' title="bbox 2193 5541 3768 5616">
    <p class='ocr_par' dir='ltr' id='par_1_111' title="bbox 2193 5541 3768 5616">
     <span class='ocr_line' id='line_1_113' title="bbox 2193 5541 3768 5616; baseline 0.007 -23"><span class='ocrx_word' id='word_1_849' title='bbox 2193 5541 2467 5616; x_wconf 57' lang='lat' dir='ltr'><strong>gjrqoemio</strong></span> <span class='ocrx_word' id='word_1_850' title='bbox 2495 5541 2817 5616; x_wconf 66' lang='lat' dir='ltr'><strong>monuimus.</strong></span> <span class='ocrx_word' id='word_1_851' title='bbox 2849 5544 2930 5600; x_wconf 85' lang='lat' dir='ltr'><strong>Cf.</strong></span> <span class='ocrx_word' id='word_1_852' title='bbox 2979 5541 3433 5601; x_wconf 78' lang='lat' dir='ltr'><strong>commentionem</strong></span> <span class='ocrx_word' id='word_1_853' title='bbox 3455 5546 3599 5603; x_wconf 87' lang='lat' dir='ltr'><strong>laud.</strong></span> <span class='ocrx_word' id='word_1_854' title='bbox 3625 5543 3768 5616; x_wconf 70' lang='lat' dir='ltr'><strong>Cap.</strong></span> 
     </span>
    </p>
   </div>
   <div class='ocr_carea' id='block_1_112' title="bbox 2192 5611 2907 5671">
    <p class='ocr_par' dir='ltr' id='par_1_112' title="bbox 2192 5611 2907 5671">
     <span class='ocr_line' id='line_1_114' title="bbox 2192 5611 2907 5671; baseline 0.004 -5"><span class='ocrx_word' id='word_1_855' title='bbox 2192 5611 2234 5666; x_wconf 85' lang='lat' dir='ltr'><strong>V</strong></span> <span class='ocrx_word' id='word_1_856' title='bbox 2268 5613 2532 5671; x_wconf 72' lang='grc' dir='ltr'>ΑΝιιιΑιιν.</span> <span class='ocrx_word' id='word_1_857' title='bbox 2575 5614 2731 5671; x_wconf 79' lang='lat' dir='ltr'><strong>Eon.</strong></span> <span class='ocrx_word' id='word_1_858' title='bbox 2852 5620 2858 5629; x_wconf 92' lang='lat'>&#39;</span> <span class='ocrx_word' id='word_1_859' title='bbox 2906 5624 2907 5627; x_wconf 76' lang='lat'>‘</span> 
     </span>
    </p>
   </div>
  </div>
