4152 6276
348 284 459 345 105

1374 283 1442 340 ΙΝ
1479 279 1741 340 LIBRUM
1774 282 1865 340 DE
1898 278 2238 342 DWISIONE
2275 279 2610 339 NATURIE.

3520 265 3623 339 me

351 401 506 456 nium
522 397 1100 469 temporumobtineat,
1113 397 1279 454 etiam
1299 398 1504 469 aliquot
1519 399 1724 468 judicia
1752 401 1935 456 minus
1963 403 2018 464 Α
2040 400 2375 455 uberrimum
2406 398 2666 452 historiae
2693 396 2956 468 Erigonae
2981 404 3299 467 apparatum
3329 378 3635 469 colligens:

354 492 545 562 iniqua
585 506 617 546 a
646 492 1033 547 recentioribus
1082 493 1193 548 lata
1242 494 1543 550 audiamus.
1598 496 1745 553 Inter
1795 511 1934 567 quos

353 591 482 654 post
510 591 694 637 notum
722 582 979 637 Thomam
1006 583 1257 651 Galeum,
1288 586 1379 655 qui
1403 587 1671 657 Erigonae
1707 603 1939 644 acumen

358 673 854 738 admiratus,'solus
883 675 1165 745 hucusque
1198 677 1468 733 libros'de
1513 679 1782 735 divisione
1827 680 1941 735 odi-

358 764 441 820 dit
463 765 557 835 (α),
599 765 806 835 primus
853 765 947 819 Dr.
993 765 1190 823 Petrus
1220 767 1375 837 Hjort
1413 771 1773 825 nominandus
1812 762 1952 835 est;

355 856 552 921 Darius,
608 860 828 931 ingenio
867 861 1210 933 scientiaque
1250 865 1750 934 praestantissimus
1773 904 1788 929 ,
1828 852 1943 934 Aqui

350 947 478 1004 olim
511 948 687 1016 Soris,
709 967 858 1007 nunc
880 951 1264 1026 Copenhagiae
1287 954 1683 1025 philosophiam
1713 944 1954 1023 remque

349 1036 677 1094 litterariam
703 1039 1103 1097 Germanorum
1149 1044 1323 1100 docet.
1369 1044 1463 1100 Ille
1492 1045 1639 1099 enim
1675 1043 1856 1100 libello
1883 1030 1953 1100 a.~
1994 1048 1997 1053 '

351 1127 496 1183 1825
524 1129 674 1183 edito
713 1130 812 1200 (ὑ),
843 1130 909 1185 de
935 1130 1169 1202 Erigena
1195 1173 1211 1196 ,
1246 1134 1388 1203 quod
1436 1133 1670 1189 indolem
1718 1135 1832 1204 ejus
1887 1140 1943 1190 et

352 1217 740 1274 excellantiam
788 1219 842 1273 in
890 1219 1066 1277 lucem
1097 1220 1401 1293 famamque
1429 1224 1604 1279 denuo
1649 1226 1958 1295 provexit,’

323 1309 571 1379 .optimo
606 1310 828 1366 meritus
849 1312 1155 1382 est.'lljorti
1187 1315 1402 1384 quidem
1443 1317 1754 1385 opusculum
1784 1332 1942 1386 prae-

362 1406 452 1453 ter
479 1400 807 1468 prooemium
838 1403 890 1456 in
923 1412 1035 1459 tres
1063 1413 1248 1474 partes
1281 1406 1557 1460 dividitur.
1603 1408 1660 1461 ln
1709 1392 1957 1477 quartum

359 1489 534 1559 prima
560 1491 794 1561 scriptor
816 1494 883 1548 do
907 1493 1125 1565 origine
1150 1496 1230 1550 rei
1260 1496 1560 1552 litterariae
1585 1498 1958 1553 occidentalis

354 1586 413 1633 et
438 1578 507 1634 de
537 1579 855 1639 Theudorici
885 1583 1264 1657 Austrogothi,
1302 1587 1478 1642 Caroli
1511 1587 1713 1659 Magni,
1760 1588 1942 1645 Caroii

353 1665 543 1747 calvi,
587 1668 906 1743 Alfredique
955 1674 1134 1747 Magni
1183 1679 1535 1747 temporibus,
1565 1688 1834 1749 quatenus
1873 1660 1963 1735 ad.

2045 492 2285 546 omnium
2315 489 2758 559 diligentissimus
2787 488 2853 542 do
2882 487 3236 557 temporibus,
3284 488 3482 557 quibus
3509 491 3627 559 ipso

2043 580 2245 649 deruit,
2272 577 2421 639 etde
2451 584 2541 648 iis,
2565 598 2706 652 quae
2747 583 2995 652 proxime
3033 590 3489 650 antecesserunt,
3545 584 3625 641 ita

2044 676 2280 745 scripsit,
2311 682 2371 730 ut
2402 666 2711 744 appareret,
2752 674 2896 728 unde
2925 673 3171 729 doctrina
3210 674 3641 746 litterarumque

2045 766 2270 822 scientia
2300 766 2353 820 in
2384 781 2449 821 eo
2474 762 2810 820 manaverit.
2834 764 2947 820 Nec
2981 765 3162 820 minus
3201 775 3455 821 accurate
3480 762 3638 824 idem

2042 856 2143 912 vir-
2170 852 2415 911 eruditus
2453 854 2796 910 elﬁciontiam
2823 845 3101 926 exprimit,
3150 870 3256 925 qua
3294 855 3630 927 Erigena'ad

2044 948 2399 1004 scholasticae
2425 942 2860 1003 mediao'aotatis
2882 946 3230 1016 disciplinam
3263 948 3630 1025 ot’mysticam

2043 1040 2361 1108 et'logicam
2407 1038 2662 1103 valuerit,
2692 1039 2744 1092 id
2791 1037 3026 1093 maxime
3072 1024 3257 1109 agens,
3305 1024 3365 1093 ut
3402 1040 3643 1109 probam

2044 1120 2424 1202 integramque
2466 1130 2706 1184 auctoris
2737 1129 2911 1185 nostri
2956 1116 3191 1184 mentem
3233 1137 3397 1199 atque
3433 1130 3630 1205 ortho-

2044 1212 2261 1278 doxiain
2283 1223 2616 1277 ostenderet;
2642 1221 2818 1290 Quum
2832 1222 2946 1291 'pro
2969 1221 3075 1275 fine
3096 1219 3256 1289 hujus
3270 1220 3633 1290 'praefationis

2044 1313 2221 1368 nimis-
2239 1311 2454 1381 longum
2487 1309 2647 1375 foret,
2680 1313 2724 1365 si
2753 1325 2819 1365 ex
2846 1311 3125 1380 praedicto
3145 1309 3305 1375 libro,
3335 1300 3650 1380 qui'systeﬁ

2044 1404 2206 1457 matis
2252 1394 2427 1457 Scoti'
2453 1402 2675 1467 uberius
2714 1408 2779 1457 'ot
2817 1402 3061 1471 plenius,
3092 1402 3105 1433 ν’
3129 1415 3292 1471 quam
3322 1399 3325 1402 ’
3350 1400 3650 1469 hucusqne‘

2045 1500 2310 1549 tentatum
2341 1500 2446 1556 est,
2477 1492 2952 1564 repraesentandi,
2984 1479 3145 1560 quasi.
3167 1486 3647 1567 prodromushaﬁ

2045 1583 2252 1639 bendus
2291 1589 2620 1655 est,‘omnes
2667 1582 2886 1637 maximi
2932 1580 3344 1652 gravissimiquo
3371 1579 3647 1655 momenti“

2050 1675 2197 1729 locos
2226 1674 2394 1728 etiam
2413 1650 2485 1727 ex
2522 1681 2680 1742 parte
2711 1681 2918 1726 tantum
2940 1650 3039 1727 hic
3084 1672 3305 1725 laudaro
3348 1650 3650 1735 vellemus;

353 1771 470 1813 rem
498 1756 825 1816 litterariam
866 1766 1288 1833 promovendam
1329 1769 1697 1838 pertinebant,
1748 1770 1944 1824 doetis-
1972 1753 2021 1812 Β
2047 1767 2360 1820 universum
2404 1780 2541 1834 opus
2583 1764 2856 1828 omnibus,
2901 1763 2993 1831 qui
3033 1762 3161 1817 huic
3207 1762 3286 1817 rei
3319 1762 3651 1831 diligentius

355 1847 490 1902 sime
517 1848 631 1921 agit
660 1859 717 1905 ot
741 1851 1010 1924 Erigonae
1036 1864 1225 1910 narrat
1248 1858 1434 1911 vitam.
1460 1858 1645 1912 Altera
1673 1849 1800 1929 pars
1831 1867 1942 1914 tota

353 1937 407 1994 in
433 1942 754 2010 exponendo
784 1944 1165 2016 philosophice
1193 1947 1458 2018 Erigonae
1506 1956 1803 2018 systomatc
1851 1950 1967 2003 oc-‘

352 2040 542 2101 cupata
560 2040 666 2097 est,
688 2033 960 2104 idemque,
988 2038 1236 2106 quamvis
1264 2037 1503 2093 breviter
1524 2040 1939 2103 etsummatim,

352 2129 532 2178 tamen
560 2124 605 2178 si
639 2134 810 2180 totum
840 2128 1124 2197 respicias,
1166 2129 1311 2184 clare
1340 2140 1600 2200 recteque
1648 2131 1967 2185 adumbra--

353 2221 467 2268 tum
503 2217 764 2271 continet.
792 2216 847 2272 lu
884 2219 1039 2274 tertia
1083 2229 1240 2290 parte
1265 2221 1609 2292 philosophia
1642 2223 1944 2278 christiana

359 2318 464 2372 qua
492 2307 699 2361 ratione
729 2309 903 2363 modia
931 2319 1108 2366 aetate
1137 2327 1232 2382 per
1272 2313 1631 2368 scholasticos
1684 2304 1969 2369 doctores

361 2401 418 2446 et
455 2393 907 2470 subsequentibus
942 2400 1141 2454 seculis
1186 2417 1283 2470 per
1326 2404 1662 2457 recentiores
1704 2403 1946 2472 philoso-

357 2486 501 2554 phos
520 2486 587 2540 ad
613 2495 855 2542 nostrum
879 2504 1048 2558 usque
1062 2505 1255 2545 aevum
1277 2493 1490 2547 exculta
1504 2493 1599 2555 sit,
1620 2494 1938 2561 explicatur,
1968 2500 1975 2508 '

355 2585 410 2630 et
462 2585 733 2655 sanctum,
791 2580 935 2655 quod
964 2581 1162 2635 sortita
1198 2592 1282 2637 est
1325 2599 1543 2648 munus,
1605 2586 1940 2653 proponitur.

357 2668 634 2738 Scriptor,
705 2669 974 2726 Hamanni
1024 2674 1366 2745 Baaderique
1430 2676 1680 2740 amicus,
1736 2677 1786 2729 in
1849 2685 1947 2730 tra-

357 2763 551 2815 ctanda
602 2763 973 2833 philosophiae
1025 2766 1257 2822 historia
1309 2784 1379 2822 ex
1426 2776 1582 2839 parte
1610 2767 1941 2823 dialecticam

358 2848 565 2920 ΠεμίῙί
599 2864 862 2920 sequutus
904 2863 991 2910 est
1043 2844 1380 2912 mcthodum.
1422 2856 1617 2924 Quanti
1649 2873 1774 2913 vero
1826 2858 1944 2912 Eri-

365 2956 504 3010 geua
558 2943 947 3013 philosophans
995 2963 1187 3003 sacrae
1250 2948 1566 3019 Scripturae
1618 2958 1672 3004 ct
1723 2949 1942 3004 Patrum

371 3034 755 3088 auctoritatem
784 3034 1010 3101 fecerit,
1046 3038 1215 3092 eidem
1246 3039 1413 3108 probe
1439 3050 1491 3095 et
1518 3055 1581 3094 ex
1605 3041 1831 3095 veritate
1852 3056 1943 3095 co-

372 3121 585 3190 gnitum
630 3132 796 3194 atque
841 3126 1169 3182 intellectum
1202 3102 1393 3193 fuisse,
1426 3130 1574 3193 loco,
1605 3145 1712 3200 quo
1738 3133 1805 3186 de
1840 3118 1945 3186 hac
1971 3102 2017 3164 C

372 3227 433 3267 re
469 3213 828 3282 pulcherrimo
853 3219 983 3287 agit,
1015 3220 1149 3273 satis
1175 3228 1414 3288 apparet.
1453 3220 1537 3276 Cf.
1564 3238 1687 3292 pag.
1715 3221 1781 3275 47
1825 3238 1943 3292 seq.
1968 3250 1969 3253 η

365 3302 519 3369 Quod
545 3306 591 3359 si
630 3306 873 3376 Hjortum
916 3309 1102 3372 audis,
1144 3309 1404 3381 Erigonae
1424 3311 1623 3381 placita
1665 3312 1799 3365 nihil
1840 3312 1947 3365 nisi

358 3396 786 3468 philosophicam
845 3400 967 3455 ﬁdei
1012 3401 1347 3457 christianae
1391 3403 1657 3457 exhibent
1712 3402 1948 3472 explica—

359 3489 597 3556 tionem,
653 3491 862 3546 ratione
900 3512 919 3544 ι
956 3502 1127 3558 recte,
1168 3494 1253 3565 pie
1288 3504 1347 3549 et
1389 3494 1663 3549 catholico
1706 3493 1947 3564 philoso—

356 3580 581 3652 phantis
612 3601 633 3635 ι
672 3593 965 3652 repertam.

434 3671 595 3743 (Pag.
638 3672 797 3744 Vlll.)
848 3673 1045 3729 Verum
1095 3675 1265 3730 multo
1314 3676 1712 3746 praestantiora
1762 3689 1951 3730 conse-

361 3774 564 3833 quutus
613 3774 697 3821 est
756 3769 841 3821 vir
894 3767 1119 3824 illustris
1178 3768 1444 3825 Antonius
1507 3767 1947 3833 Staudonmaier,

366 3855 670 3928 theologiao
697 3860 1011 3914 catholicae.
1043 3876 1189 3916 nunc
1226 3861 1280 3914 in
1318 3859 1672 3915 universitate
1719 3859 1942 3915 Fribur-

367 3947 524 4016 gensi
569 3947 856 4017 professor.
906 3949 1007 4016 Qui
1057 3950 1109 4005 in
1161 3950 1298 4005 libro
1348 3951 1461 4021 jam
1510 3964 1671 4019 supra
1720 3949 1939 4005 laudato

442 4059 519 4133 to)
552 4057 775 4133 Joannis
822 4061 965 4118 Scoti
1012 4060 1271 4133 Erigonae
1323 4062 1399 4133 de;
1429 4060 1697 4133 ditisionc
1736 4070 1956 4133 uoluta;

371 4130 491 4201 libri
541 4131 767 4201 quinque
791 4172 807 4196 ,
854 4134 947 4186 diu
986 4128 1334 4188 desiderati...
1367 4130 1559 4201 Oxonii
1593 4146 1643 4183 ιι.
1677 4130 1834 4184 1681.
1867 4128 1950 4184 Cf.

373 4200 507 4255 ibid.
530 4216 584 4270 p:
608 4201 642 4255 8
668 4200 1096 4270 testimoniorum
1125 4202 1179 4256 in
1209 4202 1359 4257 Galoi
1392 4200 1744 4270 praefatione.

532 4242 936 4342 Ἴ
943 4242 1370 4342 ,νὶἀξίι
1390 4242 1957 4342 ἵδᾼῆνίιὲἦιωῦίςδρτμηρ
1972 4242 1980 4253 θ

374 4338 528 4395 cinci-
581 4339 903 4396 cltristlichen
953 4338 1292 4411 Philosophia
1348 4340 1454 4395 und
1517 4340 1681 4393 ilirem
1734 4338 1959 4408 Iteiligeit

2048 1858 2282 1923 student,
2306 1851 2607 1926 legendum
2639 1857 2885 1925 apprime
2911 1855 3318 1909 commendasse
3343 1852 3591 1908 sollieiat.

2120 1936 2409 2017 Eleganter.
2452 1940 2513 2003 et
2552 1947 2701 2001 brevi
2734 1959 2985 2001 sermone
3021 1954 3219 2000 cuncta
3267 1928 3653 2014 complectens

2047 2039 2212 2095 etiam
2254 2030 2510 2092 Albertus
2562 2035 2944 2105 Kreutzhage,
2985 2035 3039 2088 in
3086 2034 3225 2088 alma
3272 2034 3627 2089 universitate

2047 2131 2389 2201 Gottingonsi
2412 2129 2579 2199 judex
2605 2129 2971 2191 academicos,
3005 2127 3240 2195 scriptor
3271 2135 3379 2180 tam
3410 2124 3653 2201 ingenio.

2048 2239 2208 2294 quam
2242 2238 2374 2292 pura
2419 2221 2614 2276 mentis
2641 2202 2939 2275 intentione
2973 2220 3038 2273 de
3057 2217 3397 2287 philosophia
3424 2215 3629 2286 optime

2048 2314 2287 2373 meritus,
2321 2314 2373 2366 in
2405 2313 2545 2367 libro
2572 2313 2638 2365 ad
2667 2312 2963 2381 marginem
3015 2310 3233 2363 laudato
3270 2310 3342 2380 (ε)
3387 2305 3630 2378 singulas

2048 2419 2291 2475 quasque
2318 2402 2631 2473 Philesophi
2674 2402 2845 2456 nostri
2875 2402 3126 2465 virtutes,
3154 2410 3410 2470 tanquam
3437 2400 3632 2454 altiore

2046 2497 2279 2567 quodam
2310 2496 2502 2564 spiritu
2536 2495 2780 2558 amatus,
2811 2494 2990 2563 dignis
3020 2494 3267 2548 laudibus
3313 2491 3469 2547 oll‘crt
3502 2508 3514 2544 :
3549 2491 3632 2544 in"-

2048 2589 2221 2644 dolem
2263 2589 2493 2643 dicimus
2535 2587 2802 2655 Erigonae
2852 2585 3089 2639 nativam
3134 2594 3190 2638 et
3230 2582 3585 2636 inventricem
3612 2619 3631 2645 ,

2047 2695 2297 2744 acumen,
2322 2677 2768 2747 profunditatem,
2796 2675 3196 2744 philosophiam
3224 2689 3351 2726 vero
3378 2671 3634 2726 christia-

2046 2788 2194 2835 nam,
2231 2768 2497 2824 sermonis
2532 2765 2983 2835 pulchritudinem
3009 2764 3480 2831 altitudinemque,
3502 2777 3631 2816 eru-

2047 2863 2327 2923 ditionem,
2372 2872 2563 2913 scnsns
2608 2855 2899 2925 puritatem
2925 2862 2977 2906 et
3001 2852 3339 2915 divinitatem
3371 2852 3637 2921 Spiritua—

2048 2946 2492 3017 lismopropriam
2508 2944 2635 3017 (qua
2666 2944 2754 2998 ille
2777 2944 2991 3011 quidem
3014 2941 3370 2996 celeberrimo
3390 2941 3634 2996 omnium

2048 3050 2272 3110 poetae,
2329 3038 2501 3093 Dante
2525 3081 2539 3104 ,
2581 3039 2698 3093 viro
2727 3048 2832 3091 non
2868 3030 3074 3090 minore
3102 3062 3121 3099 ,-
3157 3050 3317 3104 quam
3368 3047 3507 3104 quae
3555 3033 3636 3089 illi

2049 3135 2307 3204 tontigit,
2360 3131 2556 3202 injuria
2599 3145 2694 3200 per
2733 3130 2952 3199 longum
2988 3136 3199 3198 tempus
3246 3127 3429 3196 inique
3473 3125 3639 3180 aesti-

2051 3233 2197 3278 mato
2250 3239 2313 3277 ac
2358 3212 2940 3292 neglecto‘assimilari
2992 3218 3238 3291 potest);
3300 3227 3636 3288 postremum

2050 3325 2287 3386 systema
2351 3313 2747 3383 pantheismum
2792 3310 3039 3380 quamvis
3095 3309 3394 3379 attingens,
3455 3315 3637 3361 tamen

2051 3405 2416 3463 creatianismi
2458 3404 2592 3459 ﬁnes
2620 3404 2764 3458 haud
2793 3401 3214 3472 transgrediens,
3242 3414 3418 3469 neque
3445 3397 3636 3452 discri-

2052 3513 2195 3563 mon,
2241 3496 2384 3565 quod
2416 3496 2557 3551 inter
2577 3495 2893 3550 Creatorem
2935 3501 2989 3546 et
3029 3500 3333 3549 creaturam
3365 3491 3592 3545 interest
3616 3528 3633 3555 ,

2053 3589 2160 3643 ullo
2207 3582 2706 3642 modo'rcsolvens.
2760 3585 2961 3640 Verum
2995 3585 3140 3640 enim
3176 3600 3307 3638 vero
3357 3583 3472 3652 ipsa
3519 3581 3637 3650 ejus

2051 3683 2256 3748 verba,
2310 3696 2537 3752 quorum
2602 3678 2922 3749 elegantiam
2978 3678 3141 3732 latine
3214 3674 3516 3745 exprimere
3580 3682 3636 3726 et

2055 3776 2274 3830 omnino
2319 3773 2543 3828 reddere
2576 3773 2666 3826 vix
2697 3771 2907 3842 possis,
2955 3769 3117 3824 liccat
3169 3767 3324 3822 nobis
3365 3767 3469 3821 hoc
3514 3764 3636 3820 loco

2056 3866 2293 3922 inserere
2314 3867 2344 3901 ’*
2373 3884 2383 3918 :

2131 3976 2149 4006 (
2184 3954 2376 4020 Houte,
2406 3956 2547 4011 mein
2572 3955 2738 4011 liebet‘
2762 3953 2995 4017 Freund,
3010 3952 3148 4008 habe
3176 3953 3261 4006 ich
3286 3953 3389 4006 den
3420 3949 3632 4005 kleinen

2057 4067 2240 4135 Beruf.
2276 4065 2389 4119 Von
2451 4066 2567 4135 Dr.
2595 4065 2764 4120 Peder
2795 4065 2966 4132 Hjort,
3017 4058 3181 4135 Prol:
3205 4062 3301 4118 der
3339 4060 3663 4129 deutsche".

2058 4133 2330 4190 Litcratur
2360 4135 2411 4186 in
2443 4134 2599 4187 Sero.
2636 4136 3021 4203 Kopenhagcn,
3048 4133 3205 4203 182⁷5.

2132 4203 2200 4276 (c)
2238 4203 2641 4276 M_itt_lu‘i_l_ungon_
2671 4198 2794 4276 iiber
2837 4198 2950 4276 delt.
2979 4201 3229 4276 Eia/lusa.
3259 4200 3355 4254 der
3370 4198 3632 4276 _I_’!tiloso-

2058 4266 2300 4349 phi‘e'ltuf
2313 4273 2396 4349 die
2424 4266 2809 4349 En!_ig@itehmg
2830 4266 3123 4349 (“lesbinuern
3136 4266 3352 4322 Lebens.
3370 4266 3636 4331 Minister,

2061 4339 2145 4403 hei
2172 4339 2476 4413 Theissing,
2512 4341 2643 4396 1851
2678 4339 2797 4410 pag.
2832 4339 2936 4392 216
2963 4353 3077 4409 seq.

444 4450 483 4490 *
505 4452 584 4507 En
610 4452 761 4508 istius
784 4454 1036 4522 epistolae
1075 4454 1378 4509 versionem
1406 4453 1650 4516 latinam,
1680 4466 1785 4521 qua
1824 4466 1950 4506 sen-

2056 4461 2110 4515 in
2136 4459 2232 4513 Dei
2253 4460 2503 4511 naturam
2528 4453 2948 4524 intelligendam,
2967 4460 3019 4506 et
3046 4452 3098 4506 in
3117 4450 3489 4524 explicandam
3516 4464 3639 4505 sen-

374 4538 495 4580 sum
524 4524 762 4579 auctoris
786 4526 940 4580 nobis
964 4525 1196 4579 a'ssecuti
1223 4538 1344 4577 esse
1374 4524 1621 4577 videmur
1650 4540 1662 4574 :

452 4612 471 4645 ι
501 4592 691 4659 Hodie,
738 4594 909 4649 amice
961 4595 1262 4655 carissime,
1297 4594 1446 4648 Scoti
1470 4592 1734 4663 Erigonae
1768 4592 1833 4644 de
1860 4589 1954 4643 Di-

375 4664 571 4719 uisione
618 4675 838 4718 naturae
876 4665 1127 4720 volumen
1161 4664 1390 4727 absolvi,
1421 4671 1581 4730 atque
1615 4663 1771 4717 laudo
1799 4675 1957 4730 prao«

376 4736 606 4805 dicoque
634 4750 839 4805 casum,
865 4736 955 4804 qui
985 4735 1116 4789 mihi
1144 4733 1482 4805 praeclarum
1514 4732 1642 4787 illud
1665 4740 1728 4805 _et
1771 4745 1955 4784 rarum

377 4802 739 4874 opusobviam
762 4802 977 4929 obiecit.
1003 4805 1058 4858 ln
1081 4802 1398 4874 perlegenda
1427 4802 1805 4871 disputatione,
1822 4815 1960 4870 quae

377 4882 465 4929 est
504 4875 571 4929 de
603 4874 812 4929 urimur
851 4874 1045 4929 ialibus
1090 4874 1291 4929 causis.
1331 4875 1525 4926 iterum
1571 4880 1731 4929 atauo
1763 4873 1958 4924 iterum

376 4873 465 4929 eSt
504 4875 571 4929 de
603 4873 1045 4944 primordialibus
1083 4873 1291 4934 causis,
1323 4875 1525 4944 iterum
1571 4880 1731 4939 atque
1763 4873 1958 4924 iterum

379 4943 642 5013 agnoscas
680 4958 902 4999 necesse
928 4953 1035 5007 est,
1067 4943 1332 4999 contineri
1359 4944 1411 4996 in
1447 4943 1548 4997 hoc
1575 4955 1738 5013 opere
1767 4953 1962 5013 causas

381 5009 763 5084 primordiales
788 5013 1263 5084 innumerabilium
1292 5009 1962 5084 ideanthphilosophica-

383 5080 526 5147 i'um,
558 5100 696 5153 quae
714 5094 902 5154 postea
938 5083 1181 5155 singulae
1211 5080 1433 5153 integris
1460 5080 1835 5155 philomphiae
1877 5092 1964 5155 sy—

381 5147 631 5209 stematis
677 5147 890 5210 animae
934 5168 998 5209 ac
1026 5147 1184 5222 quasi
1236 5147 1422 5207 con'tra
1461 5147 1755 5206 exstitere.
1798 5147 1961 5222 Quin,

382 5224 430 5275 si
454 5225 780 5294 recentiores
800 5225 1018 5294 quidam
1041 5219 1341 5294 philosOphi
1363 5222 1577 5294 candidi
1607 5234 1727 5294 esse
1743 5219 1960 5294 vellent,

383 5293 559 5364 palam
594 5289 999 5364 profiterentur,
1033 5289 1632 5364 opima—principalem
1655 5289 1754 5343 sibi
1788 5290 1962 5364 ideam

382 5365 453 5444 ab
473 5360 704 5445 Erig'cna
738 5360 1226 5445 subministratam,
1242 5360 1405 5445 atque
1418 5360 1630 5445 varias,
1647 5374 1780 5445 quas
1794 5360 1964 5440 iniere

384 5433 485 5502 ipsi
516 5429 777 5505 vias,opc
809 5436 1117 5505 Erigoniani
1154 5429 1353 5505 ingenii
1382 5431 1632 5487 altissimi
1666 5439 1720 5486 et
1760 5429 1961 5486 acutis-

382 5506 508 5558 simi
540 5507 638 5559 sibi
663 5505 965 5575 palofactas
987 5520 1127 5560 esse.
1180 5542 1183 5545 -

461 5591 479 5624 ε
536 5569 968 5646 Fundamentum
1011 5575 1442 5646 disputationum
1480 5572 1840 5646 recentiorum
1900 5569 1967 5622 de

381 5652 567 5700 monte
589 5647 672 5701 sui
694 5646 911 5701 conscia
934 5643 1112 5714 deque
1132 5646 1325 5715 triplici
1347 5643 1513 5713 hujus
1544 5644 1737 5715 montis
1749 5648 1963 5715 natura,

381 5725 551 5788 atque
598 5717 821 5773 altiores
869 5712 1224 5788 cognitiones,
1255 5730 1392 5785 quae
1429 5712 1554 5770 inde
1594 5712 1963 5768 redundarunt

2056 4531 2279 4585 tentiam
2315 4521 2755 4599 gravissimorum
2802 4524 3140 4599 quorundam
3177 4521 3522 4599 Christianae
3555 4538 3643 4599 _re-

2056 4600 2273 4673 ligionis
2299 4592 2660 4673 decretorum,
2694 4595 2953 4673 denique,
2975 4603 3034 4673 ut
3062 4594 3295 4673 brevi-ter
3321 4592 3639 4673 dicam,_in-

2060 4663 2277 4725 vo'ntum
2328 4666 2647 4721 recentioris
2694 4663 3062 4735 philosophiae
3114 4663 3287 4735 facile,
3320 4665 3644 4735 primarium

2057 4740 2170 4810 jam
2201 4738 2409 4808 pridem
2450 4736 2679 4810 Erigena
2695 4733 2985 4810 proposuit
3033 4734 3209 4789 verbis
3229 4733 3334 4810 his
3369 4752 3383 4787 :
3435 4755 3452 4784 ι
3493 4733 3643 4810 Mens

2063 4804 2259 4865 etenim
2298 4815 2354 4861 et
2380 4807 2624 4877 notitiam
2655 4804 2738 4859 sui
2766 4804 2956 4877 gignit,
2990 4815 3044 4859 et
3068 4820 3097 4877 a_
3142 4819 3201 4858 se
3228 4804 3341 4872 ipsa
3371 4818 3527 4877 amor
3557 4805 3639 4877 sui

2064 4888 2118 4935 et
2161 4878 2351 4934 notitia
2400 4876 2484 4931 sui
2532 4877 2796 4947 procedit,
2831 4875 2944 4945 quo
2991 4883 3043 4930 et
3086 4875 3200 4944 ipsa
3230 4884 3287 4930 et
3312 4875 3504 4930 notitia
3552 4875 3638 4930 sui

2065 4950 2508 5020 conjungunturo
2522 4986 2535 5000 .
2684 5016 2696 5020 _
2750 4995 2767 5020 ε

2141 5014 2379 5087 (Neque
2414 5017 2591 5070 minus
2633 5015 2949 5093 admirabile
2991 5014 3202 5070 dicendi
3252 5015 3644 5093 genusErige-

2066 5083 2597 5154 nianum,nusquam
2626 5102 2731 5139 non
2757 5087 3029 5145 enthonm,
3070 5100 3245 5139 raram
3277 5083 3525 5154 altissimi
3558 5083 3643 5154 i_u_-

2101 5158 2211 5214 enii
2238 5150 2359 5212 cum
2390 5150 2702 5211 acutissimo
2724 5157 3152 5222 conjunctionem
3176 5168 3306 5221 prae
3333 5168 3396 5222 se
3422 5151 3543 5203 fert.
3575 5150 3646 5204 Ut

2101 5176 2211 5214 eun
2238 5176 2359 5212 cuin
2390 5176 2702 5211 :tcuussnno
2724 5176 3152 5222 COlllelCliUHtilll
3176 5176 3306 5221 prius
3333 5176 3392 5205 ac
3422 5176 3543 5203 wn.
3577 5176 3642 5204 υι

2066 5176 2291 5299 fegendo
2314 5227 2468 5299 quasi
2495 5226 2668 5299 abripi
2693 5226 2995 5299 videarisin
3032 5225 3286 5292 templum
3319 5220 3401 5272 vel
3423 5232 3642 5299 sacrum

2069 5296 2270 5363 lucum,
2309 5298 2462 5351 miris
2499 5296 2817 5365 imaginibus
2865 5296 3142 5355 refertum,
3191 5296 3644 5365 resonanteinquo

2072 5357 2269 5426 divinis
2311 5368 2550 5429 vocibus,
2603 5357 2788 5418 ﬁnium
2839 5365 2977 5417 vitae
3022 5369 3226 5414 secreta
3265 5357 3642 5428 pandentibus.

2071 5441 2247 5508 Atque
2278 5439 2331 5491 in
2352 5439 2661 5490 universum
2692 5434 2985 5508 spiritualis
3015 5429 3383 5508 philosophiae
3402 5429 3641 5508 studium

2073 5511 2124 5565 id
2151 5497 2330 5571 edicit,
2365 5517 2422 5562 ut
2449 5508 2679 5576 primum
2708 5497 2874 5576 magis
2897 5497 3170 5576 magisque
3188 5497 3644 5576 debilitewrcnm

2073 5568 2369 5635 materialis
2418 5568 2549 5636 vita,
2589 5581 2698 5624 tum
2740 5568 3081 5636 principimn,
3130 5571 3348 5637 quodin
3394 5585 3457 5624 ea
3492 5570 3645 5636 latet,

2074 5651 2301 5722 negandi
2353 5650 2729 5707 absit-actequo
2772 5639 3152 5709 cognoscendi,
3195 5642 3486 5698 obscurum
3517 5641 3648 5697 illud
