4152 6276
531 346 633 400 Hl

1596 362 1601 369 '
1650 342 1715 400 C.
1751 343 1813 399 Β.
1856 342 2292 400 SCHLUETERI
2327 343 2697 401 PREFATIO

3690 343 3793 399 112

529 436 684 505 libris
706 433 1068 490 deDivisione
1093 432 1322 505 vestigia
1357 440 1414 488 et
1452 431 1753 504 fragmenta
1800 438 2113 505 systematis
2141 439 2191 499 Α
2221 436 2415 490 Verum
2466 449 2785 505 magnopere
2843 434 3095 490 admirati
3133 448 3341 500 sumus,
3388 432 3532 503 quod
3576 433 3794 492 doctum

543 521 814 596 rujusdam
838 520 997 595 logici
1028 540 1213 595 sparsa
1237 524 1461 594 reperit,
1475 525 1618 593 quod
1644 525 1750 579 late
1770 534 1960 596 patens
1981 527 2118 583 alte—

538 616 606 675 ri,
639 625 862 669 naturae
893 615 1102 670 scilicet
1132 616 1431 685 systemati,
1466 617 1862 685 quodammodo
1887 632 2117 688 respon-

549 707 692 760 deat.
720 706 964 761 Dictione
988 722 1154 777 prope
1175 705 1488 761 mechanica
1519 718 1675 763 utens
1710 709 1845 763 duas
1886 708 2117 765 aﬂirmat

534 796 779 849 idearum
808 796 993 858 series,
1020 795 1443 865 philosophicam
1469 797 1589 851 dico
1618 803 1674 851 et
1721 797 2109 869 theologicam,

535 886 692 953 quasi
729 885 956 940 difﬁssas
984 885 1207 939 alteram
1230 884 1384 953 juxta
1415 886 1640 940 alteram
1665 903 1761 957 per
1782 896 1951 943 totum
1980 903 2114 957 opus

485 973 503 993 '
531 974 608 1028 ita
636 974 862 1043 porrigi,
902 982 961 1026 ut
989 973 1041 1026 in
1071 973 1441 1044 philosophica
1488 977 1887 1045 pantheismum
1923 986 2112 1033 auctor

531 1062 675 1117 haud
705 1062 940 1131 effugiat,
979 1078 1142 1132 quem
1170 1072 1347 1120 tamen
1387 1066 1441 1119 in
1472 1066 1771 1137 theologica
1821 1068 2114 1124 immutans

532 1163 694 1223 atque
722 1152 1004 1210 inﬂectens
1037 1156 1274 1225 dogmati
1330 1159 1737 1212 accommodare
1785 1157 2016 1214 studeat.
2054 1160 2113 1214 Si

535 1260 625 1299 res
680 1246 847 1301 seculi
886 1246 1079 1300 decimi
1118 1246 1365 1315 publicae
1408 1249 1586 1304 minus
1622 1249 1961 1305 turbulentae
1996 1253 2111 1306 ani-

538 1336 749 1405 misque
775 1336 829 1390 in
880 1335 1071 1391 altiora
1100 1336 1276 1392 studia
1312 1337 1590 1392 elevandis
1631 1339 1809 1393 minus
1855 1339 2112 1394 adversae

535 1427 783 1490 fuissent,
834 1426 1071 1481 scholam
1131 1427 1408 1483 existimat
1458 1429 1588 1483 oriri
1649 1429 1921 1497 potuisse,
1973 1445 2112 1497 quae

532 1516 717 1571 vitatis
738 1512 1013 1588 Erigenae
1036 1518 1312 1573 erroribus
1355 1519 1423 1572 ad
1451 1518 1756 1575 intuitivam
1790 1519 2113 1575 accessisset

539 1606 892 1662 Orientalium
924 1609 1204 1664 scientiam
1238 1618 1294 1663 et
1320 1609 1603 1665 rationem.

604 1702 739 1756 Cum
762 1700 994 1758 Gerbeto
1014 1710 1124 1761 tres
1146 1702 1729 1771 praestantissimorum
1754 1702 1804 1756 in
1821 1701 2111 1756 Germania

2218 525 2515 595 Hegclium,
2549 527 2638 594 qui
2665 527 2803 579 idem
2830 525 3129 589 dialectico,
3154 534 3213 579 ut
3242 525 3343 579 hoc
3364 533 3582 579 utamur
3606 527 3793 590 verbo,

2217 617 2483 672 monismo
2529 633 2627 672 suo
2671 626 2779 672 tam
2827 616 3121 672 multifarie
3164 617 3482 672 memoriam
3529 616 3797 688 Erigenae

2216 706 2387 769 affert,
2417 715 2621 761 tantum
2665 722 2733 760 ex
2780 707 2966 761 auditu
3004 707 3087 761 vel
3140 707 3385 776 abruptis
3432 723 3498 762 ex
3549 708 3799 777 partibus

2214 797 2479 869 Erigenae
2519 812 2681 866 opera
2733 804 3008 867 comperta
3048 796 3249 851 habere
3288 796 3624 852 videbamus.
3673 797 3793 852 Alia

2214 890 2357 943 enim
2387 889 2594 943 ratione
2622 887 2737 943 fieri
2789 903 2893 941 non
2922 888 3115 957 potuit,
3143 894 3206 940 ut
3236 895 3343 940 tam
3387 886 3564 941 obiter
3588 895 3644 940 et
3687 895 3796 941 tam

2214 977 2476 1048 profunda
2492 978 2707 1033 levitate
2723 976 2871 1031 illum
2891 975 3219 1039 tractaverit,
3246 990 3349 1044 qua
3380 976 3433 1029 id
3455 975 3654 1031 factum
3677 989 3797 1031 esse

2215 1081 2404 1122 revera
2426 1066 2726 1136 reperimus
2767 1067 2819 1119 in
2869 1066 2986 1135 ejus
3036 1062 3261 1119 historia
3307 1064 3669 1133 philosophiae
3697 1065 3788 1137 (ε).
3828 1066 3839 1073 ’

2213 1156 2460 1210 Attamen
2512 1169 2634 1209 cum
2697 1153 2925 1223 Erlgena
2983 1167 3167 1207 veram
3236 1152 3632 1224 philosophiam
3687 1154 3790 1207 ini-

2215 1249 2348 1303 tium
2375 1249 2580 1318 cepisse
2609 1246 2879 1318 agnoscit;
2926 1252 3250 1301 sectatorem
3289 1243 3792 1315 Neaplatonicorum

2213 1349 2267 1393 et
2318 1337 2555 1409 Dionysii
2606 1336 2959 1407 Areopagitae
3011 1336 3182 1405 ipsum
3242 1334 3493 1404 appellat.
3554 1333 3795 1389 Philoso-

2212 1430 2398 1500 phiam
2451 1428 2567 1497 ejus
2615 1427 2938 1498 profundam
2987 1435 3301 1495 rectamque
3340 1438 3461 1480 esse
3506 1422 3654 1489 dicit,
3705 1424 3798 1479 sed

2174 1520 2185 1531 ’
2215 1523 2380 1594 (quod
2424 1521 2702 1591 Hegelium
2745 1518 3085 1575 contendisse
3116 1518 3294 1572 animo
3325 1516 3413 1571 vix
3440 1515 3651 1585 concipi
3700 1530 3795 1585 po-

2216 1616 2339 1683 test)
2364 1613 2579 1685 exegesi
2613 1621 2668 1667 et
2691 1612 2910 1667 Patrum
2934 1609 3255 1665 auctoritate
3278 1608 3423 1663 haud
3449 1608 3650 1673 nixam,
3684 1608 3791 1663 imo

2218 1718 2388 1773 prope
2411 1702 2828 1775 syncretismum
2858 1699 3210 1755 referentem!

533 1793 977 1862 philosophorum
1015 1792 1353 1848 Fridericum
1395 1808 1425 1846 a
1455 1792 1717 1863 Schlegel,
1763 1792 2115 1847 Franciscum
2144 1778 2193 1840 Β
2290 1795 2433 1848 Inter
2457 1808 2550 1848 eos
2577 1809 2709 1848 vero
2743 1792 3131 1855 recentiorum,
3174 1789 3265 1860 qui
3318 1804 3424 1844 non
3467 1788 3639 1844 solum
3677 1804 3796 1845 cum

534 1899 565 1936 a
595 1883 823 1948 Baader,
847 1893 902 1937 et
928 1883 1220 1938 Antonium
1247 1882 1493 1938 Gunther
1517 1885 1764 1937 conferre
1786 1892 1967 1953 aptum
1989 1882 2114 1936 erit.

537 1976 776 2041 Quorum
801 1974 1007 2043 primus
1036 1988 1143 2027 non
1174 1974 1402 2037 dubitat,
1435 1973 1563 2041 quin
1604 1973 1763 2027 medii
1804 1972 1919 2025 aevi
1948 1970 2120 2040 philo-

537 2064 726 2136 sophia
751 2077 1061 2118 successum
1088 2061 1364 2117 habuisset
1391 2062 1690 2121 laetiorem,
1733 2061 1776 2114 si
1822 2067 2033 2129 praeter
2058 2058 2118 2113 S.

538 2150 934 2215 Bernhardum,
956 2150 1285 2215 Anselmum,
1310 2150 1568 2219 aliosque,
1600 2150 1883 2219 Erigenam
1908 2147 2122 2217 potissi-

537 2260 708 2309 mum,
736 2258 894 2313 quem
922 2244 1294 2313 philosophum
1325 2242 1689 2298 Christianum
1716 2256 1886 2310 aeque
1910 2241 2119 2311 perspi-

537 2353 699 2393 cuum
752 2347 807 2391 et
863 2336 1163 2406 simplicem
1219 2344 1380 2404 atque
1433 2335 1501 2389 ab
1548 2334 1691 2389 omni
1746 2331 1882 2387 falso
1939 2347 2121 2386 rerum

485 2423 496 2430 ’
538 2427 903 2482 rimandarum
941 2427 1118 2482 studio
1165 2425 1433 2488 alienum,
1485 2432 1543 2478 et
1576 2423 1796 2477 meliore
1815 2437 1911 2476 suo
1955 2420 2123 2490 ipsius

534 2518 737 2589 judicio
759 2525 1015 2581 utentem,
1046 2515 1297 2585 appellat,
1338 2523 1562 2583 sequuta
1604 2513 1793 2568 fuisset
1822 2512 1917 2583 (a).
1948 2511 2119 2576 Alter,

541 2608 632 2661 Fr.
665 2624 693 2661 a
715 2606 945 2671 Baader,
974 2606 1056 2658 vir
1081 2605 1438 2668 clarissimus,
1461 2601 1573 2671 jam
1615 2616 1757 2655 anno
1804 2599 1966 2665 1824,
1992 2607 2045 2654 et
2068 2599 2121 2653 in

540 2698 698 2760 libro,
724 2712 881 2767 quem
908 2694 1194 2750 Fermenta
1223 2694 1544 2765 cognitionis
1591 2692 1893 2759 inscripsit,
1926 2697 1980 2743 et
2004 2688 2123 2742 aliis

541 2787 675 2841 locis
702 2787 961 2840 lectorum
1010 2800 1229 2839 suorum
1277 2784 1485 2838 animos
1514 2781 1578 2836 ad
1607 2780 1962 2850 spec'ulativas
1990 2793 2121 2848 ope-

541 2893 660 2932 rum
702 2877 960 2948 Erigenae
991 2876 1289 2931 sententias
1310 2874 1561 2929 advertit.
1608 2871 1945 2941 Saepiusque
1974 2884 2120 2932 eum,

539 2970 628 3023 ubi
662 2970 774 3038 ipse
813 2984 934 3023 cum
967 2968 1055 3022 illo
1091 2967 1392 3032 consentit,
1433 2967 1640 3029 citatis,
1679 2964 1822 3018 haud
1863 2961 2125 3017 infitiatur

542 3060 776 3129 quidem,
822 3059 1106 3126 Erigenam
1140 3058 1229 3112 hic
1272 3057 1383 3112 illic
1419 3056 1813 3125 pantheismum
1856 3052 2122 3123 attigisse,

545 3151 715 3204 solam
744 3160 918 3203 tamen
971 3147 1091 3202 Mali
1128 3148 1398 3202 notionem
1430 3148 1495 3199 ah
1523 3162 1586 3199 eo
1613 3144 1939 3213 propositam
1984 3143 2124 3197 vitu-
2154 3131 2200 3192 C

543 3250 720 3311 perat,
749 3254 857 3310 qua
886 3240 938 3293 in
965 3237 1297 3308 neologicam
1333 3236 1751 3289 abstractionem
1794 3233 2042 3287 inciderit
2076 3241 2132 3287 et

545 3341 832 3402 propterea
856 3345 890 3385 a
917 3330 1178 3386 catholica
1207 3326 1364 3401 (Pag.
1388 3328 1522 3398 Xlll)
1552 3327 1787 3382 Ecclesia
1812 3327 2006 3381 merito
2027 3327 2128 3380 im-

546 3426 805 3495 probatus
833 3421 1010 3494 sit(b).
1030 3422 1122 3475 Dr.
1148 3423 1213 3476 A.
1236 3421 1483 3476 Giinther
1508 3430 1710 3486 autem,
1730 3421 1819 3475 ubi
1840 3421 1906 3475 de
1929 3419 2132 3474 effecti-

546 3516 650 3571 bus
701 3515 1127 3584 protestantismi
1180 3529 1481 3569 sermonem
1552 3513 1679 3567 facit
1720 3513 1809 3584 (ο),
1854 3514 2130 3582 antiquam

548 3604 945 3660 Catholicorum
975 3606 1027 3658 in
1052 3604 1214 3659 rebus
1235 3603 1577 3674 speculativis
1598 3604 1903 3658 libertatem
1926 3585 2128 3667 laudat,

549 3713 778 3768 eamque
796 3713 916 3753 cum
935 3698 1190 3752 hodierna
1211 3697 1511 3752 antistitum
1524 3694 1799 3751 Ecclesiae
1824 3695 2131 3761 timiditate,

555 3804 696 3858 quae
726 3803 847 3843 cum
878 3787 1315 3856 protestantismo
1343 3786 1583 3849 incessit,
1610 3800 1948 3854 comparans,
1973 3783 2134 3838 simul

554 3893 677 3932 cum
730 3875 787 3931 S.
845 3876 1139 3947 Augustino
1186 3875 1448 3946 Erigenae
1505 3874 1810 3944 exemplum
1852 3889 1917 3929 eo
1957 3874 2132 3944 aptius

552 3965 744 4023 afferre
777 3968 965 4037 potuit,
990 3984 1095 4037 quo
1117 3967 1402 4022 incertiora
1425 3967 1602 4021 omnia
1628 3975 1925 4036 sunt,quae
1943 3967 2134 4038 primis

552 4070 677 4131 post
724 4060 1008 4131 Erigonam
1064 4061 1258 4116 seculis
1304 4062 1563 4115 adversus
1595 4076 1715 4115 eum
1789 4061 1856 4115 ab
1892 4060 2134 4116 Ecclesia

555 4162 675 4208 acta
701 4169 821 4209 esse
850 4154 1120 4208 dicuntur.

623 4242 735 4299 Nec
774 4244 951 4299 minus
980 4245 1167 4300 doctus
1206 4243 1464 4299 historiae
1504 4244 1875 4314 pliilOSOphiae
1903 4243 2134 4313 scriptor

552 4330 759 4388 Rixner
784 4333 861 4402 (d)
892 4332 1175 4404 Erigenam
1205 4334 1580 4403 philosophum
1626 4347 1897 4402 magnum,
1953 4331 2133 4401 singu-

552 4421 744 4488 larem,
772 4424 1046 4478 dialeclica
1071 4441 1134 4478 ac
1155 4425 1376 4493 mystica
1401 4432 1515 4476 arte
1541 4432 1596 4476 et
1614 4422 1840 4477 scientia
1862 4420 2129 4491 insignem

2222 1883 2438 1954 Hcgelio
2463 1885 2744 1954 Erigenam
2790 1896 2956 1953 prope
2999 1880 3331 1952 ignorarunt,
3365 1878 3448 1933 vel
3494 1893 3616 1934 cum
3662 1877 3802 1933 fastu

2222 1978 2588 2049 neglexerunt,
2633 1975 2726 2031 sed
2764 1975 2926 2029 etiam
2970 1973 3211 2043 priorum
3240 1981 3541 2040 temporum
3587 1967 3803 2037 injusti-

2224 2071 2354 2125 tiam
2380 2069 2614 2138 sequuti,
2674 2067 2762 2136 pie
2824 2080 2984 2137 agere
3047 2079 3166 2119 sese
3220 2062 3619 2125 existimarunt,
3672 2062 3799 2115 dum

2225 2163 2583 2216 inveteratum
2655 2161 2720 2213 de
2777 2157 2867 2211 illo
2910 2155 3297 2227 praejudicium
3340 2153 3376 2192 ⁸
3440 2153 3614 2209 denuo
3670 2166 3794 2205 con-

2225 2254 2506 2308 firmarent
2546 2259 2928 2320 acuerentque,
2980 2247 3265 2303 nonnullos
3295 2244 3670 2315 conspicimus,
3701 2243 3795 2311 qui

2227 2349 2417 2401 timore
2444 2348 2635 2416 partim
2660 2344 2907 2400 laudabili
2932 2344 3072 2398 ducti
3100 2384 3116 2410 ,
3141 2358 3207 2397 ne
3226 2340 3585 2398 Christianum
3608 2341 3801 2410 dogma

2225 2448 2277 2493 et
2304 2439 2482 2507 opinio
2509 2440 2572 2493 de
2608 2439 2870 2509 scriptore
2894 2445 3078 2491 nostro
3104 2435 3253 2505 quasi
3283 2434 3578 2503 antiquitus
3606 2432 3801 2486 tradita

2227 2530 2565 2592 laederetur,
2617 2530 2670 2583 in
2728 2527 3083 2596 dijudicandis
3138 2527 3397 2596 Erigenae
3445 2525 3682 2588 meritis,
3725 2522 3805 2576 fas

2229 2621 2666 2689 aequitatemque
2714 2626 3150 2688 postposuerunt.
3202 2616 3295 2671 His
3338 2615 3599 2670 accedunt
3662 2612 3797 2677 alii,

2226 2710 2755 2781 quorum'ingenium
2787 2751 2801 2772 ,
2851 2724 2973 2764 cum
3032 2723 3145 2763 rem
3184 2705 3539 2762 Christianam
3593 2703 3804 2757 ratione

2227 2818 2376 2858 mere
2401 2803 2657 2857 historica
2681 2799 2840 2871 (Pag.
2871 2799 3010 2871 XIV)
3036 2807 3266 2855 tractare
3292 2796 3542 2869 gestiant,
3564 2810 3801 2858 omnem,

2231 2910 2370 2963 quae
2398 2910 2631 2963 unquam
2659 2893 2899 2957 emersit,
2926 2892 3306 2962 speculativam
3337 2888 3602 2959 dogmatis
3647 2884 3801 2941 inda-

2227 2987 2495 3055 gationem
2544 2995 2599 3039 et
2651 2984 3059 3055 explicationem
3129 2980 3525 3054 profundiorem
3580 2978 3805 3049 spernit.

2231 3074 2335 3129 Alii
2369 3074 2618 3145 denique,
2654 3074 3011 3129 recentiorum
3056 3080 3430 3145 systematum,
3460 3084 3623 3125 verae
3649 3067 3809 3123 liber-

2234 3162 2328 3217 tati
2372 3160 2713 3216 Christianae
2779 3161 3157 3231 speculationis
3220 3161 3397 3216 minus
3468 3158 3803 3222 faventium,

2231 3270 2460 3325 eamque
2511 3255 2652 3309 inter
2696 3256 2830 3310 lines
2876 3255 3038 3309 nimis
3082 3262 3337 3323 angustos
3389 3250 3802 3313 coarctantium,

2230 3345 2570 3415 praejudiciis
2604 3344 2848 3413 impliciti
2897 3345 3179 3399 admodum
3219 3344 3435 3413 quidem
3476 3351 3685 3405 cavent,
3734 3356 3801 3393 ne

2231 3435 2374 3490 Deus
2402 3449 2523 3489 cum
2551 3442 2800 3489 creatura
2831 3448 2979 3488 more
2997 3433 3274 3503 gentilium
3294 3430 3645 3503 pantheistice
3671 3444 3801 3483 con-

2234 3525 2524 3587 fundatur,
2588 3539 2925 3593 nequaquam
2976 3538 3105 3578 vero
3154 3522 3407 3595 abyssum
3465 3521 3531 3592 (ι’)
3585 3520 3804 3581 timent,

2232 3615 2374 3669 inter
2399 3624 2684 3683 utrumque
2704 3615 2895 3669 iterum
2918 3614 3177 3678 hiantem,
3197 3627 3355 3681 quem
3386 3620 3521 3666 teste
3549 3608 3607 3664 S.
3644 3609 3807 3662 Paulo

2234 3706 2321 3775 (ad
2345 3705 2604 3775 Ephesios
2633 3705 2692 3760 C.
2724 3705 2786 3771 ll,
2821 3722 2874 3760 v.
2922 3707 3007 3769 l5,
3045 3720 3160 3775 seq.
3202 3714 3256 3759 et
3297 3705 3363 3759 ad
3406 3703 3609 3759 Coloss.
3660 3701 3717 3756 C.
3767 3702 3807 3766 I,

2232 3813 2286 3851 v.
2328 3797 2413 3867 l9)
2444 3796 2690 3853 Salvator
2735 3805 2917 3852 noster
2946 3797 3019 3851 ita
3056 3796 3271 3869 clausit,
3314 3804 3373 3849 ut
3413 3814 3432 3846 ι
3474 3804 3701 3862 utraque
3735 3790 3810 3844 fa-

2233 3900 2378 3944 ceret
2403 3905 2563 3943 unum
2607 3909 2651 3942 ›.
2708 3889 2852 3944 Inter
2880 3887 3141 3956 ejusmodi
3168 3887 3313 3942 viros
3365 3884 3685 3940 numerandi
3736 3882 3811 3935 vi-

2234 3982 2429 4035 dentur
2473 3980 2764 4048 scriptores
2807 3979 3069 4033 historiae
3113 3977 3449 4032 Francorum
3494 3973 3811 4032 litterariae,

2234 4071 2484 4136 Maurini,
2513 4071 2750 4126 Thomas
2797 4071 2976 4127 Moore
3021 4078 3077 4126 et
3121 4071 3213 4124 Dr.
3258 4068 3318 4124 C.
3366 4067 3428 4122 ιε’.
3492 4065 3659 4128 Hock,
3710 4063 3810 4117 viri

2235 4176 2357 4215 cum
2394 4170 2613 4231 propter
2644 4161 2899 4223 indolem,
2928 4169 3039 4214 tum
3068 4166 3290 4229 propter
3337 4156 3535 4228 ingenii
3581 4168 3807 4208 acumen

2196 4290 2201 4295 .
2235 4252 2642 4322 doctrinamque
2692 4252 2831 4305 haud
2878 4265 3045 4320 parvo
3076 4248 3416 4303 aestimandi.
3458 4247 3653 4299 Verum
3686 4258 3810 4299 cum

2234 4340 2320 4395 his
2343 4356 2448 4395 non
2476 4341 2824 4411 litigahimus,
2850 4340 2973 4409 quia
3003 4354 3110 4404 res,
3142 4339 3207 4394 de
3228 4354 3334 4408 qua
3361 4335 3665 4406 quaeritur,
3688 4349 3813 4404 pro-

2235 4439 2357 4500 pter
2379 4430 2725 4500 singularem,
2755 4446 2914 4499 quam
2944 4429 3020 4483 illi
3048 4438 3345 4498 sequuntur
3378 4427 3431 4481 in
3477 4426 3639 4481 rebus
3664 4440 3814 4480 scru-

549 4528 650 4583 pro
665 4513 925 4579 dignitate
956 4481 1227 4576 aestimat:
1264 4522 1318 4564 et
1342 4512 1639 4581 pleniorem
1660 4527 1882 4581 operum
1911 4481 2134 4567 devdivi-
2158 4481 2211 4541 D
2237 4481 3359 4593 Vdijuﬁigaﬁai'g'heihghﬁﬁ,hoc
3379 4518 3495 4573 loco
3516 4518 3602 4572 vix
3631 4524 3815 4586 posset

551 4602 704 4655 sione
730 4600 967 4657 Naturae
1014 4613 1069 4655 et
1117 4603 1183 4657 de
1217 4602 1715 4657 Praedestinatione
1755 4603 2026 4671 epitomen
2075 4602 2133 4660 in

554 4689 662 4746 line
717 4691 847 4746 tomi
903 4692 1121 4748 secundi
1171 4691 1431 4748 historiae
1486 4691 1860 4763 philo's0phiae
1910 4691 2128 4761 adjecit.

624 4884 702 4954 (a)
733 4880 1066 4954 Phiiosophie
1093 4885 1186 4940 der
1213 4883 1530 4942 Geschichte.
1560 4887 1793 4954 Tom.lI,
1823 4903 1877 4954 p.
1905 4888 2027 4944 159.
2046 4887 2126 4944 Cf.

552 4952 713 5035 {rugo
745 4970 799 5035 υτ
831 4953 918 5035 Si.
952 4952 1153 5035 Victor,
1184 4972 1290 5035 v_on
1319 4956 1419 5035 Dr.
1443 4957 1710 5035 Liebener
1729 4952 1863 5035 p.47.
1888 4967 1943 5013 et
1970 4957 2137 5013 Ueber

554 5022 825 5090 die’myst.
857 5023 1034 5078 Theol.
1071 5025 1162 5081 des
1194 5027 1319 5080 Joh.
1357 5026 1597 5081 Charlier
1621 5022 1746 5082 von"
1767 5024 1995 5090 Gereon,
2030 5043 2136 5084 von

548 5093 644 5168 ἓξ.
699 5093 1055 5168 llthdshagen
1081 5112 1114 5168 ;4
1154 5096 1462 5168 Illgen’sche
1495 5095 1800 5168 Zeitschrift
1833 5098 1920 5168 {ar
1946 5098 2132 5154 histor.

552 5162 861 5237 Theol._Bd.
892 5162 980 5219 ΝΣ
1012 5164 1133 5221 lleft
1161 5162 1362 5237 L'pag.
1396 5167 1486 5231 82,
1521 5184 1634 5237 seq.

628 5233 703 5307 (ὁ)
742 5233 924 5307 Ferm.
953 5238 1153 5307 cognit.
1179 5233 1265 5291 Vl.
1304 5233 1503 5307 il'ascic.
1531 5233 1650 5307 pag.
1682 5255 1826 5291 xxvr.
1860 5238 1942 5294 Cf.
1970 5239 2133 5307 etiam

550 5302 791 5377 ejusdem
840 5302 1346 5377 Sp_ek.'Dogmgtik,
1393 5302 1643 5361 Hert—IV.
1700 5308 1844 5361 Vorl.
1897 5310 1961 5377 9.
2008 5305 2133 5360 Vom

555 5374 725 5445 Seycf:
750 5378 854 5428 und
882 5374 1049 5428 Fluch
1078 5374 1171 5429 der
1196 5375 1450 5439 Creatur;
1473 5385 1525 5445 et
1556 5394 1569 5428 :
1606 5376 1773 5427 licber
1812 5378 1909 5429 den
1935 5376 2141 5445 Begriﬁ'

551 5444 643 5495 des
672 5444 937 5514 Gut-adcr
982 5447 1302 5514 positio-und
1339 5447 1428 5497 (les
1471 5444 1873 5514 Nic/zigut-cdcr
1902 5444 2131 5513 nega-liv?

551 5511 888 5581 gcwordcnen
913 5511 1181 5570 enirlichen
1211 5513 1427 5568 Gcistcs.

625 5665 655 5735 ἦε
682 5661 1013 5735 ζ’νηςήυάὶεξο
1039 5682 1168 5721 sane
1188 5667 1335 5721 ducti
1358 5682 1462 5721 non
1481 5683 1602 5723 esse
1627 5668 1877 5722 videntur
1895 5676 2126 5735 veteres,

554 5732 643 5803 qui
683 5733 732 5787 J.
783 5732 928 5787 Scoti
959 5734 1121 5790 falsas
1172 5737 1451 5805 opiniones
1488 5739 1752 5794 acerrime
1783 5732 2126 5809 judicarunti

2233 4612 2459 4668 absolvi.

2250 4764 2255 4769 _
2306 4702 2427 4758 Jam
2448 4717 2575 4758 vero
2608 4716 2730 4758 cum
2776 4702 2900 4771 alio,
2942 4703 2988 4759 si
3021 4719 3126 4760 non
3154 4702 3430 4775 Erigeuae,
3467 4705 3648 4753 tamen
3698 4693 3816 4765 ejus

2309 4890 2378 5014 (cz
2406 4889 2488 4946 Cf.
2528 4889 2812 4973 Vorschule
2842 4907 2939 4946 zur
2977 4889 3230 4973 spekulat.
3267 4886 3543 4957 Theologie
3562 4926 3578 4951 ,
3606 4883 3677 4940 Il.
3708 4883 3815 4940 Ab-

2309 4977 2349 5014 BI
2375 5000 2417 5014 ..
2445 4958 3054 5014 Incarnatronsctheone.
3081 4958 3349 5014 Vorwort.
3378 4971 3500 5014 οπλα.
3539 4972 3637 5011 xu.

2222 4958 2417 5027 'theil.,
2445 4958 3054 5026 Incarnationsotheorie,
3081 4958 3349 5023 Vorwort,
3378 4971 3500 5028 pag.
3539 4972 3637 5011 xu.

2307 5051 2402 5176 (ἀὲ,
2430 5048 2721 5104 Handbuch
2771 5051 2865 5103 der
2923 5047 3225 5104 Geschichte
3292 5047 3388 5100 der
3460 5042 3813 5112 Philosophie.

2406 5135 2682 5176 om..naa.
2715 5120 2942 5174 10—16.
3000 5118 3083 5173 Cf.
3121 5118 3421 5176 Appendix,
3465 5129 3588 5176 pag.
3616 5111 3808 5167 5—10.

2238 5111 2326 5177 ll.‘
2359 5111 2539 5187 Tom.,
2560 5135 2682 5190 pag.
2715 5120 2942 5174 ω-ιθ.
3000 5118 3083 5173 Cf.
3121 5118 3421 5187 Appendix,
3465 5129 3588 5184 pag.
3616 5111 3808 5167 5—410.

2244 5216 2248 5223 '
2312 5212 2395 5335 (δὲ,
2421 5209 2773 5278 Vorlesungen
2814 5210 2937 5263 ﬁber
2965 5207 3269 5264 Geschichte
3313 5207 3408 5261 der
3451 5202 3807 5274 Philosophic.

2244 5282 2322 5335 ΙΙΙ.
2398 5296 2610 5335 om..n.
2649 5280 2947 5335 159-161.

2237 5280 2332 5337 111.’
2355 5280 2533 5344 Tom.,
2557 5296 2610 5349 p.
2649 5280 2947 5335 159-161.

2310 5371 2374 5440 (Ι)
2399 5372 2480 5425 Cf.
2522 5370 2833 5426 Hoffmanns
2860 5368 3106 5440 Vorhgrllc
3130 5385 3238 5440 zurr
3260 5367 3626 5440 epelfgtlatiuch
3646 5363 3818 5440 μήτε

2238 5434 2421 5520 Erl-az
2440 5441 2845 5520 Baader‘sﬂpag.
2869 5440 2957 5520 6³1ἶ
3000 5437 3167 5493 Ueber
3206 5434 3303 5494 das
3358 5435 3679 5505 Verhriltnifs
3726 5434 3817 5489 de:

2241 5512 2509 5566 'l'hcisnms
2536 5527 2653 5563 sum
2677 5508 3081 5564 Christenlhum.

2236 5684 2360 5724 nam
2421 5666 2587 5721 multa
2652 5667 2739 5723 ille
2805 5666 3009 5733 docuit,
3046 5679 3186 5737 quae
3252 5663 3469 5721 veritati
3526 5676 3637 5718 non
3687 5675 3813 5717 con-

2236 5747 2451 5812 gruant.
2480 5738 2747 5795 Amunv.
2773 5738 2928 5794 EDl'l'.
