4152 6276
348 314 454 379 M3

1360 317 1430 372 ΙΝ
1461 316 1720 376 LIBRUM
1762 317 1852 374 DE
1891 317 2228 376 DlVISlONE
2261 318 2595 387 NA'I'URE,

3518 326 3620 384 1M

346 434 633 491 doctrinae
660 428 973 487 adversario
1002 431 1056 486 in
1083 439 1361 488 certamen
1407 434 1823 499 descendamus,
1846 433 1939 502 qui
1967 439 2017 496 Α
2044 435 2316 499 methodo,
2349 435 2473 490 licet
2502 434 2675 504 magis
2712 433 3051 503 scholastice,
3079 444 3366 507 tractasse,
3394 451 3619 499 conten-

345 530 463 581 tam
492 521 897 594 mytltolngiam,
938 535 1096 589 quam
1140 521 1422 577 historiam
1454 523 1799 593 percognitas
1842 524 1934 576 ha-

347 612 508 675 bens,
535 629 632 667 nec
656 612 830 667 minus
852 611 1197 667 Christianae
1223 612 1607 682 speculatiouis
1655 613 1936 683 profundi-

352 715 522 760 talem
571 705 812 769 edoctus,
865 706 1206 775 eandemque
1250 706 1585 775 perspiciens
1642 715 1699 759 et
1748 718 1934 760 amore

351 795 693 865 amplectens,
722 804 1059 866 postremum
1091 797 1302 867 integre
1341 797 1460 852 sine
1512 796 1692 851 studio
1738 804 1794 849 et
1830 794 1932 858 ira,

348 894 507 954 atque
526 902 589 940 ex
616 887 863 956 autopsia
908 887 1154 955 judicare
1207 887 1397 943 solitus
1423 918 1496 929 —
1541 901 1687 941 nunc
1725 894 1932 950 tamen,

344 976 484 1045 quod
524 977 746 1042 mirum,
804 979 862 1032 in
916 978 1033 1033 acie
1067 979 1251 1034 hostili
1293 980 1643 1050 conspicitur.
1689 978 1933 1033 Dicimus

342 1065 391 1123 ι.
424 1066 652 1133 Gorres,
684 1068 1055 1137 professorem
1099 1068 1372 1125 Monachii
1420 1069 1725 1134 docentem,
1752 1070 1931 1124 virum

345 1163 656 1219 eruditione
704 1171 761 1217 et
801 1163 1003 1217 mentis
1046 1163 1290 1217 acumine
1340 1164 1627 1233 insignem,
1662 1162 1814 1231 cujus
1865 1163 1933 1217 de

346 1254 584 1324 Erigena
618 1255 942 1308 sententiam
971 1255 1220 1311 consulto
1246 1269 1415 1324 usque
1436 1256 1503 1310 ad
1528 1256 1688 1310 ﬁnem
1720 1256 1931 1310 citatio-

353 1359 487 1398 num
514 1352 821 1399 nostrarum
869 1344 1196 1412 distulimus,
1228 1354 1289 1399 ut
1333 1346 1450 1416 ejus
1492 1347 1558 1400 de
1585 1346 1725 1400 illius
1756 1347 1937 1401 ortho-

354 1434 515 1489 doxia
529 1435 761 1504 placitis,
782 1436 978 1505 quippe
1000 1436 1067 1490 ad
1094 1449 1236 1506 quae
1265 1437 1428 1491 etiam
1457 1447 1758 1492 ceterorum
1791 1437 1937 1491 vitu-

349 1528 498 1599 peria
552 1542 725 1598 paene
776 1530 956 1584 omnia
1006 1530 1277 1594 redeant,
1352 1529 1553 1599 aliquot
1616 1538 1935 1599 argumenta

346 1620 582 1675 maxime
607 1635 673 1676 ex
699 1620 817 1691 ipso
838 1620 1068 1693 Erigena
1114 1622 1280 1691 petita
1309 1636 1725 1692 opponeremus,
1764 1630 1819 1676 et
1848 1636 1935 1687 ea,

342 1727 445 1781 qua
475 1712 649 1774 decet,
677 1712 1007 1778 reverentia,
1036 1721 1091 1768 et
1116 1712 1221 1781 ipsi
1248 1722 1303 1767 et
1326 1713 1602 1777 omnibus,
1624 1712 1714 1782 qui
1742 1712 1810 1765 de
1836 1711 1939 1766 hac

2041 543 2173 598 tum,
2198 532 2486 587 dummodo
2507 531 2744 586 divinam
2774 540 2994 603 urgeret
3018 533 3299 588 unitatem.
3332 533 3617 593 Creantem

2038 636 2214 682 autem
2239 627 2410 682 creari
2436 635 2685 680 naturam
2705 641 2826 681 eam
2849 628 2918 681 ob
2942 641 3055 682 rem
3082 625 3152 680 ab
3168 625 3397 697 Erigena
3415 626 3618 691 doceri,

2038 718 2160 786 quia
2189 718 2327 771 Deus
2349 716 2815 786 superessentialis
2842 724 2898 770 et
2936 714 3463 786 superqualitativus,
3490 714 3620 770 dum

2036 825 2103 864 ex
2145 809 2451 864 aonomasia
2498 808 2553 862 in
2607 808 3073 878 pantonomasiam
3122 823 3220 878 per
3267 805 3623 889 theophanias

2037 901 2191 970 quasi
2242 900 2521 969 procedat,
2557 914 2653 969 per
2702 900 2843 953 hanc
2886 898 3284 969 processionem
3331 896 3620 968 (quatenus

2034 1007 2132 1061 per
2157 992 2326 1055 ideas,
2359 990 2472 1045 sive
2500 992 2610 1046 Octa
2638 991 2891 1062 θιλήματα
2935 990 3053 1044 sive
3098 991 3454 1068 προαρίσματα
3504 987 3621 1043 sive

2035 1082 2347 1158 πρωτότνπα
2364 1095 2482 1135 sese
2496 1080 2746 1150 explicet)
2762 1081 3157 1148 quodammodo
3168 1079 3349 1135 omnia
3370 1080 3423 1133 in
3444 1078 3621 1133 omni-

2034 1172 2139 1226 bus
2180 1171 2291 1224 ﬁat.
2337 1170 2676 1225 Postremum
2725 1178 2894 1235 notat,
2940 1170 3169 1225 eundem
3217 1169 3285 1224 de
3321 1166 3620 1237 septiformi

2034 1263 2210 1317 reditu
2236 1270 2461 1316 naturae
2490 1271 2706 1317 creatae
2735 1278 2840 1317 non
2875 1261 3112 1317 creantis
3152 1261 3206 1315 in
3239 1259 3433 1324 Deum,
3457 1267 3515 1314 et
3554 1259 3624 1315 de

2036 1352 2269 1406 transitu
2323 1352 2641 1408 inferiorum
2686 1354 2741 1407 in
2788 1352 3110 1423 superiora,
3162 1359 3219 1407 et
3263 1352 3505 1407 omnium
3562 1350 3622 1407 in

2036 1442 2229 1507 Deum,
2259 1443 2351 1510 qui
2382 1444 2594 1497 tandem
2615 1444 2763 1499 solus
2787 1454 3057 1513 superstes
3085 1444 3175 1505 sit,
3208 1451 3367 1498 acute
3392 1450 3447 1531 et
3475 1443 3623 1513 iuge-

2038 1535 2191 1588 niose
2223 1542 2477 1597 tractare,
2506 1535 2602 1590 sed
2630 1536 2795 1591 etiam
2826 1536 2929 1592 hoc
2955 1536 3072 1593 loco
3097 1532 3424 1607 pantheismi
3464 1550 3622 1593 erro.

2038 1638 2153 1677 rem
2184 1639 2289 1678 non
2316 1621 2585 1694 eﬁ‘ugisse.

2109 1713 2228 1768 Jam
2268 1714 2310 1769 si
2333 1714 2468 1768 haec
2492 1714 2562 1768 de
2578 1714 2756 1783 pretio
2782 1714 3016 1771 decretis
3040 1714 3326 1785 Erigenae,
3352 1723 3624 1785 quatenus

341 1818 402 1858 re
422 1802 672 1878 judicare
695 1812 947 1874 possunt,
985 1805 1311 1873 scriptorum
1338 1805 1603 1875 Erigenae
1628 1803 1936 1875 relegendo-
1961 1796 2008 1857 B
2034 1807 2231 1878 dogma
2289 1815 2534 1877 spectant
2583 1817 2745 1876 atque
2783 1807 3089 1872 scientiam,
3134 1806 3422 1861 tribuendo
3463 1807 3624 1861 modo

339 1911 457 1949 rum
481 1911 672 1951 ansam
696 1897 1111 1967 praeberemus.
1138 1896 1396 1964 Quamvis
1411 1897 1555 1951 enim
1572 1895 1745 1967 parati
1764 1896 1932 1950 simus

341 1986 406 2040 ad
444 1986 821 2056 accipiendum
870 1988 1249 2057 responsiones
1294 1988 1633 2059 argumentis
1678 1985 1934 2055 probatas

339 2093 523 2133 eorum
553 2079 815 2144 omnium,
847 2079 939 2148 qui
968 2079 1131 2134 etiam
1169 2088 1304 2144 tum,
1336 2094 1503 2149 qurum
1532 2086 1703 2133 totum
1743 2077 1933 2145 Erige-

338 2183 440 2222 nae
465 2184 597 2239 opus
622 2169 970 2240 perlegerint,
997 2170 1193 2240 placita
1218 2171 1337 2240 ejus
1367 2171 1571 2224 absona
1601 2184 1722 2224 esse
1753 2184 1784 2223 a
1824 2167 1935 2222 ﬁde

341 2258 646 2315 Christiana
681 2262 1040 2327 contendent;
1092 2262 1231 2317 bona
1284 2270 1464 2315 tamen
1527 2270 1582 2315 et
1633 2268 1782 2315 certa
1839 2273 1936 2328 spe

348 2349 620 2413 ducimur,
691 2350 831 2416 fore,
887 2361 949 2405 ut
998 2352 1103 2407 hac
1160 2353 1249 2406 via
1306 2351 1513 2420 judicio
1572 2353 1640 2406 de
1699 2351 1934 2420 Erigena

348 2437 574 2492 ferendo
608 2439 824 2506 laetior,
852 2442 1319 2511 quamrhucusque
1343 2442 1549 2498 factum
1577 2451 1679 2508 est,
1713 2450 1937 2512 paretur

347 2528 550 2584 exitus.

413 2618 465 2676 Ι.
499 2619 704 2677 Gorres
722 2622 912 2677 laudat
931 2623 1148 2692 quidem
1171 2623 1463 2694 Erigenam
1493 2623 1590 2694 (α),
1619 2624 1709 2693 qui
1734 2625 1936 2692 primus

342 2709 640 2766 scientiﬁca
671 2711 881 2767 ratione
899 2712 1154 2768 Genesim
1175 2714 1514 2782 exposuerit,
1536 2722 1588 2767 et
1617 2713 1754 2768 hanc
1776 2729 1937 2784 expo-

345 2799 598 2856 sitionem
656 2802 817 2873 (Pag.
868 2802 990 2872 XV)
1020 2818 1145 2858 cum
1196 2818 1399 2873 magno
1452 2804 1644 2858 mentis
1687 2806 1934 2860 acumine

346 2905 521 2961 usque
558 2894 625 2948 ad
669 2894 879 2964 singula
926 2909 1175 2965 quaeque
1225 2896 1552 2951 mirabiliter
1602 2897 1928 2965 perduxerit.

352 2979 466 3036 Nec
493 2984 675 3038 minus
705 2984 1134 3053 profunditatem
1156 2986 1277 3056 ejus
1307 2995 1362 3042 et
1391 2987 1688 3041 audentiam
1715 2988 1928 3057 probat,

356 3075 611 3129 conantis
639 3076 888 3145 progredi
919 3078 1060 3132 ultra
1091 3080 1393 3148 systematis
1429 3079 1785 3149 AreOpagitici
1831 3090 1935 3134 ter-

356 3165 555 3229 minos,
583 3165 706 3219 dum
732 3165 968 3222 Platonis
992 3169 1322 3224 dialecticam
1361 3185 1479 3224 cum
1526 3171 1694 3241 logica
1721 3171 1933 3226 Aristo—
1960 3150 2007 3214 G

355 3253 480 3308 telis
522 3253 827 3323 coniungat.
860 3255 1203 3313 Evolvenlem
1245 3273 1372 3314 vero
1410 3259 1652 3331 Dionysii
1683 3261 1930 3329 Areopa-

344 3343 487 3413 gitae
515 3344 662 3398 ideas
684 3360 747 3399 ac
786 3347 1057 3413 notiones,
1095 3365 1216 3404 eum
1261 3352 1338 3404 ait
1377 3351 1572 3406 iterum
1610 3353 1934 3408 necessitate

340 3434 571 3504 quadam
601 3444 756 3490 vetus
801 3438 1101 3505 perieulum
1127 3440 1453 3509 pantheismi
1504 3436 1807 3507 incurrere,
1839 3444 1932 3513 qni

340 3524 392 3578 in
414 3525 634 3595 scriptis
650 3527 1030 3598 Areopagitae,
1056 3540 1265 3585 tantum
1290 3542 1517 3603 propter
1534 3535 1930 3605 expositionem

338 3632 519 3671 rerum
547 3614 997 3676 universaliorem
1027 3631 1083 3677 et
1116 3625 1296 3680 minus
1322 3641 1657 3696 expressam,
1690 3628 1928 3695 latuerit,

336 3716 411 3775 et,
438 3719 500 3764 ut
528 3719 639 3765 tum
665 3713 927 3782 temporis
964 3716 1053 3769 vix
1101 3718 1340 3785 potuerit
1393 3719 1605 3785 evitari,
1654 3721 1791 3790 apud
1828 3737 1931 3775 no-

338 3807 509 3852 strum
545 3809 828 3856 auctorem
871 3805 1068 3858 mentis
1103 3808 1333 3874 quadam
1362 3807 1672 3880 integritate
1693 3822 1747 3865 et
1775 3811 1930 3865 inno-

340 3890 521 3945 centia
564 3894 847 3961 prodierit.
875 3893 1027 3951 lianc
1048 3907 1334 3952 creaturae
1359 3913 1482 3953 cum
1508 3899 1622 3956 Deo
1651 3902 1953 3958 confusio--

341 3995 466 4035 nem
517 3981 630 4050 jam
666 3984 720 4038 in
760 3985 915 4041 initio
970 3986 1091 4042 libri
1152 3990 1219 4045 de
1267 3989 1611 4047 Eucltaristia
1656 3992 1807 4063 (puta
1863 3994 1929 4049 de

338 4067 861 4148 Praedestinatione)
908 4090 1192 4147 apparere,
1247 4080 1336 4133 ubi
1382 4094 1567 4136 veram
1616 4081 1928 4152 religionem

339 4172 393 4218 et
421 4179 611 4219 veram
652 4167 1047 4239 philosophiam
1084 4186 1246 4226 unam
1277 4175 1614 4243 eandemque
1662 4190 1776 4230 rem
1806 4190 1928 4230 esse

341 4254 657 4308 contendat.
692 4254 856 4313 Ali‘ert
886 4259 1084 4316 deinde
1103 4270 1284 4317 notam
1321 4262 1588 4334 Erigenae
1614 4252 1930 4335 quadripar-

343 4343 505 4397 titam
543 4355 767 4400 naturae
793 4348 1129 4416 divisionem,
1169 4353 1222 4407 in
1252 4368 1356 4423 qua
1404 4366 1654 4411 naturam
1686 4367 1929 4412 creatam

342 4442 402 4488 et
429 4445 708 4491 crcantem
753 4436 801 4493 J.
840 4438 1039 4497 Gorres
1067 4444 1214 4519 λόγον
1240 4460 1360 4502 esse
1386 4444 1639 4514 aliirmat,
1688 4448 1925 4504 medium

337 4525 553 4581 scilicet
604 4526 747 4584 inter
805 4541 1056 4589 naturam
1111 4550 1217 4591 non
1262 4546 1504 4594 creatam
1554 4548 1610 4594 et
1648 4548 1925 4596 creantem

332 4617 555 4689 (Deum)
567 4628 625 4675 et
637 4629 883 4677 naturam
897 4634 1137 4680 creatam
1151 4641 1256 4682 non
1268 4644 1433 4684 crean
1442 4640 1545 4685 tem
1564 4630 1926 4703 (Creaturam)

328 4707 594 4777 positum.
624 4708 812 4781 Itaque
834 4713 1005 4768 Deum
1052 4717 1252 4771 trinum
1306 4733 1429 4774 cum
1474 4730 1723 4776 creatura
1767 4722 1817 4777 ei
1870 4736 1931 4777 se

329 4796 642 4861 miscuisse,
670 4800 902 4872 indeque
921 4814 1169 4861 coactum
1199 4806 1367 4864 fuisse
1408 4810 1720 4881 Erigenam,
1750 4822 1808 4868 ut
1835 4812 1933 4868 Fi-

328 4884 466 4941 lium
492 4888 678 4946 Patris
704 4904 1010 4951 creaturam
1029 4913 1152 4954 esse
1179 4899 1499 4957 declararet.
1532 4903 1761 4975 Propter
1785 4906 1931 4961 hunc

326 4993 582 5035 errorem
604 4984 838 5039 eundem
868 4987 1010 5043 ultra
1050 4989 1411 5063 Areopagitae
1455 5004 1693 5067 systema
1742 4996 1928 5050 tennis

326 5086 582 5144 namque
608 5090 716 5131 non
766 5078 924 5150 longe
954 5085 1206 5154 progredi
1235 5087 1495 5156 potuisse.
1542 5086 1729 5157 Neque
1782 5089 1931 5143 enim

321 5177 485 5230 eum,
515 5166 569 5221 id
598 5168 744 5238 quod
793 5172 1117 5245 Areopagita
1161 5176 1478 5247 neglexerit,
1529 5178 1826 5233 trinitatem
1871 5180 1926 5234 in

320 5256 697 5325 mysticamm
765 5275 949 5318 rerum
1014 5266 1438 5334 speculationem
1487 5268 1852 5325 introduxisse
1907 5287 1924 5325 :

320 5361 529 5402 verum
581 5361 901 5420 sequentem
952 5356 1174 5427 vestigia
1218 5358 1579 5428 Areopagitae
1627 5368 1683 5415 et
1731 5360 1926 5416 librum

320 5437 451 5506 ejus
474 5440 545 5492 de
575 5441 774 5498 divinis
804 5442 1147 5511 Nominibus,
1167 5463 1338 5517 aeque
1362 5458 1524 5519 atque
1546 5449 1693 5506 illum
1722 5461 1935 5507 tantum

320 5527 394 5583 de
443 5530 605 5585 unica
636 5532 729 5587 Dei
776 5538 1033 5602 essentia,
1072 5540 1261 5593 eadem
1302 5540 1415 5595 fere
1466 5544 1932 5615 contemplationis

397 5650 482 5720 (ιι)
524 5648 609 5705 Cf.
637 5649 951 5709 Christliclte
971 5653 1185 5727 Πυθιάς,
1220 5666 1347 5713 tom.
1371 5656 1415 5725 l,
1446 5674 1563 5732 pag.
1591 5658 1717 5716 243.

2038 1898 2180 1952 dicta
2205 1898 2442 1952 breviter
2465 1880 2887 1967 conspiciamus,
2904 1903 3123 1961 cuncta,
3147 1901 3289 1965 qua‘e
3308 1894 3543 1951 Goerres
3564 1898 3625 1951 in

2037 1987 2131 2041 illo
2148 1986 2503 2056 vituperanda
2533 1995 2588 2041 et
2613 1985 2964 2057 improbanda
3002 1993 3210 2051 censet,
3240 1985 3309 2040 ad
3346 1985 3483 2041 haec
3518 1984 3624 2041 tria

2037 2077 2264 2131 redeunt
2286 2094 2300 2129 :
2334 2073 2351 2081 “

2109 2171 2160 2224 l.
2185 2169 2415 2240 Erigena
2444 2170 2707 2225 humanae
2729 2168 2924 2223 rationi
2952 2167 3179 2224 nimium
3208 2168 3375 2234 dedit,
3405 2175 3461 2223 et
3483 2180 3627 2237 quae

2037 2261 2262 2315 rationis
2292 2269 2436 2324 sunt,
2467 2276 2592 2315 cum
2628 2260 2826 2316 divinis
2851 2261 3086 2317 miscens
3112 2261 3356 2331 eloquiis,
3412 2260 3623 2313 revela-

2036 2350 2236 2406 tionem
2267 2350 2426 2422 (Pag.
2456 2349 2595 2422 XVI)
2625 2366 2728 2406 non
2764 2352 2898 2406 satis
2925 2366 2957 2405 a
2989 2351 3325 2422 philosophia
3355 2350 3622 2415 distinxit,

2036 2442 2317 2496 declarans
2336 2455 2518 2495 veram
2535 2441 2926 2511 philosophiam
2941 2455 3123 2496 veram
3137 2444 3262 2496 esse
3279 2439 3622 2511 religionem,

2036 2542 2090 2586 et
2117 2546 2297 2586 veram
2326 2531 2639 2601 religionem
2665 2545 2788 2586 esse
2815 2544 2999 2585 veram
3025 2528 3439 2600 philosophiam.
3467 2527 3626 2595 Quod

2038 2623 2203 2678 etiam
2236 2622 2586 2678 Tennemann
2621 2620 2876 2688 allirmat,
2921 2622 3018 2677 sed
3059 2622 3326 2693 Erigenae
3376 2622 3429 2675 in
3464 2619 3647 2675 laude.

2034 2714 2189 2784 ponit
2214 2712 2310 2783 (θ).
2696 2716 2699 2723 ·
2774 2752 2791 2759 ρ

2103 2803 2158 2857 2.
2184 2801 2588 2856 Pantheismum
2633 2801 2917 2870 proﬁtetur
2942 2818 2955 2853 :
2989 2814 3042 2853 a.
3068 2815 3232 2869 quum
3260 2800 3430 2872 Myos,
3456 2800 3624 2854 Deum

2035 2895 2226 2959 ﬁlium,
2251 2901 2592 2961 emanantem
2621 2907 2650 2947 a
2671 2890 2851 2957 Patre,
2872 2902 3177 2946 creaturam
3202 2892 3379 2947 Patris
3397 2908 3518 2948 esse
3538 2893 3624 2947 af-

2035 2986 2234 3040 ﬁrmet.
2258 2986 2331 3053 Eb.
2352 3000 2517 3054 quum
2539 2999 2727 3040 omnes
2748 2992 3030 3039 creaturas
3052 2984 3106 3037 in
3129 2983 3420 3039 universali
3443 3000 3623 3041 rerum

2036 3076 2394 3146 apocatastasi
2431 3090 2529 3146 per
2560 3075 2749 3143 Deum,
2784 3090 2946 3131 unam
2986 3074 3195 3133 scilicet
3240 3076 3645 3145 substantiam,

2036 3168 2230 3222 doceat
2260 3167 2556 3222 absorberi.
2636 3176 2639 3179 '

2104 3258 2158 3312 '5.
2195 3257 2342 3313 Ultra
2366 3259 2671 3329 systematis
2697 3258 3061 3330 Areopagitici
3091 3259 3226 3316 ﬁnes
3263 3258 3486 3331 ejusque
3533 3276 3625 3317 su-

2034 3352 2495 3419 peresseutialem,
2522 3354 2704 3408 omnia
2728 3366 3073 3424 superantem
3097 3355 3335 3410 divinam
3359 3357 3618 3413 unitatem

2035 3461 2140 3502 non
2162 3449 2449 3515 processit,
2470 3458 2525 3504 et
2549 3450 2907 3520 dogmaticam
2936 3450 2993 3505 S.
3020 3451 3303 3508 Trinitatis
3346 3454 3621 3510 notionem

2034 3537 2087 3592 iu
2124 3537 2467 3611 Theologiam
2516 3540 2801 3611 mysticam
2847 3549 2902 3597 et
2936 3541 3323 3612 speculativam
3364 3543 3623 3601 inducere

2024 3633 2234 3707 omisit.

2105 3722 2199 3776 llis
2230 3723 2576 3793 tribus,quae
2602 3722 2840 3781 Goerres
2857 3726 2909 3781 in
2941 3725 3206 3798 Erigenae
3234 3726 3619 3796 reprehensio-

2032 3830 2156 3869 nem
2190 3825 2361 3881 notat,
2388 3818 2611 3872 accedat
2641 3828 2915 3889 quartum,
2960 3819 3102 3888 quod
3123 3811 3361 3875 multi‘in
3387 3818 3620 3875 eundem

2032 3906 2531 3962 animadverterunt
2561 3926 2574 3962 :

2099 3996 2154 4049 4.
2206 3995 2331 4050 Mali
2370 3998 2537 4053 etliici
2578 4007 2830 4054 naturam
2881 4006 3046 4069 atque
3097 4001 3418 4071 gravitatem
3470 3999 3618 4054 haud

2030 4088 2270 4157 agnovit,
2305 4087 2472 4142 immo
2496 4090 2550 4142 in
2586 4089 2873 4145 universali
2900 4104 3082 4144 rerum
3130 4088 3501 4160 apocatastad
3535 4090 3622 4144 in-
3677 4126 3701 4143 .

2030 4176 2254 4233 fernalia
2280 4180 2539 4248 supplicia
2572 4181 2732 4235 ﬁnem
2756 4183 2972 4251 assequi
2999 4182 3205 4237 docuit.
3460 4176 3465 4181 ’

2103 4272 2184 4327 Ad
2202 4270 2244 4325 l.
2278 4272 2686 4340 respondemus,
2719 4271 3145 4339 propositionem
3173 4289 3186 4324 :
3224 4290 3244 4321 ι
3280 4269 3418 4323 Vera
3444 4271 3621 4340 philo-

2030 4360 2221 4431 sophia
2250 4368 2333 4415 est
2361 4372 2488 4414 vera
2520 4357 2727 4428 religio,
2755 4368 2810 4412 et
2850 4372 2901 4410 v.
2926 4371 2978 4409 v.
3010 4370 3138 4410 vera
3166 4356 3354 4427 religio
3382 4366 3466 4412 est
3490 4370 3622 4411 vera

2029 4451 2364 4524 philosophia
2401 4469 2448 4517 ι,
2500 4449 2697 4519 duplici
2750 4457 2805 4504 et
2832 4447 3046 4504 diverso
3092 4462 3251 4504 sensu
3279 4444 3439 4518 posse
3464 4445 3624 4501 intel-

2031 4545 2147 4614 ligi.
2200 4544 2294 4599 sed
2333 4542 2560 4597 eandem
2613 4541 2667 4595 in
2704 4540 2944 4597 auctoris
2973 4538 3145 4596 nostri
3185 4554 3280 4595 ore
3312 4554 3418 4594 non
3449 4538 3625 4611 magis

2035 4652 2156 4693 esse
2175 4642 2499 4706 suspectam,
2527 4647 2689 4703 quam
2730 4633 2807 4698 id,
2839 4633 2983 4703 quod
3031 4647 3199 4704 prope
3227 4646 3419 4689 omnes
3446 4632 3620 4689 sancti

2038 4726 2227 4781 Patres
2268 4725 2482 4788 docent,
2542 4721 2927 4778 revelationem
2982 4722 3194 4787 scilicet
3238 4721 3438 4778 Christi
3497 4738 3622 4780 esse

2036 4829 2303 4870 summam
2338 4812 2661 4881 sapientiam
2706 4822 2869 4882 atque
2894 4826 3111 4867 omnem
3141 4811 3421 4868 continete
3448 4812 3622 4880 philo-

2037 4907 2303 4977 sophiam.
2330 4904 2410 4961 Ex
2434 4918 2542 4974 quo
2565 4902 2809 4975 sequitur
2826 4918 2879 4957 v.
2907 4918 2960 4958 v.
2990 4903 3178 4969 etiam,
3209 4918 3395 4958 veram
3447 4902 3631 4972 philo-.

2029 4998 2273 5069 sophiam
2328 4996 2554 5052 eandem
2602 5010 2724 5052 esse
2773 5010 2841 5049 ac
2887 5009 3071 5051 veram
3126 4993 3464 5066 religionem,
3519 5008 3623 5049 nec

2027 5090 2171 5145 hanc
2198 5089 2357 5144 aliam
2384 5088 2531 5144 etab
2558 5087 2647 5144 illa
2672 5094 2984 5157 separatam
3006 5085 3280 5142 involvere
3308 5085 3615 5141 veritatem.

2028 5181 2314 5253 Erigenam
2338 5195 2466 5236 vero
2499 5195 2601 5236 nec
2628 5194 2840 5236 sacram
2874 5177 3233 5247 Scripturam,
3262 5189 3438 5242 neque
3468 5171 3619 5226 testi-

2028 5273 2209 5327 monia
2238 5271 2459 5326 Patrum
2488 5269 2895 5341 contempsisse,
2929 5276 3039 5321 tam
3066 5265 3219 5320 multi
3252 5263 3355 5318 loci
3384 5262 3437 5314 in
3465 5259 3620 5314 libris

2031 5364 2099 5420 de
2127 5362 2391 5419 divisione
2423 5364 2675 5433 probant,
2724 5368 2783 5414 ut
2830 5356 3115 5411 ridiculum
3142 5351 3304 5414 foret,
3339 5349 3443 5403 hoe
3482 5346 3617 5404 locis

2031 5456 2341 5526 singillatim
2367 5454 2647 5511 laudandis
2670 5452 2887 5509 uberius
2910 5446 3229 5517 approbare.
3251 5443 3393 5499 Duos
3410 5450 3619 5500 tantum

2032 5548 2178 5603 locos
2203 5547 2511 5609 alferamus,
2533 5556 2762 5613 quorum
2801 5539 2939 5592 alter
2968 5535 3324 5594 humilitatem
3366 5544 3613 5601 testatur,

2105 5658 2193 5782 (41;
2214 5656 2516 5781 Gceischicltstg
2557 5650 2652 5705 der
2681 5646 3040 5715 Philosophie,
3068 5654 3200 5708 tom.
3228 5649 3364 5720 vm,
3405 5655 3542 5707 sect.
3572 5645 3621 5719 Ι,

2196 5767 2214 5782 .
2262 5747 2313 5779 -.
2347 5741 2400 5782 υ.
2522 5761 2534 5774 .

2036 5741 2093 5797 p.
2124 5741 2214 5793 α,
2242 5741 2313 5781 ct.
2346 5741 2400 5795 p.
2447 5741 2534 5778 ao.
