4152 6276
324 285 425 339 H7

1318 281 1389 337 ΙΝ
1423 280 1683 338 LIBRUM
1721 280 1815 336 DE
1852 279 2194 338 DIVISIONE
2231 280 2565 337 NATURAE.

3493 283 3621 381 H81

322 396 496 451 Filius
543 410 654 453 non
698 404 882 462 esset;
927 394 1161 464 alioquin
1230 409 1338 450 non
1406 396 1461 450 in
1516 395 1632 466 ipso
1696 392 1897 449 conde-
1926 397 1978 457 Α
2005 403 2183 448 mente
2211 394 2635 464 seinesjeigenen
2655 378 3211 464 Lebensbegegnet»?
3233 392 3426 467 "Age
3443 378 3594 466 ergo,

325 493 413 542 ret
440 507 461 541 ι
474 528 488 541 .
520 488 619 558 (α).

402 577 463 633 Si
486 592 615 633 vero
628 560 850 648 Erigcna
870 575 987 630 aliis
1007 574 1139 629 locis
1153 588 1221 628 ex
1244 574 1339 630 cit.
1362 574 1454 629 lib.
1480 574 1566 638 Ill,
1583 590 1635 645 p.
1657 575 1765 629 245
1788 590 1907 645 seq.

329 668 534 741 (lﬂ,i8)
558 669 613 725 S.
636 667 812 723 Basilii
839 667 1041 731 verbis,
1063 666 1155 735 qui
1172 664 1392 736 (Homil.
1413 666 1467 729 8,
1486 667 1538 719 in
1561 665 1726 735 Gen.)
1744 667 1908 721 dicit:

336 780 357 814 ε
389 761 627 817 Divinum
671 760 895 814 verbum
941 767 1139 812 natura
1188 767 1273 812 est
1319 770 1539 823 eorum,
1583 772 1721 828 quae
1766 755 1913 813 [acia

329 861 499 907 sunt»
532 871 546 906 :
578 849 872 907 secundum
920 864 1141 904 sensum
1190 848 1264 903 ibi
1310 857 1667 902 memoratum
1723 862 1913 902 assen-

328 948 465 1002 tiens
508 944 822 1001 contendit:
860 962 879 996 ι
911 943 1084 998 Deum
1113 942 1290 997 creari
1336 943 1389 997 in
1431 943 1686 998 omnibus
1709 963 1756 1009 ›,
1794 943 1912 998 sive

330 1060 350 1093 ‹
370 1040 536 1095 Deum
560 1050 684 1094 esse
706 1042 762 1091 in
789 1052 870 1102 se,
894 1035 1011 1091 ﬁeri
1036 1037 1090 1089 in
1112 1036 1373 1089 creaturis
1395 1054 1442 1101 ι,
1471 1035 1613 1090 idem
1641 1046 1701 1089 ut
1724 1042 1913 1104 postea

324 1128 374 1185 Ι.
402 1128 692 1191 'l'aulerus,
721 1125 784 1181 8.
814 1125 956 1180 Suso
987 1124 1247 1196 multique
1282 1125 1372 1180 alii
1402 1124 1599 1181 Patres
1628 1124 1910 1181 lectionem

328 1226 543 1272 tantum
599 1216 847 1288 sequitur
895 1213 952 1270 S.
1002 1214 1263 1271 Johannis
1330 1215 1591 1286 Theologl
1642 1216 1914 1287 (Evange-

331 1308 516 1381 listae)
546 1324 593 1365 c.
626 1310 677 1363 l.
704 1324 755 1361 v.
790 1307 847 1363 ‘5.
871 1307 920 1361 4.
960 1305 1242 1375 antiquam
1292 1316 1348 1361 et
1392 1308 1677 1362 admodum
1723 1308 1912 1379 vulga-

338 1410 450 1455 tam
476 1417 488 1453 :
524 1418 542 1449 ε
571 1398 932 1466 Quodcunque
966 1395 1170 1450 factum
1197 1403 1301 1460 est,
1332 1396 1383 1449 in
1427 1397 1543 1466 ipso
1579 1397 1685 1450 vita
1715 1406 1833 1451 erat
1859 1404 1916 1451 et

333 1491 445 1545 vita
478 1500 593 1546 erat
622 1489 708 1542 lux
740 1488 1013 1554 hominum
1042 1506 1088 1541 ι.
1121 1487 1387 1543 Similiter
1417 1488 1579 1553 Suso,
1611 1504 1732 1561 pag.
1767 1489 1911 1544 164:

335 1598 357 1631 ι
386 1579 503 1633 A‘lle
528 1577 832 1634 Kreaturen
872 1579 1010 1632 nach
1052 1578 1205 1633 ibrer
1235 1576 1681 1633 innebleibenden
1712 1579 1917 1649 Ausge-

325 1671 637 1727 ﬂossenbeit
665 1672 788 1727 sind
831 1670 1082 1742 ewiglich
1106 1671 1163 1725 in
1199 1670 1319 1725 dem
1349 1669 1542 1736 Einen,
1585 1672 1722 1725 nach
1761 1668 1916 1726 Gott-

2012 483 2176 538 etiam
2204 483 2469 552 Erigenae
2495 482 2891 552 indulgeamus,
2916 483 3114 538 dicenti
3144 500 3156 536 :
3197 501 3216 532 σ
3247 485 3389 539 Deus
3415 495 3499 541 est
3539 487 3595 541 in

2017 587 2098 638 se,
2131 576 2191 628 lit
2219 575 2270 628 in
2310 573 2574 629 creaturis
2594 592 2641 638 ι,
2671 589 2835 643 quum
2869 584 3089 645 propter
3114 575 3397 630 Paulinum
3426 576 3553 630 illud
3578 591 3595 631 :

2023 683 2041 716 ι
2072 666 2163 733 qui
2209 673 2292 719 est
2320 680 2417 735 per
2440 665 2619 718 omnia
2648 671 2702 717 et
2738 664 2791 718 in
2820 666 3071 721 omnibus
3095 683 3140 730 ι,
3174 665 3402 720 alterum
3447 666 3598 736 ejus—

2016 756 2136 809 dem
2181 756 2422 825 Apostoli
2455 775 2468 810 :
2508 776 2526 808 ι
2558 757 2658 823 Qui
2704 766 2789 812 est
2823 772 2982 827 supra
3024 760 3202 813 omnia
3235 780 3283 826 ι,
3332 776 3597 829 nusquam

2017 847 2332 916 neglexerit.
2362 846 2441 917 (ά)
2485 848 2823 902 Postremum
2858 863 2987 903 vero
3023 865 3237 914 caveas,
3270 866 3336 905 ne
3381 861 3627 920 quater-1
3708 922 3715 929 ι

2018 939 2228 992 narium
2272 942 2520 1005 naturae,
2562 953 2700 1007 quae
2747 940 2963 1005 dicitur,
3008 944 3147 1010 apud
3185 943 3467 1014 Erigenam
3516 950 3605 998 ut-

2014 1035 2139 1097 pote
2190 1027 2468 1083 formalem
2543 1042 2663 1083 cum
2736 1038 2923 1085 sancto
2987 1030 3250 1085 Ternario
3309 1033 3598 1105 dogmatis,

2015 1136 2175 1192 quem
2204 1123 2477 1191 expressis
2502 1123 2681 1178 verbis
2725 1122 2884 1180 docet
2924 1134 3087 1195 atque
3133 1127 3443 1196 confirmat,
3491 1129 3600 1188 ullo

2017 1215 2176 1268 modo
2221 1230 2386 1268 unum
2434 1214 2685 1284 idemque
2730 1231 2851 1272 esse
2906 1219 3205 1275 existimes.
3256 1220 3376 1276 .lam
3430 1222 3631 1293 ipsius

2017 1305 2281 1376 Erigenae
2325 1304 2620 1362 declaratio
2646 1308 2712 1362 de
2750 1316 2940 1378 quarta
2973 1317 3029 1364 et
3078 1312 3143 1365 de
3171 1312 3349 1381 prima
3384 1322 3599 1377 natura,

2017 1397 2129 1451 sive
2164 1397 2231 1451 de
2265 1405 2459 1452 natura
2496 1413 2603 1452 non
2636 1407 2816 1455 creata
2850 1415 3026 1470 neque
3057 1412 3302 1469 creante,
3329 1411 3384 1458 et
3411 1404 3476 1458 de
3507 1418 3605 1459 na-

2017 1495 2135 1541 tura
2182 1503 2287 1541 non
2330 1496 2514 1543 creata
2559 1495 2615 1543 et
2657 1499 2897 1554 creante,
2943 1499 3232 1561 utramque
3267 1507 3431 1547 unam
3474 1502 3604 1547 ean-

2016 1580 2248 1649 demque
2275 1594 2396 1634 esse
2437 1588 2710 1646 naturam,
2755 1580 2824 1653 (e)
2883 1582 3177 1637 secundum
3211 1582 3479 1637 diversum
3525 1596 3627 1638 re»

2017 1680 2261 1740 speetum
2301 1671 2661 1742 processionis
2707 1681 2761 1729 et
2804 1673 3009 1730 reditus
3053 1676 3254 1739 rerum,
3306 1675 3385 1730 sic
3416 1668 3623 1744 appet?

326 1767 619 1844 lebender,
656 1767 1118 1833 Gottwissender,
1176 1767 1593 1824 Gottwesender
1640 1766 1911 1839 lstigkeit,
1942 1752 1987 1816 Β
2016 1761 2199 1825 latam,
2245 1763 2379 1817 satis
2406 1762 2766 1830 demonstrat,
2791 1764 2935 1819 hanc
2977 1764 3295 1819 divisionem
3339 1779 3404 1818 ex
3445 1772 3605 1834 parte

323 1859 428 1914 wie
466 1859 561 1915 das
589 1857 945 1930 Evangelinm
975 1859 1030 1914 in
1061 1860 1326 1931 principio
1370 1869 1491 1930 sagt
1528 1876 1540 1912 :
1570 1859 1664 1913 das
1694 1859 1913 1913 worden

324 1954 413 2018 ist,
438 1952 534 2007 das
559 1953 629 2008 ist
654 1951 705 2007 in
734 1952 845 2007 ihm
861 1952 1106 2024 ewiglicb
1124 1964 1372 2021 gewesen
1390 1953 1488 2008 das
1510 1950 1687 2008 Leben
1715 1972 1731 2002 ι
1744 1992 1756 2004 .
1784 1951 1863 2023 (b)
1882 1950 1916 1986 ‘l‘

326 2042 469 2098 Sane
524 2040 779 2111 iniustum
828 2040 999 2108 foret,
1062 2050 1282 2113 propter
1328 2043 1466 2097 haec
1535 2050 1590 2096 et
1645 2042 1912 2111 ejusmodi

325 2133 490 2187 verba
521 2131 604 2188 vel
638 2131 905 2189 Susonem
945 2131 1028 2187 vel
1058 2131 1349 2201 Erigenam
1396 2132 1725 2201 pantlieismi
1754 2146 1917 2185 accu-

326 2225 477 2279 sare!
507 2222 694 2281 Nonne
738 2227 903 2281 etiam
948 2224 1143 2295 pictor,
1177 2224 1270 2292 qui
1310 2225 1458 2294 regis
1498 2224 1788 2295 imaginem
1823 2237 1917 2277 co-

330 2313 537 2370 loribus
570 2315 847 2385 depingit,‘
879 2315 1157 2383 quaerenti
1189 2314 1318 2385 quid
1360 2312 1542 2377 faciat,
1576 2313 1871 2383 respondet
1899 2331 1912 2367 :

329 2404 422 2460 Fit
453 2407 577 2458 rex!
610 2404 702 2460 Sic
728 2406 894 2459 etiam
950 2405 1008 2461 S.
1056 2406 1387 2476 Augustinus
1417 2421 1432 2460 :
1470 2425 1489 2456 ι
1517 2406 1741 2461 Crescat
1783 2421 1916 2478 ergo

331 2496 512 2558 Deus,
563 2495 654 2565 qui
703 2509 917 2563 semper
962 2493 1236 2563 perlectus
1291 2504 1408 2559 est,
1463 2505 1675 2550 crescat
1730 2496 1783 2550 in
1839 2505 1912 2551 te.

327 2575 545 2652 Quanto
571 2584 716 2640 enim
748 2584 921 2657 magis
944 2584 1200 2656 intelligis
1218 2584 1410 2649 Deum,
1439 2594 1493 2638 et
1523 2598 1726 2656 quanto
1754 2586 1919 2656 magis

329 2677 517 2749 capis,
537 2678 754 2733 videtur
791 2679 845 2733 in
888 2688 940 2734 te
968 2692 1219 2733 crescere
1251 2679 1411 2733 Deus.
1442 2676 1564 2748 ipse
1608 2687 1783 2733 autem
1817 2694 1918 2732 non

329 2770 551 2838 crescit,
590 2771 684 2827 sed
729 2786 943 2840 semper
970 2767 1246 2840 perfectus
1281 2778 1385 2824 est.
1418 2769 1756 2840 lntelligebas
1788 2769 1915 2825 lteri

337 2864 641 2927 modicum,
689 2863 944 2933 intelligis
985 2863 1151 2918 hodie
1193 2862 1447 2934 amplius,
1498 2861 1758 2932 intelliges
1792 2877 1916 2918 cras

339 2951 515 3006 multo
528 2951 757 3021 amplius
773 2969 788 3004 :
802 2951 983 3006 lumen
1004 2953 1181 3021 ipsum
1194 2950 1291 3006 Dei
1316 2952 1509 3007 crescit
1527 2953 1576 3006 in
1600 2961 1668 3015 te,
1683 2939 1915 3007 ita'vel‘ut

344 3043 493 3098 Deus
523 3042 744 3108 crescit,
768 3043 857 3113 qui
889 3058 1102 3111 semper
1129 3041 1395 3113 perfectus
1422 3051 1618 3097 manet.
1645 3041 1912 3108 Quemad-

345 3135 568 3189 modum
596 3134 642 3189 si
670 3142 926 3189 curentur
954 3134 1228 3203 cujusdam
1265 3134 1399 3189 oculi
1429 3150 1492 3189 ex
1533 3134 1761 3206 pristina
1794 3150 1915 3190 cae-
1942 3108 1989 3168 c

340 3227 522 3287 citate,
555 3233 609 3279 et
631 3225 888 3295 inciperet
918 3224 1100 3279 videre
1126 3224 1394 3294 paululum
1426 3224 1580 3288 lucis.
1616 3235 1673 3280 et
1698 3226 1803 3281 alia
1831 3226 1918 3282 die

330 3316 455 3387 plus
496 3304 803 3371 viderct‘et
833 3316 986 3370 tertia
1016 3316 1100 3372 die
1136 3316 1363 3387 amplius
1404 3334 1417 3371 :
1453 3319 1667 3374 videtur
1710 3319 1787 3372 illi
1825 3318 1917 3374 lux

329 3422 603 3463 crescere:
619 3407 713 3462 lux
738 3416 914 3463 tamen
938 3406 1176 3480 perfecta
1194 3418 1297 3473 est,
1312 3409 1425 3465 sive
1447 3410 1564 3479 ipse
1586 3411 1784 3475 videat,
1804 3409 1918 3465 sive

328 3515 435 3554 non
462 3500 667 3555 videat.
698 3498 791 3555 Sic
831 3509 914 3556 est
954 3509 1008 3554 et
1043 3500 1269 3554 interior
1313 3500 1475 3555 homo
1510 3515 1524 3554 :
1556 3498 1773 3570 proiicit
1799 3498 1919 3570 qui-

328 3591 449 3647 dem
482 3592 537 3646 in
574 3592 686 3647 Deo
716 3601 772 3647 et
810 3592 953 3648 Deus
998 3591 1050 3645 in
1098 3590 1190 3646 illo
1232 3591 1444 3646 videtur
1488 3604 1772 3655 crescere;
1803 3589 1919 3659 ipse

328 3691 509 3739 tamen
534 3684 824 3750 minuitur,
848 3692 905 3739 ut
928 3697 958 3737 a
982 3683 1147 3756 gloria
1171 3699 1268 3738 sua
1291 3682 1505 3738 decidat
1528 3691 1583 3737 et
1610 3683 1663 3736 in
1691 3680 1919 3753 gloriam

330 3771 426 3828 Dei
471 3782 731 3845 surgat».
778 3773 848 3846 (c)
906 3772 1016 3828 Nec
1060 3772 1240 3828 minus
1287 3771 1352 3826 A.
1381 3771 1628 3828 Giinther
1674 3771 1727 3826 in
1778 3772 1919 3828 libro

329 3861 567 3919 Thomas
589 3854 620 3918 a
650 3863 937 3935 Scrupulis
966 3879 1018 3934 p.
1041 3862 1179 3919 225:
1212 3883 1231 3915 ι
1262 3863 1380 3920 Und
1409 3879 1519 3918 was
1546 3863 1747 3919 lionnte
1771 3863 1919 3921 diese

329 3952 499 4011 Licbe
527 3956 726 4010 andres
751 3955 887 4019 sein,
920 3954 1162 4023 alsjene,
1205 3955 1303 4009 mit
1338 3954 1435 4009 der
1463 3954 1579 4009 sich
1626 3952 1752 4008 Gott
1778 3956 1917 4010 auch

330 4046 383 4100 in
414 4045 513 4100 der
538 4044 774 4100 Kreatur
804 4044 963 4110 licbt,
995 4045 1115 4100 weil
1143 4060 1207 4100 er
1254 4045 1308 4099 in
1348 4043 1437 4098 ihr
1475 4043 1664 4099 scinen
1709 4044 1918 4117 ewigen

329 4134 620 4193 Gedanken
648 4134 806 4210 (Pag.
832 4135 952 4209 XX)
981 4136 1375 4205 wiederlindet,
1397 4136 1451 4192 in
1484 4137 1570 4192 ihr
1594 4136 1770 4193 einem
1808 4135 1919 4193 Mo-

410 4285 810 4427 saicae
1049 4290 1457 4427 quas.“
1647 4280 1665 4344 ί
1864 4280 1918 4347 εί

376 4402 389 4413 .
417 4379 523 4412 11H
553 4379 643 4423 ul,
667 4379 759 4423 zz)
790 4379 809 4411 ι
832 4379 1001 4419 0mm:

331 4374 389 4430 p.
417 4374 523 4412 uo
553 4374 643 4427 ut,
666 4374 759 4426 zz)
790 4379 809 4411 ι
832 4374 1019 4419 omnia
1050 4374 1251 4432 igitur:
1287 4378 1351 4418 ce

404 4450 597 4538 9)an.
611 4524 623 4534 .
633 4450 882 4538 einridt
894 4453 1112 4538 “Suro?
1153 4468 1351 4538 genam

331 4521 441 4577 und
466 4521 852 4593 Schriften'von
881 4521 1554 4599 Melchior'Diepenbrock.
1580 4527 1616 4582 2
1644 4525 1782 4583 Αυιι.
1809 4525 1916 4584 Re-

328 4595 618 4667 gensburg.
648 4594 806 4650 1837.
1116 4662 1141 4667 Α,

398 4685 469 4753 (c)
502 4683 587 4740 Cf.
616 4685 836 4755 Gﬁgler,
870 4685 1073 4755 Heilige
1100 4684 1273 4743 Kunst
1301 4688 1395 4741 der
1425 4686 1680 4755 Hebrder.
1716 4689 1834 4745 Vol.
1869 4688 1912 4755 Ι.

331 4771 383 4829 p.
420 4755 509 4810 56.
537 4755 675 4829 item
703 4757 770 4811 de
801 4755 916 4829 Div.
957 4754 1049 4829 lib.
1077 4756 1169 4823 IV,
1201 4766 1254 4829 p.
1280 4757 1385 4813 552
1412 4754 1522 4827 (ιν,
1548 4759 1600 4818 7i
1638 4777 1656 4809 ι
1690 4760 1824 4814 llinc
1853 4754 1912 4815 S.

328 4826 700 4899 Augustinus»
757 4826 891 4891 cetL,
940 4828 1033 4899 tibi
1078 4829 1135 4882 S.
1163 4826 1493 4899 Augustinus
1537 4830 1690 4885 miris
1739 4830 1918 4884 verbis

328 4898 547 4969 omnino
576 4897 720 4951 idem
759 4899 903 4969 quod
948 4898 1176 4968 Erigcna
1208 4897 1383 4952 docet.
1428 4898 1557 4952 Item
1589 4917 1640 4969 p.
1668 4900 1913 4969 54l7_(lV,

329 4965 435 5039 li):
463 4965 808 5039 Quapropter
836 4968 918 5039 de
966 4965 1241 5023 intellectu
1292 4987 1312 5020 ι
1338 4978 1445 5023 cet.
1472 4965 1603 5024 lieni
1634 4970 1729 5025 lib.
1764 4965 1826 5023 νς
1862 4985 1935 5039 p.~

455 4983 1522 5109 ﬁuagflilflitigeetiie‘ntiacfleeltu

419 5128 477 5195 ά)
507 5126 592 5184 Cf.
624 5128 722 5183 lib.
745 5128 815 5184 lV
872 5145 925 5200 p.
951 5129 1056 5185 320
1106 5129 1193 5195 lY,
1222 5130 1277 5197 5)
1313 5152 1330 5183 ‹
1351 5131 1520 5199 Miror
1546 5147 1683 5185 cur)
1717 5141 1824 5186 cet.

396 5127 466 5269 ξε)
514 5197 602 5255 cr.
660 5197 754 5255 lib.
799 5171 885 5267 Iit,
942 5215 996 5269 p.
1041 5130 1149 5256 eis
1208 5200 1324 5269 (ιιι,
1380 5201 1482 5269 es)
1546 5222 1564 5254 ‹
1605 5201 1712 5258 Sed
1775 5219 1824 5269 (ιι

396 5171 476 5269 (Si
512 5171 602 5255 Ei.
624 5171 766 5255 "lib.-
789 5171 925 5267 ’ἤιξ’
942 5171 1329 5274 ιῖ.’ἒλὶι”’(ἷίιξ
1351 5171 1508 5275 ’ἔὲἲ
1546 5171 1920 5273 rerum

329 5269 489 5324 tlicol.
515 5290 533 5322 ι
566 5276 676 5326 cet.

392 5402 427 5440 "
452 5402 646 5461 Latine
666 5406 746 5462 sic
769 5404 920 5460 reddi
966 5420 1123 5473 posse
1150 5405 1401 5461 videntur
1427 5424 1439 5458 :
1478 5424 1498 5456 ‹
1534 5404 1732 5462 Omnes
1760 5422 1916 5465 crea-

329 5484 499 5547 turae,
532 5486 723 5547 utpote
751 5490 893 5544 quae
917 5476 1173 5532 ellluxere
1203 5479 1535 5546 eaedemque
1566 5478 1911 5542 immansere,

328 5546 377 5600 in
406 5562 516 5603 uno
540 5546 803 5604 aeternae
830 5557 977 5609 sunt,
1009 5549 1252 5602 viventes
1281 5549 1333 5601 in
1363 5548 1489 5613 Deo,
1524 5548 1688 5601 Deum
1718 5564 1914 5613 cogno-

329 5620 555 5690 scentes,
599 5618 759 5690 quasi
801 5617 1111 5690 deitieatae,
1157 5627 1214 5671 ut
1255 5619 1539 5690 legiturin
1578 5617 1909 5688 Evangelio:

331 5687 476 5759 Quod
501 5687 705 5765 factum
734 5696 837 5757 est,
861 5688 919 5744 in
938 5687 1048 5760 ipso
1076 5689 1179 5746 vita
1203 5687 1380 5765 erat).
1452 5689 1718 5747 Annum.
1751 5691 1909 5748 Εοιτ.

1153 4465 1381 4527 genuum
1424 4456 1699 4511 Amandus
1739 4455 1916 4527 Leges:
1945 4465 1992 4524 1)

2020 1865 2079 1912 ut
2123 1856 2470 1925 subjectivam
2531 1865 2737 1914 tantum
2782 1870 2837 1916 et
2884 1859 3164 1916 formalem
3234 1861 3604 1931 accipiendam

2018 1964 2160 2004 esse.
2229 1950 2415 2017 Quod,
2482 1965 2650 2021 quum
2719 1951 2986 2020 Erigenae
3040 1950 3109 2005 de
3176 1949 3443 2006 Trinitate
3506 1948 3604 2006 do-

2018 2040 2193 2094 ctrina
2264 2041 2507 2110 exposita
2582 2040 2783 2109 fuerit,
2847 2042 3151 2098 evidentius
3202 2043 3367 2097 etiam
3438 2057 3604 2116 appa-

2019 2130 2178 2184 rebit.

2091 2219 2146 2273 b.
2180 2218 2353 2275 Simili
2399 2221 2558 2278 modo
2603 2218 2808 2291 aliquot
2855 2222 2990 2280 alios
3038 2223 3219 2294 operis
3247 2223 3312 2277 de
3342 2222 3605 2279 divisione

2020 2312 2190 2376 locos,
2213 2312 2307 2367 ubi
2335 2312 2400 2367 de
2436 2313 2730 2369 universali
2774 2328 2953 2370 rerum
2999 2315 3389 2370 instauratione
3432 2316 3483 2368 in
3525 2312 3605 2367 al-

2021 2412 2138 2458 tero
2172 2402 2375 2459 Christi
2398 2404 2631 2459 adventu
2662 2403 2841 2461 iutUra
2869 2416 2923 2462 et
2953 2408 3019 2463 de
3052 2406 3241 2462 ultimo
3258 2404 3466 2476 judicio
3493 2404 3607 2477 agi-

2021 2506 2127 2560 tur,
2169 2496 2348 2553 minus
2378 2499 2673 2554 attendenti
2705 2508 2759 2553 et
2801 2500 3188 2572 cogitationum
3229 2500 3450 2565 seriem,
3483 2490 3629 2555 ver?

2019 2586 2317 2655 horumque
2362 2588 2472 2642 vim
2520 2588 2879 2659 negligentius
2926 2591 3282 2660 pet-pendenti
3322 2589 3600 2661 pantbeis-

2017 2688 2165 2727 mum
2216 2688 2405 2742 sapere
2452 2689 2614 2743 posse
2681 2690 2788 2729 non
2839 2690 3118 2747 negamus.
3166 2678 3369 2733 Verum
3419 2687 3600 2732 tamen

2018 2764 2187 2819 multo
2217 2763 2398 2832 plures
2425 2764 2551 2828 loci,
2576 2764 2669 2835 qui
2697 2766 3032 2820 contrarium
3060 2765 3346 2832 aﬁirmant,
3373 2775 3430 2822 et
3454 2767 3608 2836 quin-

2018 2864 2105 2912 tus
2151 2855 2395 2923 ejusdem
2450 2855 2631 2926 operis
2690 2854 2826 2910 liber
2876 2869 3049 2925 paene
3099 2864 3243 2910 totus
3290 2857 3606 2926 prudentem

2018 2960 2287 3015 quemque
2331 2946 2589 3001 lectorem
2633 2945 2854 3000 omnino
2901 2945 3253 3011 eonvincent,
3301 2947 3604 3003 doctrinam

2020 3037 2086 3091 de
2116 3036 2410 3091 universali
2462 3050 2644 3093 rerum
2669 3039 2909 3093 omnium
2941 3053 3039 3110 per
3066 3039 3233 3094 Deum
3272 3041 3327 3096 in
3356 3054 3609 3096 consum-

2020 3129 2261 3183 matione
2307 3128 2476 3184 seculi
2519 3131 2889 3201 absorptione,
2925 3145 3029 3202 qua
3057 3131 3306 3199 intereat,
3326 3117 3447 3202 non
3478 3138 3609 3189 vero

2021 3219 2351 3289 gloriﬂeetur
2374 3229 2430 3275 et
2458 3221 2631 3293 magis
2651 3220 2890 3278 salvetur
2918 3232 3191 3288 creatura,
3215 3237 3247 3278 a
3278 3231 3458 3278 mente
3488 3222 3609 3278 Eri-

2020 3326 2191 3383 genae
2215 3328 2437 3388 prorsus
2462 3314 2695 3370 alienam
2721 3313 2906 3372 fuisse.
2937 3315 3224 3387 Expressis
3248 3316 3392 3372 enim
3421 3315 3606 3373 verbis

2021 3418 2128 3459 non
2157 3403 2328 3457 solum
2361 3404 2545 3474 plures
2588 3405 2644 3459 in
2670 3416 2891 3462 aeterna
2933 3404 3271 3462 beatitudine
3296 3407 3495 3479 gradus
3518 3404 3606 3474 ju-

2019 3501 2229 3549 storum
2274 3495 2485 3562 statuit,
2516 3494 2587 3566 (f)
2632 3496 2724 3567 qui
2770 3497 2825 3553 in
2866 3496 2993 3553 Iesu
3043 3508 3142 3568 pro
3169 3510 3358 3553 eorum
3393 3498 3612 3555 meritis

2020 3587 2250 3657 praevisi
2293 3594 2347 3642 et
2383 3588 2797 3657 praedestinati,
2835 3590 3087 3660 deinceps
3128 3590 3245 3645 sine
3286 3589 3394 3644 line
3435 3591 3605 3646 Deum

2020 3676 2299 3746 videbunt,
2336 3694 2524 3734 verum
2557 3679 2722 3735 etiam
2751 3688 2962 3736 certum
3012 3688 3294 3736 numerum
3342 3678 3603 3750 singulari

2020 3770 2191 3841 gratia
2224 3771 2277 3824 in
2298 3769 2697 3827 deiﬁcationem
2718 3787 2878 3843 supra
2904 3786 3117 3827 onmem
3145 3760 3306 3843 (Pag.
3334 3758 3476 3840 XXI)
3507 3772 3606 3825 na-

2021 3861 2248 3916 turalem
2279 3864 2535 3919 virtutem
2559 3863 2869 3925 electorum
2881 3876 3001 3922 esse
3028 3865 3188 3921 docet
3209 3872 3373 3939 atque
3402 3863 3604 3923 descri-

2018 3949 2127 4018 bit;
2158 3952 2269 4009 imo
2294 3954 2567 4010 funestum
2595 3955 2745 4010 illum
2771 3972 3038 4023 errorem,
3063 3972 3171 4026 quo
3199 3964 3381 4011 creata
3421 3956 3606 4011 omnia

2020 4043 2073 4098 in
2099 4044 2213 4098 Deo
2258 4056 2488 4114 pereunt
2513 4055 2569 4102 et
2594 4063 2720 4102 cum
2746 4047 2860 4103 Deo
2880 4064 3009 4117 ,uno
3039 4048 3347 4116 superstite,
3377 4045 3609 4102 coniun-

2020 4136 2244 4202 duntur,
2270 4137 2385 4209 ipse
2411 4139 2728 4195 nominatim
2755 4140 3014 4210 reprobat
3031 4147 3088 4194 et
3117 4143 3459 4209 aspernatur.
3483 4135 3602 4195 Jam

2212 4292 2295 4350 Cf.
2338 4292 2431 4373 lib.
2463 4292 2507 4359 l,
2538 4309 2596 4373 p.
2624 4290 2667 4373 ἕ
2691 4272 2869 4373 (l,
2892 4274 3505 4373 «“Namlgunus‘quisqueb,

2094 4309 2161 4367 υ)
2212 4309 2295 4350 ω.
2341 4309 2431 4349 nn.
2463 4309 2507 4359 1,
2583 4333 2596 4346 .
2625 4309 2658 4349 δ
2691 4309 2752 4365 υ,
2782 4309 2860 4366 ὅ).
2892 4312 2911 4346 ι
2938 4309 3071 4349 nam
3111 4309 3480 4373 unusquisque
3546 4309 3603 4349 tn

2019 4367 2285 4429 diximus,
2335 4309 2594 4435 unigeniii
2624 4363 2783 4420 Verbi
2834 4359 2926 4435 Dei
2974 4363 3223 4435 notitiam
3267 4378 3323 4416 In
3377 4376 3436 4435 se
3484 4335 3603 4431 ipso

2017 4437 2338 4508 possidebit,
2379 4431 2638 4508 quantum
2682 4436 2730 4489 ei
2776 4434 2953 4504 gratia
3003 4431 3360 4508 donabitur...
3390 4432 3611 4508 Quotus

2020 4504 2162 4563 enim
2190 4504 2448 4562 numerus
2476 4506 2792 4572 electorum,
2829 4513 2906 4561 tot
2938 4505 3042 4563 erit
3073 4519 3333 4561 numerus
3365 4504 3603 4572 mansio-

2022 4523 2162 4563 ennn
2190 4521 2448 4562 numerus
2476 4520 2792 4572 electorum,
2829 4520 2906 4561 tot
2938 4520 3042 4563 erit
3073 4520 3333 4561 numerus
3414 4564 3419 4571 ,
3496 4520 3603 4563 sto-

2022 4578 2181 4643 num;
2208 4582 2414 4645 ‘quanta
2447 4576 2609 4632 fuerit
2646 4584 2955 4630 sanctarum
2999 4520 3603 4646 animartlm'nliitslripli-

2020 4649 2184 4713 catio,
2228 4657 2376 4701 tanta
2414 4648 2521 4700 erit.
2564 4648 2863 4717 divinarum
2902 4648 3351 4717 tlieophaniarnm
3389 4652 3610 4717 posses:

2021 4719 2101 4773 sio
2122 4737 2167 4771 ι.
2210 4718 2277 4772 Ει
2321 4717 2414 4775 lib.
2444 4717 2509 4789 Υ,
2540 4716 2726 4789 p._586
2770 4718 2863 4789 (ν,
2885 4717 2976 4785 58)
3004 4716 3060 4775 ;“‹
3089 4717 3315 4784 Quando
3341 4716 3460 4789 erit
3497 4734 3616 4781 nou

2021 4788 2192 4861 solum
2239 4787 2493 4857 generale
2518 4786 2815 4861 sabbatum
2858 4789 2913 4861 in
2952 4790 3207 4861 omnibus
3244 4787 3613 4861 divinisgope-h

2021 4858 2200 4922 ribus;
2234 4852 2421 4910 verum
2459 4858 2621 4912 etiam
2667 4867 2721 4911 et
2766 4858 2999 4926 speciale
3030 4860 3312 4913 sabbatum
3352 4852 3607 4913 Sabba'to‘é

2022 4930 2214 4999 rumin
2247 4928 2447 4995 sanctis
2477 4927 2682 4999 angelis
2711 4928 3018 4999 sanctisque
3046 4929 3386 4994 hominibus;
3413 4938 3469 4989 et
3503 4928 3605 4999 ima

2022 4996 2256 5066 plcbitur
2280 5000 2468 5052 domus
2498 4996 2615 5061 Dei,
2648 4999 2700 5051 in
2731 5010 2834 5069 qua
2864 4996 3253 5069 unusquisque,
3280 4999 3473 5069 ordine
3498 4996 3602 5069 sibi

2023 5064 2685 5149 congruoneonstituetur
2728 5064 2762 5121 ε’
2785 5068 2873 5125 alii
2906 5064 3162 5149 inferius,
3198 5068 3289 5124 alii
3334 5064 3599 5149 superius,

2024 5137 2111 5208 alii
2142 5136 2197 5190 in
2234 5136 2562 5192 sublimitate
2602 5145 2848 5205 naturae,
2876 5138 2964 5192 alii
3010 5150 3172 5208 super
3192 5146 3416 5208 omnem
3445 5143 3603 5208 natu:

2025 5151 2111 5190 am
2146 5154 2197 5190 ιιι
2234 5151 2562 5192 sunnnntate
2602 5151 2848 5205 naturae,
2876 5151 2964 5192 atn
3010 5151 3172 5208 super
3200 5151 3416 5192 omnem
3445 5151 3611 5259 nan?

2025 5207 2190 5260 ralem
2222 5207 2475 5261 virtutem
2508 5209 2651 5276 circa
2699 5208 2871 5276 ipsum
2920 5210 3085 5262 Deum
3116 5227 3161 5261 ι.
3191 5204 3368 5260 Etiam
3396 5215 3449 5274 ι).
3495 5202 3556 5257 5i

2025 5276 2114 5348 (ν,
2141 5276 2232 5348 δι)
2257 5285 2308 5331 ct
2335 5277 2440 5332 474
2471 5274 2556 5350 (γ,
2579 5278 2671 5349 24)
2696 5274 2749 5331 et
2774 5277 2879 5333 550
2908 5279 2998 5350 (v,
3025 5276 3139 5349 36).

2087 5409 2154 5446 *³⁸
2183 5409 2373 5465 Latine
2400 5410 2477 5465 sic
2498 5411 2634 5464 verti
2662 5425 2819 5479 posse
2838 5410 3091 5481 videntur
3113 5424 3170 5481 gf
3188 5405 3261 5481 _Et
3277 5405 3366 5464 hic
3382 5387 3606 5481 quiderii';

2019 5494 2171 5535 amor
2205 5481 2450 5549 quisnam
2475 5481 2610 5533 alius
2629 5470 2749 5534 esse
2774 5484 2949 5549 potest
2976 5478 3078 5532 nisi
3114 5476 3222 5544 ille,
3249 5490 3356 5549 quo
3379 5470 3515 5535 Deus
3542 5470 3609 5537 sd

2017 5560 2181 5611 amat,
2205 5547 2259 5603 et
2285 5552 2336 5604 in
2364 5549 2647 5612 creaturis,
2670 5549 2722 5600 in
2747 5547 2942 5614 quibus
2969 5558 3242 5603 aeternam
3259 5547 3428 5607 ideam
3447 5552 3607 5607 suani‘

2015 5623 2234 5691 ruperit,
2270 5630 2595 5691 momentum
2622 5617 2775 5688 quasi
2805 5618 3054 5687 propriae
3083 5621 3222 5679 vitae
3249 5622 3469 5681 oll‘endit
3507 5623 3566 5682 n?

2014 5690 2278 5748 Aurunv.
2298 5690 2454 5745 Εωτ.
