4152 6276
505 278 635 395 119,

1615 335 1675 391 C.
1716 334 1775 391 Β.
1820 335 2249 392 SCHLUETERI
2288 325 2654 389 ΡΒᾹΞΡΑἸΊΟ

3648 314 3749 375 130

424 440 442 458 “
507 455 551 509 si
583 454 650 508 ad
675 453 870 506 multas
907 450 1268 522 pulehrasque
1314 451 1580 519 respicere
1608 450 1741 505 velis
1787 450 2077 518 analogias,
2107 456 2158 514 Α
2252 450 2306 503 2.
2340 448 2644 502 llumanam
2668 445 2998 499 voluntatem
3052 454 3173 498 esse
3197 437 3428 495 liberam
3460 437 3529 492 ad
3557 438 3753 509 eligen-

506 546 702 613 qnibus
728 543 952 614 Erigcna
987 543 1154 597 utitur
1181 544 1246 595 ad
1298 543 1433 596 hanc
1475 540 1637 595 futuri
1682 542 1845 595 seculi
1881 543 2078 596 θείωσιν

506 633 896 703 quodammodo
937 632 1305 701 explicandam
1350 639 1511 699 atque
1551 630 1967 694 dilucidandam,
2011 630 2078 683 de

508 723 609 777 hac
643 738 701 777 re
739 720 981 789 protinus
1036 721 1256 775 minime
1300 720 1588 775 dubitabis.
1640 720 1751 775 Hae
1801 720 2079 791 analogiae

506 820 662 876 sunt,
693 810 919 880 exempli
960 811 1155 880 gratia,
1185 810 1252 864 de
1282 809 1424 864 ferro
1462 810 1515 863 in
1553 810 1673 880 igne
1702 811 2075 874 candescente,

505 903 669 971 quod,
702 910 868 956 totum
909 901 1046 971 ignis
1074 900 1307 965 factum,
1348 901 1695 955 nihilominus
1735 917 1840 955 non
1884 901 2083 954 desinit

504 1003 624 1044 esse
649 989 880 1053 ferrum;
907 990 972 1043 de
996 1004 1122 1045 aere
1142 989 1464 1053 illuminato,
1487 990 1578 1059 qui
1607 999 1748 1044 totus
1772 990 1865 1044 lux
1887 990 2081 1045 solaris

504 1075 701 1141 factus,
747 1086 924 1131 tamen
964 1091 1058 1132 aer
1104 1087 1315 1145 manet;
1360 1078 1427 1133 de
1456 1078 1649 1143 stellis,
1691 1093 1830 1147 quae
1867 1079 2081 1133 oriente

501 1169 613 1224 sole
651 1179 985 1225 evanescunt
1022 1178 1077 1226 et
1106 1178 1286 1225 tamen
1317 1187 1423 1226 non
1465 1170 1719 1225 desinunt
1747 1185 1887 1226 esse.
1933 1171 2082 1236 Quae

502 1261 881 1316 similitudines
920 1261 1061 1331 apud
1110 1275 1297 1317 omnes
1339 1260 1452 1317 fere
1498 1261 1750 1330 probatos
1807 1261 2082 1331 theologos

505 1352 802 1423 primorum
858 1352 1161 1407 seculorum
1210 1353 1520 1421 mediaeque
1588 1354 1783 1407 aetatis
1834 1352 2080 1422 specula-

508 1444 648 1498 tivos
681 1451 907 1512 possunt
941 1444 1189 1512 reperiri,
1217 1457 1315 1498 nec
1339 1443 1545 1498 scilicet
1587 1442 1957 1498 confusionem
1989 1444 2082 1498 Dei

505 1548 630 1590 cum
653 1541 926 1598 creatura,
958 1533 1122 1587 immo
1147 1533 1574 1603 penetrationem
1604 1548 1698 1587 seu
1738 1533 2084 1589 inhabitatio-

505 1640 631 1681 nem
673 1633 729 1679 et
760 1623 1159 1680 inexistentiam
1203 1623 1482 1678 amborum
1532 1622 1830 1679 clarissime
1875 1623 2081 1693 signiti-

502 1725 649 1771 eant.
678 1715 755 1787 (a)
779 1716 849 1770 At
879 1723 1013 1770 teste
1036 1715 1094 1770 S.
1150 1714 1315 1770 Paulo
1337 1715 1522 1779 homo,
1549 1716 1638 1784 qui
1670 1716 1777 1769 Deo
1803 1717 2079 1780 adhaeret,

2179 541 2306 594 dum
2333 540 2416 595 vel
2460 540 2657 594 bonum
2688 538 2770 592 vel
2801 535 3019 599 malum,
3066 542 3122 588 et
3163 548 3333 604 genus
3359 531 3651 585 humanum
3699 532 3752 585 in

2178 631 2384 686 Adamo
2413 629 2835 700 praevaricatum
2881 625 3148 694 mortique
3187 622 3481 678 obnoxium
3527 622 3751 688 factum,

2180 721 2235 776 in
2261 721 2477 776 Christo
2504 728 2559 775 et
2586 735 2681 788 per
2708 718 2983 774 Christum
3035 714 3300 770 salvatum
3356 727 3479 768 esse
3527 721 3583 768 et
3611 712 3753 768 vitae

2181 820 2432 866 aeternae
2456 810 2718 865 redditum
2750 808 2843 877 (ε).

2251 901 2305 955 5.
2336 901 2653 971 Superbiam
2685 896 2941 961 Luciferi,
2974 896 3064 965 qui
3093 910 3191 950 sua
3220 894 3416 948 virtute
3443 892 3584 947 Deus
3631 907 3751 949 esse

2182 991 2450 1061 cupiebat,
2478 990 2847 1044 detestandum
2877 987 3081 1041 crimen
3114 985 3300 1039 fuisse.
3331 983 3412 1039 Cf.
3439 982 3528 1036 lib.
3560 982 3623 1036 V.

2251 1081 2305 1134 4.
2339 1080 2503 1135 Deum
2535 1079 2766 1144 eiIicere,
2805 1087 2863 1132 ut
2887 1076 3052 1132 multa
3083 1085 3236 1132 extra
3265 1088 3597 1130 communem
3648 1087 3744 1127 na-

2182 1182 2336 1231 turae
2365 1173 2605 1246 ordinem
2634 1172 2904 1235 eveniant,
2933 1185 3040 1239 quo
3063 1168 3327 1233 ostendat,
3357 1182 3417 1221 se
3443 1166 3611 1220 solum
3630 1180 3749 1221 esse

2181 1265 2495 1328 Dominum,
2525 1278 2698 1332 neque
2733 1262 2897 1316 alium
2923 1261 3189 1331 quendam
3219 1289 3290 1299 —
3315 1266 3368 1312 et
3421 1271 3750 1339 consequen-

2185 1363 2289 1422 ter,
2331 1355 2588 1410 miracula
2618 1369 2774 1424 posse
2816 1352 2952 1407 fieri.
2991 1372 3008 1403 ι
3045 1351 3216 1423 Nullis
3249 1370 3299 1415 ι,
3323 1350 3517 1419 inquit,
3555 1366 3575 1400 ι
3631 1363 3756 1403 cen-

2176 1444 2401 1513 jecturis
2429 1445 2592 1498 animi
2618 1441 3019 1513 inquirendum,
3050 1457 3147 1516 cur
3169 1472 3240 1482 —
3265 1455 3352 1495 res
3393 1439 3664 1494 naturales
3684 1468 3755 1480 —-

2184 1550 2248 1589 ex
2280 1534 2639 1591 invisibilibus
2661 1534 2840 1589 causis
2870 1533 2923 1588 in
2968 1533 3019 1586 vi
3049 1533 3312 1589 seminum
3357 1531 3521 1586 semel
3552 1531 3752 1585 mnsti-
3796 1582 3803 1589 .

2184 1626 2315 1681 tutis
2341 1640 2447 1679 non
2474 1624 2652 1687 simul,
2687 1624 2780 1678 sed
2810 1624 3065 1692 temporis
3092 1623 3387 1678 intervallis
3416 1630 3470 1677 et
3492 1622 3751 1684 locorum,

2185 1715 2239 1769 in
2279 1715 2479 1770 formas
2527 1714 2807 1770 sensibilcs
2851 1715 3048 1769 debent
3093 1715 3401 1786 procedere,
3451 1714 3608 1784 quasi
3650 1728 3752 1767 non

502 1822 643 1861 unus
672 1821 793 1860 cum
835 1805 944 1860 Deo
972 1805 1031 1859 fit
1073 1805 1310 1875 spiritus.
1344 1803 1457 1860 Nec
1491 1806 1774 1875 quisquam
1809 1807 2078 1860 veteribus
2109 1799 2151 1857 Β
2180 1805 2339 1859 aliter
2366 1806 2479 1860 fieri
2515 1814 2757 1875 possent,
2787 1806 2830 1859 si
2858 1806 3069 1860 divinae
3115 1805 3378 1859 voluntati
3432 1804 3588 1858 aliter
3638 1804 3752 1857 fieri

504 1894 766 1965 theologis
795 1896 851 1949 in
878 1895 1203 1965 vituperium
1237 1896 1427 1962 vertit,
1470 1896 1859 1951 enthusiastice
1919 1897 2082 1965 proﬂ-

510 1987 764 2049 tentibus,
794 2003 916 2042 eum
945 1987 996 2041 in
1025 1987 1183 2042 finem
1211 1988 1378 2041 Deum
1410 1987 1611 2042 factum
1638 2004 1756 2043 esse
1785 1989 2079 2053 hominem,

506 2088 565 2132 ut
595 2079 797 2133 homini
836 2089 1077 2148 potestas
1104 2079 1439 2145 redderetur,
1477 2095 1580 2149 qua
1614 2081 1753 2134 Deus
1787 2082 1957 2143 fieret,
1989 2096 2083 2135 seu

508 2167 888 2223 deiﬁcaretur:
924 2186 941 2219 ι
970 2170 1159 2225 Τούτου
1200 2172 1299 2242 γὰρ
1337 2170 1477 2242 γένος
1521 2168 1676 2239 ἴσμεν
1704 2187 1757 2235 ›;
1804 2170 1875 2224 cf.
1903 2171 1924 2224 1
1957 2170 2080 2225 Cor.

510 2256 595 2321 Vl,
624 2258 708 2313 17.
735 2258 984 2314 Ceterum
1009 2258 1175 2326 locos,
1198 2261 1393 2330 quibus
1418 2261 1823 2329 pantheisticam
1846 2261 1935 2316 Dei
1962 2277 2085 2316 cum

505 2358 750 2403 creatura
776 2350 1051 2414 unionem,
1087 2364 1193 2419 qua
1223 2359 1469 2404 creatura
1500 2351 1856 2406 absorbeatur
1882 2361 1936 2405 et
1964 2366 2085 2421 per-

504 2447 614 2503 eat,
651 2447 840 2495 auctor
885 2450 1070 2496 noster
1094 2441 1451 2497 determinate
1490 2452 1828 2511 aspernatur,
1868 2442 1968 2498 bos
2007 2442 2087 2497 af-

510 2527 655 2584 ferre
682 2529 909 2585 sufﬁciat
932 2548 947 2584 :

580 2618 702 2674 Lib.
726 2619 811 2686 111,
843 2636 897 2689 p.
924 2620 1029 2677 245
1059 2621 1166 2693 (111,
1202 2622 1313 2694 20).
1348 2621 1431 2680 Cf.
1462 2631 1517 2679 et
1543 2623 1635 2678 lib.
1659 2621 1704 2677 V
1733 2624 1849 2678 init.

583 2751 602 2783 ‹
638 2731 863 2788 Mutatio
888 2734 1069 2803 itaque
1119 2735 1386 2790 humanae
1414 2745 1642 2791 naturae
1672 2736 1726 2790 in
1756 2735 1947 2803 Deum,
1978 2751 2084 2792 non

509 2822 565 2878 in
588 2823 927 2878 substantiae
956 2825 1179 2881 interitu
1209 2826 1541 2880 aestimanda
1561 2834 1663 2892 est,
1695 2827 1790 2883 sed
1822 2827 1878 2882 in
1903 2827 2087 2898 pristi-

509 2928 637 2967 num
667 2922 886 2979 statum,
916 2928 1075 2983 quem
1102 2916 1523 2986 praevaricando
1565 2917 1891 2986 perdiderat,
1917 2918 2085 2971 mira-

505 3004 630 3061 bilis
656 3016 711 3061 et
738 3006 1025 3061 inell‘abilis
1069 3008 1306 3063 reversio
1343 3028 1390 3062 ι.
1416 3039 1489 3050 -
1528 3008 1698 3062 Item:
1751 3027 1769 3058 ι
1799 3009 1913 3063 Non
1941 3009 2084 3063 enim

506 3109 635 3149 vera
666 3095 802 3151 ratio
826 3095 957 3149 sinit
984 3096 1261 3164 superiora
1294 3096 1639 3152 inferioribus
1684 3098 1767 3152 vel
1790 3098 2076 3163 contineri,

2180 1897 2497 1962 videretur,
2556 1912 2697 1965 quae
2766 1896 2909 1950 nulla
2978 1896 3093 1967 lege
3162 1895 3566 1966 constringitur.
3623 1893 3754 1947 Nam

2182 1997 2236 2041 ει
2291 2003 2449 2056 saepe
2487 1998 2674 2042 contra
2730 1997 3045 2043 consuetum
3092 1996 3314 2044 naturae
3354 2001 3570 2041 cursum
3621 1985 3757 2040 mul-

2184 2086 2233 2131 ta
2269 2078 2440 2131 solent
2486 2078 2630 2141 fieri,
2692 2087 2747 2132 ut
2797 2078 2951 2133 nobis
3003 2078 3340 2144 ostendatur,
3376 2076 3519 2146 quod
3574 2075 3751 2129 divina
3796 2134 3801 2139 ,

2182 2169 2515 2237 providentia
2564 2184 2669 2223 non
2722 2185 2851 2233 uno,
2903 2168 2998 2222 sed
3056 2168 3335 2237 multiplici
3393 2167 3548 2221 modo
3592 2174 3751 2234 atque

2185 2261 2393 2314 infinito
2418 2270 2590 2329 potest
2617 2261 2796 2316 omnia
2848 2259 3225 2315 administrare
3252 2277 3297 2313 ι.
3335 2254 3415 2313 Cf.
3445 2255 3537 2310 lib.
3568 2254 3652 2318 lll,
3691 2270 3745 2325 p.

2182 2351 2286 2405 229
2309 2352 2413 2420 (Ill,
2455 2351 2557 2423 l6).

2256 2442 2309 2495 5.
2341 2441 2621 2497 Notionem
2652 2442 2879 2498 elassice
2928 2441 3285 2510 dogmatieam
3317 2437 3564 2494 Ternarii
3588 2436 3756 2493 sancti

2187 2548 2291 2585 non
2323 2534 2591 2602 potuisset
2619 2533 2869 2589 omnibus
2894 2533 3028 2588 locis
3059 2533 3294 2588 retinere
3315 2542 3568 2599 recteque
3588 2530 3757 2598 expli-

2185 2638 2330 2680 care.
2362 2624 2556 2681 Verum
2585 2635 2644 2679 ut
2673 2628 2816 2681 hanc
2837 2641 2950 2680 rem
2982 2624 3196 2679 uberius
3218 2638 3565 2694 exponamus,
3594 2622 3755 2676 simul

2186 2716 2519 2786 accingimur
2545 2714 2609 2771 ad
2644 2716 2887 2781 tertiam,
2914 2729 3073 2785 quam
3105 2728 3261 2783 supra
3305 2711 3632 2779 notavimus,
3658 2711 3756 2767 ob-

2179 2803 2469 2875 jectionem
2504 2802 2863 2858 refutandam.

2234 2880 2335 2950 'Ad
2368 2895 2450 2949 Ill.
2482 2894 2623 2950 Sane
2652 2895 2883 2965 Erigena
2926 2906 3166 2952 sanctam
3195 2895 3512 2952 Trinitatem
3544 2897 3598 2950 in
3629 2911 3755 2966 spe-

2186 2985 2473 3042 culativam
2522 2985 2842 3055 theologiam
2874 2986 3169 3042 introduxit
3205 2995 3261 3040 et
3307 2986 3530 3041 eandem
3563 3001 3756 3040 secun-

2186 3077 2312 3131 dum
2342 3075 2641 3148 symbolum
2668 3075 3116 3143 Athanasianum,
3144 3084 3198 3130 et
3230 3077 3503 3131 notionem
3546 3074 3613 3128 ab
3641 3074 3758 3128 uni-

508 3186 593 3241 vel
623 3185 848 3251 attrahi,
876 3186 959 3239 vel
983 3187 1246 3241 consumi.
1277 3187 1536 3242 lnferiora
1563 3203 1692 3243 vero
1728 3205 1758 3242 a
1790 3190 2081 3258 superiori-
2181 3181 2336 3259 an'sa
2397 3164 2639 3259 chlcsla
2693 3174 3131 3259 receptamupcr
3174 3164 3525 3259 sextuplicem
3570 3162 3754 3259 analo-

512 3278 614 3332 bus
667 3276 990 3330 naturaliter
1022 3279 1366 3331 attrahuntur
1414 3287 1468 3333 et
1510 3279 1887 3345 absorbentur,
1939 3296 2080 3346 non,

512 3376 574 3421 ut
615 3382 723 3422 non
769 3369 899 3435 sint,
951 3370 1046 3424 sed
1090 3378 1148 3424 ut
1192 3371 1245 3425 in
1282 3371 1361 3425 eis
1382 3371 1503 3440 plus
1539 3371 1814 3428 salventur
1857 3383 1913 3428 et
1956 3376 2083 3430 sub-

510 3460 704 3514 sistant
728 3467 785 3514 et
805 3476 971 3516 unum
999 3460 1111 3516 sint
1136 3478 1181 3515 ι.
1219 3462 1371 3525 Item,
1401 3470 1461 3515 ut
1482 3460 1575 3515 lib.
1605 3460 1647 3515 V
1668 3464 1832 3516 etiam
1860 3476 2041 3519 monet
2065 3483 2079 3519 :
2108 3520 2113 3525 ,

518 3569 537 3600 ι
573 3548 693 3604 Νοη
727 3556 930 3617 autem,
979 3558 1039 3603 ut
1088 3564 1249 3620 saepe
1297 3551 1549 3614 diximus,
1580 3553 1937 3629 essentiarum
1990 3563 2085 3608 aut

512 3640 935 3699 substantiarum
984 3640 1298 3697 confusione
1344 3651 1439 3697 aut
1492 3641 1710 3698 interitu
1763 3663 1809 3697 ι.
1843 3643 2084 3714 Denique

510 3730 673 3790 etiam
697 3748 752 3802 p.
778 3731 884 3788 559
908 3731 992 3804 (γ,
1017 3732 1132 3804 37).

581 3844 809 3917 Gregor.
849 3844 1121 3918 Nyssenus
1146 3846 1276 3903 ibid.
1310 3863 1325 3903 :

532 3970 543 3979 ο
590 3974 610 4008 ‹
648 3955 880 4012 Omnino
909 3967 1150 4027 tempore
1176 3957 1611 4024 resurrectionis,
1635 3960 1928 4015 secundum
1947 3961 2087 4017 bene

516 4042 753 4100 futuram
781 4046 1189 4103 conversionem
1220 4047 1273 4101 in
1323 4045 1524 4116 Spiritu
1562 4058 1765 4116 sancto,
1817 4065 1914 4120 per
1964 4067 2087 4121 gra-

516 4137 647 4191 tiam
677 4138 943 4194 incarnati
970 4138 1091 4205 Dei,
1118 4138 1493 4195 absorbebitur
1534 4156 1663 4197 caro
1706 4142 1774 4199 ab
1823 4143 2000 4198 anima
2030 4143 2085 4197 in

512 4228 727 4298 spiritu,
756 4231 934 4286 anima
957 4245 1087 4287 vero
1115 4231 1171 4286 in
1192 4232 1304 4287 Deo
1328 4231 1401 4304 (ὁ)
1439 4251 1486 4288 ι.
1654 4282 1661 4289 .

531 4371 539 4377 ,
590 4317 748 4392 (Pag.
768 4320 937 4394 XXII)
950 4323 1189 4393 Denique
1201 4323 1245 4378 si
1259 4322 1489 4394 Erigena
1505 4324 1898 4394 pantheismum
1915 4334 2088 4382 secta-

513 4417 683 4476 retur,
713 4412 907 4468 docere
926 4429 1032 4469 non
1063 4422 1265 4483 posset,
1302 4427 1442 4482 quae
1470 4413 1626 4468 docet
1652 4431 1665 4466 :

530 4518 537 4591 ξ
586 4525 639 4578 1.
670 4523 840 4578 Deum
888 4539 1008 4579 esse
1061 4537 1280 4577 causam
1326 4522 1563 4577 omnium
1611 4539 1773 4593 super
1819 4504 2165 4581 essentia-D

515 4619 623 4671 km
651 4612 745 4682 (ε),
775 4628 877 4668 nec
917 4606 1242 4683 categoriam
1281 4615 1550 4671 essentiae
1600 4617 1712 4671 sive
1758 4617 1953 4682 οὐσίας,
1981 4633 2082 4674 nec

513 4713 722 4762 ceteras
802 4718 994 4760 novem
1068 4706 1371 4776 categorias
1436 4707 1492 4761 in
1567 4706 1735 4763 Deum
1798 4723 1956 4779 posse
1999 4725 2088 4766 ca.

514 4799 642 4856 dere
669 4798 767 4871 (ά).

534 5018 539 5022 ι
795 4943 897 5069 Ιὲιέὶ
913 4943 998 5069 1111,
1023 4960 1079 5017 p.
1105 4944 1212 5001 243
1236 4945 1341 5020 (Ill,
1364 4947 1477 5021 20).
1510 4967 1530 5003 ι
1558 4948 1761 5006 Deinde
1807 4965 1939 5021 per»
1968 4961 2078 5009 cet.

679 5016 1055 5160 ιῗιῗξίιιῗέ
1092 5085 1259 5143 Nemo
1294 5094 1474 5145 tamen
1504 5098 1587 5144 est
1625 5089 1711 5160 pie
1746 5052 2087 5150 credentium,

511 5157 881 5245 et'veritatem.
897 5157 1327 5245 intelligentiam,
1352 5160 1440 5229 qui
1472 5175 1580 5216 non
1600 5157 1854 5245 continuo
1876 5160 2101 5245 absque

511 5227 619 5281 ulla
647 5228 989 5283 cunctatione
1016 5226 1302 5293 exclamet,
1332 5226 1549 5284 causam
1601 5230 1765 5289 totius
1812 5226 2077 5288 universi—

514 5297 641 5372 tatis
669 5297 1004 5364 creatrieem,
1034 5300 1493 5372 supernaturalem
1517 5315 1640 5372 esse
1662 5311 1715 5355 et
1732 5318 2077 5372 superessen-

514 5366 694 5420 tialem
717 5377 772 5422 et
795 5384 955 5438 supra
986 5383 1201 5439 omnem
1233 5370 1416 5434 vitam,
1447 5379 1500 5423 et
1533 5366 1850 5439 sapientiam
1871 5383 1928 5426 et
1968 5374 2077 5427 vir-

514 5442 788 5507 tutem,_et
812 5437 972 5507 supra
1002 5437 1203 5501 omnia,
1232 5454 1369 5507 quae
1396 5437 1668 5502 dicuntur,
1711 5441 2080 5507 intelliguntur

456 5545 461 5553 .
515 5513 570 5556 et
588 5504 743 5584 omni.
760 5504 918 5559 sensu
942 5504 1327 5584 percipiuntur,
1360 5509 1485 5584 dum
1513 5511 1583 5584 sit
1611 5510 1800 5584 horum
1841 5504 2079 5584 omnium

518 5574 839 5654 principium
870 5574 1107 5640 causale,
1158 5585 1214 5633 et
1261 5578 1494 5632 medium
1546 5579 1771 5649 implens
1799 5581 2084 5654 essentiale

517 5652 572 5695 et
596 5650 721 5720 linis
753 5655 1132 5720 consummatis
1178 5663 1498 5720 omnemque
1538 5659 1737 5703 motum
1784 5650 2085 5706 stabilitans

428 5775 432 5778 ξ
518 5710 867 5783 quietumque
887 5710 1111 5779 faciens,
1133 5725 1190 5770 et
1224 5710 1457 5773 ambitus
1478 5719 1656 5773 omnia
1684 5735 1821 5788 quae
1861 5728 1985 5774 sunt
2031 5731 2087 5774 et

2182 3257 2324 3327 giam
2355 3256 2662 3325 explicavit.
2688 3257 2833 3325 Quas
2859 3256 3235 3311 similitudines
3255 3256 3568 3326 plerumque
3584 3253 3754 3324 ipsius

2184 3348 2449 3417 dogmatis
2469 3346 2646 3400 verbis
2661 3347 2905 3416 proponit
2920 3358 2971 3400 et
2984 3347 3389 3415 interpretatur,
3404 3347 3587 3398 eadem
3606 3342 3757 3395 ratiu-

2183 3453 2270 3502 ne,
2287 3453 2390 3506 qua
2407 3435 2462 3489 S.
2479 3436 2939 3503 Bonaventura,S.
2956 3436 3298 3491 Bernhardus
3316 3433 3687 3507 (Pag.XXlll),
3702 3442 3755 3487 et

2179 3525 2289 3595 jam
2316 3535 2439 3580 ante
2474 3542 2567 3581 eos
2586 3534 2639 3581 et
2660 3525 2964 3595 Erigenam,
2983 3525 3040 3579 S.
3065 3525 3395 3595 Augustinus
3432 3523 3753 3594 analogiam,

2104 3628 2109 3633 ·
2185 3626 2416 3671 sumtam
2447 3618 2511 3671 de
2539 3616 2816 3679 memoria,
2851 3616 3120 3670 intellectu
3154 3624 3209 3671 et
3234 3614 3511 3669 voluntate
3551 3613 3757 3668 animae

2184 3709 2469 3774 humanae,
2484 3724 2621 3779 quae
2651 3710 2702 3762 in
2723 3725 2781 3764 se
2804 3724 2907 3764 una
2929 3716 3009 3763 est
3032 3718 3191 3779 atque
3219 3708 3441 3780 simplex
3469 3715 3598 3773 cet.,
3622 3722 3756 3762 eun-

2185 3798 2306 3853 dem
2334 3797 2386 3851 in
2421 3799 2580 3852 tinem
2606 3797 2988 3852 adhibuerunt.
3019 3797 3247 3867 Erigena
3273 3797 3489 3867 quidem
3520 3813 3536 3849 :

2258 3887 2307 3940 1.
2334 3886 2749 3943 Similitudiuem
2768 3887 3000 3943 alfertdc
3028 3887 3298 3942 communi
3326 3888 3564 3943 omnium
3578 3901 3758 3942 rerum
3784 3946 3791 3953 ,

2104 4028 2107 4031 ,
2186 3986 2492 4032 creatarum
2516 3986 2706 4031 natura
2735 3987 2984 4039 sumtam,
3011 3993 3107 4033 eae
3130 3979 3243 4032 sive
3264 3976 3609 4033 rationabiles
3629 3977 3754 4040 sint,

2186 4067 2301 4122 sive
2323 4067 2741 4123 irrationabiles.
2776 4069 2977 4124 Omnes
3016 4068 3158 4121 enim
3195 4067 3248 4120 in
3283 4067 3383 4123 hoc
3408 4065 3749 4128 conveniunt,

2187 4157 2329 4227 quod
2383 4158 2437 4211 in
2485 4156 2564 4212 eis
2616 4157 2751 4211 haec
2803 4172 2967 4211 unum
3020 4164 3145 4211 sunt
3192 4175 3205 4210 :
3253 4155 3519 4219 Essentia,
3569 4152 3754 4207 Virtus

2186 4258 2243 4304 et
2290 4249 2573 4320 Operatio,
2630 4249 2846 4321 (οὐσία,
2907 4247 3152 4321 δύναμις,
3206 4248 3473 4327 ἐνέργεια),
3523 4260 3753 4316 quorum

2186 4341 2418 4410 primum
2473 4342 2677 4409 absque
2735 4340 3104 4395 intercedente
3157 4346 3397 4409 tempore
3464 4336 3757 4393 secundum

2190 4442 2462 4502 tamquam
2489 4433 2691 4504 gignit;
2745 4434 2961 4487 tertium
3003 4447 3132 4488 vero
3157 4447 3221 4487 ex
3264 4431 3460 4501 primo,
3489 4428 3760 4484 mediante

2191 4526 2443 4591 secundo,
2471 4525 2714 4595 procedit
2741 4532 3020 4595 totumque
3046 4522 3355 4579 manifestat
3381 4518 3472 4591 (Ῑ).

2259 4621 2316 4674 2.
2344 4618 2545 4684 Altera,
2578 4633 2715 4688 quae
2742 4618 2909 4697 etiam
2951 4619 3088 4689 apud
3116 4615 3395 4673 nonnullos
3421 4622 3605 4684 patres
3632 4620 3761 4667 ante

2192 4700 2485 4780 Erigenam'
2520 4709 2818 4777 reperitur,
2877 4707 3123 4780 analogia
3171 4714 3258 4763 est
3306 4722 3322 4760 :
3370 4704 3538 4769 Esse,
3582 4703 3758 4768 velle,

2192 4799 2360 4865 scire;
2432 4813 2571 4868 quae
2649 4801 2718 4854 ab
2771 4799 3003 4869 Erigena
3055 4798 3123 4855 ad
3171 4798 3410 4870 priorem
3451 4794 3758 4859 reducitur;

2191 4969 2329 5025 quae
2350 4969 2457 5008 non
2487 4962 2613 5009 sunt
2634 4954 3087 5025 circumscribens
3118 4973 3165 5009 ι.

2256 5027 2333 5096 (d)
2364 5025 2485 5080 νεα.
2513 5025 2605 5079 lib.
2630 5024 2726 5081 let
2749 5025 2840 5082 lib.
2868 5025 2933 5080 ll.
2967 5045 2987 5078 «
3014 5025 3129 5081 Non
3156 5024 3301 5081 enim
3327 5024 3473 5081 Deus
3492 5036 3662 5095 genus
3678 5028 3757 5077 est

2184 5106 2464 5150 creaturae
2497 5115 2515 5146 ι
2542 5104 2650 5149 cet.

2217 5244 2226 5248 _
2254 5165 2323 5236 (ε)
2342 5164 2546 5248 991λί9.
2568 5166 2711 5248 Υιρ.
2740 5165 2835 5248 521
2867 5164 2939 5237 (v,
2958 5165 3072 5248 ξι).
3095 5184 3114 5217 ‹
3148 5163 3374 5248 Videtur
3399 5163 3545 5248 enim
3575 5182 3595 5215 ι
3628 5169 3757 5248 cet.,

2178 5232 2308 5316 et
2339 5233 2442 5289 516
2464 5232 2551 5304 (γ,
2577 5232 2691 5298 3|).
2724 5255 2742 5286 ς
2774 5232 3076 5301 Quamvis»
3125 5245 3304 5291 cet....
3333 5255 3352 5287 ‹
3380 5240 3571 5316 quarta
3610 5252 3627 5283 ι
3652 5242 3758 5313 cet.
3788 5270 3795 5275 .

2180 5314 2234 5360 et
2265 5305 2357 5359 lib.
2400 5304 2487 5369 IV,
2517 5320 2569 5374 p.
2622 5306 2727 5387 370
2755 5303 2866 5375 (IV,
2897 5305 3009 5387 14).
3049 5324 3069 5357 ι
3305 5309 3760 5387 enimvpraesci‘t,

2179 5390 2407 5513 qqgrzi‘iln
2428 5370 2543 5512 Erga
2575 5385 2658 5430 est
2685 5370 2847 5431 causa
2876 5396 2896 5429 ι
2930 5370 3061 5444 cet.,
3109 5385 3164 5430 et
3192 5376 3285 5431 lib.
3305 5375 3373 5441 V,
3395 5388 3450 5443 p.
3478 5370 3604 5437 535,
3633 5370 3761 5437 540,

2182 5468 2213 5500 ι)
2342 5474 2347 5483 ·
2389 5484 2404 5504 ν
2524 5482 2537 5495 ο

2182 5468 2285 5500 δίη
2316 5468 2372 5513 μ
2389 5484 2404 5504 ,
2428 5468 2537 5512 au}-

2255 5514 2320 5586 (Ῑ)
2346 5514 2426 5569 Cf.
2462 5513 2554 5597 lib.
2577 5514 2616 5568 1.
2650 5517 2867 5597 culleum
2883 5531 3069 5597 ergo;
3089 5524 3309 5597 setmet
3335 5513 3526 5597 ibiibi
3544 5512 3759 5597 Absque

2183 5580 2314 5709 vero
2336 5583 2565 5640 essentia
2605 5603 2651 5650 ι,
2675 5586 2765 5642 lib.
2794 5586 2857 5653 11,
2884 5580 3071 5657 ι).”126
3094 5586 3176 5658 (ll,
3206 5584 3320 5656 25).
3356 5602 3376 5636 ι
3402 5582 3530 5639 Nibi
3579 5580 3715 5636 mihi
3735 5596 3758 5633 ι

2187 5671 2248 5713 CC
2280 5693 2294 5709 ο
