4178 6266
578 313 681 373 ηδ

1304 306 1365 363 c.
1405 307 1467 362 Β.
1509 302 1944 391 δςιιιυετιςιιι
1980 296 2352 361 purum
2386 297 2454 354 IN
2491 298 2623 355 LIB.
2661 298 2752 354 DE
2782 295 2923 357 ριν.
2963 296 3122 352 ΜΤ.

3734 303 3845 361 HJ

574 429 722 485 bono
759 424 1037 491 antithetis
1066 423 1345 489 rhetorum
1386 427 1692 497 comparet,
1738 418 1934 489 quibus
1979 431 2159 472 sermo
2188 419 2235 479 Α
2262 415 2473 470 visuros
2519 430 2678 480 esse;
2713 412 2935 483 gloriam
2973 426 3105 468 vero
3132 417 3187 465 et
3213 412 3446 484 gratiam
3490 414 3852 477 deificationis

578 518 760 575 acrius
779 517 1048 571 excitatur
1073 532 1088 585 ;
1118 528 1284 584 quum
1313 499 1751 575 animadvertat,
1762 524 1855 578 per
1880 508 2022 583 ipsos
2044 522 2160 560 ma-

580 611 664 669 los
688 610 934 668 veritatis
960 616 1016 662 et
1046 606 1264 661 virtutis
1289 603 1643 658 sectatoribus
1670 600 1954 654 victoriam
1982 596 2162 667 parari

585 703 844 773 majorem
876 701 995 773 (a);
1030 714 1196 770 quum
1245 695 1476 764 denique
1510 692 1840 748 assentiente
1864 686 2165 743 Leibnitzio

584 795 651 853 de
679 807 875 863 magpa
903 787 1227 858 mali,quod
1256 792 1504 850 vocatur,
1537 791 1713 853 parte,
1741 795 1847 836 non
1875 780 2031 834 aliter
2062 786 2167 834 tra-

580 892 713 949 ctet,
748 882 850 947 nisi
874 890 934 936 ut
963 881 1028 934 de
1056 879 1233 947 minus
1272 877 1415 933 bono
1448 883 1504 929 et
1545 872 1806 942 perfecto,
1843 871 1930 925 cui
1958 877 2166 924 tantum

585 973 757 1043 major
785 969 926 1041 desit
961 965 1328 1039 realitas._Vi;
1373 962 1518 1018 aliud
1552 962 1803 1031 Erigena,
1835 958 2001 1015 Deum
2029 954 2168 1011 aflir-

580 1076 738 1119 mans
763 1060 962 1131 nullam
993 1066 1263 1121 naturam,
1290 1053 1373 1108 vel
1397 1051 1474 1106 nil
1498 1051 1551 1104 in
1584 1050 1690 1104 ulla
1723 1057 1995 1111 creatura,
2025 1044 2169 1115 quod

580 1154 697 1223 ipse
728 1149 941 1223 fecerit,
966 1149 1179 1223 punire,
1207 1145 1303 1203 sed
1341 1145 1484 1223 istud
1513 1152 1720 1198 tantum
1751 1140 1884 1195 nihil
1907 1148 1961 1194 et
1987 1139 2171 1193 incau-

580 1230 723 1313 sale,
746 1242 890 1312 quod
918 1254 1029 1305 non
1060 1236 1270 1303 fcccrit,
1301 1234 1549 1305 quamvis
1575 1231 1964 1303 praescivcrit;
2007 1230 2170 1283 immo

583 1334 711 1397 hoc,
743 1331 945 1401 malum
973 1328 1215 1399 scilicet,
1257 1324 1554 1399 secundum
1590 1332 1848 1391 aeternas
1890 1329 2172 1375 creaturae

586 1421 841 1481 rationali
867 1437 896 1493 ᾳ
927 1420 1038 1479 Deo
1067 1418 1269 1487 inditas
1294 1417 1440 1495 leges
1467 1432 1524 1470 se
1565 1415 1736 1483 ipsum
1767 1411 1946 1484 potius
1970 1426 2065 1480 per
2095 1410 2172 1463 ir—

588 1515 911 1583 rationalem
931 1510 1352 1585 ejitmaturalein
1371 1507 1660 1569 voluntatis
1675 1502 1832 1577 (Pag.
1849 1501 2039 1571 XXVI)
2056 1518 2173 1572 per-

586 1622 778 1665 versae
823 1615 1029 1662 motum
1078 1604 1302 1675 punire,
1349 1617 1512 1673 quum
1560 1614 1729 1671 usque
1781 1598 2090 1663 frustretur,
2119 1604 2175 1651 et

589 1706 770 1752 tamen
814 1712 846 1750 a
893 1694 1031 1749 mala
1083 1693 1359 1753 voluntate
1407 1707 1512 1744 non
1555 1700 1728 1744 cesset
1774 1688 1868 1760 (b).
1918 1686 2169 1741 Ceterum

2266 508 2559 563 electorum
2585 506 2877 577 justorum,
2905 519 3202 575 eorumque
3230 506 3625 563 beatitudinem
3665 526 3850 579 repro-

2264 596 2364 652 bos
2386 596 2439 649 in
2468 604 2748 651 aeternum
2783 610 2887 648 non
2916 594 3350 664 participaturos.
3383 595 3524 662 Quin
3546 599 3708 653 etiam
3731 601 3849 657 aliis

2266 687 2399 742 locis
2423 686 2678 752 ailirmat,
2706 700 2799 741 eos
2823 694 2941 756 post
2973 696 3204 740 mortem
3229 686 3384 749 vanis
3417 702 3620 752 rerum,
3654 692 3852 760 quibus

2267 779 2432 832 etiam
2466 778 2519 831 in
2552 778 2655 831 hac
2686 777 2796 831 vita
2827 776 3065 847 inquiete
3099 786 3152 831 et
3181 776 3556 834 insatiabiliter
3581 781 3853 840 inhiantes

2268 870 2790 940 circumagebantur,
2811 866 2968 938 (Pag.
2992 866 3200 940 XXVII)
3217 868 3514 938 pliantasiis
3533 880 3587 924 et
3611 876 3853 942 appetitu

2274 960 2529 1015 tantalico
2576 960 2753 1031 puniri
2789 958 2875 1032 (f).
2909 959 3249 1014 Postremum
3303 958 3723 1027 animadvertas,
3762 981 3853 1021 se-

2271 1051 2391 1106 culo
2422 1067 2563 1106 nono
2596 1050 2957 1106 Christianam
2994 1051 3315 1117 doctrinam,
3349 1068 3485 1123 quae
3519 1054 3584 1108 de
3625 1055 3853 1111 damna-

2271 1151 2447 1198 torum
2476 1153 2558 1200 est
2585 1143 2879 1215 suppliciis,
2911 1144 3146 1199 nondum
3177 1152 3286 1199 tam
3308 1154 3559 1202 accurato
3580 1147 3852 1206 Ecclesiae

2272 1237 2522 1307 dogmate
2546 1237 2821 1292 definitam
2847 1245 2902 1291 et
2922 1234 3191 1292 firmatam
3216 1236 3402 1303 fuisse,
3418 1254 3579 1309 quam
3603 1241 3852 1313 deinceps

2274 1328 2455 1382 seculo
2498 1344 2595 1382 χιιι
2644 1343 2739 1397 per
2767 1327 3055 1382 concilium
3092 1327 3460 1386 Laterauense
3496 1344 3746 1401 quartum
3773 1331 3830 1388 fa

2275 1427 2420 1474 ctum
2449 1431 2551 1474 cSt.
2595 1418 2748 1486 Quod
2782 1434 2845 1474 ex
2876 1419 3043 1488 ipsius
3067 1419 3329 1491 Erigenae
3351 1420 3532 1483 verbis
3560 1421 3855 1482 clarissime

2275 1518 2422 1580 patet
2461 1511 2555 1581 (g).
2590 1509 2757 1563 lmmo
2797 1519 3014 1578 praeter
3042 1509 3324 1579 Origencm
3357 1511 3521 1565 etiam
3568 1512 3856 1585 Gregorius

2275 1601 2568 1671 Nysscnus,
2603 1600 2894 1672 Gregorius
2920 1600 3322 1669 Nazianzenus,
3366 1602 3629 1672 Basilius,
3667 1616 3721 1662 et
3745 1610 3858 1678 ipse

2276 1692 2595 1747 Ambrosius
2616 1702 2669 1748 et
2693 1693 3050 1769 Hieronymus
3071 1696 3269 1773 passim
3296 1697 3656 1754 11nivcrs:dcm
3680 1716 3856 1756 rerum

591 1789 822 1858 Erigena
846 1794 902 1841 et
939 1786 1004 1840 de
1041 1782 1323 1869 superbia,
1356 1799 1514 1851 quam
1548 1790 1711 1851 caput
1734 1780 1913 1834 omnis
1939 1780 2173 1834 malitiae
2206 1773 2250 1847 Β
2278 1787 2673 1855 apocatastasin
2701 1778 3020 1853 docuerunt,
3051 1789 3211 1859 simul
3238 1805 3360 1855 eum
3390 1806 3453 1845 ea
3481 1791 3642 1848 finem
3667 1795 3862 1866 suppli-

587 1888 766 1944 vocat,
817 1888 875 1933 et
921 1887 1238 1948 praesertim
1289 1876 1340 1929 in
1388 1875 1637 1941 Lucifero
1670 1875 1987 1937 detestatur,
2020 1881 2073 1927 et
2113 1873 2176 1927 de

586 1950 720 2024 falso
743 1948 1136 2036 libidinoseque
1159 1965 1450 2019 voluntatis
1476 1973 1621 2017 motu
1649 1973 1809 2033 atque
1831 1961 2064 2016 carnalis
2093 1976 2179 2015 co-

585 2059 741 2127 pulae
773 2056 1033 2125 appetitu,
1055 2054 1145 2125 qui
1169 2054 1221 2106 in
1244 2051 1452 2106 Adamo
1479 2052 1597 2117 fuit,
1622 2060 1676 2107 et
1702 2051 1767 2106 de
1784 2051 2178 2119 concupiscen-

588 2149 658 2205 tia
683 2146 947 2217 serpentis
973 2147 1143 2215 instar
1174 2136 1437 2215 Evanuid
1473 2154 1574 2210 est,
1615 2160 1832 2211 sensum
1874 2142 2175 2215 (αἴσθησιν),

584 2240 792 2315 et‘dein
824 2255 921 2309 per
950 2240 1087 2293 hanc
1113 2239 1277 2307 etiam
1318 2238 1607 2305 Adanium,
1630 2236 1683 2291 id
1709 2245 1810 2299 est,
1848 2236 2176 2291 intellectum

586 2331 747 2403 (νοῦν)
797 2331 1062 2385 allicicule
1100 2340 1156 2385 et
1198 2329 1489 2397 seduccnte
1522 2330 1592 2400 (ε)
1614 2370 1627 2395 ,
1660 2329 1930 2383 uberrime
1960 2337 2173 2382 tractat.

587 2423 911 2494 Superbiam
950 2431 1005 2476 et
1033 2422 1307 2489 libidinem
1340 2420 1629 2475 maximam
1668 2420 1952 2475 stultitiam
1984 2428 2171 2483 vocat,

586 2529 761 2585 neque
792 2512 983 2577 verba,
1014 2513 1209 2581 quibus
1240 2511 1398 2581 primi
1430 2520 1680 2583 parentes
1710 2519 1833 2580 post
1873 2521 2172 2582 transgres-

588 2605 797 2660 sionem
828 2602 1070 2659 mandati
1114 2594 1279 2657 divini
1315 2615 1437 2656 sese
1473 2616 1653 2656 coram
1690 2600 1872 2668 judice
1917 2613 2178 2654 excusare

585 2696 819 2771 student,
857 2694 963 2765 ullo
990 2693 1149 2748 modo
1177 2694 1390 2763 prohat.
1439 2690 1515 2747 Ex
1560 2691 1807 2763 originali
1843 2700 2022 2746 autem
2050 2707 2179 2763 pec-

585 2797 708 2861 cato
733 2803 838 2851 non
873 2786 1045 2861 solum
1070 2783 1392 2857 profundam
1424 2784 1633 2857 derivat
1662 2800 1841 2838 rerum
1870 2778 2176 2861 divinarum

584 2860 942 2953 ignorantiam
966 2860 1022 2931 et
1044 2860 1240 2931 malam
1274 2877 1471 2931 mentis
1497 2872 2008 2945 concupiscentiam,
2036 2860 2180 2930 mor-

587 2966 712 3033 tem,
761 2978 813 3033 et
844 2976 1023 3037 cetera
1066 2966 1207 3020 mala
1232 3007 1246 3031 ,
1301 2979 1489 3020 verum
1529 2965 1689 3018 etiam
1722 2981 1917 3037 corpus
1946 2964 2179 3021 hominis

586 3038 886 3119 inateriale,
920 3056 1063 3126 quod
1094 3053 1195 3109 sub
1222 3054 1419 3108 tunicis
1446 3053 1705 3123 pelliceis,
1742 3069 1878 3124 quas
1908 3054 2048 3109 Deus
2071 3053 2180 3124 pri-

589 3150 690 3204 mis
718 3147 1035 3219 parentibus
1063 3144 1210 3209 fecit,
1244 3144 1395 3199 innui
1428 3152 1613 3213 putat;
1639 3146 1803 3199 immo
1823 3153 1877 3198 ct
1903 3146 2177 3200 sexualem

588 3239 817 3313 masculi
846 3248 898 3292 et
926 3236 1157 3290 feminae
1185 3233 1544 3289 differentiam
1571 3244 1626 3289 et
1646 3234 1985 3299 divisionem,
2018 3235 2179 3289 simul

590 3322 711 3405 cum
745 3333 958 3402 generis
984 3330 1204 3387 humani
1234 3331 1634 3403 propagatione,
1668 3329 1725 3384 ut
1753 3347 1897 3386 nunc
1923 3341 2024 3397 est,
2064 3334 2180 3387 ani-

594 3422 747 3493 inali,
779 3436 835 3480 et
863 3425 1082 3479 homine
1111 3424 1349 3495 indigna,
1376 3440 1514 3493 quae
1544 3424 1597 3478 in
1628 3423 1810 3479 futuro
1843 3425 2024 3481 seculo
2064 3441 2179 3480 ces-

593 3518 759 3582 Sabit,
791 3517 1008 3585 quando
1033 3515 1085 3569 in
1111 3514 1404 3587 universali
1435 3530 1613 3568 rerum
1651 3515 1828 3569 reditu
1855 3514 2033 3570 omnis
2062 3530 2177 3570 ma-

592 3608 727 3682 teria
756 3606 919 3661 veluti
949 3604 1165 3660 foenum
1200 3605 1253 3673 in
1282 3604 1497 3660 ﬂamma
1537 3605 1777 3671 ardebit,
1808 3613 2059 3676 totusque
2086 3606 2177 3661 hic

593 3697 827 3753 mundus
861 3697 1188 3751 destruetur.
1220 3695 1462 3766 Denique
1489 3695 1553 3749 de
1581 3693 1856 3765 suppliciis
1896 3695 2178 3750 damnato-

593 3784 734 3855 rum,
772 3774 1017 3858 quamvis
1044 3789 1185 3859 apud
1214 3787 1499 3857 Erigenam
1529 3787 1726 3857 passim
1759 3786 2179 3856 significationes

591 3877 950 3946 reperiantur,
969 3876 1156 3948 quales
1173 3883 1324 3930 sunt:
1350 3893 1369 3926 ι
1391 3882 1612 3931 aeterna
1629 3875 1909 3943 supplicia,
1925 3884 2180 3931 aeternae

591 3956 820 4042 poenae,
846 3978 1066 4024 aeterna
1094 3968 1400 4037 damnatio,
1440 3967 1888 4037 inexstinguibilis
1923 3966 2135 4022 ﬂamma
2160 4007 2177 4035 ,

591 4060 943 4117 irrevocabile
981 4060 1243 4130 judicium
1287 4059 1379 4113 Dei
1422 4058 1503 4131 (ά)
1538 4079 1586 4125 ι,
1630 4069 1686 4113 et
1728 4074 1868 4128 quae
1901 4058 2017 4129 ejus
2056 4065 2180 4112 sunt

590 4152 825 4223 generis,
847 4160 1026 4205 tamen
1059 4150 1242 4205 multis
1273 4149 1393 4203 aliis
1418 4148 1551 4204 locis
1577 4149 1848 4202 sententia
1879 4147 2174 4214 contraria,

592 4256 731 4313 quae
764 4240 972 4297 scilicet
998 4239 1381 4310 suppliciorum
1411 4238 1785 4301 aeternitatem
1814 4237 2073 4303 destruit,
2111 4237 2179 4311 ab

588 4333 775 4390 eodem
802 4333 1026 4403 proponi
1053 4332 1284 4387 videtur.
1317 4330 1460 4385 Dicit
1487 4330 1629 4384 enim
1653 4371 1667 4394 ,
1704 4329 1971 4383 neminem
2011 4344 2041 4381 a
2068 4328 2178 4383 Deo

589 4425 790 4495 privari
823 4422 1297 4477 naturalibus-sive
1322 4419 1625 4485 concreatis
1652 4418 1807 4472 bonis
1828 4418 1925 4488 (e),
1952 4427 2006 4472 et
2030 4419 2176 4491 dam-
2205 4459 2255 4517 Β

591 4523 749 4570 natos
793 4521 1037 4582 tempore
1081 4507 1497 4564 resurrectionis
1528 4516 1582 4561 et
1615 4508 2031 4562 restaurationis
2061 4510 2179 4563 uni-

591 4601 838 4671 versalis,
865 4601 955 4671 ubi
982 4598 1161 4653 omnis
1189 4595 1392 4651 malitia
1424 4604 1634 4665 pereat,
1673 4596 1990 4653 innovatum
2022 4613 2179 4652 mun-

580 4670 719 4745 ‘dum
751 4670 895 4743 nulla
925 4702 1147 4758 prorsus
1175 4686 1386 4751 umbra,
1418 4702 1518 4740 nec
1543 4685 1651 4740 ullo
1681 4686 2022 4755 discrepante
2046 4703 2178 4741 con-

592 4789 750 4838 centu
780 4777 1219 4838 diti‘ormaturos,
1270 4777 1434 4830 immo
1462 4790 1559 4846 per
1590 4776 1971 4845 theophaniam
2007 4791 2182 4846 quan-

592 4872 748 4939 dam,
794 4868 1041 4940 quamvis
1079 4882 1109 4923 a
1151 4866 1361 4933 visione
1404 4865 1653 4945 beatiﬁca
1692 4864 1961 4934 iustorum
2012 4867 2179 4921 multo

2278 1877 2484 1941 ciorum
2517 1877 2873 1941 aeternalium
2903 1886 3228 1934 statuentes.

2348 1966 2637 2037 Postquam
2662 1969 2795 2023 haec
2821 1970 2886 2025 de
2917 1969 3181 2040 Erigeuac
3206 1971 3336 2038 vita,
3366 1972 3541 2028 indole
3568 1985 3623 2030 et
3646 1977 3861 2049 scriptis

2278 2062 2842 2126 commemoravimus,
2874 2062 3140 2131 simulque
3171 2064 3477 2120 testimonia
3502 2068 3567 2122 de
3593 2084 3657 2122 eo
3687 2084 3717 2123 a
3752 2070 3862 2125 cla-

2278 2152 2510 2207 rissimis
2540 2151 2672 2206 viris
2710 2152 2990 2221 praeteriti
3033 2161 3086 2206 et
3134 2154 3307 2223 magis
3355 2155 3515 2210 etiam
3561 2160 3859 2227 praesentis

2279 2242 2536 2312 temporis
2562 2241 2667 2296 lata
2695 2243 3036 2307 adduximus,
3068 2258 3169 2299 nec
3198 2246 3379 2303 minus
3404 2249 3747 2319 gravissimas
3777 2253 3859 2307 in-

2279 2336 2583 2389 cusationes
2603 2343 2789 2389 contra
2817 2335 2934 2403 ejus
2955 2334 3148 2404 placita
3177 2334 3446 2394 factitatas
3468 2342 3856 2410 recensuimus,

2280 2422 2467 2479 lectori
2498 2423 2758 2479 benevolo
2790 2438 2925 2492 opus
2956 2425 3057 2477 hoc
3088 2426 3446 2493 rarissimum,
3474 2430 3617 2498 quod
3652 2446 3750 2500 pro
3779 2432 3861 2487 vi-

2281 2515 2365 2585 rili
2397 2526 2549 2586 parte
2578 2531 2607 2568 a
2640 2516 3039 2588 typograpliicis
3067 2503 3276 2573 mendis
3302 2520 3459 2589 primi
3485 2529 3541 2575 et
3571 2521 3738 2578 solius
3767 2539 3860 2578 co-

2281 2606 2416 2661 dicis
2442 2604 2717 2679 hucusque
2743 2606 2870 2661 editi
2894 2608 2924 2642 ³*
2948 2607 3103 2679 nobis
3129 2623 3256 2662 cura
3281 2607 3380 2662 fuit
3406 2624 3664 2680 purgare,
3694 2614 3865 2669 tradi-

2278 2714 2422 2761 mus,
2452 2699 2789 2767 potissimum
2813 2714 2937 2754 eum
2970 2699 3021 2752 in
3055 2697 3235 2767 finem,
3276 2708 3332 2754 ut
3360 2715 3530 2754 novae
3553 2709 3607 2755 et
3635 2716 3864 2759 accura-

2281 2789 2403 2843 tiori
2438 2789 2767 2857 inquisitioni
2809 2790 2875 2844 de
2905 2791 3113 2846 meritis
3142 2791 3239 2857 viri
3272 2791 3569 2860 praeclari,
3612 2795 3706 2865 qui
3749 2804 3862 2853 tam

2281 2878 2368 2932 diu
2414 2894 2628 2932 rumore
2659 2877 2907 2949 flagravit
2952 2881 3205 2946 sinistro,
3253 2897 3435 2936 ansam
3481 2885 3863 2951 praebeamus.

2281 2965 2538 3022 Conferas
2567 2984 2713 3039 ergo,
2749 2969 3004 3022 benevole
3034 2970 3235 3036 lector,
3263 2979 3496 3041 systema
3537 2972 3601 3027 de
3628 2972 3866 3030 Naturae

2284 3056 2549 3111 divisione
2586 3058 2652 3109 ab
2684 3057 2913 3128 Erigena
2943 3060 3276 3129 propositum
3310 3076 3431 3115 eum
3471 3062 3647 3117 etliica
3679 3061 3865 3132 Spino-

2288 3162 2385 3199 zae
2410 3146 2635 3214 aliisque
2668 3148 3027 3202 recentiorum
3054 3149 3359 3220 systematis
3378 3150 3769 3220 pantheisticis,
3788 3140 3861 3217 et,

2284 3241 2360 3293 uti
2391 3254 2488 3293 nos
2512 3238 2729 3308 quidem
2759 3240 3070 3310 opinamur,
3101 3241 3525 3307 animadvertes,
3557 3243 3733 3312 specie
3754 3250 3865 3296 tan-

2284 3331 2559 3386 tummodo
2612 3347 2772 3386 verae
2822 3341 2877 3386 et
2927 3332 3190 3401 genuinae
3240 3334 3523 3404 cujusdam
3572 3333 3864 3404 sapientiae

2283 3422 2497 3477 divinae
2526 3430 2633 3475 tam
2665 3424 2832 3476 multa
2874 3432 3036 3495 atque
3074 3423 3353 3493 praeclara
3388 3424 3598 3495 ingenia
3629 3426 3868 3494 potuisse

2281 3510 2463 3565 seduci
2490 3528 2504 3575 ;
2545 3511 2687 3580 quod
2717 3527 2851 3567 sane
2878 3512 3100 3568 minime
3138 3512 3338 3569 factum
3366 3514 3587 3580 fuisset,
3618 3516 3722 3570 nisi
3747 3513 3867 3570 Eri-

2281 3615 2451 3671 genae
2482 3600 2822 3672 aliorumque
2862 3610 3157 3673 systemata
3192 3604 3362 3661 multo
3400 3604 3606 3679 majore
3644 3604 3866 3676 profun-

2283 3689 2482 3756 ditate,
2513 3692 2689 3761 copia,
2715 3701 2772 3747 et
2801 3695 2999 3749 mentis
3040 3694 3286 3750 acumine
3309 3697 3571 3768 insignia,
3602 3696 3867 3766 simulque

2281 3780 2591 3836 Christiano
2637 3785 2872 3854 dogmati
2918 3787 3089 3857 magis
3127 3802 3383 3858 congrua,
3414 3794 3635 3859 propter
3666 3797 3865 3858 tempo-

2281 3889 2403 3928 rum
2425 3874 2678 3929 iuvidiam
2708 3885 2816 3929 tam
2839 3876 3040 3932 multos
3068 3876 3371 3948 aequalium
3398 3877 3702 3933 latuissent.
3727 3874 3866 3933 Alio-

2283 3965 2412 4035 quin
2442 3967 2587 4020 enim
2618 3975 2768 4020 certo
2808 3966 3039 4038 Erigena
3078 3968 3279 4040 ingenii
3304 3968 3385 4022 sui
3417 3968 3703 4039 splendore
3735 3969 3865 4023 istos

2282 4057 2502 4114 vicisset
2547 4064 2603 4112 et
2642 4057 3006 4113 obscurasset.
3056 4058 3349 4129 Speramus
3391 4068 3594 4124 tamen,
3629 4059 3763 4126 fore,
3808 4068 3867 4113 ut

2281 4151 2622 4223 philosophia
2647 4153 2817 4206 nostri
2847 4153 2986 4219 aevi,
3012 4154 3332 4223 praesertim
3364 4169 3448 4217 ea,
3475 4168 3609 4223 quae
3630 4152 3865 4206 maxime

2284 4244 2611 4314 speculativa
2639 4253 2742 4308 est,
2773 4252 2826 4297 et
2851 4242 3128 4298 dialectica
3160 4244 3357 4317 virtute
3388 4244 3576 4317 pollet,
3602 4251 3657 4296 et
3692 4258 3861 4312 quae,

2283 4343 2566 4403 postquam
2599 4350 2812 4388 onmem
2841 4335 3074 4402 speciem
3099 4322 3407 4389 sensibilem
3439 4326 3492 4389 et
3526 4350 3709 4388 veram
3753 4333 3864 4388 sin-

2284 4441 2574 4493 ceramque
2624 4425 3098 4495 imaginationem,
3154 4436 3428 4491 naturam,
3477 4426 3759 4501 historiam
3809 4431 3863 4477 et

2284 4515 2476 4584 dogma
2507 4513 2791 4584 positivum
2822 4514 3065 4582 reliquit,
3098 4511 3186 4567 uni
3233 4513 3437 4567 scilicet
3482 4512 3709 4565 rationis
3742 4512 3864 4566 abs-

2286 4616 2491 4662 tractae
2513 4614 2567 4660 et
2588 4607 2869 4678 αὐτονόμου
2894 4607 3096 4663 notioni
3120 4604 3404 4677 universali
3428 4604 3664 4668 addicta,
3679 4605 3864 4658 omnia

2283 4700 2464 4754 facere
2496 4708 2552 4753 et
2578 4699 2908 4769 excogitare,
2950 4699 3087 4753 nihil
3130 4699 3371 4767 accipere
3411 4706 3469 4750 et
3517 4695 3622 4750 fide
3671 4696 3865 4752 intelli-

2285 4804 2431 4860 gere,
2463 4789 2640 4842 omnia
2676 4789 2884 4853 tollere,
2912 4788 3045 4843 nihil
3072 4802 3271 4858 ponere
3298 4787 3473 4858 gestit,
3505 4793 3559 4839 et
3575 4784 3688 4854 jam
3715 4785 3769 4838 in
3797 4796 3863 4840 eo

2286 4889 2387 4946 est,
2430 4889 2489 4935 ut
2532 4880 2584 4935 in
2626 4880 2928 4935 absolutum
2955 4879 3542 4942 incidatniliilismum,
3573 4876 3737 4932 etiam
3766 4890 3865 4948 per

592 4960 1231 5063 diversam,Deum,tunc
1249 4957 1510 5045 omniain
1533 4956 1784 5013 omnibus
1805 4964 2177 5027 apparentem,
2273 4970 2537 5042 Erigenae
2577 4970 2809 5039 placita,
2853 4971 2980 5041 qui,
3024 4968 3234 5025 ηοιίοηί
3275 4966 3571 5023 universali
3606 4965 3869 5027 παίδων

664 5090 740 5163 (α)
767 5089 970 5163 Cillib.
996 5089 1065 5163 Y,
1089 5104 1144 5163 p.
1170 5082 1268 5144 521
1301 5086 1535 5163 (Y,55)._
1561 5088 1814 5163 tVidetur
1845 5089 1990 5163 enim
2015 5107 2033 5140 ι
2066 5097 2173 5163 cet:

591 5156 905 5233 criminantis
926 5156 1407 5233 ipsius—Augustini
1426 5156 1606 5217 verbis
1626 5161 1703 5229 ibi
1722 5159 1895 5229 allatis
1914 5168 1971 5215 et
1994 5175 2049 5230 p.
2072 5156 2177 5233 523

591 5228 1465 5302 (Vi5ﬂtQui1lenimicggk
1718 5228 1737 5302 λέ
1995 5228 2011 5230 -
2088 5228 2091 5237 ,

660 5304 747 5381 (ζιλ
761 5299 1057 5381 ,ηιξ-γ,
1080 5302 1272 5381 ρλδιῆ
1288 5299 1375 5381 ςγ,
1554 5319 1573 5352 ‹
1599 5300 1782 5381 lmpiis
1802 5315 1931 5357 vero
1953 5319 1972 5352 ›
1997 5307 2101 5355 cet.
2125 5308 2179 5356 et

592 5388 645 5443 p.
669 5370 896 5498 'SStcpl,
930 5372 1029 5444 5A)
1058 5370 1587 5453 (Consideravimus
1611 5372 1754 5429 enim
1785 5389 1806 5424 ι
1839 5381 1943 5426 cet.

663 5443 753 5498 (cli
833 5480 848 5496 .
875 5444 980 5498 ωι.
1004 5442 1126 5498 £39.
1153 5449 1267 5498 not.
1295 5457 1324 5497 θ
1345 5450 1403 5496 et
1423 5440 1569 5495 alibi.

663 5443 734 5513 (ε)
750 5440 848 5498 Cf.
875 5444 980 5499 ωι.
1001 5440 1126 5508 139,
1153 5449 1267 5501 not.
1295 5457 1324 5497 θ
1345 5450 1403 5496 et
1423 5440 1569 5495 alibi.

663 5592 694 5627 *
720 5593 915 5649 Tribus
940 5608 1069 5648 sane
1095 5593 1371 5650 codicibus
1398 5591 1631 5648 Thomas
1657 5590 1787 5646 Gale
1818 5590 1870 5644 in
1904 5591 2175 5645 adornan-

598 5664 664 5715 da
688 5662 924 5717 editioue
945 5666 1115 5731 prima
1146 5679 1275 5717 usus
1304 5673 1409 5725 est,
1439 5662 1625 5716 niutilo
1649 5660 1878 5725 Thuani,
1908 5676 2004 5716 suo
2043 5661 2177 5718 inte

600 5746 715 5800 gro,
751 5745 852 5785 nee
889 5747 994 5786 non
1032 5734 1216 5787 codice
1239 5732 1554 5798 Parisiensi,
1576 5733 1627 5787 id
1649 5732 1790 5803 quod
1810 5731 1923 5804 ipse
1953 5740 2178 5787 testatur

2352 5101 2544 5190 (ιλρηςςζ
2556 5100 2753 5190 lim},
2777 5118 2830 5172 ρ.
2854 5100 2979 5169 505,
3010 5100 3123 5158 ibid
3157 5115 3212 5172 p.
3245 5090 3648 5166 510,552,555
3674 5106 3730 5153 et
3760 5097 3864 5154 558

2280 5173 2801 5382 Νξῇἳίὲᾩξρ.
2827 5242 2931 5299 510
2948 5260 2963 5309 ;
2981 5243 3112 5299 ibid.
3123 5258 3189 5369 ὲ».
3205 5241 3312 5309 555
3333 5249 3391 5297 et
3407 5238 3514 5298 554
3539 5236 3729 5311 (v.5i.
3744 5208 3858 5382 ξιᾶ

2354 5316 2371 5382 (
2448 5314 2529 5369 Cf.
2570 5316 2661 5370 lib.
2698 5313 2848 5382 v,p.
2886 5313 3115 5381 505,51
3176 5306 3358 5381 .515,
3396 5311 3502 5367 516
3542 5320 3598 5367 et
3628 5304 3732 5367 517
3836 5346 3858 5376 η

2354 5243 2407 5314 (e.
2445 5243 2527 5300 Cf.
2555 5247 2647 5326 lib.
2670 5243 2801 5313 v.p.
2827 5243 2931 5299 διο
2948 5260 2963 5309 ;
2981 5243 3112 5299 ibid.
3123 5258 3189 5369 ἑ».
3205 5243 3312 5309 555
3333 5249 3391 5297 et
3407 5243 3514 5298 554
3539 5243 3729 5311 (v.51.
3745 5243 3858 5382 ὅθ,

2354 5243 2661 5439 git.
2698 5313 2762 5380 v,
2793 5329 2848 5383 p.
2886 5313 3021 5381 505,
3051 5314 3115 5370 5-1
3176 5306 3358 5381 .515,
3396 5311 3502 5367 511i
3542 5320 3598 5367 et
3628 5304 3732 5367 517
3836 5346 3859 5376 ,

2280 5383 2693 5525 Q9Zg‘ii1'tzbi.2ii°ii.
2717 5453 2782 5522 v,
2808 5471 2861 5527 ι).
2894 5454 3036 5523 ιθος
3238 5451 3342 5511 sos
3373 5450 3462 5526 (v,
3493 5446 3724 5523 27.31),

2280 5601 2695 5728 ἓιῡιεδιίηωηὶἱε,
2726 5618 2870 5676 quae
2899 5602 3297 5675 attulit,'_supra
3317 5600 3562 5661 excusis.
3587 5600 3861 5677 Auinnv,

2364 5688 2442 5727 IT.

2364 5688 2442 5727 IT.
