4178 6266
2349 253 2378 272 κ

375 355 481 414 125
917 345 1166 406 EXPOS.
1208 343 1256 399 J.
1301 341 1498 400 SCOT!
1533 337 1758 396 SUPER
1791 333 1962 388 IIERM

2061 329 2216 408 ill-Afri
2254 330 2668 406 CAELESTEM
2706 330 2763 386 S.
2805 330 3126 388 DIONYSII.
3558 332 3670 404 126

377 474 550 530 cticae
575 469 676 524 arti
703 466 952 538 quamvis
981 463 1173 526 faveat,
1201 470 1380 514 tamen
1409 472 1510 512 nec
1536 454 1842 516 historiam,
1867 465 1968 504 nec
1997 455 2040 510 Α
2075 453 2293 500 acterna
2327 446 2444 499 idea
2475 447 2802 514 expostulat,
2827 462 3098 516 quamque
3129 449 3368 534 uannulli
3397 454 3665 512 recentia-

381 565 506 621 ﬁdei
538 563 750 632 dogma,
797 573 898 613 nec
943 553 1180 626 speciem
1215 550 1480 606 visibilem
1510 547 1734 604 omnino
1767 546 1972 601 deserit
2075 553 2194 592 rum
2229 549 2502 630 tamquam
2527 539 2847 608 prophetico
2875 541 3108 610 quodam
3148 554 3340 596 somno
3367 542 3544 600 denuo
3567 547 3660 602 de-

385 665 442 714 et
473 657 698 722 abnegat
725 651 806 706 vel
835 649 998 720 (Pag.
1023 645 1264 715 XXVIII)
1289 643 1620 708 contemnit,
1651 642 1720 695 ad
1763 641 1968 696 exitum
2072 633 2313 688 siderare
2339 640 2652 702 coeperunt,
2685 639 2794 686 tam
2827 632 2882 686 in
2913 632 3042 696 vita,
3075 647 3240 702 quam
3271 635 3322 688 in
3351 635 3568 706 scriptis
3599 654 3660 696 re

409 721 650 798 aetiorem
679 742 1035 798 perducatur.
1067 738 1224 792 Haud
1259 744 1442 790 tamen
1479 735 1817 798 inficiamur,
1857 731 1968 788 He—
2055 737 2200 784 Νθΐίὶ
2224 722 2530 792 exprimere
2567 721 2862 789 Ροίιιθτίηι·
2895 721 3081 790 Itaque
3111 722 3292 792 magni
3325 723 3484 794 huius
3513 727 3662 798 ξηεθ·

2069 814 2146 869 nii
2173 813 2376 881 eiiigies
2403 821 2634 881 ponatur
2651 812 2811 881 juxta
2855 811 3119 884 imagines
3143 810 3324 866 Dantii
3342 853 3356 878 ,
3387 812 3656 872 Bonaven-

2072 913 2244 968 turae,
2277 902 2328 958 J.
2359 903 2625 968 Boebmii,
2649 917 3052 974 paucorumque
3073 901 3322 970 aliorum,
3345 904 3438 973 qui
3462 903 3656 973 injuria

2069 1001 2384 1062 temporum
2418 991 2689 1062 paulisper
2730 993 3004 1062 oppressi,
3049 1001 3106 1046 et
3151 991 3257 1048 situ
3297 993 3570 1048 obscurati
3603 1003 3660 1050 ct

2067 1099 2208 1152 pene
2233 1084 2426 1154 ignoti,
2455 1097 2600 1138 nunc
2627 1083 2842 1138 tandem
2871 1097 2954 1148 ea,
2985 1097 3091 1152 qua
3121 1081 3304 1146 decet,
3333 1083 3474 1140 inter
3502 1084 3658 1140 Chri-

2067 1176 2276 1232 stianos
2305 1175 2658 1245 philosophos
2687 1185 2744 1230 et
2777 1183 2962 1245 poetas
3002 1190 3134 1245 prae
3173 1177 3368 1234 ceteris
3420 1177 3658 1232 eminen-

2071 1267 2446 1336 tes‘gaudent
2489 1267 2664 1336 gratia
2707 1275 2764 1322 et
2809 1267 3131 1330 reverentia.
3187 1264 3306 1334 iam
3347 1267 3656 1337 quicunque

2067 1358 2248 1413 divina
2276 1367 2331 1412 et
2357 1367 2578 1414 aeterna
2602 1359 2777 1420 adhuc
2800 1359 3108 1428 suspiratis,
3122 1373 3350 1428 eamque
3371 1360 3653 1414 sectamini

2067 1458 2124 1504 et
2149 1452 2345 1508 amatis
2373 1451 2730 1520 sapientiam,
2779 1465 2922 1520 quae
2968 1466 3160 1508 omnes
3205 1465 3332 1506 vere
3379 1451 3654 1522 sapientes

2067 1543 2187 1598 luce
2214 1559 2310 1598 sua
2340 1542 2636 1607 illuminat,
2671 1543 2788 1598 sive
2831 1543 2982 1612 parvi
3009 1544 3140 1609 sint,
3167 1543 3284 1598 sive
3323 1544 3535 1616 magni,
3583 1542 3656 1598 sit

2068 1633 2224 1687 vobis
2248 1633 2352 1688 hoc
2375 1632 2640 1701 Erigenae
2667 1642 3080 1690 monumentum
3099 1623 3404 1703 profundae
3431 1641 3487 1686 et
3509 1633 3655 1702 paci-

2067 1723 2218 1780 ferae
2241 1724 2607 1790 delectationi,
2638 1727 2983 1790 institutioni,
3020 1735 3076 1782 et
3115 1725 3320 1790 validae
3365 1726 3418 1780 in
3462 1713 3654 1780 saneta

385 731 650 800 laetiorem
679 742 1035 812 perducatur.
1067 738 1224 792 Haud
1259 744 1442 790 tamen
1479 735 1817 799 inficiamur,
1857 731 1968 788 He-

385 833 506 905 gclii
532 831 990 902 speculationem,
1026 828 1320 897 praecipue
1343 826 1392 880 si
1419 839 1536 879 eam
1567 839 1690 879 cum
1732 824 1967 894 philoso-

378 925 496 994 pliia
525 923 710 977 critica
745 927 802 974 et
842 935 970 974 cum
1001 917 1301 988 subjectivo
1339 915 1614 970 idealismo
1641 929 1966 984 compares,

375 1017 440 1070 de
483 1013 794 1070 Christiana
837 1009 1184 1080 philosophia
1225 1017 1280 1063 et
1317 1007 1584 1080 theologia
1614 1007 1815 1076 optime
1843 1019 1966 1060 esse

377 1107 652 1168 meritam,
685 1111 854 1170 atque
887 1099 1055 1154 etiam
1081 1099 1344 1169 Erigenae
1383 1097 1602 1166 scriptis
1645 1095 1856 1150 facilius
1889 1095 1968 1150 in-

383 1191 691 1262 telligendis
719 1190 1120 1262 quodammodo
1147 1195 1296 1243 certe
1313 1189 1457 1244 viam
1487 1187 1780 1257 aperuisse.
1813 1186 1966 1240 Deni-

388 1297 494 1352 que
520 1297 707 1338 omnes
736 1277 826 1351 qui
855 1281 1096 1336 auctoris
1117 1279 1288 1335 nostri
1317 1278 1532 1334 lectioni
1555 1279 1963 1334 convenientem

392 1389 608 1444 cperam
637 1373 928 1438 navabunt,
947 1373 1178 1428 libenter
1201 1373 1362 1427 etiam
1388 1369 1596 1425 illorum
1619 1369 1966 1425 reminiscen-

397 1475 484 1519 tur
513 1473 827 1536 temporum,
861 1463 1056 1534 quibus
1085 1473 1196 1518 tam
1239 1463 1344 1517 fide
1378 1464 1598 1517 credere
1618 1503 1632 1527 ,
1679 1476 1844 1531 quam
1874 1475 1963 1513 ra-

389 1557 532 1611 tione
556 1571 731 1611 rerum
763 1553 960 1611 nexum
987 1564 1040 1610 et
1067 1569 1260 1610 causas
1286 1553 1632 1623 investigare,
1656 1561 1713 1606 et
1736 1552 1964 1606 alterum

380 1647 536 1702 alteri
569 1647 911 1713 conciliare,
959 1647 1271 1702 hominibus
1301 1647 1474 1716 magis
1517 1647 1570 1699 in
1615 1651 1868 1714 promptu
1911 1650 1965 1697 et

377 1745 632 1810 tanquam
681 1739 928 1794 naturale
973 1737 1117 1804 fuit;
1159 1739 1355 1808 quippe
1397 1738 1509 1806 qui,
1548 1743 1963 1806 quantacunque

375 1825 475 1883 tun
515 1829 659 1884 illius
701 1829 816 1882 aevi
858 1828 1126 1898 asperitas
1163 1835 1216 1882 et
1247 1827 1495 1881 violentia
1515 1867 1529 1890 ,
1577 1835 1756 1879 tamen
1799 1837 1960 1891 saepe
1986 1815 2032 1874 B
2061 1815 2168 1871 ﬁde
2195 1824 2250 1871 et
2275 1817 2478 1886 pietate
2505 1817 2926 1872 conﬁrmationi.
2954 1815 3146 1872 Venite
3165 1825 3222 1872 et
3239 1825 3452 1886 gnstate
3487 1831 3654 1885 quam

374 1921 608 1976 divinam
636 1922 910 1991 quandam
941 1919 1326 1975 sublimitatem
1357 1933 1478 1972 cum
1505 1917 1812 1972 humilitate
1833 1915 1962 1985 piis-

373 2011 528 2076 sima,
545 2009 740 2064 mentis
764 2015 1136 2084 paupertatem
1163 2019 1284 2062 cum
1315 2008 1588 2061 uberrima
1613 2013 1958 2060 aetcrnarum

373 2103 660 2158 veritatnm
701 2093 1049 2166 abundantia,
1079 2103 1242 2156 vitam
1272 2109 1326 2155 et
1353 2101 1582 2172 grandia.
1625 2115 1792 2168 opera
1833 2111 1956 2152 cum

373 2192 702 2262 cogitatione
747 2193 852 2247 alta
901 2202 954 2248 et
1002 2193 1262 2264 profunda
1312 2192 1644 2262 conjungere
1675 2189 1953 2250 seiveriut.

371 2279 509 2339 Eam
537 2287 604 2341 ob
627 2301 843 2341 causam
865 2285 972 2342 illis
996 2287 1235 2356 contigit,
1263 2295 1323 2340 ut
1341 2285 1556 2339 facilius
1579 2281 1959 2353 philosophiae

381 2381 436 2428 et
483 2387 708 2446 poeseos
745 2389 866 2430 cum
901 2377 1157 2446 religione
1199 2375 1482 2438 unionem,
1525 2389 1693 2443 quam
1739 2385 1870 2424 vera
1904 2378 1960 2422 et

2067 1908 2252 1962 suavis
2281 1909 2351 1962 sit
2385 1909 2644 1964 Dominus
2669 1910 2682 1964 ι

2139 2021 2445 2077 Monasterii
2477 2023 2928 2095 Guestphalorum
2958 2023 2992 2078 4
3017 2022 3140 2078 Jan.
3173 2021 3330 2078 I858.

2869 2135 2930 2192 C.
2960 2135 3021 2191 Β.
3054 2135 3394 2200 Scuwsrsn,

2741 2225 2995 2284 Privatim
3019 2229 3206 2282 docens
3227 2225 3582 2296 philosophiae

2695 2301 2750 2353 in
2813 2302 2954 2367 regia
3010 2299 3293 2367 Academia
3345 2296 3624 2352 Boruscica

2733 2365 3058 2424 ‘utouasterii
3079 2365 3539 2437 Guestplmlorum.

409 2545 3644 2594 W

1125 2912 1132 2920 ς
1161 2913 1166 2922 ι

1085 2597 2086 2922 JOANNIS
2223 2716 2936 2936 soon

1305 3050 2712 3224 EXPOSITIONES

662 3356 1050 3558 smn
1101 3353 1832 3509 minuunt
1911 3351 2570 3512 GAELESTEM
2643 3357 2743 3510 ε.
2816 3351 3364 3568 nomn.

1457 3730 1694 3784 OodJ’at.
1721 3731 1954 3792 652,89c.
1983 3745 2084 3780 ιι..
2117 3768 2128 3781 .
2169 3767 2179 3779 .
2220 3767 2232 3779 .
2271 3767 2282 3780 .
2320 3768 2332 3780 .
2374 3769 2389 3782 .
2426 3769 2437 3779 .
2475 3731 2515 3780 Α

1453 3819 1568 3866 Cod.
1591 3817 1722 3867 Men.
1755 3829 1846 3867 ms.
1872 3817 1952 3866 lat.
1979 3816 2090 3878 580,
2117 3827 2218 3865 sec.
2247 3828 2330 3864 xu.
2369 3849 2381 3864 .
2421 3853 2433 3865 .
2469 3815 2510 3864 Β

1455 3897 1688 3958 Ejusdem
1711 3901 1888 3948 codicis
1921 3898 2074 3948 altera
2097 3910 2284 3946 manus.
2323 3933 2336 3946 .
2373 3933 2388 3946 .
2423 3933 2437 3946 .
2463 3897 2522 3952 Β*

1549 4007 1611 4020 --
1793 4007 1853 4018 —-
1919 3982 2064 4028 tertia
2159 4005 2216 4014 --
2273 3977 2552 4030 ....B"'

1456 4069 1573 4123 Cod.
1600 4069 1866 4132 Brugensis
1889 4081 1935 4116 n.
1967 4069 2012 4124 I,
2037 4080 2138 4116 sec.
2170 4079 2246 4116 xiv
2273 4062 2352 4116 vel
2378 4078 2440 4132 xv
2465 4064 2540 4128 (1.]

1302 4238 2774 4280 ψ

1752 4377 2300 4473 INCIPIUNT

807 4507 1955 4762 EXPOSITIONES
2029 4589 2688 4738 manus
2749 4589 3204 4740 suo“

1917 4825 2142 4912 SUPER

975 5001 1742 5154 lemnitate
1795 5035 1962 5147 se:

2061 4995 2204 5134 sti
2287 4992 2874 5173 Εἰοηηῦἱὶ

2945 4979 2998 5036 1.

907 5397 1324 5469 ,(ΙΑΡΙΤϋΙιυΜ
1363 5397 1406 5452 I.

1985 5401 2030 5464 ρ
2061 5385 2376 5446 inscribitur
2421 5385 2491 5442 de
2536 5379 2759 5440 caelesti
2805 5375 3074 5436 ierarchia
3100 5413 3137 5464 ,_
3162 5387 3232 5428 xv
3277 5365 3640 5464 capitulorum

433 5496 626 5554 Sancti
667 5459 918 5566 Dionysii
960 5491 1322 5562 Areopagitae
1346 5489 1370 5520 ¹
1399 5485 1608 5561 primus
1653 5485 1812 5554 liber,
1861 5483 1956 5554 qui
2064 5479 2205 5538 serie
2229 5477 2554 5540 contexitur,
2581 5485 2814 5544 quorum
2837 5465 2996 5538 primi
3019 5462 3208 5538 titulus
3227 5468 3350 5518 est:
3378 5457 3646 5528 Quoniam

1637 5600 1894 5656 VARIAE
1932 5593 2336 5655 LECTIONES.

451 5725 564 5802 ’,Α
589 5726 845 5800 ἀνοηίοίε.
883 5725 965 5781 sic
1001 5724 1222 5798 ubique.
1297 5721 1360 5776 θ’
1379 5695 1726 5784 atina-inisti;
1754 5701 1988 5786 ubique.“

1989 5693 2018 5712 ε’
2067 5714 2086 5744 ι
2116 5711 2160 5766 Α
2181 5709 2223 5763 Β
2252 5707 2294 5764 c
2321 5701 2659 5776 ariopagitae.
