4178 6266
561 357 665 415 127

1076 319 1243 367 -"°‘""'
1691 342 2193 408 EXPOSITIONES
2227 341 2509 400 JOANNIS
2550 342 2752 401 scort

3728 342 3832 401 iis

564 466 732 523 omnis
771 463 950 518 divina
987 460 1306 517 iiinminatio
1345 458 1630 514 secundum
1673 459 1951 515 bonitatem
2001 459 2143 512 varie
2169 461 2216 517 Α
2245 469 2314 509 ne
2347 453 2581 519 mireris,
2605 453 2749 525 quod
2776 452 3036 519 diximus,
3068 452 3271 508 nullam
3300 452 3653 512 substitutam
3675 471 3832 513 crea-

560 560 615 611 in
654 574 715 610 ea
740 597 754 621 ,
783 570 913 624 quae
940 553 1177 624 praevisa
1206 559 1347 615 sunt,
1377 551 1701 617 proveniens,
1734 551 1836 605 hoc
1878 559 1978 614 est,
2008 565 2143 618 quo-

568 648 714 702 niam
740 646 953 700 divinae
980 642 1236 699 bonitatis
1264 640 1439 695 omnis
1467 640 1808 705 illuminatio,
1837 656 1977 710 quae
2008 641 2143 694 mul-

570 737 824 807 tipliciter
858 736 911 789 in
938 748 1022 798 ea,
1057 750 1194 803 quae
1234 730 1479 801 praevisa
1528 740 1673 796 sunt,
1722 730 1968 786 facienda
2019 747 2141 800 pro-

565 826 735 891 cedit,
764 832 936 877 manet
966 821 1153 892 simpla
1180 822 1232 874 ln
1260 819 1433 885 seipsa
1463 819 1502 883 ¹,
1534 829 1607 883 ει,
1654 820 1782 873 dum
1830 818 2145 873 diﬁ'unditur

571 912 948 970 nniversaliter
973 913 1027 967 in
1057 927 1119 967 ea
1141 913 1187 976 ',
1214 926 1354 981 quae
1397 919 1542 977 sunt,
1572 918 1631 963 ut
1673 909 1812 974 sint,
1844 910 1968 979 quia
2000 909 2143 963 nulla

532 1018 537 1023 θ
570 1005 673 1059 alia
702 1014 782 1058 est
806 1018 987 1057 rerum
1014 1002 1253 1056 omnium
1278 1001 1609 1056 ‘sensibilium
1643 1008 1697 1054 et
1728 998 2142 1069 intelligibilium

566 1093 908 1148 subsistentia
933 1100 1151 1162 praeter
1176 1091 1390 1145 divinae
1413 1091 1668 1145 bonitatis
1696 1090 2143 1144 illuminationem

564 1192 618 1239 et
646 1181 1020 1247 diii'usionem,
1050 1196 1157 1235 non
1193 1182 1387 1235 desinit
1416 1194 1536 1235 esse
1578 1180 1631 1234 in
1668 1193 1726 1235 se
1765 1180 1878 1249 ipsa
1917 1180 2145 1249 simplex

566 1281 620 1327 et
665 1271 1007 1325 inexhausta.
1059 1269 1153 1323 Est
1183 1270 1326 1323 enim
1359 1268 1478 1324 fons
1508 1283 1612 1322 non
1658 1268 1945 1333 deﬁciens,
1991 1276 2047 1321 et
2089 1269 2144 1321 in

569 1361 771 1423 omnia,
806 1374 945 1428 quae
977 1365 1122 1423 sunt,
1171 1357 1377 1412 inﬁnita
1422 1357 1807 1412 numerositate
1852 1356 2141 1426 proﬂuens.

568 1452 636 1507 Et
665 1467 768 1506 non
801 1450 974 1506 solum
1006 1450 1058 1504 in
1089 1450 1268 1504 omnia
1302 1456 1560 1502 manatet
1586 1448 1853 1517 provenit,
1886 1448 2145 1502 ut.subsi-

569 1547 746 1605 stant,
778 1554 964 1593 verum
1005 1539 1168 1593 etiam
1196 1539 1217 1570 ³
1249 1539 1519 1604 universa,
1552 1552 1689 1607 quae
1719 1552 1787 1591 ex
1831 1538 1946 1606 ipsa
1967 1579 1980 1604 ,
2011 1547 2066 1592 et
2089 1539 2147 1593 in

567 1632 681 1701 ipsa
700 1672 713 1694 ,
744 1638 801 1685 et
843 1644 941 1700 per
970 1630 1142 1698 ipsam
1173 1629 1502 1694 subsistunt,
1531 1628 1584 1683 in
1615 1644 1776 1683 unam
1821 1628 2145 1684 ineffabilem

536 1724 543 1729 ”
567 1721 906 1777 harmoniam
929 1719 949 1750 ⁸
979 1728 1214 1790 coaptat,
1239 1720 1310 1773 ita
1336 1720 1465 1774 utin
1494 1720 1843 1775 universitate
1867 1720 2144 1789 multiplex

565 1809 635 1864 sit
663 1810 685 1840 ⁸
709 1824 805 1879 per
832 1809 1096 1863 inﬁnitam
1117 1808 1642 1878 multiplicationem,
1669 1817 1724 1861 et
1752 1809 1804 1862 in
1833 1808 1944 1878 ipsa
1965 1809 2144 1863 omnia
2171 1796 2221 1857 B

566 1918 729 1956 unum
762 1903 871 1957 sint
899 1917 996 1973 per
1024 1901 1617 1972 incomprehensibilem
1644 1901 2047 1955 adunationem.
2078 1901 2145 1955 Et

567 1995 669 2049 hoc
700 2003 784 2048 est
827 1993 969 2063 quod
1014 1993 1091 2046 ait
1118 2010 1132 2046 :
1164 1998 1347 2047 manet
1394 1989 1582 2061 simpla
1611 1998 1664 2046 et
1693 2008 1794 2045 non
1824 1992 1920 2045 hoc
1949 1990 2141 2057 solum,

564 2086 654 2140 sed
692 2085 910 2154 uniﬁcat
941 2084 1258 2148 illuminata,
1291 2084 1394 2138 hoc
1419 2092 1524 2149 est,
1559 2098 1656 2152 per
1694 2098 1844 2138 suam
1877 2082 2144 2137 illumina-

567 2178 856 2232 tionemet
885 2175 1288 2247 processionem
1339 2174 1501 2229 facta.
1533 2174 1702 2228 Totus
1744 2175 1926 2244 itaque
1957 2174 2143 2229 titulus

560 2276 642 2324 est
667 2267 824 2337 primi
851 2266 1101 2335 capituli:
1125 2265 1386 2331 Quoniam
1410 2267 1577 2321 omnis
1599 2267 1777 2319 divina
1798 2266 2137 2331 illuminatio,

559 2354 846 2411 secundum
895 2355 1177 2408 bonitatem
1226 2356 1371 2408 varie
1424 2355 1477 2407 in
1518 2356 1726 2425 provisa
1756 2353 1776 2384 ⁸
1806 2355 2136 2423 proveniens,

562 2452 734 2497 manet
765 2442 975 2513 simpla,
1003 2450 1050 2497 et
1083 2459 1184 2497 non
1209 2441 1305 2496 hoc
1333 2441 1524 2508 solum,
1550 2443 1640 2496 sed
1687 2442 1905 2510 uni/ient
1942 2442 2141 2497 illumi-

566 2532 713 2588 nata.
2064 2574 2069 2577 .

635 2622 749 2695 ﬁt.
787 2619 964 2690 Ipsum
1017 2635 1147 2676 vero
1193 2620 1488 2689 capitulum
1538 2636 1601 2677 ex
1652 2623 1916 2677 sententia
1951 2622 2137 2679 Jacobi

559 2712 788 2785 apostoli
811 2713 1046 2768 orditur:
1065 2710 1230 2767 Omne
1250 2711 1431 2765 datum
1444 2713 1720 2782 optimum,
1735 2715 1818 2769 vel
1846 2722 2139 2784 utexpres-

560 2806 675 2860 sius
703 2804 769 2858 de
794 2804 960 2858 verbo
990 2802 1044 2856 in
1092 2803 1313 2858 verbum
1346 2801 1704 2864 transferatur
1736 2821 1748 2857 :
1779 2805 1959 2859 omnis
1988 2806 2135 2860 datio

560 2895 785 2965 optima,
799 2904 845 2948 et
866 2909 1015 2947 omne
1028 2893 1518 2962 donumperfectum
1530 2894 1656 2947 desu
1670 2909 1805 2948 rsum
1816 2905 1888 2948 est
1898 2934 1912 2959 ,
1925 2894 2139 2948 descen-

557 2987 685 3040 dens
709 3005 740 3040 a
762 2995 908 3055 patre
930 2984 1206 3038 luminum.
1235 2985 1384 3049 Quae
1405 2985 1700 3055 apostolica
1720 2988 1983 3041 sententia
2000 2988 2138 3041 divi-

558 3092 685 3132 nam
707 3076 976 3131 dationem
998 3089 1062 3128 ex
1091 3075 1271 3128 divina
1301 3075 1589 3130 donatione
1619 3077 1854 3131 mirabili
1875 3077 2139 3132 discernit

559 3167 893 3231 diﬁ‘erentia,
942 3166 1198 3234 optimam
1248 3165 1463 3234 quidem
1504 3167 1773 3221 dationem
1815 3168 2138 3223 universalis

559 3268 844 3314 creaturae
890 3242 1258 3312 substitutioni
1301 3255 1647 3320 distribuens,
1690 3256 1985 3326 perfectam
2012 3272 2139 3314 vero

567 3342 915 3403 donationem
941 3347 1154 3403 divinae
1167 3345 1376 3416 gratiae
1391 3344 1931 3415 largitati;quoniam
1958 3364 2138 3416 omne,

565 3440 708 3510 quod
737 3448 841 3504 est,
886 3438 1097 3494 duobus
1123 3438 1296 3492 modis
1323 3437 1560 3491 divinam
1608 3439 1898 3507 participat
1926 3440 2141 3494 bonita-

561 3540 688 3593 tem,
712 3544 937 3599 quorum
964 3527 1172 3599 primus
1209 3527 1264 3581 in
1289 3525 1596 3582 conditione
1620 3536 1846 3582 naturae
1869 3537 1973 3594 est,
2005 3529 2143 3584 alter

564 3622 616 3676 in
644 3618 1023 3674 distributione
1052 3616 1257 3687 gratiae
1284 3616 1628 3686 perspicitur.
1663 3615 1810 3671 Nihil
1830 3617 2028 3688 quippe
2056 3626 2143 3673 est

560 3720 617 3775 in
672 3715 964 3773 universali
1012 3722 1260 3771 creatura
1287 3752 1302 3779 ,
1352 3712 1497 3782 quod
1544 3712 1628 3767 his
1682 3712 1888 3767 duobus
1935 3723 2139 3767 careat.

559 3809 819 3865 Subsistit
858 3807 1003 3863 enim
1040 3821 1222 3870 omne,
1272 3804 1416 3874 quod
1445 3812 1561 3870 est,
1593 3819 1656 3859 ac
1684 3804 1899 3859 divinae
1941 3806 2147 3874 gratiae

553 3903 709 3973 juxta
736 3898 1147 3954 convenientem
1177 3894 1278 3949 sibi
1309 3893 1611 3962 analogiam
1632 3894 1906 3963 particeps
1935 3904 2039 3947 est.
2074 3894 2144 3948 Et

562 3989 880 4055 notandum,
916 3987 1058 4058 quod
1084 4002 1191 4042 non
1214 3984 1532 4055 simpliciter
1558 3994 1641 4039 est
1668 3985 1871 4038 dictum
1903 4000 1915 4036 :
1953 3984 2137 4038 Omnis

562 4080 707 4133 datio
731 4078 926 4149 optima
944 4087 992 4131 et
1014 4092 1164 4131 omne
1183 4076 1378 4130 donum
1391 4074 1694 4145 perfectum.
1710 4072 2143 4130 Primordialiter

559 4170 759 4241 quippe
803 4170 860 4223 in
886 4169 1171 4233 omnibus,
1213 4181 1352 4238 quae
1397 4176 1544 4233 sunt,
1587 4167 1865 4236 praecedit
1910 4168 2092 4223 datum
2119 4169 2140 4201 ⁷

557 4271 805 4327 naturale
827 4272 1205 4338 substitutum,
1227 4270 1313 4327 cui
1339 4270 1731 4341 subsequenter
1752 4270 1775 4301 ⁸
1801 4256 2146 4327 distribuitur

554 4370 829 4441 perfectae
850 4370 1155 4426 donationis
1174 4376 1544 4438 augmentum.
1565 4367 1637 4421 Et
1660 4376 1720 4422 ut
1744 4369 1885 4423 scias
1906 4354 2142 4425 dationis

555 4480 610 4526 et
629 4469 932 4525 donationis
952 4468 1448 4525 manifestissimam
1471 4466 1876 4533 discretionem,
1905 4467 2135 4535 intuere,
2166 4494 2218 4556 Ι)

557 4569 702 4639 quod
734 4569 812 4623 ait
839 4587 852 4623 :
882 4567 1068 4623 Omnis
1089 4568 1235 4621 datio
1261 4568 1482 4639 optima,
1512 4567 1615 4623 hoc
1638 4576 1742 4635 est,
1782 4568 1960 4625 omnis
1982 4584 2136 4627 crea-

559 4680 711 4727 turae
756 4670 1068 4726 substitutio
1098 4669 1255 4724 valde
1298 4671 1474 4737 bona;
1519 4671 1660 4726 sicut
1701 4670 1965 4741 scriptum
2007 4680 2132 4728 est:

562 4789 582 4823 ι
616 4771 686 4827 Ει
710 4771 846 4826 vidit
882 4771 1059 4835 Deus,
1088 4780 1143 4825 et
1169 4785 1297 4826 ecce
1324 4771 1505 4825 omnia
1540 4771 1680 4827 bona
1720 4773 1875 4829 valde
1911 4793 1958 4831 ι.
1985 4774 2133 4843 Quo-

556 4874 703 4929 niam
725 4887 855 4928 vero
874 4872 1072 4927 nullius
1086 4871 1396 4927 substitutio
1416 4871 1653 4942 perfecta
1667 4873 1757 4940 sit,
1773 4873 1877 4928 nisi
1898 4874 1965 4929 ad
1980 4873 2138 4929 Crea-

559 4983 731 5029 torem
760 4980 1126 5036 convertatur,
1157 4972 1402 5042 sequitur
1428 4989 1442 5026 :
1469 4981 1519 5025 et
1562 4989 1712 5026 omne
1739 4973 1934 5027 donum
1965 4973 2136 5043 perfe-

556 5085 716 5130 ctum.
741 5072 1025 5131 Praecedit
1041 5074 1224 5145 itaque
1235 5074 1440 5145 optima
1455 5076 1682 5128 naturae
1696 5074 2029 5141 substitutio,
2047 5073 2136 5129 cui

555 5178 623 5236 ad
650 5178 1034 5252 perfectionem
1061 5178 1278 5235 additur
1305 5178 1374 5234 ad
1388 5177 1702 5235 Creatorem
1731 5179 2035 5233 conversio.
2068 5178 2137 5234 Et

2251 556 2423 600 turam
2447 586 2462 610 ,
2512 546 2616 600 nisi
2658 555 3005 601 convertatur
3036 547 3103 599 ad
3146 544 3495 612 Creatorem,
3535 548 3830 617 perfectam

2247 636 2363 691 ﬁeri
2394 651 2571 707 posse.
2608 637 2743 692 Vera
2774 638 3039 705 siquidem
3066 638 3223 690 docet
3251 636 3414 700 ratio,
3441 639 3625 692 omnia
3647 679 3662 705 ,
3695 656 3834 710 quae

2248 738 2395 793 sunt,
2427 728 2492 781 ad
2529 743 2747 783 causam
2781 744 2957 793 suam,
3000 744 3067 782 ex
3095 743 3227 797 qua,
3254 737 3310 782 et
3338 742 3438 797 per
3464 744 3649 797 quam,
3683 742 3737 787 et
3777 734 3829 788 in

2246 833 2352 887 qua
2404 818 2743 883 subsistunt,
2794 828 2851 873 ut
2903 818 3276 887 perﬁciantur,
3330 819 3620 888 respicere.
3668 823 3832 878 intel-

2247 908 2496 963 lectualia
2527 910 2742 977 quidem
2793 921 2848 962 et
2899 908 3182 962 rationalia
3225 908 3533 977 immediate
3559 911 3581 942 ⁹
3602 927 3704 982 per
3743 930 3824 979 se,

2249 997 2522 1053 intellectu
2548 1012 2685 1073 vero
2702 1005 2755 1050 et
2784 997 2994 1053 ratione
3017 996 3260 1050 carentia
3284 995 3511 1066 quadam
3533 1000 3826 1056 medietate

2248 1072 2731 1163 miionabitium‘fs‘t
2756 1087 3175 1156 intelligibilium
3203 1086 3537 1157 interposita,
3567 1088 3631 1142 ad
3658 1106 3823 1145 unutn

2251 1178 2621 1234 universitatis
2644 1179 2966 1248 principium
2995 1186 3409 1232 convertuntur.
3439 1176 3623 1233 Omnis
3650 1180 3825 1250 itaque

2249 1272 2396 1326 datio
2443 1272 2659 1340 optima,
2706 1281 2752 1324 et
2803 1270 2972 1325 omnis
3016 1270 3230 1323 donatio
3261 1269 3525 1339 perfecta,
3555 1270 3824 1325 desursum

2249 1370 2346 1426 est,
2388 1360 2443 1415 id
2481 1368 2583 1425 est,
2618 1360 2897 1413 desursum
2930 1358 3237 1422 descendit;
3282 1373 3313 1411 a
3338 1372 3468 1428 quo,
3497 1358 3601 1413 nisi
3627 1375 3656 1413 a
3686 1359 3830 1415 fonte

2251 1450 2506 1506 ineﬂahili
2538 1452 2779 1505 omnium
2808 1450 3096 1514 bonorum,
3126 1464 3155 1502 a
3183 1447 3344 1503 Patre
3368 1449 3670 1504 luminum?
3691 1452 3833 1518 Quo-

2252 1557 2465 1612 cunque
2509 1542 2652 1595 enim
2692 1558 2783 1595 seu
2829 1556 2988 1596 sensu
3016 1554 3277 1609 corporeo
3304 1540 3347 1570 ¹⁰
3380 1541 3829 1607 internuntiante,

2252 1648 2346 1689 seu
2382 1648 2520 1703 puro
2545 1631 2819 1687 intellectu
2847 1631 3222 1700 investigante,
3248 1630 3301 1684 in
3327 1630 3685 1687 universitate
3707 1647 3831 1687 con-

2254 1723 2365 1778 dita
2415 1723 2483 1776 ad
2530 1722 2793 1791 liquidum
2839 1720 3137 1790 percipitur
3184 1728 3346 1794 atque
3389 1721 3734 1790 cognoscitur
3777 1721 3833 1775 in

2248 1811 2724 1868 substitutionihus
2774 1820 3001 1866 naturae
3044 1819 3099 1865 et
3139 1810 3562 1889 perfectionibus
3590 1813 3830 1881 gratiae,

2248 1922 2355 1961 non
2393 1906 2610 1961 aliunde
2658 1906 2760 1959 nisi
2807 1921 2835 1958 a
2881 1905 3041 1958 Patre
3078 1904 3340 1958 luminum
3374 1904 3640 1974 procedit.
3669 1903 3832 1961 Pater

2249 2004 2429 2051 autem
2464 1997 2727 2050 luminum
2757 2007 2840 2051 est
2867 1995 3027 2049 Pater
3063 1994 3348 2059 caelestis,
3381 1994 3562 2050 lumen
3592 1996 3830 2066 primum

2248 2096 2411 2157 atque
2436 2087 2709 2152 intimum,
2741 2102 2771 2140 a
2801 2101 2907 2155 quo
2935 2086 3112 2140 lumen
3139 2100 3350 2150 verum,
3377 2083 3612 2140 Verbum
3649 2102 3827 2151 suum,

2246 2195 2345 2248 per
2388 2180 2530 2248 quod
2575 2162 2715 2232 facta
2749 2186 2871 2232 sunt
2906 2176 3085 2231 omnia
3105 2217 3121 2242 ,
3149 2187 3204 2231 et
3236 2176 3277 2206 “
3305 2175 3361 2230 in
3382 2191 3490 2246 quo
3510 2176 3827 2247 _substituta

2247 2276 2373 2322 sunt
2416 2268 2619 2334 omnia,
2651 2268 2958 2338 unigenitus
2992 2267 3161 2321 Filius
3190 2281 3320 2322 suus
3343 2266 3603 2331 nascitur,
3629 2280 3661 2320 a
3689 2282 3821 2336 quo,

2247 2359 2409 2414 Patre
2439 2344 2584 2423 dico,
2621 2356 2973 2413 coesseutiale
3019 2358 3122 2411 sibi
3171 2356 3457 2427 Verboque
3500 2370 3596 2411 suo
3638 2355 3824 2411 lumen

2246 2453 2494 2522 procedit
2533 2452 2574 2482 ¹²
2601 2450 2838 2521 Spiritus
2879 2461 3119 2514 sanctus,
3144 2451 3363 2521 spiritus
3400 2449 3574 2505 Patris
3600 2459 3653 2504 et
3680 2450 3825 2516 Filii,

2243 2543 2300 2597 in
2346 2557 2453 2612 quo
2501 2550 2556 2596 et
2596 2558 2695 2612 per
2735 2556 2896 2611 quem
2939 2542 3256 2596 donationes
3297 2542 3595 2610 gratiarum
3645 2541 3829 2596 distri-

2244 2633 2485 2688 buuntur
2520 2635 2574 2688 in
2605 2634 2804 2688 omnia.
2840 2635 2906 2687 Et
2936 2635 3071 2689 haec
3102 2642 3187 2688 est
3228 2634 3366 2688 trina
3410 2633 3530 2697 lux,
3579 2640 3631 2686 et
3680 2633 3825 2686 trina

2242 2723 2476 2789 bonitas,
2518 2733 2628 2779 tres
2675 2725 3008 2791 subStantiae
3049 2725 3104 2778 in
3153 2739 3256 2777 una
3285 2721 3550 2787 essentia,
3575 2721 3738 2776 Pater
3765 2730 3823 2776 et

2242 2811 2412 2868 Filius
2440 2823 2496 2867 et
2521 2811 2756 2881 Spiritus
2796 2821 3045 2878 sanctus,
3078 2826 3213 2866 unus
3252 2810 3414 2876 Deus,
3446 2826 3552 2864 una
3578 2811 3820 2878 bonitas,

2241 2918 2408 2957 unum
2434 2902 2612 2957 lumen
2640 2901 2888 2957 diffusum
2921 2903 2973 2955 in
2999 2902 3352 2971 omnia,quae
3378 2910 3523 2962 sunt,
3550 2910 3611 2955 ut
3631 2917 3822 2956 essen-

2243 2994 2443 3049 tialiter
2472 2996 2791 3059 subsistant,
2825 2994 3111 3063 splendens
3132 2995 3186 3047 in
3215 2993 3485 3059 omnibus,
3509 3008 3650 3062 quae
3676 3004 3825 3058 sunt,

2245 3095 2304 3139 ut
2332 3086 2386 3139 in
2408 3101 2645 3140 amorem
2670 3096 2724 3139 et
2757 3085 3137 3157 cogitationem
3170 3085 3586 3155 pulchritudinis
3618 3085 3663 3116 “
3694 3101 3827 3141 suae

2247 3186 2633 3233 convertantur
2649 3179 2850 3242 oumia,
2869 3179 3277 3247 supereminens
3295 3177 3502 3243 omnia,
3512 3191 3650 3247 quae
3674 3186 3824 3245 sunt,

2246 3280 2307 3325 ut
2333 3270 2681 3340 perfectionis
2727 3285 2854 3326 suae
2902 3271 3235 3339 plenitudine
3265 3270 3515 3324 fruantur
3537 3270 3737 3334 omnia,
3763 3278 3819 3325 et

2246 3362 2300 3416 in
2349 3362 2467 3432 ipso
2510 3363 2691 3417 omnia
2738 3379 2901 3416 unum
2935 3363 3059 3417 sint.
3092 3363 3135 3415 A
3169 3362 3332 3418 Patre
3358 3365 3539 3434 itaque
3560 3362 3820 3419 luminum

2253 3454 2434 3509 omnia
2461 3453 2663 3508 lumina
2698 3454 3048 3509 descendunt.
3148 3504 3153 3513 .
3188 3512 3191 3513 ν
3326 3504 3331 3513 ,

2320 3545 2427 3600 Sed
2473 3545 2701 3600 fortasse
2729 3546 2850 3614 quis
2877 3544 3071 3598 dixerit
3100 3564 3111 3597 :
3142 3543 3420 3610 Quomodo
3459 3543 3660 3609 omnia,
3687 3558 3826 3612 quae

2251 3647 2396 3702 sunt,
2424 3635 2625 3690 lumina
2654 3637 2811 3691 sunt?
2839 3637 3095 3703 Quamvis
3126 3638 3270 3690 enim
3286 3635 3619 3690 universitas
3645 3651 3825 3690 rerum

2249 3729 2488 3783 omnium
2517 3727 2559 3758 “
2587 3742 2617 3781 a
2656 3727 2815 3781 Patre
2842 3742 2938 3797 per
2957 3726 3152 3781 Filium
3181 3734 3236 3781 et
3277 3726 3536 3797 Spiritum
3582 3735 3825 3782 sanctum

2250 3819 2461 3873 condita
2484 3818 2574 3881 sit,
2608 3816 2774 3872 Pater
2798 3819 2993 3886 quippe
3026 3817 3160 3882 vult,
3190 3816 3356 3872 Filius
3385 3816 3534 3883 facit,
3568 3832 3824 3888 coopera-

2248 3917 2337 3963 tur
2371 3907 2605 3977 Spiritus
2627 3916 2863 3973 sanctus,
2890 3908 3106 3977 proprie
3137 3916 3314 3961 tamen
3341 3916 3396 3961 et
3424 3909 3733 3977 specialiter
3758 3910 3824 3965 de

2249 3997 2701 4056 intellectualibus
2750 4007 2805 4052 et
2861 3997 3212 4052 rationalibus
3261 3998 3478 4054 condita
3534 3999 3739 4054 lumina
3792 4015 3825 4054 a

2246 4088 2408 4146 Patre
2447 4089 2709 4144 luminum
2756 4103 2855 4159 per
2899 4090 3139 4159 genitum
3184 4088 3364 4145 lumen
3412 4104 3612 4160 perque
3642 4091 3822 4159 iumen

2246 4182 2548 4253 procedens
2576 4187 2790 4250 oportet
2818 4179 3153 4249 praedicari,
3184 4188 3364 4234 cetera
3394 4195 3521 4234 vero
3552 4180 3671 4249 plus
3700 4179 3823 4234 illu-

2249 4272 2465 4337 minari,
2496 4286 2659 4341 quam
2690 4269 2893 4324 lumina
2921 4285 3057 4332 esse,
3089 4270 3355 4325 credenda
3379 4271 3529 4325 sunt!
3563 4268 3669 4325 Sed
3695 4270 3824 4326 huic

2247 4363 2490 4418 consulta
2544 4363 2751 4417 ratione
2800 4361 2956 4416 facile
3012 4375 3298 4430 possumus
3356 4361 3702 4432 respondere.
3756 4361 3825 4417 Et

2248 4455 2423 4525 primo
2461 4455 2677 4523 quidem
2702 4453 3025 4509 dicendum:
3057 4452 3299 4527 siPater
3333 4452 3596 4507 luminum
3638 4469 3737 4523 per
3762 4466 3824 4508 se

2243 4543 2421 4615 ipsum
2448 4542 2535 4596 lux
2566 4550 2667 4606 est,
2697 4556 2873 4613 neque
2901 4543 3050 4597 enim
3087 4541 3250 4596 Pater
3288 4541 3549 4594 luminum
3576 4550 3745 4606 esset,
3772 4541 3821 4597 si

2240 4634 2296 4689 in
2322 4648 2381 4689 se
2414 4632 2529 4702 ipso
2556 4633 2650 4688 lux
2686 4648 2795 4688 non
2821 4633 3161 4700 subsisteret,
3189 4631 3390 4697 omnia,
3421 4644 3561 4699 quae
3588 4629 3740 4697 fecit,
3763 4631 3820 4686 in

2240 4725 2503 4794 sapientia
2534 4739 2631 4780 sua
2658 4724 2805 4790 fecit,
2840 4739 2981 4794 quae
3010 4732 3067 4780 et
3090 4724 3206 4794 ipsa
3231 4723 3322 4777 lux
3359 4721 3523 4787 est“,
3553 4723 3816 4793 quoniam

2240 4816 2612 4871 coesseutialis
2654 4815 2801 4871 Patri
2854 4817 3120 4872 luminum
3162 4824 3246 4871 est
3289 4832 3304 4869 :
3350 4815 3613 4885 numquid
3662 4813 3819 4869 aliter

2242 4906 2658 4962 existimandum
2690 4906 2793 4961 nisi
2827 4914 2887 4963 ut
2918 4905 2962 4937 ¹⁶
2991 4906 3173 4962 omnia
3196 4946 3211 4971 ,
3236 4918 3383 4975 quaer
3420 4903 3584 4958 Pater
3629 4903 3720 4958 lux
3761 4919 3819 4957 tn

2234 4999 2519 5069 sapientia,
2545 5000 2880 5054 ooessentiali
2908 5000 3011 5055 sibi
3035 4998 3155 5069 iuee
3176 4998 3436 5063 condidit,
3462 4996 3663 5052 Iumina
3683 5010 3817 5052 con-

2239 5092 2348 5147 dita
2377 5093 2667 5148 credantur
2712 5100 2768 5146 et
2815 5090 3219 5162 intelligantur?
3261 5089 3426 5145 Pater
3467 5097 3647 5143 autem
3687 5102 3821 5142 suae

2238 5185 2535 5255 sapientiae
2566 5183 2729 5240 Pater
2753 5191 2854 5240 est.
2892 5185 3060 5255 igitur
3094 5183 3373 5250 omnium,
3423 5197 3565 5254 quae
3618 5181 3671 5235 in
3720 5194 3818 5236 sua

1827 5358 2082 5416 VARIAE
2118 5358 2518 5416 LECTIONES.

604 5484 647 5544 "
676 5513 768 5569 Sic
813 5513 923 5569 AB.
997 5515 1019 5546 ⁸
1047 5512 1092 5569 Β
1119 5515 1174 5569 in
1211 5530 1275 5569 ea
1296 5513 1674 5569 universaliter.

555 5583 797 5654 ubique,
852 5583 1309 5654 'Bsitmuitiplex.
1387 5583 1570 5639 “SicA
1601 5584 1660 5638 Β.

1760 5512 2220 5569 'Bverumtamen.
2251 5513 2291 5569 C
2316 5524 2370 5567 at
2401 5514 2753 5569 subsisterent.
2787 5529 2918 5568 vere.
2965 5516 3144 5569 etiam.

1749 5584 1769 5614 ⁷
1787 5583 1828 5637 Β
1852 5585 2046 5637 donum
2068 5585 2269 5638 datum.

557 5651 717 5721 diale,
756 5652 835 5708 sic
879 5652 994 5709 fere
1038 5651 1237 5721 ubique
1276 5654 1331 5706 in
1376 5664 1499 5708 ante
1540 5671 1609 5719 m,
1652 5651 1671 5704 ι
1713 5669 1820 5709 non
1870 5655 2224 5709 adsimilatur.

3232 5515 3256 5546 ‘
3284 5514 3374 5568 AB
3407 5513 3722 5577 armenium,
3739 5510 3821 5567 sic

2367 5586 2387 5615 ⁸
2412 5584 2830 5648 B'sabsistenter,
2857 5584 2918 5638 B‘
2940 5586 3397 5640 corr.substituto.
3488 5582 3563 5635 ’A
3590 5583 3632 5636 B
3652 5582 3822 5636 inme-

2317 5655 2358 5686 ¹⁰
2386 5671 2629 5720 corporeo
2676 5671 2783 5708 om.
2828 5654 2893 5709 B.
2995 5657 3034 5687 “
3064 5668 3111 5709 et
3143 5673 3251 5710 om.
3281 5656 3341 5709 B.
3449 5654 3491 5684 ¹³
3520 5652 3559 5704 Β
3582 5653 3819 5723 procedit

559 5720 752 5782 tamen.
829 5722 945 5778 “A
978 5723 1022 5779 Β
1064 5720 1451 5791 pulcritudinis,
1497 5726 1577 5780 sic
1622 5723 1841 5796 ubique.
1923 5725 1967 5755 ”
1999 5725 2039 5777 Β
2069 5727 2300 5785 omnium
2347 5739 2538 5778 rerum.
2616 5724 2661 5756 ¹⁵
2696 5735 2775 5779 est
2818 5741 2928 5780 om.
2978 5726 3038 5781 Β.
3119 5726 3162 5759 ³⁸
3200 5736 3255 5782 ut
3285 5740 3395 5782 om.
3428 5723 3489 5778 Β.
