4178 6266
347 443 452 499 ηε)

1206 437 1430 495 SUPER
1461 437 1888 496 IERARCHIAM
1927 433 2336 495 CAELESTEM
2376 432 2434 488 S.
2476 433 2792 490 DlONYSll.

3493 435 3596 489 150

348 551 609 621 sapientia
632 547 788 615 fecit,
817 549 932 621 ipse
974 548 1137 604 Pater
1164 563 1284 605 esse
1312 529 1531 606 necesse
1560 559 1666 616 est,
1700 551 1910 607 scilicet
1936 553 1989 612 Α
2080 546 2310 601 Pulchre
2329 533 2786 615 igiturtheologus
2805 543 2971 598 Deum
2989 533 3202 598 Patrem
3224 543 3486 601 luminum
3500 565 3594 618 pa-

350 643 586 696 Patrem.
615 640 765 707 Quod
795 641 956 695 etiam
988 641 1102 710 ipse
1140 641 1400 696 Dominus
1423 642 1703 696 evidenter
1729 643 1923 697 astruit

353 733 568 786 dicens:
609 750 626 782 ι
674 731 954 787 Confiteor
1001 731 1141 796 tibi,
1198 731 1422 786 Domine
1478 731 1638 787 Pater
1686 731 1820 786 caeli
1868 739 1923 786 et

356 831 525 875 terrae
553 840 596 874 ι.
627 821 722 875 Est
749 830 804 875 et
834 822 938 876 alia
966 822 1138 886 ratio,
1187 837 1328 892 quae
1373 822 1670 878 luculenter
1709 824 1919 888 edocet,

348 912 556 966 omnino
591 923 896 967 creaturam
941 912 1210 966 visibilem
1257 922 1313 966 et
1365 912 1691 968 invisibilem
1734 912 1920 966 lumen

349 1015 462 1055 esse
507 1001 783 1056 conditum
831 1017 862 1054 a
910 1002 1072 1056 Patre
1117 1001 1403 1055 luminum.
1438 1001 1495 1055 Si
1525 1003 1670 1055 enim
1709 1017 1920 1057 summa

348 1090 582 1154 bonitas,
603 1107 741 1160 quae
757 1091 907 1146 Deus
925 1099 1026 1155 est,
1049 1093 1249 1156 omnia,
1265 1107 1404 1161 quae
1422 1093 1615 1158 voluit,
1637 1103 1920 1164 propterea

353 1176 502 1241 fecit,
548 1189 628 1243 ut,
676 1180 935 1247 quoniam
965 1194 1062 1248 per
1095 1180 1321 1248 seipsam
1349 1181 1633 1235 invisibilis
1670 1192 1724 1236 et
1769 1183 1916 1236 inac-

361 1270 625 1324 cessibilis
674 1269 764 1323 lux
797 1278 899 1334 est,
956 1285 1169 1324 omnem
1220 1284 1435 1324 sensum
1493 1279 1544 1324 et
1593 1271 1921 1326 intellectum

362 1372 649 1426 superans,
675 1373 771 1428 per
797 1374 880 1423 ea,
911 1372 1049 1427 quae
1096 1358 1164 1412 ab
1199 1359 1310 1428 ipsa
1336 1361 1352 1390 ¹
1392 1359 1528 1414 facta
1572 1369 1711 1426 sunt,
1757 1361 1922 1416 veluti

356 1461 453 1516 per
469 1449 721 1515 quasdam
749 1448 1148 1502 lucubrationes
1162 1449 1183 1478 ³
1200 1449 1253 1501 ἰη
1278 1449 1521 1503 notitiam
1548 1448 1924 1504 intellectualis

358 1544 410 1588 et
434 1539 706 1593 rationalis
727 1549 1011 1594 creaturae
1032 1541 1207 1610 possit
1230 1542 1574 1606 descendere,
1598 1545 1738 1610 quod
1759 1543 1924 1595 etiam

346 1624 624 1692 Apostolus
669 1629 895 1694 edocet,
942 1631 1020 1683 ait
1061 1630 1207 1684 enim
1249 1649 1261 1684 :
1321 1649 1340 1681 ‹
1384 1631 1674 1685 lnvisibilia
1722 1630 1841 1698 ejus
1896 1644 1923 1686 a

352 1727 593 1772 creatura
624 1720 812 1774 mundi
834 1735 936 1789 per
968 1735 1054 1785 ea,
1103 1736 1241 1791 quae
1285 1722 1427 1777 facta
1472 1731 1628 1786 sunt,
1658 1721 1924 1776 intellecta

347 1810 749 1877 conspiciuntur
783 1831 801 1864 ι
842 1826 857 1864 :
891 1813 1021 1881 quid
1049 1814 1265 1877 mirum,
1294 1813 1339 1867 si
1382 1828 1564 1878 omne,
1595 1812 1737 1882 quod
1781 1813 1927 1866 inaco

2026 644 2162 690 trem
2179 634 2428 704 appellat,
2448 633 2701 702 quoniam
2726 633 2794 686 ab
2808 632 2924 702 ipso
2946 641 3070 686 sunt
3092 634 3294 699 omnia,
3319 634 3374 688 in
3393 636 3589 705 quibus

2026 734 2078 781 et
2101 739 2196 794 per
2225 736 2362 793 quae
2375 723 2624 778 omnibus
2642 736 2700 777 se
2721 720 3052 786 manifestat,
3074 731 3129 776 et
3146 723 3327 779 inluce
3352 739 3481 780 suae
3513 742 3598 782 sa-

2023 817 2259 887 pientiae
2277 815 2494 868 luminis
2505 813 2809 868 conformia
2824 812 3045 867 uniﬁcat
3059 822 3113 866 et
3126 812 3272 868 facit.
3293 815 3486 870 Beatus
3500 833 3593 870 au-

2027 914 2132 960 tem
2153 905 2440 972 Dionysius
2453 904 2780 957 Athenarum
2803 903 3088 971 episc0pus
3103 903 3168 956 de
3183 903 3396 958 caelesti
3419 905 3530 961 iera
3538 922 3591 960 r-

2022 994 2163 1058 chia,
2180 994 2283 1047 hoc
2300 1001 2402 1057 est,
2432 992 2497 1046 de
2517 991 2734 1046 caelesti
2759 991 3067 1059 episcopatu
3095 993 3590 1060 supermundalium

2026 1085 2306 1148 virtutum,
2322 1083 2377 1136 in
2388 1082 2584 1151 quibus
2611 1082 2844 1136 maxime
2866 1089 2920 1136 et
2968 1081 3336 1151 principaliter
3348 1085 3594 1154 postpri-

2024 1175 2524 1231 mordiales-causas
2557 1183 2710 1242 pater
2737 1173 2995 1227 luminum
3023 1174 3145 1228 data
3173 1188 3268 1228 sua
3295 1177 3498 1244 Optima
3541 1184 3598 1231 et

2024 1264 2164 1319 dona
2196 1279 2290 1317 sua
2309 1261 2546 1331 perfecta
2567 1272 2623 1316 et
2648 1261 2968 1329 multiplicat
2991 1261 3042 1315 in
3069 1261 3360 1325 infinitum,
3390 1269 3448 1317 et
3464 1263 3518 1316 in
3540 1277 3602 1319 se

2025 1354 2199 1422 ipsum
2216 1361 2432 1406 revocat
2449 1352 2503 1406 in
2524 1367 2712 1415 unum,
2733 1352 2918 1407 volens
2940 1353 3177 1407 scribere
3191 1352 3435 1421 praefata
3449 1355 3599 1408 theo-

2025 1442 2220 1512 logica,
2237 1435 2498 1497 theoriam
2511 1456 2665 1496 orsus
2679 1449 2780 1507 est,
2813 1456 2974 1510 quam
2998 1441 3390 1510 subsequenter
3410 1441 3598 1513 expla-

2026 1541 2140 1596 nat,
2167 1531 2386 1585 dicens:
2413 1529 2518 1584 Sed
2538 1543 2586 1584 et
2613 1531 2779 1585 omnis
2808 1528 2969 1584 Patre
2995 1543 3133 1585 moto
3161 1532 3600 1601 manifestationis

2047 1624 2284 1675 uminum
2310 1621 2590 1690 processio,
2629 1622 2684 1673 in
2711 1638 2805 1675 nos
2829 1623 3018 1690 optime
3035 1639 3094 1675 ac
3110 1622 3254 1692 large
3273 1626 3598 1690 proveniens,

2027 1716 2215 1768 iterum
2228 1724 2282 1768 ut
2308 1714 2504 1781 uni/ica
2524 1715 2686 1767 virtus
2717 1731 2809 1767 nos
2840 1714 3019 1783 replet,
3049 1726 3095 1767 et
3113 1717 3358 1768 convertit
3383 1716 3450 1768 ad
3472 1732 3590 1768 cono

2028 1806 2286 1874 gregantis
2305 1802 2483 1858 Patris
2505 1805 2546 1835 η
2575 1803 2827 1858 anitatem
2854 1815 2902 1859 et
2932 1807 3172 1872 deiﬁcam
3193 1806 3596 1875 simplicitatem.

352 1897 651 1955 cessibilem
698 1901 872 1956 lucem
921 1902 1150 1970 quodam
1203 1903 1362 1957 modo
1394 1904 1436 1967 ³,
1483 1913 1542 1956 ut
1589 1902 1923 1960 accessibilis
1951 1911 1998 1971 Β
2025 1897 2288 1962 Quoniam
2319 1896 2534 1950 beatum
2566 1895 2824 1952 Iacobum
2860 1897 2927 1951 de
2955 1898 3298 1967 processione
3338 1908 3391 1952 et
3419 1898 3599 1951 multi-

343 1988 428 2052 sit,
456 1992 605 2059 puris
635 1987 1001 2048 intelleCtibus
1029 1994 1358 2058 introducit,
1393 1994 1573 2047 lumen
1605 1992 1919 2059 illuminans

343 2079 566 2145 animos,
585 2091 638 2136 et
659 2083 710 2135 in
732 2084 1093 2153 cognitionem
1115 2083 1391 2140 Creatoris
1414 2084 1494 2138 sui
1519 2096 1612 2138 eos
1635 2097 1918 2145 revocans,

340 2169 478 2223 nulla
510 2172 718 2226 ratione
738 2173 1361 2243 obstanteintelligatnr?
1394 2173 1554 2228 Verbi
1576 2173 1777 2242 gratia,
1808 2188 1877 2226 ex
1899 2171 1924 2202 ‘

344 2258 544 2316 intimis
558 2270 780 2316 naturae
801 2264 1082 2318 ordinibus
1099 2263 1412 2333 paradigma
1436 2278 1735 2318 sumamus.
1760 2261 1924 2331 Lapis

351 2347 450 2403 iste
480 2352 558 2406 vel
581 2353 683 2406 hoc
706 2353 912 2423 lignum
943 2354 1075 2407 mihi
1095 2354 1116 2384 '
1146 2353 1323 2407 lumen
1349 2361 1435 2407 est
1459 2369 1474 2416 ;
1503 2362 1559 2407 et
1593 2352 1647 2405 si.
1680 2351 1922 2421 quaeris,

352 2443 644 2507 quomodo,
669 2444 806 2496 ratio
850 2459 940 2496 me
979 2444 1225 2498 admonet
1251 2442 1294 2504 ⁸,
1327 2452 1387 2496 nt
1419 2443 1513 2496 tibi
1542 2443 1920 2511 respondeam,

353 2527 498 2585 hunc
544 2529 628 2585 vel
675 2531 820 2584 hunc
865 2531 1103 2600 lapidem
1144 2531 1548 2586 consideranti"
1583 2530 1750 2584 multa
1791 2531 1923 2585 mihi

353 2627 678 2683 occurrunt,
729 2633 872 2688 quae
916 2619 1157 2672 animum
1193 2634 1372 2672 meum
1422 2618 1742 2672 illuminant.
1791 2618 1923 2672 Eum

350 2708 542 2779 quippe
569 2710 944 2766 animadverto
971 2712 1268 2766 subsistere
1293 2711 1500 2766 bonum
1532 2719 1585 2763 et
1622 2709 1922 2778 pulchrum,

351 2804 638 2858 secundum
655 2805 929 2874 prepriam
948 2803 1252 2874 analogiam
1273 2819 1418 2868 esse,
1439 2817 1628 2873 genere
1645 2802 1924 2870 specieque

353 2904 449 2958 per
487 2891 844 2946 diti’erentiam
874 2909 905 2946 a
932 2894 1133 2947 ceteris
1161 2909 1347 2946 rerum
1380 2892 1664 2962 generibus
1697 2901 1753 2945 et
1797 2907 1921 2960 spe-

359 2980 541 3035 ciebus
564 2983 861 3051 segregari,
880 2997 1111 3036 numero
1132 2997 1250 3047 suo,
1274 2999 1382 3054 quo
1409 2999 1564 3037 unum
1587 2981 1782 3050 aliquid
1803 2982 1920 3046 ﬁt“,

365 3073 654 3137 contineri,
681 3071 924 3127 ordinem
957 3089 1115 3128 suum
1138 3089 1242 3128 non
1269 3074 1540 3136 excedere,
1559 3072 1732 3128 locum
1763 3086 1921 3127 suum

358 3159 507 3230 juxta
525 3163 605 3216 sui
625 3164 872 3231 ponderis
897 3164 1209 3232 qualitatem
1231 3174 1432 3234 petere.
1456 3164 1599 3220 Haec
1619 3165 1920 3233 horumque

2024 1986 2316 2057 plicatione
2359 1987 2660 2040 divinorum
2691 1987 2952 2042 luminum
2981 2002 3078 2058 per
3111 1989 3235 2043 data
3288 1998 3514 2044 naturae
3541 1998 3598 2044 et

2026 2078 2164 2130 dona
2194 2076 2399 2146 gratiae
2431 2076 2763 2132 solummodo
2799 2078 3256 2146 videbatdixisse,
3287 2080 3355 2134 de
3389 2081 3583 2134 aduna-

2029 2168 2176 2222 tione
2207 2181 2332 2220 vero
2357 2181 2564 2231 eorum,
2624 2168 2786 2237 inque
2835 2168 3037 2224 fontem
3063 2185 3220 2224 suum
3259 2170 3603 2226 restitutione

2027 2259 2258 2324 siluisse,
2294 2260 2486 2314 merito
2539 2259 2680 2313 hanc
2728 2261 3050 2316 sententiam
3107 2261 3391 2316 subnectit.
3429 2262 3504 2314 Ac
3555 2263 3602 2315 si

2029 2351 2228 2405 diceret
2253 2368 2265 2402 :
2298 2349 2413 2404 Non
2455 2350 2627 2406 solum
2655 2352 2780 2406 data
2811 2361 2866 2407 et
2892 2353 3033 2406 dona
3063 2352 3267 2418 divina,
3294 2353 3434 2421 quae
3480 2360 3605 2420 post

2029 2441 2298 2510 angelicas
2329 2433 2656 2496 substantias
2705 2443 2759 2496 in
2796 2441 3046 2495 humanis
3100 2441 3370 2496 mentibus
3423 2441 3598 2495 adhuc

2027 2534 2242 2588 mortali
2272 2550 2434 2590 carne
2460 2537 2698 2606 gravatis
2736 2536 2970 2590 maxime
2994 2534 3444 2600 ﬁunt,desursum
3471 2543 3602 2590 sunt

2026 2638 2056 2678 a
2087 2633 2241 2693 patre
2270 2624 2530 2680 luminum
2565 2626 2966 2690 descendentia,
3015 2640 3201 2680 verum
3230 2626 3391 2678 etiam
3421 2626 3601 2678 omnis

2025 2715 2303 2784 processio
2333 2716 2546 2769 divinae
2569 2715 2997 2780 illuminationis,
3029 2731 3168 2783 quae
3213 2713 3468 2769 ineffabili
3500 2731 3596 2784 pa—

2027 2810 2182 2858 terno
2211 2812 2358 2857 motu
2383 2804 2439 2856 in
2490 2818 2588 2858 nos
2618 2801 2985 2870 copiosissime
3007 2813 3061 2856 et
3087 2802 3454 2870 multipliciter
3475 2818 3573 2870 pro
3592 2829 3606 2840 η

2025 2894 2196 2957 venit,
2224 2894 2418 2947 iterum
2449 2892 2563 2960 ipsa
2608 2899 2989 2962 congruenter,
3019 2892 3142 2944 dum
3182 2890 3252 2943 sit
3279 2890 3454 2942 virtus
3507 2905 3606 2960 nos

2027 2982 2293 3036 uniﬁcans
2323 2989 2484 3050 atque
2520 2981 2828 3045 restituens,
2855 2995 2950 3034 sua
2983 2979 3154 3050 gratia
3193 2977 3379 3048 implet
3401 2989 3455 3032 et
3475 2994 3607 3034 con-

2025 3071 2188 3124 vertit
2218 3072 2286 3125 ad
2335 3072 2509 3140 ipsum
2539 3069 2771 3136 Patrem,
2821 3071 2912 3140 qui
2937 3071 3003 3125 ad
3034 3085 3092 3125 se
3121 3078 3428 3139 congregat,
3469 3085 3608 3138 quae

2031 3178 2060 3217 a
2106 3179 2164 3218 se
2184 3165 2502 3233 procedunt,
2539 3173 2593 3218 et
2622 3164 2675 3217 in
2703 3178 2762 3219 se
2800 3163 3023 3218 unilicat
3048 3163 3282 3227 diversa,
3309 3171 3364 3216 et
3389 3163 3604 3217 deiﬁcat

361 3252 547 3307 similia
570 3253 692 3307 dum
732 3254 784 3307 in
826 3254 926 3308 hoc
953 3255 1132 3324 lapide
1159 3270 1341 3319 cerno,
1370 3255 1573 3310 lumina
1603 3256 1734 3309 mihi
1757 3254 1914 3319 fiunt,
1947 3253 1992 3314 C
2025 3252 2123 3307 sibi
2155 3253 2476 3319 conformia,
2499 3262 2552 3309 et
2569 3255 2836 3324 simplicat
2859 3256 2901 3285 “
2942 3254 3104 3309 veluti
3135 3255 3188 3308 in
3215 3254 3478 3310 inﬁnitam
3501 3271 3605 3310 nu.-

353 3341 452 3396 hoc
477 3349 582 3406 est,
609 3357 695 3397 me
717 3342 1038 3398 illuminant.
1070 3344 1314 3416 Cogitare
1349 3346 1494 3400 enim
1534 3346 1758 3415 incipio,
1785 3345 1926 3400 unde

345 3431 394 3485 ei
427 3430 550 3484 talia
582 3439 727 3496 sunt,
745 3436 814 3487 et
839 3431 1075 3498 intueor,
1097 3436 1237 3502 quod
1263 3434 1464 3490 nullius
1507 3444 1792 3491 creaturae
1812 3435 1925 3489 sive

340 3523 570 3578 visibilis
588 3524 701 3578 sive
722 3523 1011 3580 invisibilis
1025 3528 1443 3597 participatione
1456 3529 1778 3583 naturaliter
1793 3529 1926 3584 haec

327 3613 390 3670 ei
409 3615 614 3679 insunt,
629 3629 695 3670 ac
714 3631 839 3672 mox
856 3617 1072 3672 ratione
1095 3619 1230 3673 duce
1251 3634 1412 3689 super
1430 3620 1610 3675 omnia
1628 3620 1682 3673 in
1706 3635 1924 3675 causam

339 3707 582 3760 mnium
608 3707 941 3775 introducor,
957 3724 1023 3764 ex
1038 3724 1144 3778 qua
1155 3711 1405 3765 omnibus
1420 3711 1570 3766 locus
1582 3719 1639 3766 et
1656 3711 1809 3776 ordo,
1829 3727 1928 3765 nn-

341 3810 524 3850 merus
544 3805 601 3851 et
623 3786 833 3867 species
857 3813 1147 3869 genusque,
1177 3800 1390 3855 bonitas
1405 3808 1462 3868 et
1482 3801 1826 3869 pulchritudo
1839 3800 1858 3830 ’
1872 3809 1928 3855 et

346 3887 613 3953 essentia,
643 3897 934 3958 ceteraque
976 3891 1103 3944 data
1130 3897 1185 3946 et
1223 3891 1364 3945 dona
1394 3890 1805 3947 distribuuntur.
1841 3891 1927 3946 Si-

343 3979 551 4035 militer
577 3982 645 4037 de
668 3985 814 4037 omni
839 3993 1112 4048 creatura,
1136 3998 1166 4036 a
1193 3997 1406 4038 summo
1428 3983 1474 4014 ⁸ο
1497 3998 1668 4053 usque
1689 3984 1756 4038 ad
1779 3984 1929 4038 deor-

345 4087 497 4137 m,
538 4073 643 4128 hoc
679 4081 784 4139 est,
814 4075 883 4130 ab
910 4074 1260 4130 intellectuali
1299 4089 1467 4144 usque
1499 4074 1566 4128 ad
1609 4089 1825 4144 corpus,
1857 4074 1925 4128 ad

344 4163 560 4220 laudem
589 4163 864 4221 Creatoris
901 4165 1261 4221 referentibus
1298 4181 1417 4219 eam
1462 4173 1516 4220 et
1564 4181 1622 4220 se
1663 4166 1842 4234 ipsos,
1873 4172 1930 4219 et

349 4251 523 4306 Deum
567 4269 725 4308 suum
765 4255 999 4310 studiose
1027 4255 1434 4325 quaerentibus,
1466 4262 1521 4308 et
1557 4254 1612 4308 in
1653 4255 1925 4319 omnibus,

352 4355 498 4411 quae
529 4353 676 4408 sunt,
702 4360 820 4399 eum
845 4347 1089 4402 invenire
1113 4347 1444 4412 ardentibus,
1467 4355 1523 4402 et
1547 4361 1708 4417 super
1725 4348 1923 4410 omnia,

355 4447 500 4500 quae
525 4443 671 4499 sunt,
697 4451 816 4490 eum
843 4436 1064 4493 laudare
1089 4437 1432 4508 diligentibus
1452 4437 1544 4492 lux
1567 4438 1928 4493 introductiva

347 4536 461 4592 est,
488 4529 604 4584 suis
631 4531 928 4588 rationibus
955 4532 1310 4588 consideratis
1328 4573 1346 4598 ,
1373 4533 1683 4603 liquidoque
1731 4533 1929 4588 mentis

2030 3343 2396 3398 merositatem
2453 3343 2819 3412 multiplicata.
2885 3344 2998 3410 Qua
3069 3343 3112 3374 ³³
3165 3353 3341 3398 autem
3396 3344 3615 3399 ratione

2029 3437 2414 3512 πατροκίνητος,
2439 3435 2492 3488 id
2523 3445 2627 3501 est,
2676 3445 2828 3504 pater
2852 3444 3031 3490 motus
3061 3450 3089 3488 a
3116 3435 3339 3492 Graecis
3368 3435 3602 3499 dicatur,

2029 3539 2134 3579 non
2165 3525 2458 3594 incongrue
2484 3525 2778 3592 quaeritur.
2810 3523 3086 3590 Quomodo
3124 3524 3268 3579 enim
3294 3523 3603 3578 immutabi-

2030 3612 2096 3685 lis
2126 3623 2392 3679 movetur,
2421 3615 2504 3668 vel
2535 3631 2565 3669 a
2603 3630 2710 3684 quo
2735 3625 2997 3680 movetur,
3028 3616 3110 3670 vel
3137 3617 3190 3670 in
3215 3617 3344 3685 quid
3373 3615 3418 3646 ”
3447 3627 3502 3670 et
3533 3616 3602 3670 ad

2031 3704 2162 3773 quid
2184 3715 2451 3769 movetur,
2483 3721 2588 3760 non
2619 3706 2950 3761 infructuose
2975 3723 3004 3760 a
3029 3707 3362 3777 sapientibus
3386 3707 3604 3763 investi-

2031 3803 2206 3864 gatur.
2237 3794 2416 3850 Movet
2448 3795 2611 3863 igitur
2641 3797 2877 3866 seipsum
2902 3811 3007 3851 non
3038 3797 3303 3863 localiter,
3334 3812 3441 3852 non
3473 3807 3606 3853 tem-

2029 3886 2307 3954 paraliter,
2332 3887 2429 3942 sed
2455 3887 2498 3916 ³⁵
2527 3888 3045 3956 superessentialiter
3073 3903 3234 3957 super
3253 3888 3368 3944 loca
3390 3897 3445 3942 et
3470 3897 3604 3942 tem-

2028 3995 2159 4047 pora
2189 3989 2436 4036 movetur
2475 3995 2506 4034 a
2546 3982 2738 4050 seipse.
2772 3980 2926 4034 Nulla
2971 3979 3235 4048 siquidem
3261 3994 3422 4032 causa
3447 3995 3607 4047 prae-

2029 4072 2193 4135 cedit,
2220 4085 2362 4139 quae
2401 4071 2572 4138 ipsum
2616 4080 2847 4134 moveat,
2874 4086 2994 4124 cum
3041 4071 3111 4125 sit
3131 4071 3244 4139 ipse
3272 4068 3444 4138 prima
3475 4085 3607 4125 una-

2028 4176 2134 4231 que
2159 4176 2322 4215 causa
2339 4161 2578 4214 omnium
2603 4169 2866 4215 motuum.
2896 4161 3012 4229 Ipse
3032 4168 3114 4214 est
3135 4166 3313 4214 motus
3334 4167 3388 4210 et
3408 4168 3606 4227 status,

2028 4264 2209 4310 motus
2236 4251 2442 4308 stabilis
2467 4260 2521 4305 et
2557 4261 2728 4306 status
2764 4251 2995 4304 mobilis.
3013 4252 3130 4316 Quo
3148 4259 3488 4319 argumento,
3519 4253 3608 4306 dic

2030 4361 2252 4418 quaeso,
2300 4344 2565 4416 approbas
2615 4340 2944 4398 immobilem
2991 4341 3208 4396 Patrem
3240 4343 3478 4395 moveri?
3526 4343 3608 4396 Ex

2031 4441 2250 4496 nomine
2279 4445 2648 4510 argumentor.
2680 4434 2738 4490 Si
2789 4433 3005 4504 quaeris
3043 4445 3238 4487 nomen
3269 4429 3421 4496 illud,
3455 4431 3600 4484 audi.

2029 4529 2089 4584 ln
2116 4538 2342 4600 utraque
2370 4527 2572 4596 lingua,
2603 4540 2796 4597 graeca
2827 4522 3077 4580 videlicet
3102 4521 3394 4591 latinaque,
3448 4521 3608 4576 Pater

345 4619 592 4673 contuitu
623 4623 944 4691 perspicuis.
974 4623 1112 4678 Hinc
1133 4632 1232 4685 est,
1257 4624 1399 4692 quod
1424 4622 1742 4678 universalis
1765 4623 1923 4692 hujus
1949 4617 2002 4676 D
2027 4629 2282 4686 vocatur;
2303 4627 2357 4672 et
2378 4633 2569 4688 graece
2582 4618 2797 4687 quidem
2819 4617 3360 4691 componitnrnarrip,
3376 4614 3477 4668 hoc
3499 4625 3602 4678 est,

345 4708 757 4767 mundifabrica
780 4713 1266 4767 maximumlumen
1289 4713 1370 4776 ﬁt,
1393 4727 1459 4766 ex
1481 4713 1663 4767 multis
1682 4712 1925 4782 partibus

347 4798 512 4853 veluti
539 4816 610 4855 ex
641 4803 826 4858 multis
857 4803 1091 4860 lucernis
1125 4813 1490 4874 compactum,
1521 4805 1588 4860 ad
1618 4805 1926 4876 intelligibi-

348 4887 479 4944 lium
507 4907 695 4947 rerum
727 4909 891 4962 puras
921 4895 1129 4965 species
1154 4895 1470 4951 revelandas
1499 4902 1554 4951 et
1593 4896 1925 4952 contuendas

350 4982 547 5036 mentis
585 4982 736 5048 acie,
775 4984 960 5039 divina
997 4985 1169 5056 gratia
1201 4995 1257 5041 et
1301 4987 1527 5042 rationis
1553 5000 1655 5056 ope
1681 4986 1736 5041 in
1763 4985 1927 5041 corde

353 5069 590 5128 ﬁdelium
617 5075 923 5131 sapientum
953 5076 1393 5148 cooperantibus.

2031 4716 2201 4768 πάντα
2222 4718 2389 4784 τηρῶν
2413 4709 2476 4775 ¹⁸,
2500 4709 2553 4763 id
2573 4716 2676 4773 est,
2707 4707 2889 4764 omnia
2917 4721 3155 4764 servans.
3189 4707 3304 4762 Non
3338 4705 3378 4737 ³⁷
3409 4705 3503 4760 tibi
3528 4706 3604 4758 vi-

2021 4801 2194 4855 detur
2243 4811 2390 4855 recte
2417 4799 2639 4863 moveri,
2696 4808 2758 4853 ut
2784 4800 3053 4854 custodiat
3076 4797 3276 4858 omnia,
3302 4795 3395 4864 qui
3424 4805 3606 4851 servat

2033 4897 2089 4944 et
2116 4888 2286 4944 salvat
2309 4888 2509 4950 omnia,
2565 4902 2704 4957 quae
2752 4888 2806 4941 in
2834 4887 3110 4957 unigenito
3135 4901 3233 4940 suo
3279 4883 3437 4939 fecit?
3461 4883 3600 4937 Audi

2018 4980 2196 5036 etiam
2226 4979 2393 5036 illud:
2427 4978 2584 5035 Pater
2610 4989 2665 5034 et
2691 4979 2832 5035 Deus
2861 4989 3100 5042 vocatur,
3128 4977 3230 5032 hoc
3245 4984 3347 5041 est,
3383 4974 3506 5034 Θσός
3536 4973 3600 5038 ’⁸.

2034 5085 2280 5136 currens,
2329 5085 2525 5125 nomen
2571 5085 2606 5124 ι
2634 5069 2799 5125 verbo
2847 5071 2942 5124 θέω
2967 5069 3035 5134 ι’,
3078 5069 3222 5135 quod
3251 5063 3391 5119 idem
3420 5077 3600 5123 curro,

1626 5276 1879 5334 VARIAE
1915 5275 2314 5333 LECTIONES.

428 5436 446 5468 ³
467 5437 610 5518 Aea.
640 5435 778 5518 ἈΒ
812 5435 1222 5518 tugwrattones.
1277 5436 1320 5518 _'
1415 5434 1816 5518 quodaminodo.
1881 5425 1980 5518 LB
1998 5420 2139 5518 aut
2163 5444 2228 5501 ea:
2251 5430 2462 5518 (punct.
2491 5419 3112 5518 indigatLeidflendgm
3134 5410 3601 5518 [ei-€21“:

355 5506 434 5562 sic
458 5508 682 5576 ubique.
757 5506 787 5576 ξ
811 5507 896 5560 AB
941 5517 1222 5571 ammonet,
1247 5507 1327 5562 sic
1347 5506 1564 5576 ubique.

356 5575 598 5630 chritudo
628 5592 738 5631 om.
763 5575 826 5630 Β.
931 5577 974 5610 ⁸⁸
1003 5577 1044 5629 Β
1065 5592 1294 5632 assumo.

359 5648 535 5702 adscr.
585 5645 664 5700 De
688 5656 839 5700 motu

357 5727 427 5768 est
458 5727 793 5785 pantateron.

361 5785 422 5854 (Β
445 5785 565 5854 deo)
601 5805 634 5840 (ι
664 5787 793 5841 verm

383 5785 422 5838 Β
445 5785 565 5856 deo)
601 5805 634 5840 (ι
664 5787 837 5841 verba.

811 5879 1082 5939 PATBOL.
1127 5878 1385 5940 CXXII.

865 5647 1050 5713 patris.

1647 5505 1666 5536 "
1697 5504 1852 5559 Corr.
1877 5501 1961 5568 B‘,
1987 5503 2075 5555 AB
2122 5503 2476 5557 considerans.

1400 5576 1439 5607 “
1459 5570 1662 5628 'Patris
1689 5589 1797 5628 om.
1829 5573 2148 5643 ABLmarg.
2184 5573 2360 5643 adscr.
2403 5570 2464 5643 Βξ

1158 5647 1203 5678 ⁵⁵
1240 5646 1332 5702 Sic
1367 5645 1474 5710 BC,
1503 5647 1549 5701 A
1597 5645 1816 5714 inquit;
1862 5642 1907 5672 “
1945 5641 1990 5714 Β
2024 5638 2124 5707 εει,
2142 5644 2221 5714 sic
2236 5640 2365 5714 fere
2411 5638 2624 5714 ultique“.

899 5716 940 5748 ⁸⁷
978 5715 1067 5771 AC
1092 5715 1258 5770 Nam.
1335 5716 1378 5748 “
1420 5717 1479 5770 Β·
1529 5711 1700 5784 marg.
1731 5713 1906 5767 adscr.
1950 5711 2112 5768 theos.

2566 5498 2588 5528 ⁸
2612 5499 2652 5550 Β
2672 5486 2758 5549 sit.
2854 5495 2875 5526 θ
2898 5509 2962 5546 ea:
2991 5506 3092 5560 qua
3132 5486 3370 5560 omni:st
3393 5513 3466 5529 --
3488 5486 3606 5560 put;

2578 5566 2620 5596 ”
2659 5565 2747 5618 AC
2799 5559 3114 5629 simpliﬁcat.
3236 5557 3279 5589 ¹³
3319 5558 3378 5612 Β⁶
3430 5557 3603 5631 marg.

2728 5632 2770 5663 ¹⁶
2810 5631 2870 5684 Β·
2921 5643 3088 5701 marg.
3117 5631 3292 5701 adscr.
3321 5631 3480 5701 patir,
3511 5629 3608 5685 hoc

2212 5710 2253 5742 ⁸⁸
2293 5709 2384 5762 Sic
2409 5700 2536 5761 CB"
2571 5703 2650 5757 (B‘
2684 5703 2802 5758 theo
2834 5713 2931 5771 pro
2958 5700 3110 5771 Oiei);
3168 5700 3256 5756 AB
3291 5700 3474 5757 nomen
3514 5703 3608 5756 θὲω

3183 5869 3219 5926 5
