4178 6266
559 410 663 468 155

1654 394 2156 470 exposmouss
2175 398 2477 469 εἰοΑΝΝιδ
2517 411 2718 467 soon

3730 425 3833 479 156

557 527 774 581 deserat
800 562 816 589 ,
856 521 1080 592 pulchre
1126 530 1302 576 tamen
1353 523 1738 594 multiplicatur
1786 533 1842 580 et
1895 527 2140 596 procedit
2166 528 2218 587 Α
2244 533 2449 589 nostra,
2478 539 2582 593 qua
2606 525 2767 579 rebus
2786 524 3131 581 sensibilibus
3161 521 3541 596 adhaeremus,
3571 534 3840 592 reductio-

558 620 614 673 in
667 635 765 682 ea,
808 631 945 686 quae
995 616 1209 686 provisa
1255 617 1272 645 ¹
1317 625 1470 682 sunt,
1515 617 1582 671 ad
1643 633 1832 673 eorum
1887 620 2138 689 anagogi-

561 728 678 767 cam
708 720 761 766 et
799 711 1052 765 uniﬁcam
1092 712 1609 777 contemperantiam
1641 752 1655 776 ,
1690 711 2136 766 coadunationem

557 802 703 856 illam
777 800 1058 863 videlicet,
1115 815 1252 867 quae
1299 815 1512 853 sursum
1569 800 1716 854 ducit
1760 802 1780 830 ’
1827 809 1882 854 et
1921 801 2141 854 uniﬁcat

555 888 758 943 omnia.
814 886 928 940 Non
967 887 1111 940 enim
1167 887 1348 940 omnia
1388 889 1771 953 subsisterent,
1830 904 2003 959 neque
2027 930 2042 954 ,
2077 905 2140 945 ac

561 980 722 1036 veluti
753 979 873 1047 quis
900 978 1096 1032 dixerit
1122 992 1135 1030 :
1165 993 1270 1047 qua
1295 979 1504 1033 ratione
1531 989 1585 1034 et
1611 995 1709 1034 cur
1747 981 1972 1048 simplex
2005 981 2141 1034 mul-

557 1071 868 1141 tiplicatur?
903 1070 968 1125 ad
1015 1071 1338 1140 principium
1377 1087 1531 1126 suum
1557 1113 1570 1138 ,
1620 1074 1760 1143 quod
1795 1089 2004 1129 sursum
2038 1083 2139 1138 est,

555 1163 770 1218 Patrem
811 1164 1062 1217 omnium
1111 1164 1268 1228 dico,
1303 1165 1576 1230 redirent,
1615 1166 1659 1220 si
1697 1180 1802 1219 non
1845 1167 2026 1219 radius
2055 1165 2143 1221 ille

557 1252 846 1307 ineffabilis
894 1252 1282 1308 diffunderetur
1324 1255 1377 1308 in
1417 1256 1631 1318 omnia,
1683 1263 1744 1309 ut
1787 1255 2144 1310 subsisterent

527 1357 535 1386 ·-
558 1343 775 1406 omnia,
809 1351 864 1396 et
894 1341 946 1395 in
986 1343 1103 1412 ipso
1137 1358 1302 1396 unum
1357 1342 1628 1398 efﬁcerent
1658 1344 1712 1410 ³,
1746 1361 1950 1414 suoque
1979 1362 2142 1416 copu-

557 1433 804 1488 larentur
841 1434 1015 1489 initio.
1057 1435 1126 1488 Et
1163 1437 1287 1489 dum
1324 1435 1547 1506 pulchre
1581 1437 1965 1506 multiplicatur
1999 1448 2051 1493 et
2087 1439 2141 1493 in

555 1526 740 1579 omnia
761 1525 1029 1595 procedit,
1057 1536 1242 1580 manet
1265 1527 1318 1580 in
1341 1528 1538 1596 seipso,
1565 1537 1816 1582 movetur
1838 1530 2141 1584 incommu-

557 1617 764 1681 tabilis,
793 1618 875 1672 sui
903 1616 1062 1671 simul
1089 1616 1374 1673 uniformis
1411 1619 1578 1684 ﬁxus,
1609 1628 1661 1674 et
1691 1635 1784 1674 eos
1806 1661 1820 1685 ,
1853 1622 1942 1689 qui
1973 1623 2028 1676 in
2061 1637 2138 1686 se,

555 1716 818 1777 quantmn
850 1706 932 1760 fas
953 1714 1057 1771 est,
1085 1707 1191 1761 hoc
1217 1716 1322 1772 est,
1355 1719 1614 1777 quantum
1646 1710 1773 1764 licet
1797 1710 1987 1780 eisque
2014 1726 2140 1765 eon-

553 1798 780 1861 ceditur,
801 1797 1114 1867 respiciunt,
1133 1796 1289 1865 juxta
1313 1797 1525 1853 illorum
1542 1802 1814 1869 propriam
1837 1801 2140 1871 analogiam

2244 631 2368 670 nem
2407 631 2503 685 per
2537 615 2903 685 intelligibiles
2939 609 3180 682 aetates,
3213 619 3410 686 qui-bus
3443 635 3539 690 per
3570 625 3835 682 actionem

2242 717 2296 762 et:
2311 708 2594 762 scientiam
2621 707 2900 762 rationalis
2928 708 3352 774 anima'crescit,
3371 711 3554 766 donec
3579 728 3835 771 occurra-

2240 815 2362 854 mus
2393 801 2444 853 in
2472 801 2648 854 virum
2688 799 3007 870 perfectum,
3054 800 3156 856 hoc
3195 811 3300 866 est,
3355 803 3409 855 in
3465 804 3834 872 plenissimam

2241 893 2464 958 Christi,
2491 893 2580 961 qui
2604 900 2689 946 est
2718 893 2841 946 ﬁnis
2867 892 3216 961 perfectionis
3244 903 3474 960 nostrae,
3502 900 3831 968 contempla-

2242 985 2465 1046 tionem,
2499 991 2554 1038 et
2581 984 2633 1036 in
2651 983 2766 1052 ipso
2791 993 2845 1037 et
2875 998 2998 1036 cum
3025 983 3141 1052 ipso
3170 983 3612 1052 perfectissimam
3626 990 3831 1046 aduna-

2245 1077 2463 1130 tionem.
2497 1075 2680 1144 Itaque
2713 1076 2755 1106 “
2785 1084 2841 1128 et
2870 1076 2982 1144 ipsa
3023 1090 3232 1128 summa
3265 1091 3328 1130 ac
3354 1087 3535 1131 sancta
3563 1078 3823 1146 Trinitas,

2245 1177 2300 1224 et
2318 1170 2360 1199 ¹²
2375 1168 2682 1238 specialiter
2696 1168 2808 1238 ipse
2822 1166 3011 1230 Filius,
3026 1181 3320 1236 omnesque
3334 1168 3590 1224 caelestes
3604 1173 3829 1228 virtutes

2244 1259 2298 1314 in
2322 1261 2639 1329 quibusdam
2679 1257 3118 1312 snmilitudinibus
3159 1258 3354 1313 divinis
3384 1275 3680 1329 apparuere
3707 1279 3829 1332 pro-

2245 1356 2442 1424 phetis,
2483 1356 2535 1408 in
2559 1356 2794 1408 humana
2823 1351 3072 1406 videlicet
3101 1352 3271 1423 effigie
3293 1393 3306 1416 ,
3339 1353 3391 1406 in
3427 1353 3832 1420 leonina,‘vitu-

2245 1447 2648 1516 lina,aqnilina,
2677 1447 2872 1516 equina
2900 1446 2964 1508 ³³,
2995 1445 3192 1499 diversi
3221 1445 3436 1508 coloris,
3464 1446 3638 1516 ignea,
3668 1450 3835 1502 nebu-

2245 1539 2380 1604 losa,
2409 1539 2691 1602 electrina,
2716 1536 2935 1599 fluviali,
2972 1535 3147 1599 rotali,
3177 1537 3425 1591 celeriter
3455 1539 3716 1600 currenti,
3747 1554 3832 1593 ce-

2247 1633 2484 1700 terisque
2507 1631 2549 1662 “
2579 1629 2828 1685 similiter
2845 1629 3084 1698 ﬁguratis
3098 1627 3355 1698 symbolis
3371 1629 3689 1684 formantur.
3706 1631 3761 1684 In
3786 1631 3830 1663 ²⁸

2243 1721 2487 1791 sequenti
2529 1730 2709 1775 autem
2758 1721 2898 1774 libro
2957 1736 3052 1789 per
3113 1729 3454 1774 sacramenta
3511 1722 3740 1776 visibilia
3776 1735 3829 1778 et

2247 1809 2550 1880 corporalia
2583 1807 2795 1863 Veteris
2826 1808 3067 1878 Novique
3089 1808 3418 1864 Testamenti
3449 1811 3589 1865 idem
3623 1811 3713 1866 Dei
3743 1828 3829 1867 ra-

555 1892 606 1944 in
637 1904 693 1944 se
727 1891 900 1958 ipsum
929 1891 1202 1954 extendit,
1231 1891 1336 1944 hoc
1373 1901 1484 1954 est,
1511 1892 1583 1945 ad
1609 1907 1667 1946 se
1693 1893 1866 1961 ipsum
1898 1894 2060 1962 erigit
2089 1901 2143 1947 et
2170 1882 2218 1941 B
2247 1901 2391 1965 dius,
2417 1900 2672 1962 Verbum,
2703 1900 3068 1968 caelestesque
3090 1901 3312 1954 virtutes
3338 1911 3559 1970 propter
3586 1919 3684 1956 nos
3704 1918 3831 1958 con-

551 1983 776 2037 uniﬁcat
799 1996 894 2036 eos
920 1983 986 2036 ad
1013 1981 1425 2035 similitudinem
1455 1997 1584 2036 suae
1602 1983 1863 2052 simplicis
1892 1984 2136 2038 unitatis.

535 2072 660 2127 Sed
691 2073 816 2139 quia
834 2073 948 2141 ipse
979 2072 1184 2135 radius,
1209 2086 1307 2140 per
1336 2087 1394 2125 se
1421 2073 1593 2140 ipsum
1619 2073 2138 2141 incomprehensibi-

554 2163 644 2227 lis,
669 2162 957 2217 invisibilis
977 2202 990 2226 ,
1022 2162 1415 2217 inaccessibilis
1442 2171 1525 2217 est
1552 2162 1698 2216 omni
1723 2173 2027 2229 creaturae,
2069 2165 2141 2218 si-

535 2254 780 2324 quidem
810 2266 1004 2309 sensus
1031 2268 1220 2309 omnes
1245 2268 1541 2322 omnesque
1567 2265 1787 2323 superat
1813 2256 2136 2322 intellectus,

555 2359 666 2399 non
707 2344 884 2413 potuit
921 2343 1172 2397 omnibus
1196 2384 1210 2407 ,
1242 2344 1294 2398 in
1335 2344 1532 2413 quibus
1558 2343 1962 2413 multiplicatur,
1979 2360 2141 2414 appa-

555 2453 698 2503 rere,
728 2437 832 2491 nisi
861 2452 958 2507 per
986 2437 1248 2506 quaedam
1266 2435 1534 2490 velamina
1566 2436 1720 2491 nobis
1747 2437 2134 2500 connaturalia,

534 2529 748 2598 quibus
773 2541 894 2583 sese
934 2526 1112 2582 adhuc
1139 2527 1192 2580 in
1222 2527 1325 2581 hac
1364 2541 1528 2581 carne
1567 2530 1878 2583 constitutis
1899 2543 2141 2598 quoquo-

548 2621 712 2676 modo
746 2618 1097 2674 manifestare
1120 2613 1306 2673 voluit.
1350 2618 1610 2687 Sequitur
1645 2635 1659 2672 :
1705 2619 1777 2672 Et
1800 2621 1936 2674 enim
1979 2636 2141 2691 neque

550 2708 796 2780 possibile
815 2719 890 2763 est
909 2750 924 2775 ,
952 2708 1106 2763 aliter
1129 2709 1276 2763 nobis
1307 2709 1480 2763 lucere
1510 2709 1741 2763 diuinum
1768 2710 2006 2773 radium,
2040 2709 2140 2763 nisi

549 2799 800 2854 varietate
829 2814 1099 2852 sacrorum
1142 2798 1454 2853 velaminum
1493 2799 1775 2868 anagogice
1803 2799 2142 2853 circumvela-

548 2899 682 2956 tum,
713 2899 762 2943 et
807 2889 888 2942 his
917 2889 960 2955 ’⁵,
993 2906 1126 2961 quae
1155 2890 1442 2944 secundum
1466 2906 1558 2943 nos
1587 2899 1729 2954 sunt,
1753 2906 1844 2959 per
1861 2889 2141 2958 providen-

547 2982 680 3034 tiam
704 2989 978 3050 paternam
1000 2982 1414 3034 connaturaliter
1433 2992 1482 3035 et
1509 2983 1715 3052 proprie
1749 2994 2136 3051 praeparatum.

545 3070 626 3125 Ac
668 3071 714 3124 si
745 3071 950 3125 diceret
979 3089 991 3123 :
1023 3070 1253 3125 Paterna
1288 3072 1654 3140 providentia,
1685 3081 1742 3126 et
1765 3072 2035 3127 ineffabile
2057 3075 2140 3128 di-

545 3147 658 3214 vini
686 3161 888 3215 amoris
920 3173 1047 3229 erga
1082 3160 1309 3214 salutem
1343 3168 1399 3213 et
1452 3162 1816 3216 reductionem
1846 3163 1872 3194 ⁵
1899 3173 2139 3220 nostram

549 3252 618 3304 ad
645 3265 730 3313 ea,
757 3265 898 3319 quae
918 3249 1195 3318 peccando
1211 3251 1569 3315 deseruimus,
1601 3253 1864 3318 studium,
1898 3255 2139 3312 invisihi-
2170 3235 2217 3298 δ

546 3341 657 3396 lem
684 3340 704 3372 °
730 3357 826 3411 per
861 3357 920 3396 se
967 3341 1140 3410 ipsum
1177 3342 1388 3396 radium
1430 3343 1594 3398 variis
1645 3359 1710 3398 ac
1741 3345 1762 3375 "
1787 3347 1956 3401 sacris
1996 3349 2140 3403 vela-

551 3431 790 3486 minibus
798 3431 954 3500 juxta
977 3431 1221 3487 rationes
1247 3447 1521 3504 anagogae
1535 3435 1967 3504 circumvelavit,
1998 3448 2054 3494 et
2077 3455 2141 3496 ex

551 3525 671 3590 his,
699 3539 838 3594 quae
877 3525 1249 3579 connaturalia
1281 3527 1438 3582 nobis
1466 3535 1592 3580 sunt
1631 3536 1689 3581 et
1732 3531 1970 3598 propria,
2001 3541 2056 3585 et
2084 3542 2144 3586 ut

557 3615 1065 3684 comprehensibilis
1086 3616 1240 3671 nobis
1265 3628 1428 3683 esset,
1457 3619 1550 3686 qui
1571 3619 1729 3674 aliter
1757 3622 2141 3691 comprehendi

545 3723 655 3763 non
678 3717 888 3778 potest,
912 3709 1128 3763 modum
1156 3710 1426 3778 quendam
1467 3711 1818 3781 apparitionis
1851 3731 2143 3785 praepara-

545 3799 643 3855 vit.
681 3799 754 3852 De
801 3798 996 3866 quibus
1024 3799 1386 3854 velaminibus
1419 3810 1474 3854 et
1503 3802 1558 3854 in
1603 3801 1705 3856 hoc
1731 3802 1899 3868 libro,
1931 3807 2023 3874 qui
2059 3816 2143 3861 est

551 3887 620 3942 de
649 3886 870 3942 caelesti
901 3888 1190 3952 ierarchia,
1211 3896 1266 3942 et
1290 3889 1345 3943 in
1376 3891 1646 3958 sequenti,
1675 3891 1764 3958 qui
1792 3895 2140 3950 scribiturde

539 3977 920 4049 ecclesiastica
944 3980 1231 4046 ierarchia,
1261 3996 1486 4037 necnon
1513 3991 1566 4037 et
1590 3984 1640 4036 in
1665 3985 1826 4039 tertio
1853 3987 1917 4042 de
1943 3989 2138 4044 divinis

545 4068 853 4123 nominibus
887 4068 1166 4126 afﬂuenter
1191 4081 1469 4126 tractatur.
1497 4072 1601 4126 Sed
1628 4074 1673 4128 si
1703 4077 1938 4144 quaeris,
1961 4095 2136 4149 pauca

546 4157 616 4212 de
641 4159 885 4227 pluribus
927 4171 1150 4230 propter
1177 4163 1479 4231 praesentis
1513 4165 1719 4232 periodi
1748 4170 2135 4226 reserationem

543 4251 1038 4317 praegustabimus.
1110 4253 1168 4306 ln
1216 4255 1238 4284 ⁸
1290 4254 1392 4309 hoc
1436 4256 1619 4326 itaque
1667 4257 1802 4313 libro
1842 4262 2134 4330 velamina,

544 4341 741 4408 quibus
760 4340 976 4398 divinus
987 4345 1405 4400 circumvelatur
1427 4348 1631 4413 radius,
1656 4359 1712 4403 et
1737 4366 1831 4420 per
1857 4362 2136 4421 paternam

543 4432 940 4499 providentiam
964 4444 1185 4504 propter
1206 4451 1304 4490 nos
1326 4445 1696 4505 praeparatur,
1747 4444 2093 4512 propheticae
2113 4447 2133 4477 θ

545 4521 783 4576 visiones
808 4532 969 4586 sunt,
1000 4539 1138 4591 quae
1167 4540 1262 4594 per
1291 4528 1562 4596 angelicas
1596 4531 1823 4588 virtutes
1852 4535 1905 4589 in
1937 4539 2131 4593 simili-

550 4609 792 4663 tudinem
815 4626 998 4665 rerum
1026 4613 1377 4679 sensibilium,
1403 4618 1702 4674 infirmitati
1722 4633 1942 4682 nostrae
1962 4630 2138 4686 adhuc

550 4697 800 4753 sensibus
827 4704 1101 4772 corporeis
1150 4707 1522 4763 succumbenti
1571 4711 1616 4741 ¹⁰
1662 4716 1982 4772 naturaliter
2008 4734 2136 4776 con-

550 4789 892 4856 gruentium,
943 4792 997 4846 in
1044 4792 1412 4866 theologorum
1469 4803 1728 4856 memoria
1767 4807 2133 4866 conformatae

550 4889 697 4941 sunt,
741 4884 810 4937 ad
857 4881 1211 4941 eruditionem
1258 4897 1517 4957 nostram,
1568 4899 1623 4946 et
1669 4894 1737 4948 ab
1785 4896 2132 4956 infantilitate

2244 1992 2464 2046 formari
2513 1992 2791 2046 docentur.
2843 1989 2997 2044 Verbi
3047 1993 3240 2061 gratia,
3291 1992 3343 2044 in
3393 1992 3739 2046 tabernaculo
3790 1993 3833 2024 ¹⁶

2243 2095 2360 2140 erat
2393 2100 2516 2139 arca
2557 2087 2598 2116 "
2643 2085 2949 2140 testamenti
2986 2085 3038 2138 in
3081 2087 3245 2156 figura
3279 2085 3368 2138 Dei
3415 2083 3576 2140 Verbi
3617 2094 3832 2156 propter

2243 2191 2342 2231 nos
2374 2177 2669 2242 incarnati;
2703 2186 2859 2231 erant
2902 2178 3008 2231 duo
3034 2176 3326 2232 Cherubim
3372 2178 3415 2208 ³⁸
3461 2179 3610 2233 circa
3645 2194 3827 2233 arcam

2241 2269 2372 2324 hinc
2409 2269 2848 2324 inde'volitantes
2887 2270 2928 2300 ¹⁹
2962 2269 3016 2322 in
3045 2268 3396 2323 similitudine
3425 2270 3468 2300 ²⁰
3495 2269 3830 2338 supercaele-

2243 2360 2404 2413 stium
2443 2361 2898 2422 substantiarum,
2949 2373 3088 2428 quae
3127 2360 3268 2413 circa
3320 2359 3601 2414 Dominum
3641 2359 3828 2414 Jesum

2243 2451 2514 2508 Christum
2545 2461 2765 2507 aeterno
2785 2460 2839 2506 et
2861 2450 3178 2520 intelligibili
3207 2452 3384 2507 volatu
3421 2453 3829 2508 circumvolant.

2246 2543 2510 2597 Similiter
2539 2544 2733 2597 iterum
2760 2544 2813 2597 in
2845 2541 3042 2612 templo
3064 2543 3253 2596 eadem
3277 2558 3401 2596 arca
3435 2542 3832 2612 Cherubimque

2245 2643 2401 2690 erant
2425 2637 2477 2690 in
2517 2637 2707 2691 eodem
2754 2646 2900 2706 typo,
2931 2644 3217 2704 ceteraque
3256 2636 3445 2705 legalia
3476 2638 3734 2707 symbola.
3770 2637 3826 2690 ln

2245 2724 2397 2780 Novo
2418 2726 2461 2756 ’ί
2487 2741 2618 2779 vero
2645 2726 2692 2759 ³²
2723 2735 3060 2780 sacramenta
3088 2727 3450 2794 baptismatis,
3471 2717 3675 2792 altaris,
3702 2727 3830 2782 cali-

2247 2815 2343 2874 cis,
2378 2813 2508 2879 vini,
2541 2814 2730 2884 panis,
2759 2817 3129 2880 sacerdotum,
3167 2824 3222 2870 et
3247 2817 3454 2885 mystici
3488 2817 3820 2885 chrismatis,

2246 2913 2555 2972 ceteraque,
2573 2919 2710 2973 quae
2727 2905 2779 2959 in
2805 2905 2974 2976 ﬁgura
2996 2905 3194 2962 Christi
3215 2917 3485 2976 ponuntur
3505 2949 3519 2973 ,
3541 2909 3609 2964 de
3631 2911 3828 2978 quibus

2249 3002 2484 3049 tractare
2511 3011 2653 3048 nunc
2679 3005 2733 3049 et
2758 2995 2975 3067 longum
3003 3007 3087 3053 est
3111 3007 3167 3054 et
3196 3001 3542 3069 superﬂuum,
3571 3002 3825 3070 quoniam

2250 3089 2302 3141 in
2333 3089 2568 3144 secundo
2587 3092 2956 3160 copiosissime
2971 3094 3284 3148 actitantur.
3311 3094 3366 3147 ln
3393 3110 3457 3149 eo
3484 3095 3529 3126 ³³
3557 3110 3683 3150 vero
3699 3136 3713 3159 ,
3737 3097 3826 3164 qui

2249 3187 2332 3231 est
2359 3179 2426 3232 de
2454 3179 2648 3234 divinis
2673 3183 2998 3247 nominibus,
3031 3184 3450 3252 peripetesmata
3471 3184 3516 3215 ’⁸
3549 3185 3681 3238 radii
3704 3194 3827 3239 sunt

2249 3269 2573 3338 principales
2617 3287 2833 3337 causae,
2885 3277 3034 3329 verbi
3078 3278 3250 3347 gratia
3296 3279 3532 3344 bonitas,
3573 3280 3822 3342 essentia,

2248 3359 2382 3424 vita,
2413 3360 2699 3429 sapientia,
2732 3365 2954 3430 veritas,
2985 3361 3174 3433 vii'tus,
3201 3378 3254 3422 et
3280 3368 3500 3422 similia.
3527 3369 3591 3422 Et
3623 3379 3680 3422 ut
3706 3370 3827 3422 bre-

2247 3449 2384 3503 viter
2422 3450 2615 3517 dicam,
2671 3470 2861 3509 omnes
2912 3457 3118 3525 species
3169 3459 3394 3515 visibilis
3446 3471 3500 3515 et
3549 3461 3826 3516 invisibilis

2247 3548 2528 3597 creaturae
2547 3583 2561 3606 ,
2594 3559 2889 3614 omnesque
2916 3547 3235 3618 allegoriae,
3265 3551 3379 3604 sive
3411 3553 3462 3604 in
3502 3551 3659 3606 factis
3678 3593 3691 3617 ,
3717 3553 3828 3607 sive

2246 3629 2300 3683 in
2329 3632 2508 3698 dictis,
2533 3649 2628 3704 per
2661 3651 2876 3690 omnem
2908 3647 3150 3692 sanctam
3189 3641 3469 3709 utriusque
3499 3640 3828 3697 Testamenti

2249 3720 2623 3789 Scripturam,‘
2651 3725 2917 3780 velamina
2956 3729 3165 3796 paterni
3218 3729 3354 3783 radii
3402 3741 3565 3796 sunt,
3608 3740 3666 3786 et
3714 3732 3828 3800 ipse

2246 3810 2433 3864 radius
2453 3814 2746 3868 secundum
2762 3831 2980 3871 carnem
2999 3833 3150 3872 suam
3167 3821 3362 3874 suimet
3378 3823 3674 3876 secundum
3700 3823 3824 3877 Dei-

2251 3911 2416 3957 tatem
2459 3905 2752 3960 maximum
2779 3908 3020 3963 velamen
3048 3919 3131 3965 est
3168 3911 3427 3981 nobisque
3455 3915 3826 3970 connaturale.

2317 3993 2345 4065 ᾗ
2391 3995 2445 4048 5.
2486 3995 2740 4065 Sequitur
2768 4017 2783 4053 :
2813 3998 3035 4070 Propter
3070 4003 3209 4071 quod
3243 4012 3292 4056 et
3319 4005 3703 4059 sanctissimam
3738 4023 3831 4058 no~

2241 4093 2403 4137 stram
2426 4086 2734 4141 ierarcltiam
2763 4090 3068 4166 τιλστάρχις
3083 4092 3142 4146 ,³⁵
3163 4110 3433 4148 sacrorum
3455 4096 3638 4165 positio
3655 4094 3826 4148 caele-

2240 4174 2397 4227 stium
2430 4175 2808 4232 ieram/ciarum
2845 4181 3276 4250 supermundana
3299 4185 3586 4238 imitatione
3609 4183 3825 4252 dignam

2232 4263 2509 4332 judicans,
2525 4278 2572 4321 et
2592 4269 2760 4323 dictas
2781 4271 3151 4326 immateriales
3167 4274 3458 4329 ierarchias
3471 4274 3826 4329 materialibus

2246 4357 2432 4426 ﬁguris
2448 4368 2496 4411 et
2513 4359 2817 4425 formalibus
2832 4361 2876 4391 ²⁶
2896 4362 3350 4431 compositionibus
3372 4365 3649 4434 uariﬁcans
3664 4366 3826 4418 tradi-

2241 4448 2296 4500 di
2301 4447 2492 4502 ε.οτᾱο
2508 4451 2792 4505 verborum
2807 4452 2874 4504 ’τε
2891 4451 3120 4523 PrOpter
3134 4455 3278 4522 Quod
3292 4454 3828 4528 tradidituhz-c’tpxzc

2245 4553 2518 4594 sacrorum
2550 4542 2768 4608 positio,
2793 4542 2893 4597 hoc
2927 4552 3029 4609 est,
3069 4544 3467 4599 teletarchicum
3502 4543 3548 4574 "
3579 4547 3829 4598 sacerdo-

2248 4629 2410 4694 tium,
2457 4638 2512 4683 et
2566 4633 2968 4687 sanctissimam
3023 4645 3265 4689 nostram
3315 4633 3639 4688 ierarchiam
3681 4632 3827 4701 judi-

2240 4736 2369 4774 cans
2417 4721 2637 4791 dignam
2701 4726 3134 4796 supermundana
3177 4728 3479 4782 imitatione
3513 4726 3822 4781 caelestium

2238 4805 2665 4878 ierarchia’rum,
2724 4825 2780 4870 et
2838 4819 3128 4875 varificans
3201 4821 3373 4876 dictas
3441 4819 3824 4874 immateriales

2236 4903 2535 4962 ierarchias
2554 4908 2927 4965 materialibus
2957 4911 3144 4980 ﬁguris
3171 4921 3226 4967 et
3255 4910 3572 4968 formalibus
3601 4911 3647 4943 "
3675 4926 3824 4968 com-

1830 5008 2084 5069 VARIAE
2122 5015 2526 5078 LECTIONES.

541 5170 544 5172 _
626 5109 951 5194 {SicJABil
1003 5167 1008 5172 .
1077 5113 1526 5194 ’_Bl§ursum_e§t,_
1551 5085 1715 5194 ducit.

552 5183 974 5248 redemptionem.
1106 5185 1126 5214 “
1166 5183 1343 5252 Corr.,
1396 5189 1528 5243 ΑΒΕ
1555 5191 1730 5243 studio
1776 5192 2039 5251 invisibili.

549 5253 645 5307 hoc
677 5254 826 5308 libro.
931 5255 952 5285 ⁹
988 5254 1051 5307 Β⁴
1085 5272 1255 5308 mam.
1312 5258 1489 5308 adscr.
1547 5259 1620 5308 De
1672 5264 2039 5308 nrnnhelinnni

549 5297 642 5307 ---ν
988 5297 1029 5307 .,
1085 5297 1191 5310 ......
1242 5297 1255 5310 .
1312 5297 1489 5312 mm...
1547 5297 1618 5312 νυ

547 5321 592 5375 Β
643 5324 1021 5390 subcumbenti,
1068 5324 1130 5378 B‘
1186 5297 1329 5382 (ξπ-ι’.
1375 5297 1747 5384 succttmbeiiti.

549 5394 957 5448 aunaritionum.
1069 5397 1112 5426 “
1149 5395 1190 5448 Β
1214 5414 1295 5448 ac.
1403 5399 1444 5429 ¹³
1472 5399 1513 5448 Β
1542 5401 1747 5448 eauuim

549 5399 957 5460 apparitionum.
1069 5399 1112 5426 "
1149 5399 1190 5448 Β
1214 5414 1295 5451 ac.
1403 5399 1444 5429 ¹³
1472 5399 1513 5451 Β
1542 5401 1786 5468 equuina.
1901 5405 1945 5436 ί*
1981 5409 2043 5462 Β·

549 5458 684 5536 l_i_br_o
726 5466 953 5536 gignenti
995 5467 1086 5536 qui
1131 5477 1205 5520 est
1246 5467 1310 5521 de
1351 5468 1699 5524 ecclesiastica
1733 5473 2048 5531 ilierarchia.

727 5527 1018 5606 Cherubin,
1057 5537 1136 5591 sic
1175 5537 1394 5606 ubique.

551 5597 598 5627 ²²
640 5597 914 5680 SicuABC,
961 5597 1154 5680 supple
1203 5597 1549 5662 Testamento.

553 5668 862 5723 nominibus.

553 5751 606 5813 et
629 5737 993 5813 _tlteletaf_cltis,
1031 5743 1069 5813 i_.
1108 5737 1579 5813 efperfectissima.

556 5805 749 5859 «bium.
826 5807 870 5839 ⁸⁸
911 5805 1000 5865 Sic
1041 5811 1154 5878 BC;
1181 5805 1218 5864 Ἀ
1246 5805 1625 5880 formabilibus.

1850 5125 1880 5202 '_
1991 5143 2140 5202 corr.
2188 5133 2535 5202 reﬁcerentur.

2185 5201 2205 5232 ⁷
2247 5219 2309 5255 ac
2333 5220 2441 5258 om.
2472 5205 2578 5260 AC.

931 5205 974 5236 πι-
1035 5256 1051 5273 .
1106 5205 1126 5214 "
1166 5205 1343 5252 υοῐΨου
1396 5205 1528 5243 Ali!»
1555 5205 1730 5243 studio
1776 5205 2039 5278 iniustam.
2185 5205 2205 5232 ⁷
2247 5219 2309 5255 ac
2333 5220 2441 5258 om.
2472 5205 2578 5260 AC.
2713 5209 2734 5239 ⁸
2774 5209 2836 5260 B'
2869 5225 3039 5282 marg.
3070 5205 3250 5266 adscr.
3299 5212 3374 5265 De
3398 5213 3587 5281 quibus

1069 5258 2427 5351 gargfnadfft-Mlgf“prophetica.uisionem-modo
2451 5278 2798 5351 reuelationis,
2839 5291 2888 5334 et
2932 5297 3096 5351 quare
3135 5282 3211 5334 sic
3240 5282 3301 5349 fit
3327 5281 3587 5336 revelatio.

1519 5481 1699 5568 ξςεὲξίι
1733 5481 2192 5568 Ἄξειίηνειιίᾳ.ώι¹⁸
2228 5482 2323 5568 Sic
2352 5485 2472 5568 AC3
2602 5490 2923 5568 habitacula.

1598 5537 1687 5594 Sic
1734 5541 1850 5606 BC;
1906 5547 1952 5598 A
2005 5537 2315 5607 volutantes.

3353 5105 3358 5108 ’
3433 5139 3823 5206 usus-(1w

2713 5209 2734 5239 ⁸
2774 5209 2836 5260 B'
2869 5225 3039 5282 marg.
3070 5209 3250 5266 adscr.
3299 5212 3374 5265 De
3398 5213 3587 5281 quibus
3637 5214 3741 5281 agit
3767 5213 3822 5266 in

2713 5280 2798 5336 iis.
2839 5291 2888 5334 et
2932 5297 3096 5336 auare
3135 5282 3211 5334 sic
3242 5282 3301 5336 lit
3327 5281 3587 5336 revelatio.
3694 5281 3737 5313 ⁸⁸
3775 5282 3818 5336 Α

2659 5138 2680 5168 ἰ
2715 5137 2931 5212 Β-Ιιὶἱε,
2980 5142 3058 5197 sic
3107 5141 3325 5212 ubique.

1861 5335 2229 5436 “usiﬁﬁABC,
2258 5342 2316 5394 δ’
2338 5361 2512 5436 Jcorr.
2559 5335 3043 5436 liftiqzie:;etnmarg.
3087 5335 3269 5436 adscr.
3304 5351 3383 5436 Dne
3409 5352 3823 5434 diversismodis

1981 5409 2068 5487 Β*
2098 5425 2286 5487 marg.
2300 5415 2476 5487 adscr.
2502 5434 2653 5487 quae.

2755 5420 2801 5451 ¹³
2840 5421 2880 5474 Β
2913 5420 3081 5492 marg.
3113 5423 3292 5492 adscr.
3319 5421 3400 5474 De
3420 5438 3521 5492 quo
3550 5423 3727 5491 agitur
3766 5423 3824 5476 iu

3038 5491 3079 5525 (τ
3118 5491 3210 5546 ΑΒ
3254 5492 3436 5557 archa,
3477 5491 3819 5562 siequbique.

2425 5557 2467 5587 ⁹⁰
2508 5557 2598 5612 Sic
2653 5559 2789 5628 AC3;
2854 5561 2892 5615 Β
2939 5563 3355 5617 similitudinem.
3479 5561 3525 5592 ’ί
3563 5561 3605 5614 Β
3661 5557 3822 5617 nono.

961 5609 1154 5703 fypple
1203 5609 1549 5662 Testamento.
1681 5609 1726 5700 ’ξ
1755 5612 1816 5665 Β·
1841 5630 2011 5688 marg.
2063 5621 2244 5703 adscr.
2276 5624 2352 5678 De
2384 5643 2486 5707 quo
2528 5609 2817 5696 nutri"
2855 5609 3368 5697 Ἶεῶῖῖὶὲἦῐὸῗῖιὶ
3397 5641 3474 5686 est
3520 5609 3599 5685 ιιῖ
3627 5609 3821 5686 εἰέιῖίῖιῦ

1043 5676 1132 5728 ΑΒ
1166 5688 1597 5728 oerunetasmata.
1661 5677 1703 5728 B
1760 5699 1920 5728 summ
1978 5703 2067 5728 αρι-
2141 5693 2196 5728 ,ιι
2225 5704 2300 5728 an
2347 5697 2480 5728 .-.i.:
2532 5697 2571 5728 ρ
2607 5717 2697 5728 ..-..
2728 5713 3052 5728 ..--.---._._
3179 5703 3228 5728 η
3355 5717 3510 5728 ..--..-.
3572 5700 3734 5728 -.a---
3779 5701 3798 5728 .-

1165 5688 1597 5812 peryfetasmata.
1661 5677 1726 5732 Β·
1760 5699 1921 5754 supra
1961 5677 2083 5770 Vscr.
2141 5693 2196 5745 id
2225 5704 2300 5747 est
2334 5677 2503 5769 ra'dii.
2727 5677 3228 5772 ypeta's'nta'tafmﬁ

1185 5761 1276 5824 Ρεζ
1300 5756 1579 5824 “mili!!!”-
1690 5750 1736 5782 ⁸⁸
1773 5754 1818 5808 Α
1852 5754 2229 5824 formabtlibas.
2345 5767 2388 5796 ’⁷
2425 5765 2486 5818 Β·
2519 5784 2676 5824 sunra
2713 5789 2818 5824 scr.
2850 5784 2946 5824 est.
3051 5771 3096 5804 ’⁸
3139 5773 3228 5824 Coi

3312 5707 3326 5722 '
3355 5717 3528 5758 mam.
3571 5700 3752 5756 adscr.
3779 5701 3819 5754 i.

2345 5767 2388 5796 ’⁷
2425 5765 2486 5818 Β·
2519 5765 2676 5838 supra
2713 5765 2818 5826 ser.
2850 5784 2946 5826 est.
3051 5771 3096 5804 ’⁸
3139 5773 3292 5829 Corr.
3321 5773 3414 5837 B',
3444 5765 3576 5826 ΑΒΕ
3610 5771 3823 5826 ιοιειανρ
