4178 6266
567 333 674 387 145

1662 323 2157 383 EXPOSITIONES
2194 327 2477 385 JOANNIS
2516 324 2713 383 SCOTI

3715 333 3817 387 Nl

561 441 859 515 aequaliter
902 456 1021 497 cum
1077 438 1280 510 angelis
1326 438 1381 491 in
1433 436 1882 507 simplicissimum
1923 452 2136 507 puram-
2161 448 2212 507 Α
2237 449 2500 508 quentant
2552 439 2594 470 “
2645 438 2854 493 actione
2908 444 2963 491 et
3010 436 3256 490 scientia.
3335 437 3537 493 Deinde
3579 439 3820 496 caelestes

561 552 670 611 que
706 531 1169 591 incommutabilis
1237 529 1481 585 veritatis
1543 529 1981 599 speculationem.
2028 528 2138 585 Sed

564 627 812 685 fortassis
832 623 1123 696 prolixius,
1149 635 1311 692 quam
1340 636 1429 676 res
1458 620 1645 690 exigit,
1674 621 1908 690 primum
1933 621 2141 690 capitu-

566 720 680 775 lum
732 716 1108 788 exposuimus;
1170 721 1369 781 quanta
1438 720 1618 767 tamen
1688 711 1742 765 in
1794 712 2142 780 sequentibus

569 811 794 882 aperiat,
822 806 1090 862 studiosus
1117 803 1306 866 lector,
1330 802 1386 856 ni
1420 801 1595 866 fallor,
1630 802 1884 857 inveniet.
1912 799 2142 869 Explicit

570 908 822 955 tractatus
845 898 909 951 de
934 897 1102 967 primo
1147 891 1443 963 capitulo‘.
1494 891 1686 962 Incipit
1728 891 1792 945 de
1834 890 2079 946 secundo.

1103 1023 1501 1082 CAPITULUM
1534 1021 1599 1079 ll.

637 1158 872 1218 Secundi
914 1155 1137 1227 capituli
1174 1159 1470 1232 επέτραμμα
1500 1155 1522 1186 '
1563 1162 1649 1209 est
1684 1168 1698 1207 :
1730 1152 1990 1220 Quoniam
2031 1155 2145 1224 pul-

566 1253 713 1325 chre”
730 1249 907 1303 divina
935 1257 984 1301 et
1030 1246 1271 1301 caelestia
1301 1246 1457 1299 etiam
1482 1261 1574 1315 per
1602 1243 1878 1298 dissimilia
1912 1243 2145 1313 symbolo

567 1342 992 1410 manifestantur.
1037 1336 1248 1403 Divina,
1271 1338 1485 1415 inquit,
1525 1344 1579 1390 et
1598 1335 1869 1399 caelestia,
1903 1337 2004 1390 hoc
2039 1343 2143 1401 est,

568 1433 833 1490 caelestes
870 1432 1129 1494 .virtut'es,
1181 1428 1361 1501 [quas]
1406 1430 1428 1460 ³
1474 1427 1701 1498 tbeOIOg-i
1750 1427 1801 1480 in
1853 1437 1964 1481 tres
2011 1426 2146 1479 divi-

569 1524 1051 1601 dunttierarchias,
1099 1522 1240 1577 sicut
1268 1522 1320 1576 in
1345 1536 1597 1590 processu
1626 1519 1928 1589 praesentis
1965 1518 2145 1586 operis

569 1615 971 1680 declarabitur,
1002 1612 1223 1683 pulchre
1278 1626 1375 1681 per
1416 1609 1654 1681 symbola
1679 1650 1694 1674 ,
1737 1607 1981 1678 quamvis
2010 1608 2090 1661 eis
2123 1608 2145 1637 ’δ

568 1704 1006 1774 dissimiliasint,
1046 1700 1461 1756 manifestantur
1488 1699 1644 1754 nobis
1672 1706 1725 1753 et
1753 1697 2141 1769 signiﬁcantur.

2240 532 2528 585 ierarchias
2596 529 2814 584 laudare
2867 528 3151 583 secundum
3212 529 3450 597 ipsarum
3501 531 3559 585 in
3604 531 3819 601 eloquiis

2241 620 2738 689 manifestationem,
2770 619 3026 673 subaudis
3054 634 3085 671 a
3130 619 3504 689 superioribus
3534 639 3547 675 :
3588 632 3815 691 oportet.

2243 712 2321 766 Ac
2347 712 2390 765 si
2437 711 2643 766 diceret
2678 728 2693 763 :
2724 709 2852 764 Post
2893 709 3162 779 generalis
3208 709 3508 765 ierarchiae
3531 751 3546 776 ,
3597 713 3820 783 ejusque

2245 800 2538 856 {amarum
2582 810 2636 854 et
2661 799 2981 868 specierum,
3029 807 3086 853 et
3114 799 3359 855 utilitatis
3405 801 3821 872 uniuscujusque

2244 906 2430 946 earum
2475 890 2669 945 divinis
2702 887 3088 953 laudatoribus,
3120 889 3221 944 hoc
3266 898 3345 944 est
3370 889 3470 955 his,
3516 892 3607 959 qui
3637 893 3818 948 divina

2246 988 2448 1035 canunt
2498 979 2756 1033 interiore
2799 988 2853 1032 et
2883 979 3152 1033 exteriore
3179 979 3354 1040 laude.
3398 982 3814 1048 speculationem

2247 1078 2640 1138 consequenter
2678 1078 2887 1137 oportet
2914 1068 3174 1123 caelestes
3237 1070 3528 1125 ierarchias
3574 1070 3813 1137 laudare,

2247 1158 2550 1230 gloriﬁcare
2588 1156 2837 1211 videlicet
2882 1164 2939 1211 et
2977 1158 3310 1226 praedicare,
3340 1155 3495 1225 juxta
3543 1173 3641 1213 sua
3686 1162 3741 1214 in
3773 1158 3817 1195 "

2249 1251 2443 1307 divinis
2469 1249 2695 1319 eloquiis
2742 1247 3136 1318 symbola,‘per
3186 1263 3345 1319 quae,
3394 1232 3642 1317 quamvis
3668 1251 3821 1307 dissi-

2249 1342 2395 1397 milia
2426 1341 2553 1405 sint,
2604 1341 2760 1395 nobis
2805 1339 3234 1395 manifestantur.
3277 1339 3758 1413 Consequenterque
3783 1343 3824 1376 ³⁸

2249 1434 2330 1486 his
2363 1433 2567 1495 dicere,
2594 1430 2834 1500 qualibus
2863 1431 3051 1485 divinis
3076 1431 3475 1500 formationibus
3504 1433 3747 1488 caelestes
3766 1435 3827 1502 ﬁ-

2249 1532 2439 1590 gurant
2458 1521 2666 1579 ordines
2689 1519 3012 1589 eloquiorum
3030 1536 3210 1577 sacrae
3226 1522 3592 1590 descriptiones
3610 1522 3672 1575 ".
3695 1521 3823 1576 Dum
3846 1581 3860 1593 ο

2251 1613 2385 1667 haec
2407 1652 2423 1677 ,
2452 1610 2648 1681 inquit,
2671 1625 2809 1679 quae
2837 1611 3220 1680 praediximus,
3242 1614 3589 1681 consequenti
3614 1622 3827 1668 natura-

2252 1701 2396 1771 lique
2446 1700 2635 1756 ordine
2688 1698 2888 1754 fuerint
2937 1700 3271 1755 considerata
3295 1740 3311 1764 ,
3352 1709 3568 1770 oportet
3607 1702 3824 1767 dicere,

564 1794 719 1849 Nulla
746 1792 1007 1864 siquidem
1052 1789 1318 1845 sensibilis
1359 1789 1563 1858 species
1600 1795 1718 1850 est,
1768 1802 1905 1856 quae
1926 1787 2147 1841 omnino
2174 1794 2223 1871 Β
2252 1792 2440 1863 quales
2474 1791 2687 1845 divinas
2733 1789 3083 1845 formationes
3138 1799 3445 1847 sanctorum
3494 1792 3826 1862 eloquiorum

567 1881 1005 1954 intelligibilium.
1041 1878 1445 1934 similitudinem
1522 1886 1859 1948 assequatur.
1923 1876 2151 1948 Longe'

566 1976 712 2031 enim
756 1991 787 2028 a
833 1989 891 2028 se
936 1972 1263 2039 discrepant,
1318 1977 1374 2023 et
1419 1970 1630 2037 penitus
1681 1968 1960 2024 dissimilia
2005 1976 2148 2033 sunt,

564 2079 712 2136 quae
741 2079 901 2119 sensu
934 2073 1197 2131 corporeo
1246 2059 1617 2123 extrinsecus,
1646 2059 1731 2112 vel
1759 2072 1898 2126 quae
1926 2058 1948 2087 °
1976 2057 2148 2126 pham

568 2156 758 2212 tastice
825 2153 1053 2210 interius
1114 2158 1413 2225 apparent,
1459 2159 1518 2203 ut
1582 2158 1709 2204 sunt
1754 2150 1987 2204 visiones
2041 2150 2153 2203 sive

567 2244 1017 2321 sompniantium,
1045 2256 1155 2315 seu
1202 2241 1397 2296 mentis
1422 2254 1726 2304 excessum,
1770 2254 1929 2309 quem
1961 2238 2150 2294 Graeci

572 2336 823 2409 Exorata
848 2336 883 2408 ⁷,
916 2344 1149 2399 vocant,
1200 2333 1521 2403 patientium
1570 2333 1625 2386 in
1672 2332 1883 2402 spiritu,
1936 2341 1993 2386 et
2039 2344 2102 2385 ea
2131 2330 2153 2362 ⁸

568 2441 713 2499 quae
735 2439 870 2497 puro
897 2434 969 2499 et.
996 2424 1186 2478 intimo
1234 2423 1429 2477 mentis
1472 2422 1742 2486 contuitu,
1795 2420 1939 2475 nulla
1984 2422 2154 2492 phan-

571 2517 710 2572 tasia
740 2531 834 2571 seu
868 2512 1123 2591 sensibili
1171 2511 1353 2582 specie
1401 2511 1740 2581 interposita,
1785 2525 1882 2580 per
1932 2526 1992 2565 se
2039 2510 2153 2579 ipsa

571 2606 963 2683 intelliguntur.
994 2603 1079 2682 ‘At
1114 2619 1242 2660 vero
1280 2603 1535 2673 quoniam
1574 2611 1757 2658 noster
1802 2603 2055 2669 animus,
2095 2612 2157 2658 ut

571 2698 840 2769 superiori
866 2697 1102 2777 capitulo
1129 2695 1476 2776 dictumest,
1533 2696 1599 2750 ad
1641 2697 1811 2766 ipsam
1863 2693 2152 2750 intimam’

554 2789 995 2865 intelligibilium
1038 2772 1216 2844 rérum
1262 2772 1681 2863 speculationem
1723 2802 1849 2842 non-
1877 2786 2151 2851 continuo,

573 2882 715 2937 nulla
746 2881 1017 2957 mediante
1038 2881 1466 2957 intercapedine,
1495 2888 1672 2950 potest
1699 2880 2011 2945 ascendere,
2034 2878 2154 2948 pul-

573 2973 703 3051 chre
742 2973 921 3051 divina
951 2970 1295 3024 Providentia
1326 2969 1603 3025 dissimilia
1638 2970 1880 3038 symbola
1921 2971 2157 3039 interpo-

546 3048 702 3133 suit,
722 3048 927 3137 _similia
956 3059 1170 3127 quidem
1207 3058 1363 3113 nobis
1397 3060 1571 3114 adhuc
1597 3060 1869 3129 corporeis
1913 3059 2155 3115 sensibus

2257 1899 2445 1940 sacrae
2472 1884 2858 1954 descriptiones
2891 1882 2961 1947 ‘°,
3005 1884 3107 1938 hoc
3155 1893 3258 1950 est,
3306 1891 3492 1940 sancta
3537 1884 3831 1941 formarum

2256 1975 2572 2032 assimilatio
2601 1977 2667 2031 ad
2714 1975 2971 2031 caelestes
3017 1976 3234 2031 ordines
3274 1977 3656 2048 signiﬁcandos
3698 1976 3845 2047 ﬁgu-b

2258 2075 2380 2119 rant
2405 2075 2564 2135 atque
2591 2065 2950 2131 conformant,
2978 2076 3156 2120 utrum
3185 2065 3462 2122 absolutae
3489 2067 3597 2123 sint
3624 2076 3681 2137 et
3703 2083 3733 2121 a
3769 2081 3830 2124 se

2259 2155 2487 2211 invicem
2547 2156 2883 2213 naturalibus
2928 2148 3246 2213 diﬁ‘erentiis
3307 2156 3591 2217 discretae.
3638 2167 3695 2211 ut
3743 2164 3828 2213 est

2258 2247 2492 2301 hominis
2514 2246 2740 2315 efﬁgies,
2770 2261 2864 2301 seu
2896 2246 3084 2309 leonis,
3122 2260 3217 2300 seu
3246 2246 3473 2317 aquilae,
3503 2262 3571 2301 an
3600 2245 3827 2301 diversis

2257 2337 2580 2392 naturalium
2632 2352 2812 2392 rerum
2865 2338 3187 2408 imaginibus
3213 2353 3317 2392 una
3358 2338 3617 2409 quaedam
3660 2339 3831 2393 mixta

2257 2436 2314 2482 et
2331 2428 2624 2497 composita
2651 2428 2963 2499 imaginatio
2990 2428 3060 2481 sit
3084 2428 3148 2492 “,
3180 2437 3238 2483 ut
3265 2436 3381 2483 rota
3407 2429 3630 2503 inqrota,
3661 2429 3833 2503 mixta

2257 2533 2470 2587 quoque
2500 2527 2729 2588 quatuor
2776 2517 3049 2584 animalia,
3082 2519 3182 2579 sibi
3232 2518 3460 2574 invicem
3504 2519 3558 2572 in
3611 2517 3833 2587 singulis

2257 2623 2522 2664 connexa.
2558 2608 2818 2679 Sequitur
2849 2627 2861 2661 :
2912 2617 2959 2661 et
2993 2609 3060 2661 ad
3090 2607 3293 2677 qualest!
3322 2615 3519 2676 oportet
3553 2606 3833 2661 ascendere

2255 2715 2348 2768 per
2387 2697 2583 2767 formas
2619 2700 2884 2752 ueritatem
2924 2698 2992 2761 ",
3036 2696 3178 2753 velut
3217 2695 3262 2727 ⁸³
3288 2695 3594 2764 expressius
3645 2680 3842 2749 trans?

2257 2789 2387 2845 ferri
2414 2796 2605 2858 potest-
2635 2807 2647 2841 :
2675 2803 2772 2859 per
2799 2788 3054 2858 ﬁgmenta
3092 2787 3145 2841 in
3189 2801 3293 2841 non
3326 2785 3659 2855 ﬁgmentum.
3690 2784 3834 2840 Con-

2258 2896 2487 2951 sequens
2516 2889 2614 2943 est,
2649 2881 2841 2950 inquit,
2887 2881 3085 2945 dicere,
3120 2880 3183 2934 ad
3204 2878 3413 2948 qualem
3444 2886 3501 2932 et
3538 2891 3701 2947 quam
3729 2892 3832 2946 pu-

2259 2989 2374 3028 ram
2415 2979 2471 3027 ct
2540 2973 2807 3027 sinceram
2859 2970 3270 3042 intelligibilinm
3322 2984 3501 3025 rerum
3554 2969 3833 3025 veritatem

2257 3066 2405 3120 omni
2455 3064 2711 3135 ﬁgmento
2750 3073 3021 3118 carentem
3066 3070 3282 3133 oportet
3330 3077 3428 3116 nos
3471 3061 3618 3115 claro
3643 3060 3834 3115 mentis

575 3150 1123 3229 detentis,qdissimilia
1143 3148 2150 3218 veropurisintellecﬁbus,adquorum
2181 3145 2225 3209 C
2257 3157 2503 3213 contuitu
2538 3157 2847 3212 ascendere.
2899 3155 2965 3210 Et
3007 3170 3112 3225 qua
3168 3155 3377 3209 ratione
3420 3151 3677 3208 debemus
3724 3160 3831 3205 tam

577 3239 1083 3317 contemplationem
1118 3253 1215 3308 per
1240 3238 1329 3292 illa
1358 3247 1542 3293 noster
1578 3238 1791 3294 ducitur
1824 3239 2149 3296 intellectus.

650 3327 679 3399 §
718 3332 770 3382 1.
805 3326 1017 3398 Oportet
1049 3328 1229 3397 igitur,
1259 3336 1314 3380 ut
1343 3328 1579 3392 aestimo,
1627 3329 1851 3397 primum
1879 3345 2153 3399 exponere,

577 3436 737 3490 quam
782 3418 992 3490 quidem
1041 3436 1150 3497 esse
1197 3418 1604 3488 speculationem
1655 3423 1822 3476 omnis
1867 3423 2156 3477 ierarchiae

578 3511 935 3567 aestimamus.
963 3511 1078 3567 Hoc
1100 3520 1182 3567 est
1208 3531 1221 3565 :
1243 3513 1375 3568 ordo
1403 3528 1580 3569 rerum
1604 3515 1793 3587 exigit,
1817 3524 1874 3569 ut
1900 3516 2153 3582 arbitror,

578 3603 894 3681 priusquam
923 3603 989 3657 ad
1032 3603 1422 3673 expositionem
1458 3603 1501 3635 ¹⁰
1527 3605 1862 3661 dissimilium
1897 3606 2159 3679 symbolo-

583 3706 728 3756 rum,
758 3706 856 3761 per
882 3707 1022 3762 quae
1048 3692 1114 3747 ad
1140 3708 1329 3763 puram
1357 3693 1667 3749 caelestium
1709 3696 1966 3751 virtutum
1994 3698 2159 3752 visio-

578 3794 717 3859 nem
755 3781 965 3835 animus
1014 3770 1408 3846 introducitur,
1462 3766 1741 3838 veniamus
1789 3783 1831 3816 “
1865 3824 1880 3849 ,
1926 3785 2157 3854 primum

580 3870 888 3954 explanare,
916 3860 1155 3942 qualem,
1178 3873 1593 3945 speculationem
1620 3916 1636 3940 ,
1688 3875 1742 3930 id
1777 3884 1862 3932 est
1883 3858 1915 3942 ,1
1946 3876 2156 3946 qualem

581 3959 956 4019 deﬁnitionem
1002 3965 1307 4035 iudicamus
1350 3981 1471 4021 esse
1515 3966 1692 4022 omnis
1734 3966 2053 4033 ierarcbiae,
2103 3969 2159 4024 id

583 4063 669 4111 est
693 4054 1013 4133 universalis
1041 4055 1358 4133 ierarchiae.
1389 4056 1485 4112 Est
1509 4056 1653 4113 enim
1681 4057 1947 4126 generalis
1992 4059 2160 4113 ierar-

580 4143 726 4208 chia,
761 4159 925 4213 quam
950 4145 994 4177 “
1021 4146 1345 4216 generaliter
1370 4155 1585 4217 oportet
1627 4135 1836 4204 deﬁniri
1861 4190 1877 4216 ,
1907 4150 2162 4219 quoniam
2218 4144 2221 4145 ⁷

540 4236 545 4241 ’
582 4236 942 4291 subdividitur
961 4236 1016 4291 in
1037 4237 1233 4315 multas
1262 4238 1581 4307 ierarchias,
1603 4254 1743 4308 quae
1765 4240 1927 4295 veluti
1957 4242 2162 4310 species

581 4327 757 4401 ipsius
794 4337 1210 4399 sunt,'suasque
1249 4329 1510 4399 speciales
1552 4329 1895 4386 deﬁnitiones
1938 4332 2006 4386 ab
2050 4331 2164 4385 lau-

2256 3249 2362 3303 alte
2439 3247 2765 3303 ascendere?
2807 3246 3065 3316 Sequitur
3109 3264 3121 3299 :
3171 3255 3229 3298 ut
3276 3260 3380 3298 non
3432 3252 3481 3297 et
3527 3258 3619 3297 nos
3657 3242 3833 3296 eodem

2255 3336 2410 3392 modo
2446 3337 2578 3391 velut
2605 3336 2784 3391 multis
2811 3337 2857 3367 "
2885 3334 3149 3390 immunda
3198 3333 3551 3389 existimemus
3590 3329 3831 3387 caelestes

2255 3436 2303 3482 et
2324 3427 2605 3496 deiformes
2626 3428 2829 3482 animos
2851 3426 3155 3501 multipedes
3175 3441 3286 3481 esse
3296 3424 3572 3496 quosdam,
3585 3431 3631 3477 et
3645 3422 3837 3476 multo-

2260 3534 2375 3571 rum
2391 3518 2645 3582 vultuum,
2667 3527 2715 3572 et
2740 3517 2808 3571 ad
2828 3518 2982 3571 boum
3002 3516 3426 3587 pecudalitatem,
3438 3524 3529 3570 aut
3546 3514 3614 3569 ad
3630 3513 3837 3569 leonum

2252 3606 2521 3689 [bestialem‘
2547 3607 2973 3676 imaginationem
2988 3605 3248 3674 formatos
3270 3604 3339 3669 “,
3363 3613 3412 3660 et
3440 3604 3509 3658 ad
3535 3602 3836 3674 aquilarum

2259 3712 2413 3750 curuo
2456 3706 2623 3751 rostro
2670 3696 2887 3765 speciem
2913 3735 2929 3760 ,
2959 3705 3051 3749 aut
3095 3695 3166 3748 ad
3208 3693 3498 3750 volatilium
3523 3691 3834 3763 tripertitam

2259 3788 2463 3842 alarum
2500 3786 2892 3841 commotionem
2946 3784 3268 3855 efﬁguratos.
3329 3784 3405 3839 Ea
3458 3783 3596 3839 ratio
3619 3791 3722 3848 est,
3761 3781 3838 3836 in-

2261 3876 2396 3949 quit,
2427 3890 2566 3946 quae
2590 3891 2687 3930 nos
2713 3875 2965 3930 admonet
2987 3875 3031 3906 ’⁸
3053 3915 3069 3940 ,
3093 3873 3234 3929 ultra
3283 3887 3474 3930 omnes
3498 3872 3836 3945 propheticus

2226 3960 2495 4047 q'visiones
2543 3973 2596 4021 et
2638 3963 2989 4020 formationes
3034 3965 3232 4019 mentis
3269 3963 3511 4018 contuitu
3538 3960 3836 4031 supervoli-

2262 4068 2400 4121 tare,
2429 4070 2498 4112 ne
2525 4065 2581 4112 et
2608 4072 2709 4112 nos
2736 4058 2922 4111 eodem
2972 4056 3132 4112 modo
3150 4095 3169 4122 ,
3218 4055 3359 4110 sicut
3385 4062 3441 4109 et
3466 4053 3617 4109 multi
3646 4065 3837 4108 carna-

2263 4152 2387 4208 liter
2413 4151 2713 4222 spiritualia
2742 4151 3057 4221 cogitantes,
3109 4156 3165 4205 et
3191 4147 3334 4205 ultra
3362 4161 3425 4202 ea
3445 4186 3462 4213 ,
3489 4146 3644 4216 quae
3673 4156 3839 4199 sensu

2262 4257 2523 4312 corporeo
2570 4242 2906 4312 percipiunt,
2952 4238 3086 4295 nihil
3133 4239 3177 4272 "’
3228 4248 3351 4303 φο
3392 4234 3679 4292 immundis
3725 4233 3843 4289 suis

2262 4331 2674 4404 cogitationibus
2701 4332 2747 4363 ’⁸
2778 4339 3050 4402 putantes,
3078 4330 3481 4393 existimemus,
3512 4324 3714 4383 similes
3735 4323 3841 4378 illis

585 4416 881 4472 (latoribus.
916 4414 983 4469 Et
1012 4415 1058 4447 "
1081 4417 1206 4486 quid
1233 4432 1570 4487 unaquaeque
1595 4457 1611 4481 ,
1659 4418 1866 4487 species
1899 4419 2153 4487 generalis

2266 4421 2418 4488 facti,
2453 4420 2717 4476 caelestes
2758 4428 2813 4474 et
2860 4418 3150 4475 deiformes
3179 4416 3540 4486 angelicarum
3563 4413 3842 4468 'virtutum

584 4505 906 4569 ierarobiae,
942 4505 1129 4559 divinis
1183 4505 1315 4560 suis
1343 4506 1539 4576 profuit
1597 4506 1642 4539 ιι
1693 4506 2055 4565 [Magaw
2098 4510 2153 4578 ιι1

2271 4513 2498 4577 animos,
2531 4510 2791 4582 quosdam
2840 4508 3059 4579 quidem
3103 4506 3299 4563 multos
3331 4504 3493 4573 pedes
3518 4499 3848 4556 naturaliter

587 4592 692 4647 hoc
737 4601 836 4655 est,
894 4593 1107 4679 qualem
1149 4602 1205 4650 et
1232 4603 1485 4663 quantam
1530 4596 1981 4666 pulchritudinem
2027 4615 2165 4657 csn-
2271 4602 2472 4659 habere
2493 4642 2510 4669 ,
2565 4602 2691 4656 dum
2745 4600 3112 4656 membrorum
3181 4608 3435 4666 compage
3479 4589 3846 4679 corporalium

591 4681 711 4739 “1m
735 4682 844 4763 his:
872 4684 965 4752 ειιιί
987 4698 1086 4763 Pe?
1127 4700 1249 4745 eam
1276 4694 1332 4742 et
1378 4688 1436 4747 in
1483 4702 1550 4745 ea
1595 4689 1802 4747 divinas
1845 4690 2033 4749 laudes
2058 4694 2168 4750 fre-
2271 4692 2492 4748 omnino
2522 4698 2723 4756 carent,
2765 4690 3029 4762 quosdam
3055 4702 3184 4744 vero
3212 4685 3407 4742 multas
3435 4680 3645 4755 species
3685 4678 3851 4736 simul

1879 4820 2136 4878 VARIAE
2169 4818 2571 4878 LECTIONES.
2875 4838 2878 4842 λ

664 4931 687 4967 ι
721 4927 952 4999 capitulo
1160 4929 1380 5005 B;__B_'
1437 4946 1609 5004 marg.
1661 4933 1841 5005 adscr.
1890 4935 2062 4990 titulo.
2130 4935 2194 5005 γ’
2227 4935 2290 4991 Β⁴
2345 4949 2518 5005 marg.
2571 4934 2747 5005 adscr.
2805 4948 3082 5005 epyer
3132 4940 3208 5005 βα
3245 4929 3304 5005 ,ίο
3353 4945 3401 4984 ⁸·
3453 4925 3845 5005 WE‘io‘

591 4993 796 5091 Ἰ
816 4998 1143 5091 ἳπὲβὲι
1168 4993 1350 5091 “9959i
1388 4993 1696 5091 95.90312.
1748 5004 1770 5034 ⁸
1802 5004 1849 5091 Ρ
1881 5020 1962 5088 ςαο
2076 5004 2212 5091 ’,Βὶ
2260 5021 2432 5091 mare
2463 4993 2650 5087 ῐάδοῖε.
2687 4993 3851 5091 Nomii“.9.".'3"“‘°“‘:."."§¥i£“.ﬁ‘fi‘i‘

591 5063 701 5145 spis.
819 5068 841 5100 '
879 5068 921 5141 Β
944 5071 963 5145 ‘_‘
990 5063 1165 5145 mat}.
1192 5070 1369 5126 adscr.
1399 5073 1696 5145 nota_quod
1734 5075 1936 5128 ectasin
1977 5084 2122 5145 vocat
2169 5063 2503 5145 [antestium
2551 5074 2819 5128 visionem.
2918 5073 2939 5105 "
2978 5070 3068 5145 ᾼΒ
3101 5072 3321 5145 egeam,
3348 5068 3435 5145 [if
3466 5063 3849 5145 φυτῷ-θάψῃς.

592 5080 701 5139 nis.
819 5080 841 5100 '
879 5080 921 5141 lt
944 5080 963 5091 '
990 5085 1165 5196 mag.
1192 5080 1369 5126 adscr.
1399 5083 1523 5127 nota
1557 5080 1696 5144 quod
1734 5080 1936 5128 ectasin
1977 5084 2122 5130 vocat

592 5143 635 5197 i.
690 5158 740 5195 e.
1093 5209 1128 5224 η
1172 5150 1423 5224 εφεριῃηι.
1585 5141 1629 5196 Β
1675 5144 1690 5165 '
1732 5159 1920 5224 marg.
1960 5144 2136 5224 adscr.

2253 5080 2503 5130 rtasticam
2551 5080 2819 5128 visionem.
2918 5080 2938 5105 ⁷
2978 5080 3068 5125 AB
3101 5080 3321 5136 ὲξτασυ,
3351 5080 3393 5122 ις
3417 5080 3435 5090 “
3669 5080 3849 5145 adscr.

2253 5154 2355 5224 ets!
2394 5145 2469 5224 ,δε
2532 5145 2683 5198 tertio
2729 5159 2928 5224 gerere.
2949 5142 3239 5224 νεοίονξέεος
3342 5136 3439 5224 ἓίει
3639 5132 3854 5224 Βηυὲξῑ

592 5227 756 5266 mum.
850 5210 911 5259 »¹⁶
949 5201 1041 5265 Sic
1089 5209 1153 5276 C,
1198 5210 1287 5285 A_B
1320 5201 1735 5285 'eapositionum.
1794 5284 1799 5285 ί
1852 5201 1923 5245 νη
1959 5212 2155 5285 Conj_._,
2205 5213 2670 5285 ABGrlmmanus:
2730 5201 2753 5213 ⁷
2793 5212 2838 5285 ξ’
2888 5211 3045 5265 Corr.
3087 5209 3167 5285 B_‘
3191 5214 3247 5275 ‘,
3454 5220 3635 5285 quc.“
3674 5202 3722 5285 1‘
3760 5201 3857 5256 Sic

595 5290 747 5361 text._
1000 5288 1057 5334 et
1095 5271 1301 5361 versit);
1489 5281 1650 5361 idem,
1700 5282 1742 5338 C
1783 5284 1823 5337 i.
1866 5300 1935 5361 _e._
2001 5351 2013 5361 _
2069 5271 2153 5361 "f'

2253 5282 2388 5361 afuit
2431 5298 2540 5361 orn.
2569 5281 3030 5361 _§B,‘_ad_marg.
3079 5271 3256 5361 adscr.
3301 5276 3343 5330 Β

558 5396 561 5397 ν
595 5351 699 5427 cies
728 5343 917 5427 ipim“
935 5349 1187 5427 jeneralis
1235 5343 1726 5427 ierarcltieaiyinm
1757 5353 1956 5427 profuit
1994 5343 2392 5427 laudatoribus._
2484 5343 2767 5427 “_Sic'(‘3‘,
2792 5352 2859 5427 _A
2904 5343 3330 5427 frequentantur,
3377 5343 3857 5427 B_{reque1uantu_r

600 5415 807 5487 (punct.
835 5415 1008 5492 adjec.
1034 5420 1250 5492 videtur
1275 5419 1317 5472 Β
1336 5422 1399 5488 ').
1433 5422 1522 5492 ﬂ"
1562 5420 1653 5476 Sic
1685 5415 1828 5492 C(in
1851 5415 1960 5492 om.
2015 5421 2153 5485 A8,:

2253 5436 2303 5474 ra
2331 5422 2504 5492 adscr.
2535 5421 2637 5492 ΒἿ.
2691 5421 2760 5492 λ⁸⁸
2792 5419 2836 5474 Β
2856 5415 3302 5492 consequentibus,
3340 5415 3454 5470 rad.
3492 5427 3629 5492 corr.
3673 5426 3859 5492 conse-

602 5481 939 5566 quenterque,
975 5487 1064 5544 AC
1111 5481 1689 5566 conseque'ntilrusque._
1734 5481 1806 5566 ’.ι’
1847 5492 1889 5545 Α
1927 5481 2333 5566 dispositiones,
2368 5489 2424 5566 C_
2447 5490 2844 5566 descriptiones:
2923 5481 3047 5566 κβ
3064 5481 3859 5566 eloquiorum‘gznctoruntde-

601 5554 906 5630 scriptiones
936 5572 1134 5630 sacrae.
1160 5554 1287 5630 Pro
1319 5575 1502 5630 sacrae
1522 5554 1909 5630 descriptiones.
1940 5554 2030 5614 AC
2080 5577 2233 5615 sacra
2255 5554 2550 5630 descriptio.
2617 5554 2693 5630 ’ξι
2731 5561 2775 5614 Α
2803 5561 2881 5629 ﬁt.
2956 5560 3029 5630 7“
3060 5554 3307 5614 Sic'CB‘
3331 5554 3856 5630 ,AABJMTI'CMMM-

598 5623 649 5704 ’ξ
686 5622 777 5702 AB
821 5623 993 5691 velud,
1027 5626 1199 5704 _s_ic‘B
1236 5628 1479 5704 pa_s_s_im._
1553 5628 1610 5704 ’ξ
1635 5622 2023 5704 _B'rad.ucorr.
2070 5631 2242 5704 inulti.
2326 5622 2778 5704 -²⁸’(Ῐ.οι·ι“;-Βξι
2803 5622 2895 5683 ᾉΒ
2920 5629 3210 5704 formatas.
3334 5622 3387 5657 “
3436 5622 3526 5679 AB
3567 5630 3860 5686 ammonet»

602 5694 683 5747 sic
710 5696 951 5767 semper.
1025 5696 1071 5728 ’ν
1110 5694 1153 5748 Β
1199 5694 1379 5760 nichil,
1434 5698 1514 5752 sic
1559 5699 1774 5769 ubique.
1851 5699 1899 5733 "
1938 5699 2029 5756 Sic
2079 5700 2142 5766 C,

2253 5699 2365 5759 rad.
2398 5713 2542 5756 corr.
2573 5698 2660 5764 B‘,
2696 5694 2786 5754 ΑΒ
2819 5694 3174 5763 cogitationes.
