4178 6266
398 347 511 404 145

1239 344 1462 400 SUPER
1490 342 1919 400 IERARCHIAM
1957 342 2365 399 CAELESTEM
2408 340 2466 394 S.
2505 330 2820 394 DIONYSH.

3555 326 3657 382 ηδ

399 441 750 528 committas,
777 478 898 520 cum
925 463 1068 518 omni
1096 462 1274 532 specie
1299 460 1518 527 visibili,
1548 461 1664 516 sive
1706 460 1940 516 discreta
1966 501 1982 526 ,
2010 467 2060 523 Α
2086 459 2216 528 ipsis
2246 455 2624 518 intellectibus,
2652 465 2880 521 quorum
2907 443 3145 518 symbola
3177 454 3318 509 sunt,
3353 443 3505 512 quasi
3543 444 3658 512 ipsa

414 557 531 611 sive
550 554 768 610 confusa
799 552 1024 608 absoluti
1040 553 1167 615 sint,
1181 551 1444 621 quosdam
1466 553 1520 605 in
1539 549 1716 620 efﬁgie
1733 550 1894 605 boum
1910 547 1986 604 ir-

417 641 826 709 rationabilium,
842 644 1100 714 quosdam
1123 644 1177 697 in
1202 643 1436 713 imagine
1451 642 1712 698 ferociam
1749 643 1983 708 leonum,

379 774 382 776 η
417 735 668 806 quosdam
695 735 746 789 in
767 734 946 804 specie
979 733 1307 803 aquilarum,
1327 749 1553 804 quarum
1578 734 1832 788 naturale
1859 747 1986 803 pro-

414 833 584 895 prium
605 834 688 880 est
713 827 875 881 rostri
904 835 1218 889 curvatura,
1243 827 1504 894 quosdam
1531 840 1624 879 sex
1649 824 1761 878 alas
1787 824 1989 878 habere

413 915 666 980 volatiles,
685 931 917 985 quarum
941 915 1198 969 triformis
1219 915 1529 969 distributio
1549 922 1651 977 est,
1675 921 1728 967 et
1743 928 1847 966 una
1873 912 1992 981 qui-

409 1006 528 1061 dem
550 1006 606 1060 in
625 1007 759 1060 duas
778 1005 984 1058 vultum
997 1005 1244 1060 animalis
1256 1004 1496 1059 velantes
1517 1005 1559 1067 ¹,
1593 1003 1762 1056 altera
1778 1002 1988 1056 in'duas

408 1097 652 1166 ejusdem
666 1096 918 1150 animalis
928 1097 1096 1165 pedes
1113 1103 1371 1166 tegentes,
1387 1095 1544 1150 tertia
1560 1096 1614 1148 in
1633 1095 1762 1149 duas
1778 1107 1988 1148 sursum

418 1199 634 1262 semper
658 1184 913 1253 expansis
936 1185 1128 1253 pennis
1165 1185 1466 1240 volitantes.
1505 1185 1652 1239 Ilaec
1681 1185 1825 1237 enim
1865 1192 1989 1237 sunt

424 1269 708 1323 dissimilia
736 1268 975 1340 symbola
1022 1270 1076 1323 in
1138 1271 1468 1340 propheticis
1509 1271 1820 1331 visionibus,
1863 1269 1919 1321 in
1968 1268 1988 1298 ¹

430 1376 618 1416 eorum
644 1362 1016 1431 prophetarum
1047 1362 1243 1430 spiritu
1271 1362 1728 1416 administratione
1753 1357 1989 1427 angelica

431 1453 708 1520 plasmata,
733 1453 798 1505 ad
832 1459 1064 1505 nostram
1089 1451 1448 1506 eruditionem
1470 1461 1524 1505 et
1547 1449 1990 1506 introductionem

429 1544 495 1597 ad
523 1545 836 1611 purissimas
863 1543 1179 1599 caelestium
1208 1545 1564 1600 essentiarum
1589 1543 1644 1597 in
1666 1541 1989 1610 semetipsis,

427 1642 625 1703 remota
654 1635 799 1688 omni
847 1635 1186 1703 pbantastica
1237 1635 1257 1666 ³
1308 1633 1681 1702 plasmatione,
1732 1631 1993 1701 cognitio-

422 1736 515 1775 nes
562 1722 603 1774 ⁸.
634 1721 782 1788 Quae
839 1723 861 1754 ⁸
902 1725 1215 1793 prophetica
1257 1724 1512 1795 ﬁgmenta
1541 1725 1586 1779 si
1615 1721 1736 1792 quis
1783 1724 1996 1778 incaute

2086 549 2232 612 sint,
2284 545 2632 613 accipiantur,
2682 548 2892 609 oportet
2935 537 3266 600 ascendere,
3316 535 3544 604 ﬁctaque
3589 549 3656 588 ex

2051 637 2230 691 ‘veris
2264 649 2566 705 segregare.
2617 631 2909 699 Sequitur:
2947 628 3152 682 Etenim
3201 625 3348 680 valde
3399 624 3656 692 artiﬁciac

2088 728 2203 781 liter
2238 727 2282 757 "
2334 724 2588 793 theologia
2649 722 2865 791 factitiis
2929 719 3093 772 sacris
3151 715 3548 790 [amationibus
3604 715 3660 768 in

2089 835 2194 872 non
2236 815 2472 885 ﬁguratis
2512 811 2854 866 intellectibus
2893 827 2990 863 usa
3033 818 3130 872 est,
3175 815 3431 869 nostrum,
3476 813 3535 858 ut
3580 805 3662 858 dl-

2062 928 2064 930 '
2089 918 2228 962 ctum
2251 917 2344 971 est,
2379 906 2612 958 animum
2645 901 2898 964 relevans,
2925 910 2973 953 et
2985 899 3083 968 ipsi
3103 898 3314 968 propria
3340 905 3387 950 et
3409 905 3663 949 conualu-

2055 1000 2190 1054 -rali
2235 999 2533 1051 reductione
2575 993 2848 1063 providens
2878 1033 2894 1056 ,
2940 1000 2986 1044 et
3039 990 3106 1042 ad
3148 989 3316 1058 ipsum
3370 985 3663 1054 reformans

2045 1137 2062 1150 ,
2089 1087 2399 1158 anagogicas
2425 1100 2605 1138 sacras
2637 1081 2961 1151 Scripturas.
2979 1077 3278 1146 Siquidem,
3305 1074 3498 1144 inquit,
3530 1072 3664 1128 mulo

2064 1187 2203 1233 .tum
2246 1175 2537 1232 artiﬁciose
2590 1171 2888 1240 theologia,
2944 1170 3032 1224 illa
3083 1167 3330 1223 videlicet
3359 1166 3532 1220 virtus
3577 1165 3665 1232 ”,

2091 1284 2230 1340 quae
2257 1267 2573 1321 naturaliter
2609 1263 2856 1318 humanis
2884 1263 3023 1316 inest
3067 1259 3336 1315 mentibus
3364 1259 3431 1312 ad
3461 1257 3670 1314 divinas

2091 1360 2328 1414 rationes
2353 1355 2712 1426 quaerendas,
2750 1352 3174 1423 investigandas,
3207 1348 3666 1419 contemplandas,

2090 1449 2370 1511 amandas,
2400 1446 2639 1508 laetitiis,
2672 1446 2772 1498 hoc
2803 1452 2904 1506 est,
2934 1443 3071 1496 lictis
3096 1440 3296 1495 sanctis
3325 1438 3667 1510 imaginatio-

2093 1543 2278 1604 nibus,
2306 1539 2372 1594 ad
2413 1534 2791 1606 signiﬁcandos
2820 1533 3028 1588 divinos
3066 1530 3384 1594 intellectus,
3415 1527 3668 1598 quiomni

2094 1632 2267 1702 ﬁgura
2292 1637 2347 1684 et
2376 1628 2546 1682 forma
2588 1627 2788 1693 scripta
2815 1633 2870 1678 et
2896 1622 3135 1678 sensibili
3185 1628 3389 1683 carent,
3421 1633 3517 1672 usa
3564 1623 3668 1682 est,

2099 1723 2186 1776 tali
2219 1735 2449 1789 namque
2477 1728 2595 1771 arte
2623 1717 2668 1747 ²³
2691 1716 2934 1769 ﬂeturum
2964 1713 3255 1783 imaginum
3294 1711 3530 1764 animum
3572 1723 3670 1762 no-

420 1812 756 1879 cogitaverit,
785 1814 860 1868 ita
887 1824 947 1869 ut
974 1816 1027 1869 in
1059 1817 1138 1871 eis
1187 1815 1208 1846 ⁶
1243 1818 1405 1870 linem
1449 1814 1769 1886 cognitionis
1817 1829 1946 1868 suae
1971 1814 1992 1844 ⁷
2023 1815 2070 1874 Β
2096 1825 2269 1870 strum
2322 1811 2584 1872 relevans,
2615 1807 2758 1862 velut
2789 1805 3094 1874 expressius
3142 1801 3419 1858 transferri
3465 1809 3670 1870 potest,

419 1902 732 1967 constituat,
763 1911 820 1958 et
849 1919 954 1958 non
1005 1904 1142 1958 ultra
1173 1920 1235 1960 ea
1286 1905 1544 1960 ascendat
1582 1904 1634 1958 in
1663 1901 1998 1970 contempla-

421 1990 619 2046 tionem
648 2007 830 2047 rerum
873 1993 1320 2063 intelligibilium,
1350 2008 1579 2064 quarum
1613 1992 1702 2046 il’a
1739 1991 1999 2062 imagines

421 2094 566 2151 sunt,
595 2101 703 2141 non
729 2087 901 2143 solum
928 2088 1096 2157 ipsius
1117 2087 1327 2142 animus
1347 2102 1453 2141 non
1483 2095 1746 2156 purgatur
1769 2093 1825 2139 et
1845 2099 2002 2138 exer-

422 2183 616 2238 citatur
639 2223 654 2249 ,
685 2198 873 2238 verum
900 2184 1063 2238 etiam
1094 2182 1400 2252 turpissime
1424 2181 1686 2250 polluitur
1711 2186 1770 2232 et
1795 2176 2004 2231 stultis-

351 2311 356 2316 -
425 2273 560 2327 sime
610 2274 947 2342 opprimitur.
994 2273 1054 2328 ln
1105 2273 1302 2342 quibus
1364 2281 1543 2326 autem
1615 2267 2002 2339 prophetarum

431 2363 567 2417 tales
611 2362 846 2418 visiones
884 2363 1132 2433 leguntur
1155 2403 1170 2429 ,
1221 2361 1545 2431 superﬂuum
1595 2368 1679 2414 est
1725 2357 2003 2419 inserere,

439 2450 689 2519 quoniam
719 2450 967 2506 omnibus
1014 2466 1202 2505 sacrae
1237 2452 1259 2482 ⁸
1309 2449 1625 2518 Scripturae
1651 2446 1839 2517 peritis
1886 2445 2008 2499 luce

434 2543 637 2599 clarius
684 2551 995 2598 occurrunt.
1048 2542 1304 2612 Sequitur
1350 2556 1366 2594 :
1413 2539 1483 2593 Et
1526 2549 1667 2592 rotas
1711 2535 2005 2612 quasdam?

431 2639 612 2708 igneas
639 2651 798 2705 super
828 2635 1032 2690 caelum
1060 2636 1427 2704 imaginemus,
1467 2632 1511 2661 ¹⁰
1535 2640 1583 2685 et
1618 2631 1825 2683 thronos
1850 2637 2007 2682 mate—

433 2728 590 2782 riales
619 2727 906 2782 Dirinitati
954 2727 1024 2780 ad
1067 2726 1355 2780 recubitum
1408 2722 1744 2784 necessarios,
1787 2720 2006 2788 etlequos

435 2820 685 2890 quosdam
710 2818 1085 2882 multicolores,
1116 2826 1164 2871 et
1210 2815 1484 2884 armiferos
1513 2812 1908 2879 archistralegos
1939 2809 2003 2874 “,

441 2920 487 2964 et
517 2927 848 2981 quaecunque
877 2909 985 2977 alia
1022 2925 1086 2962 ea:
1108 2907 1327 2977 eloquiis
1363 2904 1506 2958 nobis
1550 2918 1692 2956 sacre
1727 2909 1774 2954 et
1808 2900 2009 2969 forma-

451 3001 614 3054 biliter
671 3001 729 3053 in
788 2999 1034 3052 uarietate
1095 2996 1584 3065 manifestativorum
1659 2990 2008 3062 symbolarum

453 3091 644 3146 tradita
667 3099 805 3143 sunt.
851 3089 910 3143 ln
955 3089 1198 3144 omnibus
1245 3085 1466 3157 hujus“
1511 3085 1713 3156 periodi
1760 3082 1893 3138 colis
1944 3080 2010 3144 “,

2101 1906 2286 1960 animo
2311 1911 2494 1957 nostro
2537 1898 2821 1955 consulens
2844 1937 2858 1961 ,
2901 1896 3108 1966 ipsique
3155 1894 3334 1948 animo
3366 1891 3583 1963 propria
3620 1897 3673 1944 et

2101 1993 2440 2050 counaturali
2473 1991 2783 2045 reductione
2806 2029 2820 2052 ,
2852 2002 2988 2056 quae
3018 1985 3268 2041 videlicet
3311 1982 3585 2053 ingeniose
3619 1982 3672 2036 in

2103 2084 2423 2154 imaginibus
2454 2096 2634 2137 rerum
2667 2079 2997 2135 sensibilium
3028 2075 3313 2141 formatur,
3345 2089 3484 2144 quae
3515 2072 3671 2128 nobis

2103 2179 2278 2234 adhuc
2304 2178 2357 2230 in
2385 2190 2544 2229 carne
2572 2171 2878 2228 constitutis
2922 2169 3298 2226 connaturales
3332 2175 3551 2239 propter
3575 2166 3672 2220 de-

2103 2271 2231 2326 licta
2261 2275 2442 2323 nostra
2470 2266 2518 2298 ²⁵
2539 2276 2684 2333 sunt,
2707 2265 3013 2336 providens,
3036 2265 3104 2318 ad
3129 2264 3327 2333 ipsum,
3355 2263 3454 2317 hoc
3477 2267 3580 2324 est,
3606 2258 3676 2313 ad

2106 2363 2274 2432 ipsius
2323 2359 2485 2414 animi
2535 2359 2920 2423 reductionem,
2956 2365 3170 2412 sanctas
3228 2354 3536 2422 Scripturas
3581 2364 3678 2405 an-

2105 2455 2376 2525 agogicas,
2407 2466 2619 2508 sursum
2649 2450 2854 2505 scilicet
2879 2450 3116 2504 animum
3144 2447 3418 2507 ducentes,
3465 2441 3681 2500 confor-

2107 2545 2290 2598 mavit.
2340 2543 2418 2598 Ac
2469 2542 2512 2596 si
2563 2549 2744 2610 aperte
2789 2539 3025 2594 diceret:
3077 2534 3534 2604 Quemadmodum
3589 2548 3678 2587 ars

2105 2633 2316 2702 poetica
2360 2646 2458 2700 per
2503 2630 2656 2685 ﬁctas
2707 2628 2914 2682 fabulas
2969 2626 3385 2694 allegoricasque
3433 2621 3683 2678 similitu-

2107 2722 2260 2776 dines
2291 2718 2545 2774 moralem
2581 2717 2875 2771 doctrinam
2903 2729 2995 2770 seu
3025 2714 3297 2784 physicam
3333 2710 3606 2780 componit
3635 2707 3682 2739 "

2109 2817 2176 2870 ad
2204 2815 2563 2869 humanorum
2585 2808 2886 2862 animorum
2913 2804 3388 2866 exercitationem,
3417 2804 3519 2856 hoc
3539 2799 3683 2853 enim

2109 2905 2386 2977 proprium
2434 2910 2516 2956 est
2563 2898 2901 2954 heroicorum
2953 2903 3268 2964 poetarum,
3317 2891 3406 2960 qui
3447 2891 3684 2944 virorum

2111 2994 2329 3050 fortium
2368 2991 2508 3044 facta
2549 2998 2602 3044 et
2634 3001 2811 3042 mores
2856 2985 3081 3056 ﬁgurate
3124 2980 3374 3035 laudant:
3418 2979 3490 3033 ita
3541 2980 3689 3034 theo-

2115 3084 2286 3156 logica
2322 3081 2488 3137 veluti
2538 3079 2800 3148 quaedam
2833 3076 3038 3147 poetria
3084 3080 3321 3128 sanctam
3345 3070 3686 3140 Scripturam

454 3180 577 3234 dum
611 3181 680 3234 δίε
720 3178 1011 3234 ίθίτεοοίοη
1033 3219 1047 3243 ν
1097 3193 1126 3231 ³
1173 3155 1531 3246 ευΡθέίοΐίδυὲ
1575 3174 1822 3245 aperitur
1854 3171 2014 3228 intel-
2041 3155 2087 3216 (ἶ
2119 3170 2824 3246 ﬁctisimaginationibusad
2845 3166 3146 3224 consultum
3165 3165 3332 3248 nostri
3356 3162 3520 3216 animi
3539 3170 3592 3214 et
3614 3175 3690 3214 re-

449 3272 612 3327 lectus
652 3273 757 3326 sic:
811 3271 876 3326 Et
902 3279 1086 3325 utnon
1118 3269 1468 3339 imaginemus
1503 3267 1578 3330 ιδ,
1629 3276 1781 3322 rotas
1828 3266 2016 3334 igneas

439 3384 600 3438 super
618 3369 848 3433 caelum,
881 3369 981 3422 hoc
1009 3376 1107 3429 est,
1131 3368 1184 3421 in
1212 3364 1702 3436 supercaelestibus
1740 3362 2012 3426 essentiis,

438 3460 526 3514 ubi
561 3458 606 3491 “
630 3459 808 3513 nullus
829 3459 970 3529 ignis
991 3457 1259 3513 sensibilis
1286 3464 1390 3518 est,
1429 3464 1484 3508 et
1511 3462 1574 3508 ut
1620 3469 1727 3508 non
1757 3452 2018 3520 imagine-

438 3563 557 3604 mus
587 3548 632 3580 ¹⁶
658 3549 857 3604 ibidem
888 3550 1109 3603 thronos
1133 3545 1460 3609 materialcs,
1489 3545 1594 3599 hoc
1621 3551 1727 3607 est,
1758 3541 1913 3596 sedes
1951 3555 2019 3594 ex

437 3642 704 3711 corporali
737 3641 961 3695 materia
992 3639 1300 3704 labricatas,
1325 3639 1394 3693 ad
1421 3637 1721 3693 recubitum
1743 3633 2021 3690 Divinitati

437 3733 809 3791 necessarios.
863 3731 1008 3785 velut
1041 3730 1347 3800 expressius
1395 3727 1721 3782 transfertur
1762 3735 2018 3795 opportu-

444 3839 542 3878 nos
571 3823 611 3856 ¹¹¹
639 3823 722 3878 vel
751 3830 1051 3892 cooptatos,
1083 3831 1136 3876 et
1160 3830 1218 3874 ut
1244 3835 1353 3874 non
1379 3818 1735 3887 imaginemus
1762 3817 1805 3847 ¹⁸
1833 3817 1886 3870 in
1913 3815 2022 3885 spi~

447 3917 729 3970 ritualibus
757 3917 964 3971 naturis
994 3915 1280 3970 armiferos
1309 3913 1748 3981 archistrategos,
1777 3911 1876 3965 hoc
1903 3918 2020 3976 est,

449 4009 746 4084 armigeros
785 4009 948 4064 duces
987 4008 1290 4078 principum
1318 4003 1609 4059 exercitus.
1644 4003 2026 4076 Ἀρχιστρατη-

444 4103 537 4178 τός
560 4101 604 4134 ¹⁹
627 4103 769 4174 enim
795 4102 990 4157 dicitur
1004 4101 1154 4170 quasi
1181 4103 1362 4176 ἀρχῶν
1379 4084 1470 4152 ’ἑοῦ
1493 4102 1719 4170 στρατοῦ
1739 4097 1936 4166 ἡγεμών
1956 4092 2022 4157 ⁸ο,

450 4194 592 4263 quod
641 4201 766 4258 est,
813 4193 1115 4262 principum
1165 4189 1434 4244 exercitus
1471 4188 1596 4241 dux.
1647 4185 1764 4252 Quo
1810 4183 2026 4239 nomine

457 4284 826 4353 signiﬁcantur
872 4283 1121 4339 caelestis
1181 4279 1452 4335 exercitus
1493 4277 1795 4348 principum
1842 4276 2022 4330 duces.

462 4374 579 4428 Non
628 4374 788 4444 igitur
831 4373 1162 4430 solummodo
1188 4370 1457 4441 principes
1509 4369 1759 4424 caelestis
1805 4366 2027 4422 militiae

462 4471 607 4529 sunt,
639 4464 732 4519 sed
758 4466 916 4520 etiam
940 4466 1192 4534 ipsorum
1221 4461 1521 4532 principum
1550 4461 1729 4515 duces.
1761 4457 1839 4512 Ne
1865 4459 2027 4527 igitur

461 4554 580 4610 talis
626 4555 938 4626 imaginatio
977 4563 1087 4609 tam
1119 4552 1294 4608 inanis
1318 4562 1373 4605 et
1401 4559 1649 4620 proterva
1677 4549 1876 4604 nostris
1907 4548 2031 4602 sub-

456 4645 686 4715 repserit
714 4645 1090 4709 intellectibus,
1137 4658 1298 4712 super
1321 4642 1502 4696 omnia
1534 4640 1787 4704 visibilia,
1817 4639 2032 4695 veritati

459 4751 637 4791 rerum
692 4735 1106 4806 intelligibilium
1155 4733 1434 4790 dissimilia
1481 4731 1754 4804 symbola,
1800 4745 1869 4786 ne
1935 4745 2032 4800 pro

2061 4506 2108 4566 D

2118 3270 2422 3326 ductionem
2453 3261 2819 3338 corporalibus
2847 3261 3096 3316 sensibus
3117 3255 3495 3319 exterioribus,
3525 3253 3690 3308 veluti

2119 3379 2185 3418 ex
2212 3361 2441 3431 quadam
2471 3358 2780 3427 imperfecta
2802 3352 3055 3424 pueritia,
3095 3352 3146 3405 in
3182 3365 3361 3404 rerum
3388 3347 3693 3418 intelligibi-

2120 3456 2250 3510 lium
2269 3451 2556 3521 perlectam
2581 3446 2960 3517 cognitionem,
2990 3451 3242 3512 tanquam
3273 3440 3324 3493 in
3346 3440 3616 3509 quandam
3646 3438 3692 3468 ’⁸

2122 3542 2394 3598 interioris
2419 3541 2461 3572 ’⁷
2485 3538 2720 3594 hominis
2747 3534 3203 3607 grandaevitatem
3225 3528 3545 3585 conformat.
3577 3527 3694 3582 Non

2121 3647 2262 3702 enim
2318 3645 2364 3676 '°
2429 3645 2694 3698 humanus
2734 3639 2945 3693 animus
2989 3644 3211 3706 propter
3267 3633 3504 3687 divinam
3549 3630 3697 3685 Scri-

2121 3755 2337 3818 pturam
2397 3742 2574 3800 factus
2607 3749 2712 3806 est,
2768 3737 2918 3806 cujus
2980 3735 3128 3791 nullo
3185 3732 3344 3788 modo
3399 3710 3694 3800 indigeret,

2123 3848 2168 3903 si
2196 3861 2302 3900 non
2357 3850 2647 3915 peccaret;
2701 3840 2795 3894 sed
2854 3846 3076 3908 propter
3113 3838 3408 3892 humanum
3459 3834 3698 3888 animum

2123 3955 2306 4004 sancta
2334 3944 2614 4014 Scriptura
2643 3941 2698 3995 in
2721 3938 2952 3993 diversis
2974 3936 3232 4008 symbolis
3253 3944 3416 4003 atque
3437 3931 3700 3986 doctrinis

2126 4051 2376 4098 contexta
2409 4041 2455 4072 "
2485 4041 2689 4095 scilicet
2718 4045 2820 4102 est,
2851 4045 2909 4089 ut
2939 4049 3034 4102 per
3058 4035 3225 4102 ipsius
3251 4029 3700 4085 introductionem

2128 4141 2460 4197 rationabilis
2516 4149 2697 4192 nostra
2743 4146 2974 4199 natura,
3019 4149 3156 4202 quae
3202 4117 3588 4200 prevaricindo
3636 4144 3704 4184 ex

2129 4241 2577 4310 contemplatione
2607 4236 2850 4289 veritatis
2893 4234 3042 4301 lapsa
3089 4239 3208 4294 est,
3255 4231 3444 4283 iterum
3490 4230 3545 4282 in
3603 4229 3706 4297 pri-

2129 4350 2328 4407 stinam
2382 4357 2547 4416 purae
2611 4333 3078 4404 contemplationis
3125 4329 3472 4385 reduceretur
3522 4327 3702 4382 altitu-

2131 4453 2332 4509 dinem.

2209 4544 2308 4616 52.
2326 4538 2582 4610 Sequitur
2605 4553 2618 4588 :
2645 4532 2706 4589 Si
2741 4531 2825 4586 cui
2856 4537 3026 4584 autent
3049 4526 3273 4588 videtur,
3299 4538 3478 4578 sacras
3499 4520 3709 4594 quidem

2139 4610 2295 4706 recipi
2345 4626 2736 4700 compositiones
2785 4631 3035 4691 tanquam
3065 4615 3378 4688 simplicium
3422 4611 3479 4668 in
3526 4610 3710 4684 seipsis

2140 4730 2533 4796 ignotorumque
2574 4718 2718 4774 nobis
2767 4725 2815 4772 et
2867 4710 3396 4785 incontemplabilium
3429 4708 3712 4764 subsistens

1761 4840 2014 4899 VARIAE
2056 4836 2456 4894 LECTIONES.

533 4970 550 4999 ί
589 4966 681 5021 Sic
710 4966 752 5020 C
772 4973 827 5020 et
852 4979 993 5018 corr.
1021 4961 1107 5026 B‘,
1137 4961 1227 5016 ΛΒ
1258 4958 1505 5014 volantes.

464 5055 598 5099 rum,
632 5037 768 5132 ﬁlunt
810 5034 1098 5088 ministerio
1127 5031 1450 5132 angeéorum.

472 5109 617 5132 .:M.:-
742 5105 1071 5132 -....:...o.',...n.
1288 5102 1306 5119 θ
1338 5114 1450 5132 mon

467 5109 636 5162 tionis.
670 5104 711 5157 C
736 5105 1091 5174 cogitationes.

464 5177 762 5247 prophetiae
789 5170 840 5247 in
871 5172 1056 5247 spiritu
1085 5170 1272 5247 getae.

465 5245 582 5312 das,
631 5246 673 5300 C
710 5245 938 5315 quidem.

472 5317 515 5348 "
542 5308 602 5371 Β·
637 5308 775 5369 infra
829 5314 1003 5367 adscr.
1059 5311 1220 5381 hujus
1269 5308 1429 5381 modi.

469 5389 838 5456 imaginemur;
870 5381 911 5436 C
941 5377 1320 5456 ymaginemur.
1396 5378 1442 5408 ¹⁵
1543 5390 1682 5456 vero.

470 5457 509 5511 C
545 5456 972 5521 archistrategos.

1376 5167 1396 5198 ⁶
1429 5162 1540 5221 Ρτο
1568 5167 1622 5218 in
1652 5164 1724 5217 eis
1745 5162 1787 5215 Β
1827 5179 1990 5217 mens.

474 5597 663 5648 delicta

478 5734 522 5765 ”
546 5727 602 5789 ’Β
637 5743 880 5801 contexo,
905 5733 965 5788 Β·
1005 5746 1150 5788 corr.
1182 5737 1442 5795 contexta,
1483 5727 1523 5784 (ἲ.
1548 5741 1801 5782 connexa.

1608 4961 1629 4988 ’
1663 4956 1725 5010 Β⁶
1755 4970 1923 5024 marg.
1954 4954 2128 5008 adscr.
2158 4950 2296 5022 quod
2322 4945 2704 5006 similitudines,
2729 4957 2862 5012 quae
2891 4938 3022 5008 ﬁunt
3043 4937 3097 4991 in
3131 4933 3395 5007 spiritibus

1545 5027 1566 5060 ³
1607 5026 1700 5081 Sic
1728 5025 1769 5080 (1
1796 5033 1852 5078 et
1898 5039 2038 5078 corr.
2073 5023 2155 5081 B‘,
2190 5022 2230 5074 A
2269 5017 2594 5081 phantasica,
2627 5012 2672 5066 B
2696 5011 2946 5081 fantasia.
3004 5077 3013 5081 _
3047 5006 3078 5081 ‘_
3105 5007 3255 5081 Carr.
3289 5003 3373 5066 B',

1245 5013 1450 5084 alarum.
1545 5027 1566 5060 ³
1607 5026 1700 5081 Sic
1728 5025 1769 5080 (1
1796 5033 1852 5078 et
1874 5013 2038 5078 “corr.
2073 5013 2248 5085 B‘,'A_
2269 5017 2594 5089 phantasica,
2627 5013 2672 5066 B
2696 5013 2946 5081 fantasia.
3047 5013 3068 5037 ⁸
3105 5013 3255 5060 Carr.
3289 5013 3373 5066 ις’,

1245 5100 1306 5153 Β⁶
1338 5114 1478 5165 mag.
1514 5097 1688 5152 adscr.
1721 5093 1848 5148 visio
1871 5091 2232 5147 intellectualis
2273 5103 2471 5154 semper
2496 5094 2567 5138 est
2611 5081 2900 5136 necessaria
2946 5077 3013 5131 ad
3061 5076 3375 5130 intellectum

1245 5187 1272 5213 ρ-
1376 5167 1396 5198 ⁸
1439 5167 1540 5213 Pm
1568 5167 1622 5213 in
1652 5164 1724 5213 eis
1745 5162 1787 5213 Β
1827 5179 1990 5213 mens.
2089 5163 2109 5192 ⁷
2135 5160 2176 5213 Β
2199 5156 2525 5213 coaitationis
2545 5169 2671 5206 suae
2693 5153 2867 5213 ﬁnem.
2967 5147 2988 5178 ⁸
3017 5142 3102 5213 ΒΟ
3125 5151 3353 5213 sanctae.

1017 5153 1064 5222 ii
1082 5153 1272 5236 factae.
1376 5167 1396 5198 ⁶
1427 5153 1540 5221 Ῥτο
1568 5167 1622 5218 in
1652 5164 1724 5217 eis
1745 5162 1787 5215 Β
1827 5179 1990 5217 mens.
2089 5163 2109 5192 ⁷
2135 5160 2176 5213 Β
2199 5153 2525 5229 cogitationis
2545 5169 2671 5206 suae
2693 5153 2794 5219 ﬁne

1017 5241 1059 5272 ¹⁹
1089 5239 1148 5291 B‘
1181 5255 1324 5293 corr.
1380 5238 1745 5308 imaginentur,
1873 5234 2271 5308 ymaginentur._
2322 5227 2390 5308 ﬁ“
2431 5224 2520 5306 Sic
2613 5221 2788 5308 etnra‘t‘l

1537 5306 1581 5350 ¹Ξ
1616 5296 1941 5366 Εηιθιιίί.,’Δ
1970 5296 2291 5372 ρέτὶοάίσοιί,
2322 5296 2364 5349 Β

1790 5373 1832 5404 ²⁶
1862 5373 1965 5426 B‘C
1994 5381 2051 5425 ut
2077 5384 2258 5436 supra.

1078 5442 1121 5481 ⁵⁸
1162 5450 1223 5504 Β⁶
1251 5463 1420 5518 marg.
1453 5444 1696 5518 adscr._i_.
1726 5461 1772 5498 ε.
1804 5442 2092 5518 ab_archo_n
2136 5445 2404 5518 etnstrralo

974 5522 1016 5552 ²²
1057 5520 1097 5573 Β
1143 5535 1312 5589 marg.
1344 5505 1516 5594 ailscr.
1563 5514 1690 5587 quid
1725 5524 1798 5594 est
1842 5511 2117 5594 theologia.
2284 5505 2373 5594 Sic

767 5584 813 5625 ⁵⁵
852 5579 939 5646 AC
984 5579 1321 5660 componunt,
1359 5587 1402 5640 B
1433 5579 1743 5660 componunt
1777 5585 1994 5652 (puncta
2019 5579 2126 5647 adj.
2161 5579 2265 5645 B').

476 5665 558 5730 B‘;
617 5665 707 5718 AB
735 5659 1108 5717 interioribus.
1164 5659 1212 5690 ’⁸
1250 5659 1307 5710 Β·
1341 5674 1519 5730 marg.
1541 5659 1720 5710 adscr.
1769 5670 1872 5707 non
1923 5659 2051 5706 esset
2104 5663 2356 5704 necessari

3471 4930 3711 4996 ropheta-

3466 4998 3508 5053 B
3539 4999 3715 5053 συστεί-

3420 5068 3713 5121 habendum

2967 5147 2988 5178 ⁸
3017 5142 3102 5198 BC
3125 5151 3353 5196 sanctae.
3449 5136 3472 5166 ’
3498 5135 3538 5185 Β
3560 5149 3718 5202 quas-

2349 5205 2520 5278 i{Sic
2548 5205 2589 5276 C
2613 5232 2669 5276 et
2693 5205 2809 5274 rad.
2859 5232 3001 5272 corr.
3026 5210 3114 5275 B',
3165 5211 3254 5266 AB
3274 5205 3714 5278 ίαζιῖίιίειζαθθεοδο

2393 5271 2787 5363 ρῖίῶιιῖεόὶνζῡ
2832 5271 3146 5356 peridicolis.
3249 5277 3291 5307 ιι
3330 5275 3389 5326 B‘
3422 5271 3536 5324 rad.
3568 5283 3714 5324 corr.

2367 5365 2409 5396 "
2451 5361 2535 5417 BC
2565 5371 2864 5431 oportunos.
2911 5349 3487 5431 “‘LB‘fJnut‘suptlagA

2484 5409 2535 5485 ei
2567 5409 2808 5499 aitait;
2890 5424 2955 5499 3}
2987 5421 3097 5499 sic“
3102 5416 3191 5469 AB
3224 5423 3278 5469 et
3318 5409 3519 5499 version
3537 5423 3714 5481 graec.

2471 5479 2526 5556 ἑί
2553 5479 2693 5552 rati."
2718 5479 2860 5548 corr.
2890 5491 2974 5552 B';
3012 5487 3325 5556 AB_riante._
3393 5481 3440 5512 ’δ
3479 5479 3722 5556 ijslra

2357 5553 2607 5631 ἱεάὸένη
2634 5565 2721 5618 ΑΒ
2746 5561 3024 5631 quendam.
3095 5554 3264 5631 f'_Sic
3287 5553 3328 5610 C
3355 5559 3409 5607 et
3438 5554 3554 5607 rad.
3577 5567 3720 5631 corr.

2348 5647 2395 5698 ia
2441 5625 2618 5695 divina
2651 5625 2921 5700 Scriptura
2967 5625 3185 5693 homini,
3217 5627 3262 5681 si
3292 5640 3396 5680 non
3442 5627 3722 5698 peccasset.

3047 5006 3068 5037 ³
3105 5003 3255 5060 corr.
3289 5003 3373 5066 B',
