4178 6266
528 343 625 400 151

1624 335 2124 395 EXPOSITIONES
2157 337 2442 395 JOANNIS
2480 336 2679 395 SCOTI

3699 344 3807 401 152

524 458 797 535 possibile:
843 457 991 514 nobis
1021 455 1361 527 formationes
1413 456 1759 528 praetendunt
1797 455 2109 525 informium
2216 454 2439 525 dignus;
2479 453 2848 523 corrumpitttr
2886 452 3083 523 quippe
3111 451 3296 508 multis
3346 452 3562 509 delictis
3596 454 3806 513 fallaci—

527 550 1108 624 supernaturaliumque
1148 548 1164 578 ¹
1195 546 1612 616 speculationum
1644 546 1686 600 '.
1741 544 1820 601 Ac
1872 545 1917 600 si
1962 545 2111 599 diee-

528 652 657 698 ret:
695 639 867 696 Nemo
897 649 1047 695 recte
1089 637 1503 709 intelligentium
1542 638 1761 704 dixerit,
1803 653 1965 692 unam
1995 637 2111 692 sin-

533 733 887 806 gularemque
946 739 1354 801 procuratarum
1406 728 1428 759 ³
1472 722 1868 783 ΐοινηιθηιπῐθι
1913 728 2111 799 figura-

529 841 651 881 rum
680 824 703 856 ’⁵
754 823 1067 878 informium
1112 820 1507 885 intellectuum,
1535 820 1945 890 carentiumque
1973 820 2110 891 figu-

530 914 875 969 ris'causam
921 926 1061 976 esse,
1119 919 1360 966 nostram
1396 908 1664 965 'videlicet
1710 910 2112 980 proportionem

531 1007 708 1061 adhuc
744 994 1016 1061 infirmam
1041 1013 1096 1058 et
1122 1003 1429 1067 mortalem,
1449 1018 1525 1067 ac
1551 1018 1647 1073 per
1668 1005 1771 1057 hoc
1795 1018 1903 1058 non
1928 1001 2114 1057 valen-

529 1107 641 1153 tem
669 1099 873 1167 absque
914 1097 1091 1167 aliqua
1129 1099 1421 1154 medietate
1463 1098 1783 1167 interposita
1825 1101 1891 1152 ad
1933 1097 2115 1153 invisi-

525 1174 664 1245 biles
690 1190 992 1244 divinorum
1021 1190 1323 1244 animorum
1366 1191 1662 1246 ascendere
1701 1190 2114 1259 contemplatio-

525 1284 655 1335 nes.‘
698 1280 925 1348 Semper
966 1280 1240 1334 desiderat
1269 1280 1290 1313 ⁸
1338 1281 1588 1350 proprias
1630 1289 1685 1335 et
1732 1280 2113 1336 connaturales

520 1370 629 1426 ‘sibi
652 1370 984 1426 sensibilium
1010 1371 1304 1442 imaginum
1333 1373 1800 1437 manuductiones,
1827 1389 1965 1441 quae
1985 1389 2108 1429 cum

531 1460 643 1512 sint
669 1460 955 1529 possibiles
1003 1460 1159 1515 nobis
1199 1462 1266 1515 ad
1313 1462 1697 1533 cognitionem,
1726 1466 2108 1532 praetendunt,

527 1550 637 1606 hoc
662 1561 767 1617 est,
797 1553 948 1621 prius
974 1552 1130 1608 nobis
1177 1555 1472 1608 ostendunt
1520 1553 1894 1619 formationes,
1924 1553 2113 1625 imagi-

528 1661 625 1701 nes
653 1645 920 1715 profecto,
947 1647 1283 1715 informium,
1308 1650 1610 1705 carentium
1640 1650 1890 1706 videlicet
1916 1650 2108 1718 forma,

525 1739 1125 1811 supernaturaliumque
1204 1743 1732 1814 cogitationibusque
1789 1747 1809 1777 °
1866 1756 2113 1816 gravata-

2220 546 2427 614 busque
2470 543 2909 615 cogitationibus.
2950 540 3136 611 Neque
3175 543 3455 611 omnibus,
3492 554 3554 600 ut
3594 546 3810 605 divinae

2217 638 2505 709 perhibent
2533 636 2845 705 Scripturae
2875 634 2940 699 l',
2969 634 3289 690 conceditur
3316 650 3530 691 summa
3558 639 3807 697 scientia.

2218 729 2285 786 Et
2305 744 2411 784 non
2444 729 2549 784 hoc
2577 728 2793 784 divinae
2813 727 3074 783 bonitatis
3104 726 3406 797 imputatur
3430 728 3687 803 largitati,
3716 734 3814 791 sed

2216 824 2455 894 pollutae
2501 822 2698 877 mentis
2741 820 2984 875 tarditati
3021 834 3087 875 ac
3125 819 3536 876 malevolentiae
3570 822 3634 890 ¹⁷,
3667 825 3815 881 sicut

2218 917 2480 984 scriptum
2512 914 2555 945 ¹⁸
2581 922 2706 967 est:
2744 932 2761 964 t
2796 913 2850 966 in
2882 911 3190 967 malivolam
3232 913 3462 968 animam
3496 929 3601 969 non
3638 916 3812 972 intrat

2218 1008 2484 1078 sapientia
2516 1027 2561 1060 ι.
2588 1005 2730 1061 Solis
2760 1005 2928 1078 igitur
2953 1006 3105 1075 puris
3127 1006 3585 1076 sanctificatisque
3607 1000 3809 1066 animis

2219 1112 2402 1174 aperta
2430 1115 2486 1157 et
2510 1101 2693 1172 pervia
2723 1107 2807 1155 est
2835 1100 3141 1154 divinorum
3181 1098 3543 1154 intellectuum
3566 1103 3806 1169 veritas,

2217 1198 2383 1251 etiam
2441 1210 2537 1266 per
2610 1195 2963 1266 mysticarum
3037 1193 3330 1263 imaginum
3395 1194 3811 1264 aenigmaticam

2218 1289 2639 1359 descriptionem
2695 1287 2748 1341 in
2788 1286 3090 1341 visionibus
3138 1286 3547 1356 prophetarum.
3596 1287 3663 1342 Et
3703 1287 3815 1343 for-

2218 1372 2376 1435 tassis
2421 1379 2525 1434 hoc
2568 1387 2670 1443 est,
2709 1376 2852 1446 quod
2901 1376 3115 1430 divinus
3155 1377 3231 1430 ait
3272 1376 3582 1445 Apostolus,
3615 1395 3633 1428 ‹
3670 1394 3816 1434 nunc

2220 1470 2463 1524 videmus
2504 1485 2602 1539 per
2641 1467 2919 1537 speculum
2949 1477 3003 1522 et
3033 1467 3338 1538 aenigmate
3373 1466 3441 1533 ¹⁹,
3472 1475 3602 1522 tunc
3631 1479 3814 1524 autem

2216 1558 2519 1613 videbimus
2558 1557 2697 1612 facie
2728 1558 2795 1611 ad
2821 1557 3014 1611 faciem
3055 1576 3100 1609 ι.

2288 1648 2609 1717 Postquam
2641 1658 2819 1703 autem
2889 1646 3165 1702 convictos
3225 1646 3582 1716 repulsosque
3650 1646 3817 1702 habet

2219 1749 2275 1794 et
2332 1740 2377 1769 ὀ
2428 1753 2541 1803 eos,
2597 1738 2688 1807 qui
2742 1737 3018 1792 immunda
3078 1752 3173 1790 sua
3222 1737 3550 1805 cogitatione
3600 1735 3815 1806 decepti

523 1844 645 1883 rum
697 1830 719 1863 '
765 1831 1195 1900 speculationum
1228 1834 1274 1900 ⁸,
1306 1834 1611 1889 divinorum
1656 1836 1864 1891 scilicet
1903 1839 2112 1893 animo-
2143 1817 2193 1879 Β
2220 1831 2486 1887 caelestes
2504 1831 2732 1886 virtutes
2754 1829 3099 1885 sensibilibus
3126 1837 3467 1883 terrenorum
3496 1830 3814 1884 animalium

523 1936 665 1987 rum,
690 1938 824 1991 quos
848 1940 952 1978 non
979 1925 1250 1979 immerito
1274 1926 1671 1995 speculationes
1697 1927 1949 1998 appellat,
1980 1930 2107 1999 quia

522 2023 631 2063 non
661 2010 817 2064 aliter
864 2012 968 2065 nisi
1008 2014 1250 2081 gnostica
1303 2012 1324 2043 θ
1357 2029 1601 2068 summae
1639 2017 2115 2086 contemplationis

525 2101 725 2155 virtute
762 2102 987 2173 intelligi
1016 2115 1262 2173 possunt.
1302 2102 1419 2159 Non
1450 2106 1616 2176 igitur
1646 2107 1778 2161 haec
1806 2108 1920 2162 sola
1949 2124 2112 2165 causa

523 2200 607 2246 est
650 2193 1093 2263 propheticarum
1144 2196 1626 2266 imaginationum;
1668 2213 1793 2254 nam
1836 2207 1891 2254 et
1940 2200 2110 2257 altera

526 2299 632 2341 non
661 2285 905 2353 inferior,
939 2287 1185 2344 fortassis
1225 2297 1404 2344 autem
1453 2299 1509 2344 et
1546 2292 1795 2362 superior
1825 2307 1987 2347 causa
2015 2294 2112 2349 ad-

525 2375 762 2443 ducitur,
794 2394 956 2448 quam
990 2380 1385 2450 subsequenter
1414 2382 1709 2447 connectit,
1741 2382 1926 2438 dicens
1961 2404 1973 2438 :
2010 2383 2114 2440 Sed

521 2468 644 2538 quia
673 2476 722 2521 et
750 2469 847 2523 hoc
889 2471 1122 2541 mysticis
1164 2472 1382 2542 eloquiis
1422 2480 1498 2526 est
1540 2472 1994 2541 decentissimum,
2024 2492 2117 2542 per

521 2558 1069 2626 incomprehensibilia
1111 2563 1288 2617 divina
1340 2564 1639 2634 aenigmata
1686 2565 1969 2631 occultare,
1995 2565 2113 2620 et‘°

521 2646 719 2701 inviam
754 2650 930 2705 multis
956 2669 1150 2721 ponere
1195 2669 1402 2706 sacram
1439 2654 1773 2725 abditamque
1798 2672 2111 2724 supermun-

522 2738 780 2791 danorum
822 2739 1178 2795 intellectuum
1218 2742 1503 2797 veritatem.
1539 2743 1655 2809 Est,
1703 2745 1898 2816 inquit,
1944 2746 2112 2803 altera

522 2840 684 2883 causa
734 2838 1046 2885 sanctarum
1097 2831 1150 2886 in
1205 2832 1505 2904 Scripturis
1554 2835 1752 2891 divinis
1795 2839 2115 2908 descriptio-

436 2973 449 2983 ,
522 2934 652 2973 num
681 2920 723 2950 “
757 2920 1138 2978 decentissima
1180 2926 1803 2997 convenientissimaque
1832 2928 1876 2959 ι’·
1905 2928 2114 2983 divino-

522 3025 640 3066 rum
669 3011 1006 3082 eloquiorum
1036 3015 1331 3085 mysteriis.
1374 3015 1439 3068 Et
1466 3029 1528 3070 ea
1556 3027 1660 3081 est,
1690 3031 1902 3071 sacram
1934 3034 2116 3073 secre—

524 3110 740 3173 tamque
812 3105 1100 3160 veritatem
1174 3107 1738 3174 supermundanorum
1822 3108 2112 3177 spirituum

2218 1926 2409 1982 formis
2439 1924 2882 1993 circumscriptus
2911 1923 2955 1953 ’ί
2986 1930 3200 1992 putant,
3231 1930 3287 1976 et
3320 1922 3399 1976 nil
3426 1922 3571 1976 aliud
3608 1921 3816 1993 signiﬁ-

2219 2018 2455 2072 cativum
2490 2018 2573 2071 'in
2635 2016 2913 2086 spiritibus
3006 2015 3378 2085 theologorum
3463 2016 3809 2086 apparuisse,

2216 2114 2434 2178 praeter
2472 2108 2617 2178 ipsas
2640 2122 2737 2177 per
2762 2119 2819 2160 se
2849 2106 3015 2175 ipsas,
3040 2120 3243 2174 eosque
3273 2104 3339 2170 ²¹,
3372 2105 3462 2174 qui
3495 2103 3813 2176 significati-

2216 2215 2313 2255 vas
2348 2200 2393 2230 "
2422 2199 2685 2274 imagines
2716 2212 2898 2253 rerum
2926 2196 3274 2251 invisibilium
3302 2196 3564 2266 nobisque
3594 2196 3805 2250 incom-

2218 2290 2690 2362 prehensibilium,
2740 2290 2795 2344 in
2848 2289 3127 2359 spiritibus
3171 2289 3554 2358 prophetarum
3596 2287 3807 2342 descri-

2216 2392 2338 2452 ptas
2358 2379 2429 2443 “,
2460 2395 2567 2436 non
2605 2380 2780 2435 solum
2819 2395 2926 2433 non
2960 2387 3178 2449 negant,
3210 2393 3397 2432 verum
3424 2378 3589 2433 etiam
3621 2377 3812 2432 incun-

2217 2470 2742 2542 ctanterrecipiunt,
2792 2485 2884 2525 eas
2916 2480 3098 2525 tamen
3137 2469 3394 2539 angelicis
3444 2470 3809 2526 intellectibus

2217 2563 2663 2619 inconvenientes
2700 2577 2823 2618 esse
2879 2561 3180 2632 approbant
3222 2579 3235 2615 :
3283 2560 3554 2616 convertit
3602 2575 3810 2615 sermo-

2217 2670 2364 2721 nem,
2395 2664 2449 2709 et
2474 2654 2585 2725 agit
2623 2654 2819 2708 iterum
2857 2662 3045 2707 contra
3069 2668 3210 2717 eum,
3251 2651 3343 2721 qui
3397 2650 3673 2705 existimat
3712 2648 3809 2705 de-

2216 2745 2420 2801 formes
2444 2759 2642 2801 causas
2664 2743 2713 2775 ²¹
2739 2742 3045 2798 divinarum
3073 2741 3363 2812 imaginum
3399 2740 3805 2809 descriptionis,

2216 2843 2274 2890 et
2310 2836 2384 2889 ait
2417 2854 2431 2889 :
2463 2832 2523 2890 Si
2563 2844 2739 2888 autent
2791 2833 3050 2903 deformes
3109 2831 3396 2901 imaginum
3436 2832 3808 2902 descriptionis

2218 2942 2408 2980 causas
2450 2923 2799 2978 aestimaverit
2840 2923 2978 2993 quis,
3027 2922 3357 2975 dehonestari
3399 2921 3577 2975 dicens
3620 2920 3811 2991 referri

2215 3016 2284 3069 sit
2304 3026 2478 3085 turpes
2506 3014 2845 3084 {motiones
2875 3010 3222 3080 deiformibus
3258 3019 3306 3064 et
3332 3010 3678 3065 sanctissimis
3704 3012 3808 3064 dis-

2214 3109 2557 3179 positionibus
2603 3105 2669 3172 ",
2723 3106 2911 3177 sufficit
2952 3106 3021 3158 ad
3060 3119 3181 3159 eum
3205 3104 3397 3158 dicere.
3453 3103 3513 3159 Si
3550 3104 3691 3173 quis,
3724 3105 3807 3158 in-

520 3196 816 3260 occultare,
854 3197 1166 3265 inviamque
1204 3198 1388 3253 multis
1433 3213 1634 3267 ponere
1680 3215 1781 3270 per
1808 3200 2111 3273 iucompre-
2137 3189 2183 3253 C
2214 3204 2331 3275 quit
2357 3204 2426 3268 ³⁷,
2459 3202 2828 3257 aestitnaverit
2849 3215 3044 3256 causas
3072 3198 3367 3264 deformes,
3404 3198 3810 3270 qualescunque

522 3285 805 3339 hensibilia
848 3297 903 3341 et
935 3287 1113 3340 divina
1164 3288 1501 3360 aenigmata,
1547 3289 1649 3344 hoc
1694 3298 1796 3357 est,
1838 3307 1935 3361 per
1969 3293 2105 3348 om-

522 3373 754 3430 cillimas
796 3385 850 3431 et
891 3377 1296 3434 inaccessibiles
1355 3381 1566 3436 divinas
1588 3381 1949 3442 obscuritates
1991 3387 2100 3455 his,

523 3467 613 3535 qui
663 3468 867 3538 indigni
917 3478 1047 3524 sunt
1087 3484 1224 3540 pura
1275 3471 1588 3528 caelestium
1624 3475 1881 3531 virtutum
1916 3479 2104 3550 cogni-

523 3556 693 3611 tione.

591 3650 689 3706 Est
718 3650 883 3722 igitur
912 3653 1298 3711 honestissima
1326 3672 1487 3712 causa
1520 3658 1869 3715 obscuritatis
1897 3661 2107 3717 incom-

520 3743 968 3813 prehensibilium
1034 3748 1248 3805 divinae
1316 3750 1630 3822 Scripturae
1692 3752 2102 3822 formationum,

518 3833 786 3890 occultam
836 3836 1013 3893 facere
1055 3840 1366 3913 inviamque
1416 3844 1600 3900 multis
1642 3846 1860 3915 pollutis
1906 3850 2106 3905 animis

519 3937 774 3978 arcanam
818 3926 862 3958 ⁸³
901 3928 1267 3999 angelicorum
1314 3933 1618 3989 animorum
1679 3936 1983 3990 veritatem.
2039 3938 2105 3993 Et

508 4022 620 4071 ‘cur
648 4018 782 4074 hoc?
815 4020 958 4085 Audi
989 4025 1131 4093 quod
1165 4028 1412 4097 sequitur
1443 4046 1455 4080 :
1491 4025 1586 4082 Est
1628 4029 1764 4082 enim
1800 4046 1905 4084 non
1935 4031 2103 4086 omnis

512 4102 689 4175 sacer,
717 4128 880 4185 neque
901 4117 1153 4180 omnium,
1200 4127 1258 4172 ut
1284 4119 1489 4190 eloquia
1520 4121 1687 4186 aiunt,
1733 4123 1971 4178 scientia.
2000 4123 2102 4180 γε.

518 4199 618 4255 luti
673 4213 855 4275 aperte
917 4207 1124 4263 diceret
1172 4225 1185 4263 :
1243 4208 1536 4281 Propterea
1593 4211 1821 4267 decebat
1875 4215 2099 4285 mystica

515 4291 729 4364 eloquia
755 4297 1036 4354 veritatem
1063 4303 1623 4369 supermundanorum
1653 4301 1698 4333 “
1729 4302 2098 4360 intellectuum

513 4400 614 4459 per
665 4391 969 4460 aenigmata
1024 4393 1338 4459 occultare,
1396 4394 1704 4465 inviamque
1750 4395 2100 4465 abditamQue

513 4490 737 4546 ponere,
767 4481 891 4547 quia
930 4497 1038 4536 non
1078 4484 1254 4537 omnis
1300 4484 1569 4538 humanus
1617 4486 1830 4540 animus
1854 4486 1900 4518 "
1927 4503 2095 4558 purus

2212 3295 2322 3350 sint
2375 3293 2778 3349 irrationabiles
2834 3291 3170 3347 rationabilis
3231 3291 3398 3347 animi
3459 3299 3663 3355 motus,
3713 3289 3805 3345 de-

2210 3384 2524 3455 scriptionis
2591 3383 2888 3455 imaginum
2935 3383 2990 3437 in
3026 3390 3214 3438 sancta
3267 3379 3691 3454 Scriptura,‘?,
3747 3391 3807 3436 et

2210 3472 2557 3530 dehonestari
2619 3471 2752 3526 dicit
2800 3469 3092 3527 deiformes
3130 3479 3185 3526 et
3222 3470 3596 3528 sanctissimos
3645 3485 3801 3542 ange-

2208 3567 2383 3622 lorum
2418 3565 2707 3630 ’ordines,
2760 3563 2806 3619 si
2873 3563 2952 3618 eis
3015 3572 3201 3634 turpes
3277 3562 3413 3618 tales
3453 3562 3807 3617 formationes

2206 3660 2564 3732 mysticarum
2610 3655 2879 3711 visionum
2946 3654 3287 3722 referantur,
3346 3664 3433 3710 sat
3475 3663 3561 3709 est
3613 3654 3804 3710 adver—

2207 3768 2300 3808 sus
2326 3751 2686 3823 perniciosam
2715 3748 2884 3818 ipsius
2927 3747 3239 3817 opinionem
3279 3748 3610 3819 respondere
3634 3764 3647 3801 :
3670 3765 3806 3819 quo-

2206 3843 2361 3897 modo
2389 3842 2583 3913 duplex
2611 3849 2687 3895 est
2718 3846 2930 3894 sanctae
2964 3839 3402 3909 ntanifestationis
3432 3840 3643 3905 modus,
3667 3857 3803 3896 unus

2204 3933 2414 4004 quidem
2466 3930 2513 3961 ”
2555 3930 2710 4001 quasi
2739 3929 2784 3960 ⁸⁸
2814 3945 3152 4000 consequens,
3203 3939 3411 3999 propter
3444 3929 3642 4011 similes
3687 3946 3805 3998 pro-

2204 4026 2518 4081 venientium
2555 4039 2829 4078 sacrarum
2851 4023 3148 4094 ﬁgurarum
3178 4024 3452 4093 imagines,
3499 4021 3635 4077 alter
3677 4039 3800 4078 vero

2201 4127 2414 4190 propter
2426 4115 2708 4171 dissimiles
2733 4114 3025 4184 formarum
3043 4117 3280 4184 facturas
3306 4116 3358 4168 in
3377 4114 3587 4167 omnino
3615 4113 3800 4166 incon-

2201 4228 2418 4283 sequens
2458 4220 2506 4266 et
2554 4209 2859 4263 indecorum
2908 4209 3187 4278 formatus.
3231 4208 3362 4272 Duo,
3418 4206 3613 4276 inquit,
3650 4206 3798 4261 modi

2200 4311 2348 4367 sunt,
2372 4301 2568 4372 quibus
2596 4308 2818 4355 sanctae
2849 4298 3316 4355 manifestationes
3355 4306 3668 4353 sanctorum
3703 4313 3799 4351 an-

2200 4394 2443 4466 gelorum
2492 4393 2547 4448 in
2600 4392 2781 4447 divina
2834 4389 3116 4461 Scriptura
3170 4406 3267 4461 per
3323 4392 3589 4461 imagines
3640 4389 3798 4456 fiunt,

2200 4500 2431 4556 quorum
2480 4498 2623 4539 unus
2659 4490 2776 4549 est,
2823 4483 2912 4552 qui
2957 4482 3315 4553 spiritualium
3362 4481 3796 4536 substantiarum

513 4575 571 4622 et
617 4546 985 4625 sanctillcatus
1056 4579 1170 4640 est,
1217 4574 1568 4646 veritatisque
1641 4546 2095 4648 contemplatione
2124 4546 2723 4646 Di'ntelligibiliumque
2775 4572 3056 4641 virtutum,
3106 4573 3302 4644 quibus
3347 4569 3631 4627 rationalis
3677 4571 3798 4627 ani-

1794 4671 2051 4727 VARIAE
2074 4667 2476 4726 LECTIONES.
3647 4680 3651 4684 λ

586 4731 607 4762 ¹
657 4731 700 4785 Β
746 4736 1316 4805 supernaturaliterque
1339 4780 1353 4803 ,
1396 4739 1459 4794 Β·
1509 4756 1650 4797 corr.
1704 4741 2305 4813 supernaturaliumque.

586 4817 654 4854 rr.
707 4802 919 4881 videtur
948 4805 1034 4870 B‘,
1079 4806 1220 4881 A_BC
1264 4821 1686 4880 procuraturam.
1849 4814 1872 4843 ⁸
1902 4812 2196 4881 formarum
2249 4821 2298 4865 et

1927 4829 2196 4867 amarum
2249 4828 2276 4864 ε

2024 4882 2046 4914 ⁸
2076 4882 2163 4934 BC
2218 4878 2619 4934 coaitationibus
2649 4920 2664 4934 .
2722 4879 2784 4933 B'
2835 4894 2980 4934 corr.
3044 4878 3449 4934 coanitionibtts.

513 4884 728 4997 sem(pcr
772 4879 1069 4942 desiderat;
1115 4879 1157 4933 C
1206 4879 1408 4951 seniper
1470 4879 1911 4938 considerantem.
2024 4882 2046 4914 ⁸
2076 4882 2126 4937 Β⁴

511 4940 623 5042 ili.
675 4947 1339 5042 911"“‘1'1':..E‘.._'i‘}5ras
1355 4956 1669 5042 {avenas
1688 4952 2039 5042 insisti)!“
2054 4963 2111 5042 et

2218 4879 2619 4952 cogitationibus
2649 4920 2664 4944 ,
2722 4879 2784 4933 B'
2835 4894 2980 4937 corr.
3044 4879 3449 4949 cognitionibus.
3550 4879 3571 4909 '
3610 4879 3789 4947 Conj.,

2213 4950 2955 5042 'I1'3_.':‘f_.P°S“.‘.‘..§‘82‘l'P:
2979 4949 3791 5042 insiluissetﬂeturus:-

562 5011 623 5065 Β·
672 5011 817 5068 corr.
854 5015 1278 5087 speculationem.
1355 5022 1376 5053 ’
1401 5011 1707 5094 B'gnostica
1735 5011 1942 5092 (punet.
1974 5022 2039 5076 B'
2089 5023 2196 5095 adj.
2228 5011 2497 5092 'videtur).

513 4814 654 4855 corr.
707 4802 918 4880 videtur
948 4805 1034 4870 B‘,
1079 4802 1237 4880 AABC'
1264 4802 1686 4880 procuraturam.

513 4884 728 4993 sem(pcr
772 4874 1069 4942 desiderat;
1115 4877 1157 4933 C
1206 4874 1408 4951 semper
1470 4874 1908 4938 considerantem.‘

512 4940 601 4993 AB
689 4955 978 4993 aranatam-
1018 4947 1077 4993 R‘
1133 4949 1339 4993 "Home
1365 4969 1423 4993 νη
1451 4956 1664 4993 num-lic
1719 4952 1908 4993 ineioni

3121 4738 3482 4792 eculationem.
3582 4788 3585 4793 ,
3630 4737 3653 4770 ⁸
3702 4734 3798 4792 Sic

3133 4808 3796 4947 ῐηὶῗὲιὲῗιῖῗκεῗὼθξοοοᾳιῖίῗ

2468 4740 2490 4771 ⁸
2520 4737 2749 4794 Emend.
2777 4778 2793 4805 ,
2856 4736 2989 4793 ABG

2342 4811 2640 4892 ﬁgurarum
2683 4824 2793 4892 om:
2851 4807 2914 4862 Β.
3040 4808 3062 4840 ⁸

2612 5019 2653 5052 ³⁸
2684 5019 2745 5074 B‘
2773 5017 2971 5091 'marg.
2995 5017 3195 5077 'adscr.
3227 5017 3446 5085 'Quare'
3464 5017 3621 5075 sacra
3650 5017 3796 5072 Scri-

507 5105 961 5191 pturaﬁqurative
988 5118 1047 5191 e_t_
1059 5113 1358 5191 parabolice
1378 5099 1639 5191 loquitur...
1658 5114 1829 5191 ethoc
1856 5121 1994 5176 idem
2018 5121 2147 5175 dicit
2181 5122 2285 5175 ista
2314 5119 2488 5191 glossa
2527 5118 2589 5191 ιο
2625 5117 2770 5191 Secti
2811 5125 2860 5172 et
2897 5117 2959 5191 [ο
3008 5116 3313 5191 Sarraceni.
3397 5118 3439 5191 ξι
3470 5117 3565 5191 Sic
3591 5115 3655 5179 C,

507 5173 923 5246 descriptionem.

505 5246 819 5328 arcanam,
850 5250 1283 5328 sic__B_semper,
1326 5256 1370 5310 A
1401 5272 1582 5328 saepe.

509 5317 690 5373 adscr.
740 5317 826 5374 B'.

1005 5181 1048 5213 ¹³
1075 5182 1115 5235 Β
1140 5181 1642 5253 convenientissima,
1690 5189 1753 5244 B‘
1799 5206 1965 5262 supra
2013 5193 2190 5247 adscr.
2239 5200 2288 5244 et
2314 5181 2859 5246 convenientissima.
2902 5187 2945 5243 C
2996 5197 3044 5242 et
3091 5189 3599 5244 convenientissima.
3678 5185 3724 5217 ⁸³
3748 5183 3793 5239 Β

1005 5252 1283 5316 lsemper,
1326 5256 1370 5310 A
1401 5272 1582 5316 saepe.
1684 5259 1729 5291 ιδ
1756 5260 1804 5315 Α
1856 5262 2267 5316 mundanorum.
2404 5260 2450 5292 “'
2487 5260 2707 5314 Animus
2758 5274 2869 5313 om.
2913 5257 3024 5316 AB.
3077 5258 3263 5313 habet
3294 5257 3335 5314 C
3381 5268 3437 5313 et
3492 5258 3560 5311 ad
3613 5271 3786 5316 mare.

984 5278 1026 5305 D
1053 5278 1283 5322 aclupcr,
1326 5278 1370 5310 tt
1401 5278 1582 5328 saepe.
1685 5278 1729 5291 "
1756 5278 1804 5315 Λ
1856 5278 2267 5317 mundanorum.
2405 5278 2450 5292 "
2487 5278 2636 5314 11mm

934 5320 991 5403 ‘1
1017 5321 1058 5403 l3
1085 5327 1374 5403 scripturae
1393 5328 1752 5403 perhibent,'C
1774 5341 1831 5385 ut
1851 5333 2124 5403 prohibent
2151 5332 2331 5386 diuine
2359 5332 2636 5403 scripture.

508 5385 553 5473 ξ’
647 5388 889 5473 dictum;
1016 5392 1138 5448 Gin
1181 5385 1581 5473 aenigmate,_B'
1641 5385 1804 5473 supra
1840 5385 2143 5473 adscrsjn
2185 5385 2476 5473 enigmate:

507 5455 681 5540 fulget.
758 5460 803 5540 ’ξ
834 5459 933 5540 Sic
949 5463 991 5518 C
1017 5474 1071 5540 et
1093 5479 1236 5540 corr.
1266 5455 1350 5532 Βτ,
1396 5468 1439 5522 Α
1467 5455 1899 5540 circumscriptis,
1922 5455 2501 5528 Bibabttissei'videtur
2520 5455 2775 5526 circumsc

506 5525 553 5556 "
579 5525 620 5580 C
651 5543 737 5582 eos
757 5529 1142 5627 signiﬁcation:
1163 5537 1283 5621 (que
1306 5525 1396 5611 qui
1419 5540 1555 5612 om.)
1606 5592 1631 5619 Ι,
1666 5540 1712 5572 ⁸⁸
1744 5525 1836 5597 Sic
1856 5525 2282 5627 fciet'corrriB",
2312 5525 2401 5598 Ali
2419 5525 2744 5611 “descriptis.

2404 5260 2450 5292 ”
2487 5260 2707 5314 Animus
2758 5274 2869 5313 om.
2913 5257 3024 5325 AB,
3077 5258 3263 5313 habet
3294 5257 3335 5314 C
3381 5268 3437 5313 et
3492 5258 3560 5311 ad
3613 5271 3791 5331 marg.

2404 5332 2636 5383 :rinture.
2750 5330 2791 5361 ‘7
2817 5328 2859 5382 Β
2882 5328 3009 5382 mali
3032 5328 3308 5383 valentius.
3336 5327 3378 5383 C
3402 5327 3789 5383 maliuolencic.

2576 5348 2636 5385 νέ.
2750 5341 2788 5361 ³⁷
2817 5341 2859 5382 Β
2882 5341 3009 5382 matr
3032 5341 3308 5389 votentsae,
3336 5341 3378 5383 υ
3402 5341 3789 5383 matiuotenctc.

2576 5402 2621 5433 ”
2641 5410 2691 5456 θ’
2717 5398 2932 5501 οωέηὲξ
2961 5398 3243 5501 Ρτ9.¹³ιε¹,¹ἔ.⁴ἓέ
3278 5397 3787 5501 ειεὲΒ”.ιξ³ξ¹.ῖ.ξ³ῗΞΞ·

2779 5471 2922 5542 ripti.
2964 5469 2978 5471 ⁷
3028 5471 3073 5501 ’ί
3105 5469 3261 5524 Corr.
3296 5469 3381 5535 B‘,
3415 5469 3506 5525 AB
3543 5483 3786 5540 enque.

2855 5541 2906 5623 3"
2928 5543 2975 5596 Α
2999 5540 3259 5613 deformes
3284 5557 3476 5596 causas
3499 5539 3788 5610 deformes,

510 5632 553 5687 Β
583 5633 841 5703 deformes
864 5652 1051 5693 causas
1075 5621 1357 5733 dfliftirmes
1409 5648 1615 5719 (punct.
1645 5655 1703 5704 et
1738 5648 1944 5721 isupra
1966 5621 2235 5737 adscript.
2288 5651 2350 5707 B‘
2390 5649 2496 5720 adj.
2527 5647 2786 5721 videtur).
2892 5648 2937 5737 ἑο
2965 5647 3104 5705 Rad.
3137 5663 3282 5704 corr.
3315 5647 3403 5716 B‘,
3451 5646 3543 5703 AB
3573 5646 3791 5718 deposi-

507 5727 751 5781 tionibus.
827 5729 870 5761 π
900 5729 942 5786 c
976 5733 1050 5786 Ac
1072 5720 1121 5787 si
1143 5720 1342 5793 dictio?
1365 5753 1384 5791 .-
1420 5737 1482 5794 Si
1509 5732 1681 5810 τινες(

509 5825 659 5875 textu
706 5820 995 5891 versionis;
1022 5822 1115 5880 AB
1138 5828 1229 5899 qui
1270 5829 1365 5896 sic,
1389 5827 1433 5883 B
1454 5830 1475 5852 ‘
1501 5844 1664 5901 supra
1694 5832 1890 5907 adscr.
1924 5845 2024 5893 est.

1751 5740 1796 5773 ’⁸
1825 5741 1867 5796 Β
1902 5743 1957 5798 in
1989 5752 2170 5801 nostra
2222 5759 2386 5800 causa
2430 5741 2713 5813 scriptura.

2812 5739 2857 5773 ”
2883 5734 3167 5813 B‘supra.
3203 5740 3387 5801 adscr.
3428 5747 3529 5798 est.
3631 5738 3788 5796 “Ex
