4178 6266
309 422 417 477 155

1172 414 1395 472 SUPER
1432 413 1865 472 IERARCHIAM
1905 409 2317 470 CAELESTEM
2358 407 2433 465 ες
2456 408 2780 467 DlONYSll.

3509 414 3615 472 154

309 550 406 590 ma
463 533 786 598 decoretur,
840 532 858 563 ⁸
900 529 1160 587 absolutis
1211 531 1537 602 quibusdam
1589 529 1911 586 convenien-
1938 533 1988 593 Α
2016 522 2281 578 excellere
2327 521 2688 592 qualicunque
2718 517 2906 577 modo
2966 521 3283 591 probantur,
3343 525 3448 582 hoc
3504 542 3608 596 est,

315 627 574 698 tibusque
619 629 640 657 ⁸
687 623 1158 696 imaginationibus
1207 623 1228 655 ³
1269 623 1554 687 formatur,
1601 632 1663 677 ut
1717 631 1804 678 est
1855 622 1909 676 in

319 719 590 790 Propheta
616 737 629 773 :
659 738 678 769 ι
706 717 827 772 Vidi
852 718 1142 773 Dominum
1173 717 1451 774 sedentem
1477 731 1642 787 super
1655 716 1910 781 solium»,

321 821 379 865 et
413 811 467 865 in
491 810 806 882 Apocalypsi
835 827 848 862 :
879 828 898 859 ι
927 809 1121 864 Mulier
1159 809 1356 863 amicta
1379 808 1510 880 sole,
1555 819 1610 862 et
1639 807 1765 861 luna
1813 809 1913 862 sub

321 900 542 971 pedibus
563 901 679 969 ejus
709 921 754 953 ι.
779 900 927 955 Haec
950 901 1150 970 quippe
1179 901 1432 954 humanis
1475 901 1775 954 rationibus
1803 901 1914 969 spi-

323 992 704 1062 ritualiumque
746 993 961 1046 animae
987 1000 1428 1046 ornamentorum
1471 989 1912 1044 similitudinibus

324 1093 606 1155 assumpta
659 1092 806 1138 sunt.
839 1083 988 1136 Alter
1021 1098 1173 1147 vero,
1205 1083 1296 1153 qui
1324 1083 1622 1137 bestiarum
1651 1083 1909 1137 ferocium

327 1176 798 1246 superharumque
831 1174 876 1239 ⁸,
905 1185 966 1228 ut
1011 1173 1178 1228 leonis
1206 1183 1259 1228 et
1283 1175 1430 1242 equi,
1454 1190 1549 1228 seu
1574 1174 1827 1244 turpium,
1857 1181 1914 1226 ut

330 1269 450 1323 ursi
479 1276 536 1322 et
554 1266 774 1331 vermis,
807 1281 920 1330 seu,
948 1267 1094 1334 quod
1117 1260 1424 1334 longissime
1448 1274 1667 1336 putatur
1693 1267 1909 1328 distare,

337 1357 724 1412 insanientium
755 1356 1050 1420 hominum,
1081 1364 1141 1408 ut
1167 1354 1335 1409 David
1358 1356 1410 1409 in
1441 1365 1594 1424 porta
1623 1354 1778 1418 Geth,
1825 1362 1918 1408 aut

338 1449 774 1511 temulentorum,
804 1456 860 1501 ut
896 1445 1008 1500 Noe
1045 1455 1102 1500 et
1145 1447 1306 1512 Loth,
1351 1455 1442 1501 aut
1485 1446 1915 1512 furibundorum,

333 1551 395 1592 ut
432 1540 454 1570 ⁵
495 1539 806 1609 saepissime
834 1539 1030 1609 legitur
1070 1557 1084 1593 :
1116 1559 1134 1590 ε
1163 1540 1340 1594 Iratus
1371 1548 1455 1594 est
1482 1540 1740 1595 Dominus
1781 1559 1827 1605 ι,
1865 1547 1920 1594 et

333 1647 353 1680 ο
380 1631 587 1686 exarsit
608 1631 758 1686 furor
781 1629 896 1699 ejus
925 1651 970 1695 ι,
999 1641 1416 1702 ceterorumque
1446 1634 1638 1688 horum
1663 1632 1918 1686 similium

323 1721 843 1790 conﬁgurationibus
876 1722 1114 1791 ﬁngitur.
1149 1721 1265 1777 Huc
1293 1723 1458 1777 etiam
1488 1709 1700 1777 accedit
1722 1722 1921 1776 forma-

321 1828 438 1869 rum
461 1813 734 1879 confusio,
752 1815 879 1869 dum
903 1815 956 1870 in
974 1831 1079 1870 una
1093 1817 1391 1885 eademque
1415 1817 1652 1885 imagine
1677 1814 1919 1884 species'

322 1904 581 1970 humana,
639 1906 902 1971 vitulina,
949 1907 1184 1976 aquilina
1244 1916 1591 1962 monstruose
1638 1907 1914 1970 miscetur,
1946 1887 1993 1947 Β

319 1999 460 2066 quod
489 1997 712 2052 omnino
737 1997 998 2054 absolutis
1021 1997 1465 2066 naturalibusque
1484 1996 1679 2052 formis
1702 2007 1919 2054 contra-

318 2088 459 2141 rium
504 2089 846 2158 perspicitur.
887 2087 954 2142 Et
996 2088 1192 2158 prioris
1232 2088 1453 2159 quidem
1500 2087 1646 2142 modi
1701 2087 1921 2157 paradi-

324 2189 503 2250 gmata
534 2179 810 2252 subiungit
849 2183 1071 2238 dicens:
1821 2200 1826 2210 .
1908 2195 1912 2198 -

392 2273 506 2347 §5.
552 2275 740 2345 Itaque
787 2275 1058 2330 colendam
1104 2277 1556 2347 superessentialis
1594 2279 1852 2354 Θεαρχίας
1897 2276 1918 2306 ’⁷

333 2365 706 2420 beatitudinem
745 2367 1255 2435 manifestativorum
1292 2369 1623 2440 eloquiorum
1666 2363 1922 2437 mysticae

329 2455 640 2508 traditiones
669 2454 952 2524 aliquando
977 2456 1184 2526 quidem
1239 2467 1295 2510 ut
1348 2460 1613 2512 rationem
1638 2469 1686 2512 et
1710 2457 1920 2512 intelle-

330 2557 470 2601 ctum
497 2558 547 2602 et
578 2551 860 2603 essentiam
887 2547 1130 2613 laudant,
1173 2549 1406 2604 divinam
1434 2551 1845 2605 rationalitatem
1875 2560 1922 2605 et

330 2640 644 2709 sapientiam
670 2640 788 2710 ejus
827 2639 1178 2704 declarantes,
1207 2650 1254 2693 et
1281 2657 1399 2694 vere
1434 2643 1736 2695 existentem
1763 2643 1926 2695 subsi-

332 2732 594 2796 stentiam,
639 2741 688 2785 et
757 2747 937 2784 eorum
973 2746 1109 2800 quae
1157 2739 1279 2783 sunt
1322 2730 1690 2785 subsistentiae
1714 2748 1923 2786 causam

335 2841 507 2880 mam
534 2827 580 2891 ⁸,
631 2836 679 2880 et
731 2828 883 2896 quasi
939 2825 1115 2880 lumen
1175 2842 1291 2879 eam
1332 2825 1640 2894 reformant,
1669 2837 1720 2880 et
1764 2827 1922 2881 vitam

340 2925 564 2974 rocann
606 2914 880 2981 Golenda,
925 2917 1133 2984 inquit,
1187 2925 1244 2970 et
1321 2915 1591 2970 adoranda
1649 2917 1926 2973 beatitudo

348 3006 600 3079 θεαρχίας
632 3003 692 3068 ’,τ
718 3005 823 3059 hoc
876 3015 989 3069 est,
1016 3021 1258 3061 summae
1291 3007 1534 3072 Deitatis,
1575 3019 1732 3077 quae
1761 3025 1924 3079 supe-

347 3105 438 3150 rat
471 3111 658 3150 omnes
699 3099 997 3163 essentias,
1049 3099 1099 3151 in
1153 3099 1524 3154 traditionibus
1559 3101 1804 3170 mysticis
1850 3101 1929 3154 di-

343 3187 596 3239 vinorum
653 3185 1021 3256 eloquiorum,
1081 3204 1218 3257 quae
1272 3189 1631 3260 intelligibiles
1693 3191 1925 3245 virtutes

340 3275 656 3343 quibusdam
714 3250 1115 3345 ﬁgurationibus
1174 3250 1546 3344 matiifestaiit,
1593 3295 1758 3350 saepe
1808 3250 1999 3350 qui-C

333 3365 453 3420 dem
485 3364 735 3419 laudatur
783 3367 838 3421 in
871 3367 1036 3435 ﬁgura
1070 3369 1296 3424 rationis
1334 3370 1378 3401 ¹⁰
1421 3380 1478 3426 et
1523 3372 1830 3427 intellectus
1873 3381 1927 3426 et

327 3457 619 3521 essentiae,
655 3457 781 3512 dum
813 3468 1028 3526 superat
1057 3475 1272 3513 omnem
1301 3461 1569 3516 rationem
1619 3470 1674 3516 et
1715 3464 1927 3532 sapien-

244 3536 251 3541 ’
326 3549 480 3610 tiam,
513 3562 672 3616 quam
705 3548 760 3601 in
792 3549 895 3602 hoc
926 3549 1042 3603 loco
1070 3549 1401 3604 intellectum
1433 3552 1711 3607 nominat.‘
1733 3552 1925 3609 Omnis

325 3639 543 3707 quidem
572 3638 903 3705 intellectus,
924 3641 1015 3707 qui
1042 3641 1328 3695 veritatem
1357 3641 1627 3711 intelligit,
1658 3644 1925 3712 sapientia

325 3740 428 3784 est.
459 3729 706 3783 Essentia
737 3729 956 3794 dicitur,
989 3738 1044 3784 et
1067 3732 1219 3800 quasi
1252 3720 1434 3786 lumen
1475 3731 1768 3798 formatur,
1800 3733 1925 3789 sub-

328 3821 546 3883 sistens,
595 3830 648 3873 et
690 3821 812 3889 plus
839 3837 1003 3891 quam
1042 3823 1330 3877 existentia
1359 3832 1413 3876 et
1440 3823 1763 3890 substantia,
1793 3841 1926 3894 quo-

330 3909 480 3963 niam
507 3924 875 3979 eorum,quac
907 3921 1049 3973 sunt,
1085 3913 1467 3968 subsistentiae
1482 3928 1608 3967 vera
1641 3923 1694 3969 et
1716 3917 1921 3970 incom—

326 4000 608 4054 mutabilis
636 4003 677 4032 “
705 4018 862 4058 causa
896 4013 998 4059 est.
1041 4005 1288 4061 Essentia
1311 4007 1530 4073 dicitur,
1578 4015 1632 4061 et
1659 4010 1814 4078 quasi
1845 4009 1925 4064 lu-

324 4107 449 4145 men
495 4092 779 4159 formatur,
807 4104 861 4148 et
890 4096 1056 4150 veluti
1090 4098 1192 4151 vita
1222 4107 1475 4162 vocatur,
1509 4099 1636 4154 dum
1667 4101 1738 4154 sit
1763 4117 1924 4170 super

323 4197 488 4237 omne
514 4183 693 4238 lumen
732 4195 786 4240 et
811 4201 973 4256 super
998 4202 1214 4243 omnem
1241 4189 1407 4244 vitam
1439 4191 1603 4245 totius
1629 4191 1846 4247 luminis
1871 4202 1924 4247 et

331 4274 482 4326 vitae
513 4273 636 4328 fons
663 4276 1029 4333 inexhaustus.
1063 4278 1132 4332 Et
1161 4279 1262 4333 hae
1287 4289 1418 4334 sunt
1441 4281 1717 4336 mirabiles
1756 4291 1812 4337 et
1837 4299 1924 4336 su-

325 4366 744 4436 permateriales
790 4369 994 4425 formae
1026 4371 1200 4440 ipsius
1228 4371 1545 4442 principalis
1581 4373 1848 4441 Deitatis,
1870 4384 1925 4430 et

327 4456 804 4526 supercaelestium
827 4463 1088 4518 virtutum
1113 4478 1254 4533 quae
1275 4464 1424 4520 circa
1443 4481 1563 4520 eam
1586 4475 1732 4521 sunt.
1769 4467 1922 4534 Quod

325 4559 726 4618 consequenter
749 4553 992 4625 adjungit
1019 4554 1205 4610 dicens
1233 4574 1246 4609 :
1278 4554 1462 4612 Tantis
1489 4558 1818 4612 mirabilibus
1846 4576 1922 4613 re-

2018 614 2322 677 laudantur,
2353 614 2613 668 deﬁciunt
2639 622 2839 680 tamen,
2870 613 3084 670 etiamsi
3109 615 3154 646 ¹³
3179 617 3261 670 sic
3287 617 3614 676 excellentes

2017 713 2071 758 et
2116 705 2592 775 supermateriales
2619 705 2745 768 sint,
2797 705 2979 760 divina
3027 703 3072 737 “
3105 707 3475 777 similitudine,
3509 712 3613 767 hoc

2017 805 2121 861 est,
2143 798 2379 852 divinam
2403 797 2810 852 similitudinem
2839 798 3010 867 ipsius
3035 814 3139 854 non
3164 801 3456 872 attingunt,
3485 805 3610 859 dum

2022 889 2226 943 veritas
2251 888 2570 942 consulitur.
2619 887 2686 942 Et
2733 888 2835 943 hoc
2863 899 2947 943 est
2976 891 3118 960 quod
3166 894 3411 960 sequitur
3457 912 3467 946 :
3517 893 3614 949 Est

2018 996 2158 1034 enim
2182 996 2341 1050 super
2373 995 2576 1032 omnem
2607 981 2884 1034 essentiam
2915 992 2962 1035 et
2989 982 3168 1047 vitam,
3214 983 3361 1037 nullo
3405 987 3615 1056 quidem

2018 1069 2187 1137 ipsam
2209 1067 2462 1121 u’lumine
2491 1070 2921 1135 caracterizante,
2955 1071 3058 1124 hoc
3078 1081 3178 1138 est,
3203 1071 3487 1142 figurante,
3518 1091 3614 1131 seu

2024 1160 2312 1225 formante,
2342 1161 2585 1230 omnique
2625 1162 2828 1216 ratione
2874 1173 2921 1216 et
2969 1163 3234 1218 intellectu
3272 1168 3616 1224 similitudine

2018 1250 2184 1320 ipsius
2208 1250 2688 1319 incomparabiliter
2727 1250 3022 1318 derelictis;
3065 1253 3118 1307 id
3148 1264 3249 1318 est,
3286 1257 3409 1310 dum
3437 1259 3616 1314 omnis

2022 1342 2163 1396 ratio
2187 1350 2244 1396 et
2268 1341 2574 1397 intellectus
2590 1343 2939 1399 similitudine
2959 1344 3126 1414 ipsius
3146 1347 3432 1404 alienatur.
3461 1351 3616 1405 Nulla

2023 1434 2290 1502 siquidem
2320 1435 2460 1487 ratio
2505 1434 2591 1489 vel
2618 1435 2921 1491 intellectus
2964 1447 3066 1503 est,
3112 1439 3204 1508 qui
3237 1440 3279 1470 ‘°
3307 1441 3616 1498 similitudi-

2025 1541 2151 1579 nem
2183 1525 2372 1595 ipsius,
2404 1527 2660 1594 quoniam
2715 1521 3154 1602 incomparabilis
3202 1543 3304 1601 est,
3335 1539 3508 1608 possit
3535 1548 3615 1593 at~

2027 1619 2253 1689 tingere.
2301 1619 2581 1674 Deseritur
2617 1621 2764 1676 enim
2793 1632 2851 1677 et
2882 1625 3094 1680 vilescit
3140 1630 3319 1683 omnis
3363 1641 3614 1687 creatum

2024 1710 2254 1765 visibilis
2298 1718 2353 1764 et
2399 1712 2706 1778 invisibilis,
2733 1716 2860 1769 dum
2891 1728 3237 1786 comparatur
3282 1739 3524 1779 summae
3566 1735 3621 1781 et

2029 1805 2428 1876 supernaturali
2460 1799 2709 1873 naturae,
2734 1823 2876 1878 quae
2903 1827 3067 1880 super
3094 1815 3275 1869 omnia
3304 1827 3408 1872 est.

2095 1897 2357 1968 Sequitur
2385 1893 2654 1958 secundus
2676 1903 3018 1962 formationis
3042 1903 3251 1975 modus,
3276 1913 3365 1980 qui
3394 1914 3615 1971 omnino

2025 1994 2424 2064 inconsequens
2437 2005 2491 2051 et
2513 1996 2818 2063 indecorus,
2837 1999 2939 2054 hoc
2960 2010 3062 2066 est,
3081 2002 3461 2060 inconveniens
3485 2008 3621 2063 divis

2023 2085 2110 2139 nis
2129 2085 2418 2141 virtutibus
2439 2096 2493 2140 et
2523 2087 2782 2145 deformis
2799 2107 2918 2147 esse
2932 2093 3162 2149 videtur.
3183 2095 3478 2168 Aliquando
3500 2115 3618 2154 vero

2024 2177 2373 2233 dissimilibus
2407 2180 2918 2250 manifestationibas
2942 2186 3005 2239 ab
3039 2187 3165 2256 ipsis
3196 2189 3414 2260 eloquiis
3435 2209 3620 2262 super-

2025 2271 2296 2321 mundane
2341 2267 2614 2335 laudatur,
2645 2289 2759 2326 eam
2788 2273 3116 2342 inuisibilem,
3142 2288 3189 2331 et
3223 2281 3504 2349 inﬁnitam,
3533 2284 3620 2336 in-

2028 2359 2641 2431 comprehensibilemque
2670 2366 2993 2432 vocantibus,
3030 2357 3082 2421 et
3109 2387 3170 2423 ea
3213 2371 3278 2437 ‘7,
3307 2389 3372 2427 ex
3410 2373 3617 2442 quibus,
3693 2361 3704 2369 ’

2028 2464 2131 2502 ηοη
2153 2451 2277 2520 quid
2305 2462 2401 2517 est,
2435 2455 2526 2506 sed
2547 2457 2672 2525 quid
2688 2474 2789 2510 non
2811 2467 2905 2522 est,
2937 2460 3284 2529 signiﬁcatur.
3317 2464 3620 2532 Secundus,

2029 2539 2220 2609 inquit,
2277 2543 2468 2599 modus
2512 2545 2817 2603 divinarum
2865 2550 3392 2623 manifestationum,
3425 2559 3624 2626 quibus

2028 2635 2082 2687 in
2106 2634 2304 2691 divinis
2347 2636 2645 2708 Scripturis
2677 2644 3146 2709 superessentialis
3174 2646 3434 2703 Divinitas
3460 2666 3620 2720 supra

2028 2741 2241 2781 omnem
2271 2729 2528 2782 mundum
2554 2729 2596 2760 ¹⁸
2621 2730 2870 2784 laudatur
2897 2732 2963 2796 ‘9,
2991 2735 3183 2802 duplex
3215 2747 3315 2791 est.
3345 2739 3452 2792 Aut
3474 2741 3619 2793 enim

2029 2832 2127 2887 per
2157 2818 2451 2872 dissimiles
2492 2818 2695 2872 formas
2721 2831 2775 2873 et
2799 2821 3242 2880 inconvenientes
3284 2827 3622 2897 longissime-

2029 2922 2134 2975 que
2152 2911 2218 2963 ab
2237 2910 2351 2977 ipsa
2370 2950 2384 2974 ,
2409 2918 2469 2963 ut
2488 2910 2853 2980 praediximus
2871 2951 2884 2975 ,
2916 2913 3181 2968 distantes
3206 2917 3532 2986 imaginatur
3553 2919 3617 2980 ³ο,

2031 3011 2124 3056 aut
2149 3017 2247 3072 per
2275 3016 2374 3067 ea,
2415 3016 2482 3057 ex
2521 3003 2716 3072 quibus
2747 3019 2852 3059 non
2885 3005 3014 3073 quid
3059 3012 3143 3060 est
3164 3049 3182 3073 ,
3231 3008 3323 3062 sed
3352 3010 3479 3077 quid
3511 3001 3617 3067 non

2029 3107 2129 3161 cst,
2155 3095 2509 3164 signiﬁcatur,
2545 3097 2809 3165 innuitur,
2834 3099 2958 3178 dum
2995 3100 3280 3177 invisibilis
3317 3111 3372 3158 et
3406 3104 3619 3160 inﬁnita

2030 3199 2085 3242 ct
2112 3190 2674 3260 incomprehensibilis
2701 3203 2944 3248 vocatur.
2981 3193 3260 3263 Siquidem
3311 3197 3434 3252 dum
3477 3215 3624 3253 sum-

2032 3294 2174 3332 mam
2219 3279 2479 3335 Deitatem
2511 3291 2567 3335 et
2591 3283 2888 3338 bonitatem
2917 3283 3242 3361 invisibilem
3271 3295 3325 3341 et
3352 3288 3618 3342 inﬁnitam

2031 3380 2085 3424 et
2110 3371 2710 3441 incomprehensibilcm
2738 3376 2919 3430 divina
2968 3386 3128 3431 vocat
3174 3376 3478 3448 Scriptura,
3515 3396 3620 3435 non

2030 3459 2157 3528 quid
2194 3461 2308 3528 ipsa
2358 3471 2444 3531 est
2486 3462 2791 3531 signiﬁcat;
2824 3480 2932 3518 non
2989 3466 3132 3520 enim
3183 3467 3525 3523 invisibilitas
3569 3476 3626 3523 et

2030 3549 2270 3605 inﬁnitas
2302 3560 2358 3606 et
2387 3553 3009 3622 incon'iprehensiliilitas
3055 3559 3290 3613 essentia
3322 3561 3490 3628 ipsius
3515 3570 3620 3626 est,

2029 3644 2146 3709 sed,
2175 3643 2303 3713 quid
2340 3660 2446 3698 non
2485 3655 2590 3709 est,
2644 3648 2898 3701 ostendit.
2934 3647 3048 3703 Non
3081 3658 3162 3704 est
3198 3651 3339 3704 enim
3373 3652 3620 3717 visibilis,

2028 3746 2203 3800 neque
2248 3733 2420 3799 ﬁnita,
2476 3750 2651 3804 neque.
2701 3738 3223 3806 comprehensibilis.
3271 3740 3338 3793 Et
3365 3741 3622 3809 quoniam

2029 3824 2224 3893 duplex
2248 3826 2290 3856 ¹¹
2340 3827 2557 3881 divinae
2589 3828 3003 3898 signiﬁcationis
3033 3831 3172 3885 ratio
3199 3841 3283 3887 est
3309 3851 3320 3884 :
3352 3842 3446 3886 aut
3471 3833 3618 3888 enim

2032 3915 2356 3971 allirmative
2387 3918 2726 3988 signiﬁcatur
2753 3921 2821 3985 ²¹,
2846 3921 2996 3974 verbi
3029 3924 3225 3991 gratia,
3257 3925 3384 3977 dum
3417 3926 3482 3978 de
3505 3925 3620 3993 ipsa

2027 4007 2413 4072 praedicatur:
2442 4011 2679 4062 essentia
2707 4019 2810 4072 est,
2842 4026 2935 4065 seu
2968 4010 3204 4076 bonitas,
3242 4027 3333 4065 seu
3366 4013 3496 4075 vita,
3526 4029 3622 4068 seu

2028 4098 2306 4163 sapientia,
2328 4113 2420 4152 seu
2445 4103 2668 4165 veritas,
2695 4113 2984 4170 ceteraque
3008 4104 3264 4157 similium
3292 4104 3620 4158 virtutum”
3655 4157 3660 4162 .

2029 4184 2271 4248 nomina,
2314 4201 2450 4253 quae
2483 4187 2697 4242 divinae
2741 4191 3009 4244 altitudini
3042 4203 3206 4260 atque
3243 4192 3623 4250 subsistentiae

2027 4277 2537 4332 convenientissima
2552 4281 2848 4334 esseviden
2859 4289 2967 4344 tur;
2994 4291 3089 4336 aut
3109 4283 3381 4353 negative,
3399 4294 3458 4339 ut
3499 4304 3622 4342 cum

2028 4368 2276 4423 “dicitur
2291 4369 2593 4435 invisibilis,
2613 4370 2840 4435 inﬁnita,
2859 4371 3433 4442 incomprehensibilis,
3455 4375 3619 4443 invia,

2025 4472 2080 4517 et
2111 4463 2848 4536 investigabilis,ceteraque,
2876 4482 3014 4536 quae
3031 4469 3226 4541 deipsa
3247 4484 3344 4539 per
3373 4471 3623 4549 negatio:

2029 4569 2148 4610 nem
2166 4559 2602 4626 pronuntiantur.
2620 4559 2910 4629 Propterea
2927 4559 3156 4628 subjecit
3170 4561 3218 4593 ³⁵
3235 4579 3248 4616 :
3267 4560 3380 4616 Hoc
3395 4563 3550 4628 enim,
3567 4573 3622 4618 ut

322 4638 732 4708 formationibus
775 4623 1172 4714 gloriosioribus
1209 4648 1421 4718 quidem
1471 4650 1842 4717 existentibus,
1875 4661 1922 4706 et
1948 4623 2002 4682 D
2030 4647 2268 4712 aestimo,
2292 4651 2552 4717 potentius
2601 4659 2675 4704 est
2729 4652 2782 4704 in
2805 4651 2938 4721 ipsa.
2965 4651 3233 4720 Aestimo,
3261 4654 3454 4724 inquit,
3480 4656 3622 4712 hanc

322 4730 626 4784 materiales
642 4727 984 4800 formationes
1009 4734 1257 4790 excellere
1273 4752 1480 4807 quoquo
1493 4739 1650 4793 modo
1670 4741 1923 4809 probatis,
2032 4739 2318 4804 rationem,
2334 4755 2470 4809 quae
2484 4749 2567 4795 est
2583 4743 2852 4812 negativa,
2870 4747 3227 4814 potentiorem
3242 4756 3296 4803 et
3309 4749 3628 4804 convenien-

321 4823 686 4892 deﬁcientibus
718 4835 774 4889 et,
792 4827 869 4880 sic
893 4828 1192 4883 thearchica
1219 4831 1263 4860 “
1285 4830 1356 4883 ad
1383 4832 1652 4886 veritatem
1679 4831 1927 4886 similitu-
2033 4831 2442 4902 tioreminipsa,
2462 4833 2566 4890 hoc
2578 4844 2682 4902 est,
2707 4836 2760 4890 in
2783 4836 2950 4907 ipsius
2963 4853 3209 4895 summae
3224 4840 3442 4895 deitatis
3454 4841 3625 4910 signi-

323 4917 464 4969 dine.
499 4916 662 4972 Tales
687 4926 833 4984 sunt,
875 4919 1070 4988 inquit,
1105 4930 1306 4988 tantae,
1335 4930 1390 4977 et
1416 4931 1528 4978 tam
1561 4939 1788 4994 magnae
1819 4924 1925 4978 mi-
2031 4922 2300 4989 ﬁcatione,
2355 4928 2479 4982 dum
2505 4929 2706 4985 anobis
2756 4929 2955 4984 colitur
2972 4940 3028 4986 et
3059 4935 3336 4989 adoratur.
3383 4931 3626 4988 Validius

326 5009 525 5064 rabiles
555 5009 788 5077 formae,
813 5028 953 5082 quae
973 5015 1320 5084 gloriosiores
1340 5017 1601 5082 existunt,
1629 5030 1926 5086 omnesque
2029 5018 2227 5089 quippe
2270 5028 2326 5074 et
2362 5023 2720 5093 propinquius
2767 5023 2969 5078 veritas
3014 5025 3306 5080 ineliabilis
3345 5031 3400 5077 et
3443 5024 3626 5078 divina

326 5100 641 5156 materiales
670 5101 1026 5160 formationes
1053 5115 1108 5161 et
1146 5106 1560 5179 imaginationes
1589 5123 1846 5179 superare
1870 5117 1928 5163 et
2029 5110 2317 5166 cxistentia
2349 5115 2620 5182 negativa,
2652 5129 2817 5184 quam
2840 5113 3156 5171 alﬁrmative
3199 5115 3520 5169 insinuatur.
3555 5112 3627 5169 Et

1647 5239 1906 5297 VARIAE
1945 5240 2346 5298 LECTIONES.

399 5327 420 5361 ¹
452 5325 730 5411 Sic
787 5297 790 5302 Ι
833 5333 855 5363 ²
883 5330 925 5385 Β
957 5332 1394 5411 convenientibus.
1495 5333 1524 5411 f
1556 5331 1599 5383 B
1644 5331 2014 5411 imaginibus:
2068 5329 2110 5411 ,⁸
2146 5297 2236 5386 Sic
2259 5297 2537 5411 Cietcorr.
2567 5333 2610 5388 B
2638 5336 2681 5402 ¹,
2724 5332 2812 5411 ΑΒ
2842 5335 3345 5411 superborumque.”
3380 5327 3401 5360 ⁵
3433 5328 3527 5411 Sic
3549 5331 3623 5411 g;

327 5406 382 5449 ut
409 5400 520 5452 oni.
553 5400 665 5463 ΔΒ,
710 5403 1083 5477 supra_adscr.
1118 5403 1202 5457 B‘.
1247 5435 1253 5444 ς
1293 5403 1342 5477 ,⁸
1369 5401 1698 5477 speciesptn.
1733 5403 1792 5456 Β.
1847 5435 1854 5444 -
1899 5403 2016 5477 ΪιΒ
2062 5404 2336 5477 θεαρχιὶὶθ,
2390 5405 2431 5477 Β
2456 5408 2476 5469 ‘_
2499 5400 2672 5476 marg.
2705 5407 2882 5477 adscr.
2906 5400 2915 5406 ’
2938 5405 2974 5457 i.
3009 5420 3055 5477 ες
3109 5400 3460 5477 thearcbiae._
3483 5402 3528 5477 _°
3561 5402 3624 5477 Β.

329 5482 501 5521 rerum
550 5487 818 5546 causam.:
877 5472 899 5504 ’
931 5473 971 5526 Β
992 5477 1248 5559 Geapzaie
1284 5471 1488 5544 (punct.
1518 5471 1624 5541 adj.
1653 5472 1694 5526 Β
1721 5480 1738 5494 ·
1765 5482 1822 5526 et
1845 5473 1914 5527 ad
1945 5487 2116 5540 marg.
2153 5471 2359 5529 'adscr.‘
2396 5476 2433 5529 i.
2471 5493 2518 5529 e.
2565 5471 2897 5542 ierarchiae).
3010 5473 3051 5502 ’θ
3099 5471 3254 5537 Corr.
3289 5471 3330 5524 Β
3359 5472 3402 5537 ',
3434 5471 3526 5529 AB
3567 5476 3630 5532 in

367 5561 761 5632 gnrationibus.
863 5565 907 5596 “
937 5551 1257 5629 Sic'ABp'C
1312 5573 1358 5618 ct
1406 5563 1867 5619 incommutabilis.
1971 5565 2013 5594 ¹¹
2043 5565 2223 5632 Corr.,
2265 5566 2355 5619 AB
2403 5565 2692 5626 thearchia,
2749 5561 3098 5618 Cthearchie.
3203 5562 3247 5594 ¹³
3299 5564 3548 5631 Emend.,
3579 5567 3627 5622 Α

397 5639 446 5682 et
469 5630 589 5699 jam
619 5634 686 5707 si,
737 5631 780 5689 C
827 5645 895 5707 et.
998 5635 1041 5666 “
1070 5634 1151 5707 B_'
1190 5650 1360 5707 marg.
1406 5635 1584 5690 adscr.
1625 5635 1909 5707 thearcica.
2019 5636 2065 5666 ”
2097 5630 2277 5699 SiciC,
2307 5636 2555 5707 ABripso.
2665 5633 2708 5707 ‘_‘
2735 5632 2778 5686 A
2809 5635 2966 5707 quis;
3032 5633 3093 5707 _"’
3120 5633 3203 5707 Bf'
3231 5651 3393 5707 supra
3441 5630 3624 5695 adscr.

328 5714 420 5787 per
450 5716 583 5787 ea.“
620 5702 948 5787 “Amandum
970 5722 1078 5761 om.
1109 5705 1210 5787 BM
1408 5709 1424 5725 ‘
1460 5707 1527 5787 ad
1555 5705 2290 5787 marg.“ad.scr.ncreaturam.
2383 5702 2500 5785 ξοΑ
2525 5702 2904 5787 imaginantur,
2936 5704 3002 5771 Β,
3017 5702 3385 5787 imaginantur
3406 5707 3622 5787 lpunct.

329 5720 420 5766 per
450 5720 537 5756 ea.
620 5720 664 5735 ν’
690 5720 948 5760 manuum
970 5722 1078 5761 om.
1109 5720 1152 5760 Β
1264 5720 1304 5736 ι’
1333 5720 1374 5760 υ
1411 5720 1424 5725 ·
1460 5720 1527 5761 au
1555 5721 1730 5775 marg.
1762 5720 1940 5759 adscr.
1973 5720 2290 5760 creaturam.
2384 5720 2427 5785 τυ
2455 5720 2500 5757 Α
2525 5720 2904 5828 imaginantur,
2936 5720 3002 5771 is,
3017 5720 3385 5787 imaginantur
3406 5720 3622 5830 kpunct.

719 5776 1092 5847 imaginentur.
1170 5775 1213 5807 ’ί
1243 5774 1290 5831 Α
1321 5775 1568 5846 dupplex.
1644 5777 1689 5808 “
1720 5775 1762 5831 B
1790 5775 2122 5846 signiﬁcatur
2151 5776 2475 5843 atﬁrmatwe.
2554 5773 2600 5804 ³³
2696 5784 2946 5832 virtutum
2981 5774 3256 5832 similium.
3332 5777 3382 5810 “
3476 5779 3624 5833 dum.

453 5858 499 5897 lC
548 5858 704 5900 Ᾱῦυ.
