  <div class='ocr_page' id='page_1' title='image "/cluster/home/n/w/nwhite01/storage/ocr_20150623/122/pst.000018028355/117.png"; bbox 0 0 4178 6266; ppageno 0'>
   <div class='ocr_carea' id='block_1_1' title="bbox 541 422 2153 499">
    <p class='ocr_par' dir='ltr' id='par_1_1' title="bbox 541 429 2145 499">
     <span class='ocr_line' id='line_1_1' title="bbox 541 429 2145 499; baseline -0.007 -6"><span class='ocrx_word' id='word_1_1' title='bbox 541 439 644 493; x_wconf 68' lang='lat' dir='ltr'><strong>las:</strong></span> <span class='ocrx_word' id='word_1_2' title='bbox 869 491 877 495; x_wconf 96' lang='lat'><em>_</em></span> <span class='ocrx_word' id='word_1_3' title='bbox 1420 496 1423 499; x_wconf 6' lang='lat' dir='ltr'><strong>p</strong></span> <span class='ocrx_word' id='word_1_4' title='bbox 1645 429 2145 483; x_wconf 64' lang='lat' dir='ltr'><strong>exrusmunns</strong></span> 
     </span>
    </p>
   </div>
   <div class='ocr_carea' id='block_1_2' title="bbox 2254 422 3819 499">
    <p class='ocr_par' dir='ltr' id='par_1_2' title="bbox 2255 422 3819 480">
     <span class='ocr_line' id='line_1_2' title="bbox 2255 422 3819 480; baseline 0.001 -3"><span class='ocrx_word' id='word_1_5' title='bbox 2255 427 2462 477; x_wconf 78' lang='lat' dir='ltr'><strong>ANNS</strong></span> <span class='ocrx_word' id='word_1_6' title='bbox 2497 424 2695 477; x_wconf 64' lang='lat' dir='ltr'><strong>be&#39;l&#39;l</strong></span> <span class='ocrx_word' id='word_1_7' title='bbox 3714 422 3819 480; x_wconf 67' lang='lat'><strong>160</strong></span> 
     </span>
    </p>
   </div>
   <div class='ocr_carea' id='block_1_3' title="bbox 540 533 3819 619">
    <p class='ocr_par' dir='ltr' id='par_1_3' title="bbox 540 533 3819 619">
     <span class='ocr_line' id='line_1_3' title="bbox 540 533 3819 619; baseline -0.003 -16"><span class='ocrx_word' id='word_1_8' title='bbox 540 556 633 611; x_wconf 76' lang='grc' dir='ltr'><strong>τῆς</strong></span> <span class='ocrx_word' id='word_1_9' title='bbox 666 546 850 619; x_wconf 77' lang='grc' dir='ltr'>ψυχῆς</span> <span class='ocrx_word' id='word_1_10' title='bbox 880 562 899 596; x_wconf 74' lang='grc' dir='ltr'><strong>ι</strong></span> <span class='ocrx_word' id='word_1_11' title='bbox 922 584 938 611; x_wconf 86' lang='grc'><em>,</em></span> <span class='ocrx_word' id='word_1_12' title='bbox 974 543 1077 599; x_wconf 92' lang='lat' dir='ltr'><strong>hoc</strong></span> <span class='ocrx_word' id='word_1_13' title='bbox 1113 548 1231 597; x_wconf 88' lang='lat' dir='ltr'><strong>est:</strong></span> <span class='ocrx_word' id='word_1_14' title='bbox 1276 539 1420 610; x_wconf 91' lang='lat' dir='ltr'><strong>quod</strong></span> <span class='ocrx_word' id='word_1_15' title='bbox 1461 554 1675 595; x_wconf 82' lang='lat' dir='ltr'><strong>sursum</strong></span> <span class='ocrx_word' id='word_1_16' title='bbox 1712 538 1883 594; x_wconf 91' lang='lat' dir='ltr'><strong>fertur</strong></span> <span class='ocrx_word' id='word_1_17' title='bbox 1913 540 1967 594; x_wconf 91' lang='lat' dir='ltr'><strong>in</strong></span> <span class='ocrx_word' id='word_1_18' title='bbox 2005 540 2125 595; x_wconf 91' lang='lat' dir='ltr'><strong>ani-</strong></span> <span class='ocrx_word' id='word_1_19' title='bbox 2154 545 2206 606; x_wconf 76' lang='grc' dir='ltr'><strong>Α</strong></span> <span class='ocrx_word' id='word_1_20' title='bbox 2232 537 2500 607; x_wconf 74' lang='lat' dir='ltr'><strong>theologia</strong></span> <span class='ocrx_word' id='word_1_21' title='bbox 2528 551 2628 607; x_wconf 90' lang='lat' dir='ltr'><strong>per</strong></span> <span class='ocrx_word' id='word_1_22' title='bbox 2666 536 3076 591; x_wconf 85' lang='lat' dir='ltr'><strong>descensionem</strong></span> <span class='ocrx_word' id='word_1_23' title='bbox 3122 533 3193 589; x_wconf 85' lang='lat' dir='ltr'><strong>ad</strong></span> <span class='ocrx_word' id='word_1_24' title='bbox 3219 533 3554 591; x_wconf 83' lang='lat' dir='ltr'><strong>humillimas</strong></span> <span class='ocrx_word' id='word_1_25' title='bbox 3595 545 3651 592; x_wconf 90' lang='lat' dir='ltr'><strong>et</strong></span> <span class='ocrx_word' id='word_1_26' title='bbox 3684 554 3819 593; x_wconf 88' lang='lat' dir='ltr'><strong>con-</strong></span> 
     </span>
    </p>
   </div>
   <div class='ocr_carea' id='block_1_4' title="bbox 545 622 3823 704">
    <p class='ocr_par' dir='ltr' id='par_1_4' title="bbox 545 622 3823 704">
     <span class='ocr_line' id='line_1_4' title="bbox 545 622 3823 704; baseline -0.003 -12"><span class='ocrx_word' id='word_1_27' title='bbox 545 654 652 692; x_wconf 90' lang='lat' dir='ltr'><strong>ma.</strong></span> <span class='ocrx_word' id='word_1_28' title='bbox 683 636 833 691; x_wconf 91' lang='lat' dir='ltr'><strong>Mens</strong></span> <span class='ocrx_word' id='word_1_29' title='bbox 859 637 1077 704; x_wconf 84' lang='lat' dir='ltr'><strong>quippe,</strong></span> <span class='ocrx_word' id='word_1_30' title='bbox 1118 646 1256 703; x_wconf 88' lang='lat' dir='ltr'><strong>quae</strong></span> <span class='ocrx_word' id='word_1_31' title='bbox 1288 639 1507 685; x_wconf 89' lang='lat' dir='ltr'><strong>nostrae</strong></span> <span class='ocrx_word' id='word_1_32' title='bbox 1542 640 1769 685; x_wconf 88' lang='lat' dir='ltr'><strong>naturae</strong></span> <span class='ocrx_word' id='word_1_33' title='bbox 1806 630 2128 686; x_wconf 85' lang='lat' dir='ltr'><strong>sublimissi-</strong></span> <span class='ocrx_word' id='word_1_34' title='bbox 2229 627 2376 682; x_wconf 89' lang='lat' dir='ltr'><strong>fusas</strong></span> <span class='ocrx_word' id='word_1_35' title='bbox 2416 627 2840 696; x_wconf 88' lang='lat' dir='ltr'><strong>inbonestasque</strong></span> <span class='ocrx_word' id='word_1_36' title='bbox 2878 622 3244 679; x_wconf 88' lang='lat' dir='ltr'><strong>materialium</strong></span> <span class='ocrx_word' id='word_1_37' title='bbox 3285 639 3469 679; x_wconf 87' lang='lat' dir='ltr'><strong>rerum</strong></span> <span class='ocrx_word' id='word_1_38' title='bbox 3516 626 3823 683; x_wconf 85' lang='lat' dir='ltr'><strong>conforma-</strong></span> 
     </span>
    </p>
   </div>
   <div class='ocr_carea' id='block_1_5' title="bbox 545 706 3825 798">
    <p class='ocr_par' dir='ltr' id='par_1_5' title="bbox 545 706 3825 798">
     <span class='ocr_line' id='line_1_5' title="bbox 545 706 3825 798; baseline -0.002 -15"><span class='ocrx_word' id='word_1_39' title='bbox 545 744 633 783; x_wconf 91' lang='lat' dir='ltr'><strong>ma</strong></span> <span class='ocrx_word' id='word_1_40' title='bbox 662 744 788 798; x_wconf 89' lang='lat' dir='ltr'><strong>pars</strong></span> <span class='ocrx_word' id='word_1_41' title='bbox 805 736 910 788; x_wconf 83' lang='lat' dir='ltr'><strong>est,</strong></span> <span class='ocrx_word' id='word_1_42' title='bbox 928 741 1141 781; x_wconf 88' lang='lat' dir='ltr'><strong>sursum</strong></span> <span class='ocrx_word' id='word_1_43' title='bbox 1170 738 1389 793; x_wconf 87' lang='lat' dir='ltr'><strong>semper</strong></span> <span class='ocrx_word' id='word_1_44' title='bbox 1432 724 1500 778; x_wconf 89' lang='lat' dir='ltr'><strong>ad</strong></span> <span class='ocrx_word' id='word_1_45' title='bbox 1530 723 1834 794; x_wconf 90' lang='lat' dir='ltr'><strong>spiritualia</strong></span> <span class='ocrx_word' id='word_1_46' title='bbox 1860 724 2126 777; x_wconf 70' lang='lat' dir='ltr'><strong>naturali‘</strong></span> <span class='ocrx_word' id='word_1_47' title='bbox 2182 706 2185 709; x_wconf 52' lang='grc'><em>’</em></span> <span class='ocrx_word' id='word_1_48' title='bbox 2230 722 2403 776; x_wconf 87' lang='lat' dir='ltr'><strong>tiones</strong></span> <span class='ocrx_word' id='word_1_49' title='bbox 2416 720 2480 784; x_wconf 67' lang='grc'><strong>’³,</strong></span> <span class='ocrx_word' id='word_1_50' title='bbox 2503 721 2698 791; x_wconf 88' lang='lat' dir='ltr'><strong>quibus</strong></span> <span class='ocrx_word' id='word_1_51' title='bbox 2716 718 3059 774; x_wconf 90' lang='lat' dir='ltr'><strong>divinianimi</strong></span> <span class='ocrx_word' id='word_1_52' title='bbox 3090 717 3485 788; x_wconf 82' lang='lat' dir='ltr'><strong>significantur.</strong></span> <span class='ocrx_word' id='word_1_53' title='bbox 3518 718 3674 774; x_wconf 88' lang='lat' dir='ltr'><strong>Nunc</strong></span> <span class='ocrx_word' id='word_1_54' title='bbox 3698 735 3825 775; x_wconf 91' lang='lat' dir='ltr'><strong>vero</strong></span> 
     </span>
    </p>
   </div>
   <div class='ocr_carea' id='block_1_6' title="bbox 546 811 3824 891">
    <p class='ocr_par' dir='ltr' id='par_1_6' title="bbox 546 811 3824 891">
     <span class='ocr_line' id='line_1_6' title="bbox 546 811 3824 891; baseline -0.003 -15"><span class='ocrx_word' id='word_1_55' title='bbox 546 821 781 891; x_wconf 91' lang='lat' dir='ltr'><strong>appetitu</strong></span> <span class='ocrx_word' id='word_1_56' title='bbox 810 818 1002 873; x_wconf 84' lang='lat' dir='ltr'><strong>fertur.</strong></span> <span class='ocrx_word' id='word_1_57' title='bbox 1033 816 1172 871; x_wconf 81' lang='lat' dir='ltr'><strong>Hinc</strong></span> <span class='ocrx_word' id='word_1_58' title='bbox 1194 817 1215 847; x_wconf 83' lang='lat'>&#39;</span> <span class='ocrx_word' id='word_1_59' title='bbox 1246 816 1323 870; x_wconf 93' lang='lat' dir='ltr'><strong>ait</strong></span> <span class='ocrx_word' id='word_1_60' title='bbox 1346 815 1643 885; x_wconf 82' lang='lat' dir='ltr'><strong>Apostolus</strong></span> <span class='ocrx_word' id='word_1_61' title='bbox 1666 830 1680 870; x_wconf 88' lang='lat'><strong>:</strong></span> <span class='ocrx_word' id='word_1_62' title='bbox 1712 835 1730 867; x_wconf 85' lang='grc'><strong>‹</strong></span> <span class='ocrx_word' id='word_1_63' title='bbox 1750 827 1931 871; x_wconf 89' lang='lat' dir='ltr'><strong>mente</strong></span> <span class='ocrx_word' id='word_1_64' title='bbox 1953 815 2130 870; x_wconf 85' lang='lat' dir='ltr'><strong>servio</strong></span> <span class='ocrx_word' id='word_1_65' title='bbox 2216 813 2690 882; x_wconf 85' lang='lat' dir='ltr'><strong>&#39;tractareincipit,</strong></span> <span class='ocrx_word' id='word_1_66' title='bbox 2711 812 2855 883; x_wconf 91' lang='lat' dir='ltr'><strong>quod</strong></span> <span class='ocrx_word' id='word_1_67' title='bbox 2871 826 2976 866; x_wconf 93' lang='lat' dir='ltr'><strong>non</strong></span> <span class='ocrx_word' id='word_1_68' title='bbox 2990 811 3108 865; x_wconf 91' lang='lat' dir='ltr'><strong>sine</strong></span> <span class='ocrx_word' id='word_1_69' title='bbox 3129 811 3339 864; x_wconf 87' lang='lat' dir='ltr'><strong>ratione</strong></span> <span class='ocrx_word' id='word_1_70' title='bbox 3354 811 3531 865; x_wconf 88' lang='lat' dir='ltr'><strong>divina</strong></span> <span class='ocrx_word' id='word_1_71' title='bbox 3552 812 3824 883; x_wconf 75' lang='lat' dir='ltr'><strong>theologia</strong></span> 
     </span>
    </p>
   </div>
   <div class='ocr_carea' id='block_1_7' title="bbox 545 899 3824 985">
    <p class='ocr_par' dir='ltr' id='par_1_7' title="bbox 545 899 3824 985">
     <span class='ocr_line' id='line_1_7' title="bbox 545 899 3824 985; baseline -0.004 -18"><span class='ocrx_word' id='word_1_72' title='bbox 545 914 650 985; x_wconf 93' lang='lat' dir='ltr'><strong>legi</strong></span> <span class='ocrx_word' id='word_1_73' title='bbox 681 913 813 975; x_wconf 88' lang='lat' dir='ltr'><strong>Dei,</strong></span> <span class='ocrx_word' id='word_1_74' title='bbox 844 900 1022 965; x_wconf 89' lang='lat' dir='ltr'><strong>carne</strong></span> <span class='ocrx_word' id='word_1_75' title='bbox 1048 916 1243 979; x_wconf 9' lang='lat' dir='ltr'><strong>autem,</strong></span> <span class='ocrx_word' id='word_1_76' title='bbox 1272 908 1377 979; x_wconf 90' lang='lat' dir='ltr'><strong>legi</strong></span> <span class='ocrx_word' id='word_1_77' title='bbox 1417 908 1629 977; x_wconf 88' lang='lat' dir='ltr'><strong>peccati</strong></span> <span class='ocrx_word' id='word_1_78' title='bbox 1657 925 1714 974; x_wconf 76' lang='lat' dir='ltr'><strong>i;</strong></span> <span class='ocrx_word' id='word_1_79' title='bbox 1752 908 1981 977; x_wconf 89' lang='lat' dir='ltr'><strong>ideoque</strong></span> <span class='ocrx_word' id='word_1_80' title='bbox 2017 908 2132 977; x_wconf 90' lang='lat' dir='ltr'><strong>ipsa</strong></span> <span class='ocrx_word' id='word_1_81' title='bbox 2233 902 2617 957; x_wconf 86' lang='lat' dir='ltr'><strong>similitudines</strong></span> <span class='ocrx_word' id='word_1_82' title='bbox 2640 915 2821 957; x_wconf 89' lang='lat' dir='ltr'><strong>rerum</strong></span> <span class='ocrx_word' id='word_1_83' title='bbox 2846 899 3198 956; x_wconf 86' lang='lat' dir='ltr'><strong>invisibilium</strong></span> <span class='ocrx_word' id='word_1_84' title='bbox 3211 913 3277 953; x_wconf 86' lang='lat' dir='ltr'><strong>ex</strong></span> <span class='ocrx_word' id='word_1_85' title='bbox 3292 900 3435 953; x_wconf 89' lang='lat' dir='ltr'><strong>onmi</strong></span> <span class='ocrx_word' id='word_1_86' title='bbox 3451 899 3647 954; x_wconf 90' lang='lat' dir='ltr'><strong>visibili</strong></span> <span class='ocrx_word' id='word_1_87' title='bbox 3668 915 3824 955; x_wconf 89' lang='lat' dir='ltr'><strong>crea-</strong></span> 
     </span>
    </p>
   </div>
   <div class='ocr_carea' id='block_1_8' title="bbox 547 987 3821 1073">
    <p class='ocr_par' dir='ltr' id='par_1_8' title="bbox 547 987 3821 1073">
     <span class='ocr_line' id='line_1_8' title="bbox 547 987 3821 1073; baseline -0.004 -16"><span class='ocrx_word' id='word_1_88' title='bbox 547 1018 675 1073; x_wconf 88' lang='lat' dir='ltr'><strong>pars</strong></span> <span class='ocrx_word' id='word_1_89' title='bbox 746 1009 931 1056; x_wconf 89' lang='lat' dir='ltr'><strong>nostra</strong></span> <span class='ocrx_word' id='word_1_90' title='bbox 972 998 992 1029; x_wconf 83' lang='grc'>⁸</span> <span class='ocrx_word' id='word_1_91' title='bbox 1032 998 1246 1053; x_wconf 86' lang='lat' dir='ltr'><strong>divinae</strong></span> <span class='ocrx_word' id='word_1_92' title='bbox 1306 997 1609 1069; x_wconf 87' lang='lat' dir='ltr'><strong>theologiae</strong></span> <span class='ocrx_word' id='word_1_93' title='bbox 1669 997 2133 1052; x_wconf 88' lang='lat' dir='ltr'><strong>administratione</strong></span> <span class='ocrx_word' id='word_1_94' title='bbox 2237 1003 2356 1047; x_wconf 90' lang='lat' dir='ltr'><strong>tura</strong></span> <span class='ocrx_word' id='word_1_95' title='bbox 2385 992 2694 1062; x_wconf 86' lang='lat' dir='ltr'><strong>sumpserit.</strong></span> <span class='ocrx_word' id='word_1_96' title='bbox 2735 991 3029 1061; x_wconf 83' lang='lat' dir='ltr'><strong>Propterea</strong></span> <span class='ocrx_word' id='word_1_97' title='bbox 3075 990 3321 1059; x_wconf 82' lang='lat' dir='ltr'><strong>sequitur</strong></span> <span class='ocrx_word' id='word_1_98' title='bbox 3358 1004 3373 1042; x_wconf 89' lang='lat'><strong>:</strong></span> <span class='ocrx_word' id='word_1_99' title='bbox 3410 987 3512 1044; x_wconf 87' lang='lat' dir='ltr'><strong>Sed</strong></span> <span class='ocrx_word' id='word_1_100' title='bbox 3550 991 3730 1058; x_wconf 82' lang='lat' dir='ltr'><strong>itaque</strong></span> <span class='ocrx_word' id='word_1_101' title='bbox 3770 1001 3821 1044; x_wconf 80' lang='lat' dir='ltr'><strong>et</strong></span> 
     </span>
    </p>
   </div>
   <div class='ocr_carea' id='block_1_9' title="bbox 546 1081 3818 1163">
    <p class='ocr_par' dir='ltr' id='par_1_9' title="bbox 546 1081 3818 1163">
     <span class='ocr_line' id='line_1_9' title="bbox 546 1081 3818 1163; baseline -0.004 -16"><span class='ocrx_word' id='word_1_102' title='bbox 546 1101 830 1163; x_wconf 81' lang='lat' dir='ltr'><strong>purgatur,</strong></span> <span class='ocrx_word' id='word_1_103' title='bbox 860 1099 921 1145; x_wconf 89' lang='lat' dir='ltr'><strong>ut</strong></span> <span class='ocrx_word' id='word_1_104' title='bbox 941 1099 1168 1161; x_wconf 87' lang='lat' dir='ltr'><strong>purgata</strong></span> <span class='ocrx_word' id='word_1_105' title='bbox 1196 1091 1250 1145; x_wconf 92' lang='lat' dir='ltr'><strong>in</strong></span> <span class='ocrx_word' id='word_1_106' title='bbox 1279 1089 1596 1144; x_wconf 88' lang='lat' dir='ltr'><strong>caelestium</strong></span> <span class='ocrx_word' id='word_1_107' title='bbox 1622 1090 1906 1155; x_wconf 91' lang='lat' dir='ltr'><strong>virtutum,</strong></span> <span class='ocrx_word' id='word_1_108' title='bbox 1939 1090 2134 1159; x_wconf 89' lang='lat' dir='ltr'><strong>ipsius-</strong></span> <span class='ocrx_word' id='word_1_109' title='bbox 2235 1086 2331 1139; x_wconf 90' lang='lat' dir='ltr'><strong>hoc</strong></span> <span class='ocrx_word' id='word_1_110' title='bbox 2378 1084 2665 1154; x_wconf 78' lang='lat' dir='ltr'><strong>intelligere</strong></span> <span class='ocrx_word' id='word_1_111' title='bbox 2721 1092 2960 1154; x_wconf 90' lang='lat' dir='ltr'><strong>oportet,</strong></span> <span class='ocrx_word' id='word_1_112' title='bbox 3012 1081 3141 1136; x_wconf 81' lang='lat' dir='ltr'><strong>nihil</strong></span> <span class='ocrx_word' id='word_1_113' title='bbox 3189 1097 3369 1136; x_wconf 85' lang='lat' dir='ltr'><strong>eorum</strong></span> <span class='ocrx_word' id='word_1_114' title='bbox 3390 1121 3404 1144; x_wconf 92' lang='lat'><strong>,</strong></span> <span class='ocrx_word' id='word_1_115' title='bbox 3465 1096 3623 1150; x_wconf 85' lang='lat' dir='ltr'><strong>quae-</strong></span> <span class='ocrx_word' id='word_1_116' title='bbox 3655 1091 3776 1135; x_wconf 86' lang='lat' dir='ltr'><strong>sunt</strong></span> <span class='ocrx_word' id='word_1_117' title='bbox 3802 1121 3818 1148; x_wconf 94' lang='lat'><strong>,</strong></span> 
     </span>
    </p>
   </div>
   <div class='ocr_carea' id='block_1_10' title="bbox 546 1174 3823 1253">
    <p class='ocr_par' dir='ltr' id='par_1_10' title="bbox 546 1174 3823 1253">
     <span class='ocr_line' id='line_1_10' title="bbox 546 1174 3823 1253; baseline -0.002 -16"><span class='ocrx_word' id='word_1_118' title='bbox 546 1197 652 1253; x_wconf 91' lang='lat' dir='ltr'><strong>que</strong></span> <span class='ocrx_word' id='word_1_119' title='bbox 677 1196 873 1237; x_wconf 84' lang='lat' dir='ltr'><strong>causae</strong></span> <span class='ocrx_word' id='word_1_120' title='bbox 896 1182 1138 1237; x_wconf 90' lang='lat' dir='ltr'><strong>omnium</strong></span> <span class='ocrx_word' id='word_1_121' title='bbox 1161 1179 1670 1248; x_wconf 86' lang='lat' dir='ltr'><strong>contemplationem</strong></span> <span class='ocrx_word' id='word_1_122' title='bbox 1700 1189 1824 1248; x_wconf 90' lang='lat' dir='ltr'><strong>apta</strong></span> <span class='ocrx_word' id='word_1_123' title='bbox 1858 1180 1950 1233; x_wconf 85' lang='lat' dir='ltr'><strong>ﬁat</strong></span> <span class='ocrx_word' id='word_1_124' title='bbox 1978 1187 2136 1247; x_wconf 89' lang='lat' dir='ltr'><strong>atque</strong></span> <span class='ocrx_word' id='word_1_125' title='bbox 2236 1194 2344 1233; x_wconf 85' lang='lat' dir='ltr'><strong>esse</strong></span> <span class='ocrx_word' id='word_1_126' title='bbox 2380 1175 2740 1232; x_wconf 82' lang='lat' dir='ltr'><strong>universaliter</strong></span> <span class='ocrx_word' id='word_1_127' title='bbox 2776 1176 2897 1229; x_wconf 87' lang='lat' dir='ltr'><strong>boni</strong></span> <span class='ocrx_word' id='word_1_128' title='bbox 2922 1174 3322 1244; x_wconf 81' lang='lat' dir='ltr'><strong>participatione</strong></span> <span class='ocrx_word' id='word_1_129' title='bbox 3345 1175 3632 1244; x_wconf 84' lang='lat' dir='ltr'><strong>privatum,</strong></span> <span class='ocrx_word' id='word_1_130' title='bbox 3664 1175 3823 1246; x_wconf 82' lang='lat' dir='ltr'><strong>siqui-</strong></span> 
     </span>
    </p>
   </div>
   <div class='ocr_carea' id='block_1_11' title="bbox 549 1268 3822 1344">
    <p class='ocr_par' dir='ltr' id='par_1_11' title="bbox 549 1268 3822 1344">
     <span class='ocr_line' id='line_1_11' title="bbox 549 1268 3822 1344; baseline -0.002 -15"><span class='ocrx_word' id='word_1_131' title='bbox 549 1273 841 1330; x_wconf 89' lang='lat' dir='ltr'><strong>instructa.</strong></span> <span class='ocrx_word' id='word_1_132' title='bbox 889 1273 958 1329; x_wconf 87' lang='lat' dir='ltr'><strong>Et</strong></span> <span class='ocrx_word' id='word_1_133' title='bbox 1005 1287 1330 1344; x_wconf 78' lang='lat' dir='ltr'><strong>suggerens,</strong></span> <span class='ocrx_word' id='word_1_134' title='bbox 1372 1271 1519 1325; x_wconf 89' lang='lat' dir='ltr'><strong>velut</strong></span> <span class='ocrx_word' id='word_1_135' title='bbox 1559 1270 1780 1341; x_wconf 87' lang='lat' dir='ltr'><strong>praprie</strong></span> <span class='ocrx_word' id='word_1_136' title='bbox 1812 1269 2139 1325; x_wconf 80' lang='lat' dir='ltr'><strong>transfertur</strong></span> <span class='ocrx_word' id='word_1_137' title='bbox 2239 1272 2375 1337; x_wconf 84' lang='lat' dir='ltr'><strong>dem,</strong></span> <span class='ocrx_word' id='word_1_138' title='bbox 2408 1280 2463 1325; x_wconf 88' lang='lat' dir='ltr'><strong>ut</strong></span> <span class='ocrx_word' id='word_1_139' title='bbox 2494 1270 2817 1340; x_wconf 82' lang='lat' dir='ltr'><strong>eloquiorum</strong></span> <span class='ocrx_word' id='word_1_140' title='bbox 2851 1269 3040 1322; x_wconf 84' lang='lat' dir='ltr'><strong>veritas</strong></span> <span class='ocrx_word' id='word_1_141' title='bbox 3063 1268 3112 1299; x_wconf 79' lang='lat'><strong>&quot;</strong></span> <span class='ocrx_word' id='word_1_142' title='bbox 3139 1270 3236 1333; x_wconf 90' lang='lat' dir='ltr'><strong>ait,</strong></span> <span class='ocrx_word' id='word_1_143' title='bbox 3273 1270 3450 1321; x_wconf 83' lang='lat' dir='ltr'><strong>omnia</strong></span> <span class='ocrx_word' id='word_1_144' title='bbox 3485 1269 3618 1322; x_wconf 85' lang='lat' dir='ltr'><strong>bona</strong></span> <span class='ocrx_word' id='word_1_145' title='bbox 3656 1269 3822 1323; x_wconf 86' lang='lat' dir='ltr'><strong>valde.</strong></span> 
     </span>
    </p>
   </div>
   <div class='ocr_carea' id='block_1_12' title="bbox 549 1357 3825 1437">
    <p class='ocr_par' dir='ltr' id='par_1_12' title="bbox 549 1357 3825 1437">
     <span class='ocr_line' id='line_1_12' title="bbox 549 1357 3825 1437; baseline -0.003 -15"><span class='ocrx_word' id='word_1_146' title='bbox 549 1367 897 1437; x_wconf 84' lang='lat' dir='ltr'><strong>subpungens</strong></span> <span class='ocrx_word' id='word_1_147' title='bbox 952 1364 975 1396; x_wconf 79' lang='lat'><strong>&quot;</strong></span> <span class='ocrx_word' id='word_1_148' title='bbox 1038 1380 1134 1420; x_wconf 90' lang='lat' dir='ltr'><strong>seu</strong></span> <span class='ocrx_word' id='word_1_149' title='bbox 1193 1364 1578 1421; x_wconf 88' lang='lat' dir='ltr'><strong>substimulans</strong></span> <span class='ocrx_word' id='word_1_150' title='bbox 1646 1370 1885 1418; x_wconf 89' lang='lat' dir='ltr'><strong>mentem</strong></span> <span class='ocrx_word' id='word_1_151' title='bbox 1921 1403 1935 1430; x_wconf 94' lang='lat'><strong>,</strong></span> <span class='ocrx_word' id='word_1_152' title='bbox 2023 1363 2137 1432; x_wconf 91' lang='lat' dir='ltr'><strong>ipsa</strong></span> <span class='ocrx_word' id='word_1_153' title='bbox 2239 1362 2465 1432; x_wconf 90' lang='lat' dir='ltr'><strong>Oportet</strong></span> <span class='ocrx_word' id='word_1_154' title='bbox 2500 1375 2621 1426; x_wconf 91' lang='lat' dir='ltr'><strong>nos,</strong></span> <span class='ocrx_word' id='word_1_155' title='bbox 2660 1359 2863 1429; x_wconf 88' lang='lat' dir='ltr'><strong>inquit,</strong></span> <span class='ocrx_word' id='word_1_156' title='bbox 2894 1357 2942 1389; x_wconf 82' lang='lat'>&quot;</span> <span class='ocrx_word' id='word_1_157' title='bbox 2970 1358 3292 1429; x_wconf 83' lang='lat' dir='ltr'><strong>intelligere,</strong></span> <span class='ocrx_word' id='word_1_158' title='bbox 3323 1358 3467 1428; x_wconf 89' lang='lat' dir='ltr'><strong>quod</strong></span> <span class='ocrx_word' id='word_1_159' title='bbox 3510 1359 3654 1411; x_wconf 89' lang='lat' dir='ltr'><strong>nulla</strong></span> <span class='ocrx_word' id='word_1_160' title='bbox 3683 1373 3825 1412; x_wconf 85' lang='lat' dir='ltr'><strong>crea-</strong></span> 
     </span>
    </p>
   </div>
   <div class='ocr_carea' id='block_1_13' title="bbox 553 1452 2136 1527">
    <p class='ocr_par' dir='ltr' id='par_1_13' title="bbox 553 1452 2136 1527">
     <span class='ocr_line' id='line_1_13' title="bbox 553 1452 2136 1527; baseline -0.004 -16"><span class='ocrx_word' id='word_1_161' title='bbox 553 1455 823 1527; x_wconf 88' lang='lat' dir='ltr'><strong>theologia</strong></span> <span class='ocrx_word' id='word_1_162' title='bbox 853 1469 950 1525; x_wconf 88' lang='lat' dir='ltr'><strong>per</strong></span> <span class='ocrx_word' id='word_1_163' title='bbox 968 1452 1367 1509; x_wconf 85' lang='lat' dir='ltr'><strong>deformitatem</strong></span> <span class='ocrx_word' id='word_1_164' title='bbox 1406 1453 1878 1522; x_wconf 90' lang='lat' dir='ltr'><strong>compositionum,</strong></span> <span class='ocrx_word' id='word_1_165' title='bbox 1904 1453 2008 1507; x_wconf 90' lang='lat' dir='ltr'><strong>hoc</strong></span> <span class='ocrx_word' id='word_1_166' title='bbox 2035 1461 2136 1515; x_wconf 89' lang='lat' dir='ltr'><strong>est,</strong></span> 
     </span>
    </p>
   </div>
   <div class='ocr_carea' id='block_1_14' title="bbox 551 1542 2143 1617">
    <p class='ocr_par' dir='ltr' id='par_1_14' title="bbox 551 1542 2143 1617">
     <span class='ocr_line' id='line_1_14' title="bbox 551 1542 2143 1617; baseline -0.004 -15"><span class='ocrx_word' id='word_1_167' title='bbox 551 1561 651 1617; x_wconf 90' lang='lat' dir='ltr'><strong>per</strong></span> <span class='ocrx_word' id='word_1_168' title='bbox 679 1545 949 1601; x_wconf 84' lang='lat' dir='ltr'><strong>deformes</strong></span> <span class='ocrx_word' id='word_1_169' title='bbox 975 1545 1417 1614; x_wconf 88' lang='lat' dir='ltr'><strong>imaginationum</strong></span> <span class='ocrx_word' id='word_1_170' title='bbox 1461 1544 1742 1598; x_wconf 78' lang='lat' dir='ltr'><strong>mixturas.</strong></span> <span class='ocrx_word' id='word_1_171' title='bbox 1785 1543 1851 1597; x_wconf 88' lang='lat' dir='ltr'><strong>Et</strong></span> <span class='ocrx_word' id='word_1_172' title='bbox 1891 1542 1993 1597; x_wconf 88' lang='lat' dir='ltr'><strong>hoc</strong></span> <span class='ocrx_word' id='word_1_173' title='bbox 2026 1558 2143 1613; x_wconf 86' lang='lat' dir='ltr'><strong>sug-</strong></span> 
     </span>
    </p>
   </div>
   <div class='ocr_carea' id='block_1_15' title="bbox 554 1631 2142 1708">
    <p class='ocr_par' dir='ltr' id='par_1_15' title="bbox 554 1631 2142 1708">
     <span class='ocr_line' id='line_1_15' title="bbox 554 1631 2142 1708; baseline -0.005 -16"><span class='ocrx_word' id='word_1_174' title='bbox 554 1638 698 1708; x_wconf 88' lang='lat' dir='ltr'><strong>gerit</strong></span> <span class='ocrx_word' id='word_1_175' title='bbox 749 1635 940 1701; x_wconf 91' lang='lat' dir='ltr'><strong>menti,</strong></span> <span class='ocrx_word' id='word_1_176' title='bbox 974 1636 1127 1704; x_wconf 89' lang='lat' dir='ltr'><strong>quia,</strong></span> <span class='ocrx_word' id='word_1_177' title='bbox 1159 1635 1298 1690; x_wconf 92' lang='lat' dir='ltr'><strong>sicut</strong></span> <span class='ocrx_word' id='word_1_178' title='bbox 1341 1631 1713 1704; x_wconf 84' lang='lat' dir='ltr'><strong>insipientibus</strong></span> <span class='ocrx_word' id='word_1_179' title='bbox 1740 1632 1762 1664; x_wconf 83' lang='lat'><strong><em>&quot;</em></strong></span> <span class='ocrx_word' id='word_1_180' title='bbox 1790 1632 2025 1697; x_wconf 89' lang='lat' dir='ltr'><strong>videtur,</strong></span> <span class='ocrx_word' id='word_1_181' title='bbox 2058 1632 2142 1685; x_wconf 92' lang='lat' dir='ltr'><strong>di-</strong></span> 
     </span>
    </p>
   </div>
   <div class='ocr_carea' id='block_1_16' title="bbox 554 1723 2140 1801">
    <p class='ocr_par' dir='ltr' id='par_1_16' title="bbox 554 1723 2140 1801">
     <span class='ocr_line' id='line_1_16' title="bbox 554 1723 2140 1801; baseline -0.005 -17"><span class='ocrx_word' id='word_1_182' title='bbox 554 1732 683 1786; x_wconf 90' lang='lat' dir='ltr'><strong>vina</strong></span> <span class='ocrx_word' id='word_1_183' title='bbox 749 1731 772 1763; x_wconf 86' lang='grc'>⁶</span> <span class='ocrx_word' id='word_1_184' title='bbox 808 1729 1115 1801; x_wconf 86' lang='lat' dir='ltr'><strong>spectacula</strong></span> <span class='ocrx_word' id='word_1_185' title='bbox 1151 1736 1207 1783; x_wconf 90' lang='lat' dir='ltr'><strong>et</strong></span> <span class='ocrx_word' id='word_1_186' title='bbox 1243 1726 1660 1799; x_wconf 87' lang='lat' dir='ltr'><strong>supercaelestia</strong></span> <span class='ocrx_word' id='word_1_187' title='bbox 1719 1724 1915 1780; x_wconf 87' lang='lat' dir='ltr'><strong>similia</strong></span> <span class='ocrx_word' id='word_1_188' title='bbox 1961 1731 2086 1779; x_wconf 88' lang='lat' dir='ltr'><strong>sunt</strong></span> <span class='ocrx_word' id='word_1_189' title='bbox 2119 1723 2140 1755; x_wconf 77' lang='grc' dir='ltr'><strong><em>τ</em></strong></span> 
     </span>
    </p>
   </div>
   <div class='ocr_carea' id='block_1_17' title="bbox 555 1814 2146 1888">
    <p class='ocr_par' dir='ltr' id='par_1_17' title="bbox 555 1814 2146 1888">
     <span class='ocr_line' id='line_1_17' title="bbox 555 1814 2146 1888; baseline -0.007 -9"><span class='ocrx_word' id='word_1_190' title='bbox 555 1822 850 1879; x_wconf 88' lang='lat' dir='ltr'><strong>secundum</strong></span> <span class='ocrx_word' id='word_1_191' title='bbox 868 1821 1155 1876; x_wconf 80' lang='lat' dir='ltr'><strong>veritatem</strong></span> <span class='ocrx_word' id='word_1_192' title='bbox 1178 1819 1422 1888; x_wconf 89' lang='lat' dir='ltr'><strong>turpibus</strong></span> <span class='ocrx_word' id='word_1_193' title='bbox 1438 1816 1933 1888; x_wconf 88' lang='lat' dir='ltr'><strong>imaginationibus.</strong></span> <span class='ocrx_word' id='word_1_194' title='bbox 1960 1814 2146 1885; x_wconf 86' lang='lat' dir='ltr'><strong>Neque</strong></span> 
     </span>
    </p>
   </div>
   <div class='ocr_carea' id='block_1_18' title="bbox 2241 1446 3831 1519">
    <p class='ocr_par' dir='ltr' id='par_1_18' title="bbox 2241 1446 3831 1519">
     <span class='ocr_line' id='line_1_18' title="bbox 2241 1446 3831 1519; baseline -0.004 -14"><span class='ocrx_word' id='word_1_195' title='bbox 2241 1460 2361 1505; x_wconf 90' lang='lat' dir='ltr'><strong>tura</strong></span> <span class='ocrx_word' id='word_1_196' title='bbox 2391 1459 2506 1516; x_wconf 90' lang='lat' dir='ltr'><strong>est,</strong></span> <span class='ocrx_word' id='word_1_197' title='bbox 2532 1464 2671 1519; x_wconf 87' lang='lat' dir='ltr'><strong>quae</strong></span> <span class='ocrx_word' id='word_1_198' title='bbox 2699 1449 2920 1503; x_wconf 90' lang='lat' dir='ltr'><strong>omnino</strong></span> <span class='ocrx_word' id='word_1_199' title='bbox 2947 1446 3102 1515; x_wconf 82' lang='lat' dir='ltr'><strong>juxta</strong></span> <span class='ocrx_word' id='word_1_200' title='bbox 3138 1462 3291 1501; x_wconf 89' lang='lat' dir='ltr'><strong>suam</strong></span> <span class='ocrx_word' id='word_1_201' title='bbox 3323 1446 3629 1517; x_wconf 87' lang='lat' dir='ltr'><strong>analogiam</strong></span> <span class='ocrx_word' id='word_1_202' title='bbox 3661 1448 3831 1514; x_wconf 78' lang='lat' dir='ltr'><strong>parti-</strong></span> 
     </span>
    </p>
   </div>
   <div class='ocr_carea' id='block_1_19' title="bbox 2244 1536 3828 1611">
    <p class='ocr_par' dir='ltr' id='par_1_19' title="bbox 2244 1536 3828 1611">
     <span class='ocr_line' id='line_1_19' title="bbox 2244 1536 3828 1611; baseline -0.004 -15"><span class='ocrx_word' id='word_1_203' title='bbox 2244 1541 2511 1611; x_wconf 91' lang='lat' dir='ltr'><strong>cipatione</strong></span> <span class='ocrx_word' id='word_1_204' title='bbox 2535 1540 2731 1596; x_wconf 87' lang='lat' dir='ltr'><strong>summi</strong></span> <span class='ocrx_word' id='word_1_205' title='bbox 2758 1539 2885 1594; x_wconf 88' lang='lat' dir='ltr'><strong>boni</strong></span> <span class='ocrx_word' id='word_1_206' title='bbox 2916 1538 3178 1608; x_wconf 85' lang='lat' dir='ltr'><strong>privetur.</strong></span> <span class='ocrx_word' id='word_1_207' title='bbox 3216 1536 3306 1592; x_wconf 84' lang='lat' dir='ltr'><strong>Ait</strong></span> <span class='ocrx_word' id='word_1_208' title='bbox 3335 1538 3480 1591; x_wconf 90' lang='lat' dir='ltr'><strong>enim</strong></span> <span class='ocrx_word' id='word_1_209' title='bbox 3514 1536 3828 1605; x_wconf 62' lang='lat' dir='ltr'><strong>Scriptura:</strong></span> 
     </span>
    </p>
   </div>
   <div class='ocr_carea' id='block_1_20' title="bbox 2250 1620 3830 1695">
    <p class='ocr_par' dir='ltr' id='par_1_20' title="bbox 2250 1620 3830 1695">
     <span class='ocr_line' id='line_1_20' title="bbox 2250 1620 3830 1695; baseline -0.002 -11"><span class='ocrx_word' id='word_1_210' title='bbox 2250 1651 2269 1684; x_wconf 72' lang='grc' dir='ltr'>ι</span> <span class='ocrx_word' id='word_1_211' title='bbox 2300 1641 2354 1685; x_wconf 83' lang='lat' dir='ltr'><strong>et</strong></span> <span class='ocrx_word' id='word_1_212' title='bbox 2381 1620 2513 1687; x_wconf 89' lang='lat' dir='ltr'><strong>vidit</strong></span> <span class='ocrx_word' id='word_1_213' title='bbox 2537 1631 2697 1695; x_wconf 87' lang='lat' dir='ltr'><strong>Dens,</strong></span> <span class='ocrx_word' id='word_1_214' title='bbox 2727 1639 2783 1683; x_wconf 90' lang='lat' dir='ltr'><strong>et</strong></span> <span class='ocrx_word' id='word_1_215' title='bbox 2808 1644 2937 1685; x_wconf 91' lang='lat' dir='ltr'><strong>ecce</strong></span> <span class='ocrx_word' id='word_1_216' title='bbox 2965 1631 3144 1684; x_wconf 88' lang='lat' dir='ltr'><strong>omnia</strong></span> <span class='ocrx_word' id='word_1_217' title='bbox 3182 1629 3324 1683; x_wconf 90' lang='lat' dir='ltr'><strong>bona</strong></span> <span class='ocrx_word' id='word_1_218' title='bbox 3355 1628 3510 1683; x_wconf 87' lang='lat' dir='ltr'><strong>valde</strong></span> <span class='ocrx_word' id='word_1_219' title='bbox 3539 1648 3585 1681; x_wconf 74' lang='grc' dir='ltr'><strong>ι.</strong></span> <span class='ocrx_word' id='word_1_220' title='bbox 3618 1630 3678 1682; x_wconf 82' lang='lat' dir='ltr'><strong>Et</strong></span> <span class='ocrx_word' id='word_1_221' title='bbox 3712 1629 3755 1659; x_wconf 73' lang='grc'><strong>³⁷</strong></span> <span class='ocrx_word' id='word_1_222' title='bbox 3784 1628 3830 1683; x_wconf 88' lang='lat' dir='ltr'><strong>si</strong></span> 
     </span>
    </p>
   </div>
   <div class='ocr_carea' id='block_1_21' title="bbox 2247 1719 3829 1791">
    <p class='ocr_par' dir='ltr' id='par_1_21' title="bbox 2247 1719 3829 1791">
     <span class='ocr_line' id='line_1_21' title="bbox 2247 1719 3829 1791; baseline -0.001 -17"><span class='ocrx_word' id='word_1_223' title='bbox 2247 1720 2320 1775; x_wconf 89' lang='lat' dir='ltr'><strong>ita</strong></span> <span class='ocrx_word' id='word_1_224' title='bbox 2345 1729 2460 1787; x_wconf 91' lang='lat' dir='ltr'><strong>est,</strong></span> <span class='ocrx_word' id='word_1_225' title='bbox 2488 1721 2615 1791; x_wconf 89' lang='lat' dir='ltr'><strong>quid</strong></span> <span class='ocrx_word' id='word_1_226' title='bbox 2645 1722 2863 1786; x_wconf 90' lang='lat' dir='ltr'><strong>mirum,</strong></span> <span class='ocrx_word' id='word_1_227' title='bbox 2892 1721 2939 1775; x_wconf 91' lang='lat' dir='ltr'><strong>si</strong></span> <span class='ocrx_word' id='word_1_228' title='bbox 2965 1720 3021 1776; x_wconf 92' lang='lat' dir='ltr'><strong>in</strong></span> <span class='ocrx_word' id='word_1_229' title='bbox 3050 1720 3210 1774; x_wconf 89' lang='lat' dir='ltr'><strong>rebus</strong></span> <span class='ocrx_word' id='word_1_230' title='bbox 3234 1719 3604 1774; x_wconf 78' lang='lat' dir='ltr'><strong>materialibus</strong></span> <span class='ocrx_word' id='word_1_231' title='bbox 3637 1734 3829 1788; x_wconf 83' lang='lat' dir='ltr'><strong>specu-</strong></span> 
     </span>
    </p>
   </div>
   <div class='ocr_carea' id='block_1_22' title="bbox 2248 1810 3833 1878">
    <p class='ocr_par' dir='ltr' id='par_1_22' title="bbox 2248 1810 3833 1878">
     <span class='ocr_line' id='line_1_22' title="bbox 2248 1810 3833 1878; baseline -0.002 -14"><span class='ocrx_word' id='word_1_232' title='bbox 2248 1812 2465 1866; x_wconf 86' lang='lat' dir='ltr'><strong>lationis</strong></span> <span class='ocrx_word' id='word_1_233' title='bbox 2513 1811 2928 1878; x_wconf 84' lang='lat' dir='ltr'><strong>intelligibilium</strong></span> <span class='ocrx_word' id='word_1_234' title='bbox 2976 1810 3194 1864; x_wconf 87' lang='lat' dir='ltr'><strong>occasio</strong></span> <span class='ocrx_word' id='word_1_235' title='bbox 3243 1819 3506 1873; x_wconf 80' lang='lat' dir='ltr'><strong>sumatur,</strong></span> <span class='ocrx_word' id='word_1_236' title='bbox 3558 1818 3647 1873; x_wconf 88' lang='lat' dir='ltr'><strong>ut,</strong></span> <span class='ocrx_word' id='word_1_237' title='bbox 3698 1823 3833 1878; x_wconf 78' lang='lat' dir='ltr'><strong>quo-</strong></span> 
     </span>
    </p>
   </div>
   <div class='ocr_carea' id='block_1_23' title="bbox 551 1893 3833 1983">
    <p class='ocr_par' dir='ltr' id='par_1_23' title="bbox 551 1893 3833 1983">
     <span class='ocr_line' id='line_1_23' title="bbox 551 1893 3833 1983; baseline -0.004 -17"><span class='ocrx_word' id='word_1_238' title='bbox 551 1911 754 1983; x_wconf 82' lang='lat' dir='ltr'><strong>juslum</strong></span> <span class='ocrx_word' id='word_1_239' title='bbox 780 1926 955 1980; x_wconf 89' lang='lat' dir='ltr'><strong>neque</strong></span> <span class='ocrx_word' id='word_1_240' title='bbox 981 1925 1165 1964; x_wconf 90' lang='lat' dir='ltr'><strong>verum</strong></span> <span class='ocrx_word' id='word_1_241' title='bbox 1207 1909 1309 1962; x_wconf 90' lang='lat' dir='ltr'><strong>hoc</strong></span> <span class='ocrx_word' id='word_1_242' title='bbox 1334 1917 1438 1972; x_wconf 82' lang='lat' dir='ltr'><strong>est,</strong></span> <span class='ocrx_word' id='word_1_243' title='bbox 1470 1922 1645 1976; x_wconf 86' lang='lat' dir='ltr'><strong>neque</strong></span> <span class='ocrx_word' id='word_1_244' title='bbox 1679 1905 1786 1960; x_wconf 91' lang='lat' dir='ltr'><strong>ulla</strong></span> <span class='ocrx_word' id='word_1_245' title='bbox 1810 1905 2022 1976; x_wconf 84' lang='lat' dir='ltr'><strong>justitia</strong></span> <span class='ocrx_word' id='word_1_246' title='bbox 2052 1919 2147 1958; x_wconf 88' lang='lat' dir='ltr'><strong>ne—</strong></span> <span class='ocrx_word' id='word_1_247' title='bbox 2174 1893 2221 1952; x_wconf 86' lang='lat' dir='ltr'><strong>B</strong></span> <span class='ocrx_word' id='word_1_248' title='bbox 2251 1904 2393 1957; x_wconf 90' lang='lat' dir='ltr'><strong>niam</strong></span> <span class='ocrx_word' id='word_1_249' title='bbox 2424 1902 2605 1956; x_wconf 84' lang='lat' dir='ltr'><strong>omnia</strong></span> <span class='ocrx_word' id='word_1_250' title='bbox 2654 1916 2922 1956; x_wconf 90' lang='lat' dir='ltr'><strong>summum</strong></span> <span class='ocrx_word' id='word_1_251' title='bbox 2968 1900 3168 1955; x_wconf 91' lang='lat' dir='ltr'><strong>bonum</strong></span> <span class='ocrx_word' id='word_1_252' title='bbox 3203 1900 3561 1971; x_wconf 86' lang='lat' dir='ltr'><strong>participant,</strong></span> <span class='ocrx_word' id='word_1_253' title='bbox 3586 1915 3654 1955; x_wconf 82' lang='lat' dir='ltr'><strong>ex</strong></span> <span class='ocrx_word' id='word_1_254' title='bbox 3686 1900 3833 1955; x_wconf 84' lang='lat' dir='ltr'><strong>simi-</strong></span> 
     </span>
    </p>
   </div>
   <div class='ocr_carea' id='block_1_24' title="bbox 556 1996 2147 2075">
    <p class='ocr_par' dir='ltr' id='par_1_24' title="bbox 556 1996 2147 2075">
     <span class='ocr_line' id='line_1_24' title="bbox 556 1996 2147 2075; baseline -0.005 -17"><span class='ocrx_word' id='word_1_255' title='bbox 556 2018 663 2075; x_wconf 91' lang='lat' dir='ltr'><strong>que</strong></span> <span class='ocrx_word' id='word_1_256' title='bbox 688 2002 795 2057; x_wconf 91' lang='lat' dir='ltr'><strong>ulla</strong></span> <span class='ocrx_word' id='word_1_257' title='bbox 827 2002 1029 2057; x_wconf 87' lang='lat' dir='ltr'><strong>veritas</strong></span> <span class='ocrx_word' id='word_1_258' title='bbox 1060 2000 1347 2069; x_wconf 84' lang='lat' dir='ltr'><strong>approbat,</strong></span> <span class='ocrx_word' id='word_1_259' title='bbox 1376 2011 1551 2067; x_wconf 90' lang='lat' dir='ltr'><strong>neque</strong></span> <span class='ocrx_word' id='word_1_260' title='bbox 1575 1997 1734 2052; x_wconf 89' lang='lat' dir='ltr'><strong>valde</strong></span> <span class='ocrx_word' id='word_1_261' title='bbox 1754 2011 1842 2052; x_wconf 91' lang='lat' dir='ltr'><strong>res</strong></span> <span class='ocrx_word' id='word_1_262' title='bbox 1867 1996 2015 2065; x_wconf 88' lang='lat' dir='ltr'><strong>ipsae</strong></span> <span class='ocrx_word' id='word_1_263' title='bbox 2038 2008 2147 2050; x_wconf 73' lang='lat' dir='ltr'><strong>ma-</strong></span> 
     </span>
    </p>
   </div>
   <div class='ocr_carea' id='block_1_25' title="bbox 558 2085 2149 2159">
    <p class='ocr_par' dir='ltr' id='par_1_25' title="bbox 558 2085 2149 2159">
     <span class='ocr_line' id='line_1_25' title="bbox 558 2085 2149 2159; baseline -0.006 -11"><span class='ocrx_word' id='word_1_264' title='bbox 558 2093 780 2148; x_wconf 89' lang='lat' dir='ltr'><strong>teriales</strong></span> <span class='ocrx_word' id='word_1_265' title='bbox 824 2092 960 2148; x_wconf 81' lang='lat' dir='ltr'><strong>ﬁunt</strong></span> <span class='ocrx_word' id='word_1_266' title='bbox 1016 2089 1661 2159; x_wconf 88' lang='lat' dir='ltr'><strong>incircumscriptibilium</strong></span> <span class='ocrx_word' id='word_1_267' title='bbox 1691 2088 1713 2119; x_wconf 82' lang='grc'><em>⁸</em></span> <span class='ocrx_word' id='word_1_268' title='bbox 1776 2088 2062 2158; x_wconf 81' lang='lat' dir='ltr'><strong>spirituum</strong></span> <span class='ocrx_word' id='word_1_269' title='bbox 2102 2085 2149 2151; x_wconf 89' lang='lat'><strong>’,</strong></span> 
     </span>
    </p>
   </div>
   <div class='ocr_carea' id='block_1_26' title="bbox 558 2178 2153 2251">
    <p class='ocr_par' dir='ltr' id='par_1_26' title="bbox 558 2178 2153 2251">
     <span class='ocr_line' id='line_1_26' title="bbox 558 2178 2153 2251; baseline -0.007 -12"><span class='ocrx_word' id='word_1_270' title='bbox 558 2184 763 2240; x_wconf 89' lang='lat' dir='ltr'><strong>similes</strong></span> <span class='ocrx_word' id='word_1_271' title='bbox 790 2183 835 2215; x_wconf 82' lang='lat'>“</span> <span class='ocrx_word' id='word_1_272' title='bbox 881 2182 981 2238; x_wconf 90' lang='lat' dir='ltr'><strong>sibi</strong></span> <span class='ocrx_word' id='word_1_273' title='bbox 1011 2197 1130 2237; x_wconf 91' lang='lat' dir='ltr'><strong>esse</strong></span> <span class='ocrx_word' id='word_1_274' title='bbox 1169 2180 1599 2251; x_wconf 87' lang='lat' dir='ltr'><strong>supercaelestes</strong></span> <span class='ocrx_word' id='word_1_275' title='bbox 1642 2178 1909 2233; x_wconf 90' lang='lat' dir='ltr'><strong>essentias</strong></span> <span class='ocrx_word' id='word_1_276' title='bbox 1957 2190 2153 2246; x_wconf 86' lang='lat' dir='ltr'><strong>appro-</strong></span> 
     </span>
    </p>
   </div>
   <div class='ocr_carea' id='block_1_27' title="bbox 558 2265 2148 2342">
    <p class='ocr_par' dir='ltr' id='par_1_27' title="bbox 558 2265 2148 2342">
     <span class='ocr_line' id='line_1_27' title="bbox 558 2265 2148 2342; baseline -0.005 -14"><span class='ocrx_word' id='word_1_277' title='bbox 558 2274 713 2338; x_wconf 87' lang='lat' dir='ltr'><strong>bant,</strong></span> <span class='ocrx_word' id='word_1_278' title='bbox 744 2272 919 2342; x_wconf 84' lang='lat' dir='ltr'><strong>magis</strong></span> <span class='ocrx_word' id='word_1_279' title='bbox 942 2282 1121 2326; x_wconf 92' lang='lat' dir='ltr'><strong>autem</strong></span> <span class='ocrx_word' id='word_1_280' title='bbox 1145 2270 1261 2326; x_wconf 88' lang='lat' dir='ltr'><strong>suis</strong></span> <span class='ocrx_word' id='word_1_281' title='bbox 1283 2268 1565 2338; x_wconf 87' lang='lat' dir='ltr'><strong>speciebus</strong></span> <span class='ocrx_word' id='word_1_282' title='bbox 1595 2275 1875 2338; x_wconf 89' lang='lat' dir='ltr'><strong>respuunt.</strong></span> <span class='ocrx_word' id='word_1_283' title='bbox 1917 2265 2148 2320; x_wconf 88' lang='lat' dir='ltr'><strong>Natura-</strong></span> 
     </span>
    </p>
   </div>
   <div class='ocr_carea' id='block_1_28' title="bbox 560 2354 2151 2432">
    <p class='ocr_par' dir='ltr' id='par_1_28' title="bbox 560 2354 2151 2432">
     <span class='ocr_line' id='line_1_28' title="bbox 560 2354 2151 2432; baseline -0.004 -17"><span class='ocrx_word' id='word_1_284' title='bbox 560 2361 689 2416; x_wconf 90' lang='lat' dir='ltr'><strong>litcr</strong></span> <span class='ocrx_word' id='word_1_285' title='bbox 711 2361 909 2432; x_wconf 91' lang='lat' dir='ltr'><strong>quippe</strong></span> <span class='ocrx_word' id='word_1_286' title='bbox 934 2358 1236 2414; x_wconf 90' lang='lat' dir='ltr'><strong>materialia</strong></span> <span class='ocrx_word' id='word_1_287' title='bbox 1264 2358 1445 2413; x_wconf 88' lang='lat' dir='ltr'><strong>omnia</strong></span> <span class='ocrx_word' id='word_1_288' title='bbox 1466 2359 1521 2412; x_wconf 92' lang='lat' dir='ltr'><strong>in</strong></span> <span class='ocrx_word' id='word_1_289' title='bbox 1540 2357 1842 2428; x_wconf 90' lang='lat' dir='ltr'><strong>spiritualia</strong></span> <span class='ocrx_word' id='word_1_290' title='bbox 1870 2354 2151 2410; x_wconf 85' lang='lat' dir='ltr'><strong>transferri</strong></span> 
     </span>
    </p>
   </div>
   <div class='ocr_carea' id='block_1_29' title="bbox 564 2444 2148 2520">
    <p class='ocr_par' dir='ltr' id='par_1_29' title="bbox 564 2444 2148 2520">
     <span class='ocr_line' id='line_1_29' title="bbox 564 2444 2148 2520; baseline -0.003 -17"><span class='ocrx_word' id='word_1_291' title='bbox 564 2459 843 2520; x_wconf 89' lang='lat' dir='ltr'><strong>appetunt,</strong></span> <span class='ocrx_word' id='word_1_292' title='bbox 876 2449 1177 2519; x_wconf 90' lang='lat' dir='ltr'><strong>spiritualia</strong></span> <span class='ocrx_word' id='word_1_293' title='bbox 1201 2462 1332 2503; x_wconf 88' lang='lat' dir='ltr'><strong>vero</strong></span> <span class='ocrx_word' id='word_1_294' title='bbox 1361 2448 1428 2502; x_wconf 91' lang='lat' dir='ltr'><strong>ad</strong></span> <span class='ocrx_word' id='word_1_295' title='bbox 1474 2446 1839 2501; x_wconf 89' lang='lat' dir='ltr'><strong>materialium</strong></span> <span class='ocrx_word' id='word_1_296' title='bbox 1886 2444 2148 2500; x_wconf 89' lang='lat' dir='ltr'><strong>humilem</strong></span> 
     </span>
    </p>
   </div>
   <div class='ocr_carea' id='block_1_30' title="bbox 561 2538 2154 2610">
    <p class='ocr_par' dir='ltr' id='par_1_30' title="bbox 561 2538 2154 2610">
     <span class='ocr_line' id='line_1_30' title="bbox 561 2538 2154 2610; baseline -0.003 -15"><span class='ocrx_word' id='word_1_297' title='bbox 561 2540 990 2610; x_wconf 89' lang='lat' dir='ltr'><strong>vilissimamque</strong></span> <span class='ocrx_word' id='word_1_298' title='bbox 1035 2540 1439 2595; x_wconf 77' lang='lat' dir='ltr'><strong>extremitatem</strong></span> <span class='ocrx_word' id='word_1_299' title='bbox 1480 2539 1730 2595; x_wconf 89' lang='lat' dir='ltr'><strong>inclinari</strong></span> <span class='ocrx_word' id='word_1_300' title='bbox 1772 2538 1991 2604; x_wconf 90' lang='lat' dir='ltr'><strong>nolunt,</strong></span> <span class='ocrx_word' id='word_1_301' title='bbox 2024 2552 2154 2608; x_wconf 80' lang='lat' dir='ltr'><strong>quo-</strong></span> 
     </span>
    </p>
   </div>
   <div class='ocr_carea' id='block_1_31' title="bbox 562 2629 2154 2702">
    <p class='ocr_par' dir='ltr' id='par_1_31' title="bbox 562 2629 2154 2702">
     <span class='ocr_line' id='line_1_31' title="bbox 562 2629 2154 2702; baseline -0.004 -14"><span class='ocrx_word' id='word_1_302' title='bbox 562 2633 709 2688; x_wconf 87' lang='lat' dir='ltr'><strong>niam</strong></span> <span class='ocrx_word' id='word_1_303' title='bbox 736 2630 1066 2702; x_wconf 90' lang='lat' dir='ltr'><strong>impossibile</strong></span> <span class='ocrx_word' id='word_1_304' title='bbox 1090 2639 1192 2686; x_wconf 89' lang='lat' dir='ltr'><strong>est.</strong></span> <span class='ocrx_word' id='word_1_305' title='bbox 1218 2630 1481 2686; x_wconf 90' lang='lat' dir='ltr'><strong>Possibile</strong></span> <span class='ocrx_word' id='word_1_306' title='bbox 1505 2638 1589 2687; x_wconf 90' lang='lat' dir='ltr'><strong>est</strong></span> <span class='ocrx_word' id='word_1_307' title='bbox 1616 2643 1849 2698; x_wconf 90' lang='lat' dir='ltr'><strong>namque</strong></span> <span class='ocrx_word' id='word_1_308' title='bbox 1897 2629 2154 2683; x_wconf 91' lang='lat' dir='ltr'><strong>inferiora</strong></span> 
     </span>
    </p>
   </div>
   <div class='ocr_carea' id='block_1_32' title="bbox 563 2719 2154 2792">
    <p class='ocr_par' dir='ltr' id='par_1_32' title="bbox 563 2719 2154 2792">
     <span class='ocr_line' id='line_1_32' title="bbox 563 2719 2154 2792; baseline -0.003 -15"><span class='ocrx_word' id='word_1_309' title='bbox 563 2722 633 2777; x_wconf 91' lang='lat' dir='ltr'><strong>ad</strong></span> <span class='ocrx_word' id='word_1_310' title='bbox 659 2723 935 2792; x_wconf 89' lang='lat' dir='ltr'><strong>superiora</strong></span> <span class='ocrx_word' id='word_1_311' title='bbox 967 2722 1260 2778; x_wconf 86' lang='lat' dir='ltr'><strong>ascendere</strong></span> <span class='ocrx_word' id='word_1_312' title='bbox 1284 2762 1299 2789; x_wconf 89' lang='lat'><strong>,</strong></span> <span class='ocrx_word' id='word_1_313' title='bbox 1324 2722 1656 2778; x_wconf 87' lang='lat' dir='ltr'><strong>descendere</strong></span> <span class='ocrx_word' id='word_1_314' title='bbox 1689 2735 1822 2775; x_wconf 89' lang='lat' dir='ltr'><strong>vero</strong></span> <span class='ocrx_word' id='word_1_315' title='bbox 1874 2719 2154 2791; x_wconf 89' lang='lat' dir='ltr'><strong>superiora</strong></span> 
     </span>
    </p>
   </div>
   <div class='ocr_carea' id='block_1_33' title="bbox 562 2812 2156 2882">
    <p class='ocr_par' dir='ltr' id='par_1_33' title="bbox 562 2812 2156 2882">
     <span class='ocr_line' id='line_1_33' title="bbox 562 2812 2156 2882; baseline -0.003 -13"><span class='ocrx_word' id='word_1_316' title='bbox 562 2816 633 2869; x_wconf 86' lang='lat' dir='ltr'><strong>ad</strong></span> <span class='ocrx_word' id='word_1_317' title='bbox 687 2815 947 2872; x_wconf 91' lang='lat' dir='ltr'><strong>inferiora</strong></span> <span class='ocrx_word' id='word_1_318' title='bbox 995 2814 1230 2869; x_wconf 88' lang='lat' dir='ltr'><strong>naturali</strong></span> <span class='ocrx_word' id='word_1_319' title='bbox 1285 2815 1769 2879; x_wconf 88' lang='lat' dir='ltr'><strong>transmutatione,</strong></span> <span class='ocrx_word' id='word_1_320' title='bbox 1821 2812 2156 2882; x_wconf 90' lang='lat' dir='ltr'><strong>impossibile</strong></span> 
     </span>
    </p>
   </div>
   <div class='ocr_carea' id='block_1_34' title="bbox 562 2904 2157 2976">
    <p class='ocr_par' dir='ltr' id='par_1_34' title="bbox 562 2904 2157 2976">
     <span class='ocr_line' id='line_1_34' title="bbox 562 2904 2157 2976; baseline -0.003 -14"><span class='ocrx_word' id='word_1_321' title='bbox 562 2914 666 2962; x_wconf 85' lang='lat' dir='ltr'><strong>est.</strong></span> <span class='ocrx_word' id='word_1_322' title='bbox 707 2906 775 2960; x_wconf 90' lang='lat' dir='ltr'><strong>Et</strong></span> <span class='ocrx_word' id='word_1_323' title='bbox 826 2907 873 2961; x_wconf 90' lang='lat' dir='ltr'><strong>si</strong></span> <span class='ocrx_word' id='word_1_324' title='bbox 924 2906 1046 2976; x_wconf 89' lang='lat' dir='ltr'><strong>quis</strong></span> <span class='ocrx_word' id='word_1_325' title='bbox 1101 2906 1297 2961; x_wconf 82' lang='lat' dir='ltr'><strong>dixerit</strong></span> <span class='ocrx_word' id='word_1_326' title='bbox 1348 2923 1361 2959; x_wconf 90' lang='lat'><strong>:</strong></span> <span class='ocrx_word' id='word_1_327' title='bbox 1407 2907 1621 2961; x_wconf 90' lang='lat' dir='ltr'><strong>videtur</strong></span> <span class='ocrx_word' id='word_1_328' title='bbox 1657 2906 1699 2936; x_wconf 82' lang='grc'>¹¹</span> <span class='ocrx_word' id='word_1_329' title='bbox 1733 2905 1916 2973; x_wconf 90' lang='lat' dir='ltr'><strong>itaque</strong></span> <span class='ocrx_word' id='word_1_330' title='bbox 1965 2904 2157 2959; x_wconf 87' lang='lat' dir='ltr'><strong>beatus</strong></span> 
     </span>
    </p>
   </div>
   <div class='ocr_carea' id='block_1_35' title="bbox 569 2996 2157 3069">
    <p class='ocr_par' dir='ltr' id='par_1_35' title="bbox 569 2996 2157 3069">
     <span class='ocr_line' id='line_1_35' title="bbox 569 2996 2157 3069; baseline -0.001 -19"><span class='ocrx_word' id='word_1_331' title='bbox 569 2996 855 3067; x_wconf 83' lang='lat' dir='ltr'><strong>Dionysius</strong></span> <span class='ocrx_word' id='word_1_332' title='bbox 885 2997 1154 3069; x_wconf 84' lang='lat' dir='ltr'><strong>angelicas</strong></span> <span class='ocrx_word' id='word_1_333' title='bbox 1184 2998 1414 3052; x_wconf 87' lang='lat' dir='ltr'><strong>virtutes</strong></span> <span class='ocrx_word' id='word_1_334' title='bbox 1438 2999 1659 3052; x_wconf 92' lang='lat' dir='ltr'><strong>omnino</strong></span> <span class='ocrx_word' id='word_1_335' title='bbox 1681 3011 1872 3052; x_wconf 86' lang='lat' dir='ltr'><strong>carere</strong></span> <span class='ocrx_word' id='word_1_336' title='bbox 1901 2997 1944 3027; x_wconf 81' lang='lat'>“</span> <span class='ocrx_word' id='word_1_337' title='bbox 1969 3009 2157 3066; x_wconf 86' lang='lat' dir='ltr'><strong>corpo-</strong></span> 
     </span>
    </p>
   </div>
   <div class='ocr_carea' id='block_1_36' title="bbox 565 3084 2159 3158">
    <p class='ocr_par' dir='ltr' id='par_1_36' title="bbox 565 3084 2159 3158">
     <span class='ocr_line' id='line_1_36' title="bbox 565 3084 2159 3158; baseline -0.003 -17"><span class='ocrx_word' id='word_1_338' title='bbox 565 3087 717 3143; x_wconf 77' lang='lat' dir='ltr'><strong>ribus</strong></span> <span class='ocrx_word' id='word_1_339' title='bbox 772 3088 1069 3157; x_wconf 88' lang='lat' dir='ltr'><strong>praedictis</strong></span> <span class='ocrx_word' id='word_1_340' title='bbox 1118 3087 1421 3141; x_wconf 86' lang='lat' dir='ltr'><strong>rationibus</strong></span> <span class='ocrx_word' id='word_1_341' title='bbox 1472 3085 1696 3158; x_wconf 83' lang='lat' dir='ltr'><strong>[dicere]</strong></span> <span class='ocrx_word' id='word_1_342' title='bbox 1738 3085 1803 3139; x_wconf 82' lang='grc'><strong>¹³.</strong></span> <span class='ocrx_word' id='word_1_343' title='bbox 1847 3085 1945 3141; x_wconf 87' lang='lat' dir='ltr'><strong>Cui</strong></span> <span class='ocrx_word' id='word_1_344' title='bbox 1980 3084 2159 3141; x_wconf 87' lang='lat' dir='ltr'><strong>brevi-</strong></span> 
     </span>
    </p>
   </div>
   <div class='ocr_carea' id='block_1_37' title="bbox 567 3173 2155 3244">
    <p class='ocr_par' dir='ltr' id='par_1_37' title="bbox 567 3173 2155 3244">
     <span class='ocr_line' id='line_1_37' title="bbox 567 3173 2155 3244; baseline -0.003 -11"><span class='ocrx_word' id='word_1_345' title='bbox 567 3187 651 3233; x_wconf 87' lang='lat' dir='ltr'><strong>ter</strong></span> <span class='ocrx_word' id='word_1_346' title='bbox 707 3185 791 3231; x_wconf 91' lang='lat' dir='ltr'><strong>est</strong></span> <span class='ocrx_word' id='word_1_347' title='bbox 821 3177 866 3207; x_wconf 76' lang='lat'>“</span> <span class='ocrx_word' id='word_1_348' title='bbox 898 3176 1354 3244; x_wconf 88' lang='lat' dir='ltr'><strong>respondendum.</strong></span> <span class='ocrx_word' id='word_1_349' title='bbox 1394 3176 1632 3230; x_wconf 86' lang='lat' dir='ltr'><strong>Terrena</strong></span> <span class='ocrx_word' id='word_1_350' title='bbox 1671 3174 2078 3244; x_wconf 89' lang='lat' dir='ltr'><strong>materialiaque</strong></span> <span class='ocrx_word' id='word_1_351' title='bbox 2111 3173 2155 3206; x_wconf 83' lang='lat'>&quot;</span> 
     </span>
    </p>
   </div>
   <div class='ocr_carea' id='block_1_38' title="bbox 568 3240 2225 3339">
    <p class='ocr_par' dir='ltr' id='par_1_38' title="bbox 568 3240 2225 3339">
     <span class='ocr_line' id='line_1_38' title="bbox 568 3240 2225 3339; baseline -0.002 -14"><span class='ocrx_word' id='word_1_352' title='bbox 568 3285 796 3339; x_wconf 88' lang='lat' dir='ltr'><strong>corpora</strong></span> <span class='ocrx_word' id='word_1_353' title='bbox 819 3270 1090 3335; x_wconf 89' lang='lat' dir='ltr'><strong>mortalia,</strong></span> <span class='ocrx_word' id='word_1_354' title='bbox 1125 3269 1519 3338; x_wconf 88' lang='lat' dir='ltr'><strong>corruptibilia,</strong></span> <span class='ocrx_word' id='word_1_355' title='bbox 1550 3269 1915 3323; x_wconf 90' lang='lat' dir='ltr'><strong>membrorum</strong></span> <span class='ocrx_word' id='word_1_356' title='bbox 1948 3268 1993 3299; x_wconf 83' lang='grc'><strong>¹⁶</strong></span> <span class='ocrx_word' id='word_1_357' title='bbox 2014 3283 2155 3322; x_wconf 86' lang='lat' dir='ltr'><strong>com-</strong></span> <span class='ocrx_word' id='word_1_358' title='bbox 2181 3240 2225 3301; x_wconf 66' lang='grc' dir='ltr'>θ</span> 
     </span>
    </p>
   </div>
   <div class='ocr_carea' id='block_1_39' title="bbox 567 3359 2155 3430">
    <p class='ocr_par' dir='ltr' id='par_1_39' title="bbox 567 3359 2155 3430">
     <span class='ocr_line' id='line_1_39' title="bbox 567 3359 2155 3430; baseline 0.001 -17"><span class='ocrx_word' id='word_1_359' title='bbox 567 3359 923 3430; x_wconf 86' lang='lat' dir='ltr'><strong>positionibus</strong></span> <span class='ocrx_word' id='word_1_360' title='bbox 964 3360 1249 3427; x_wconf 87' lang='lat' dir='ltr'><strong>distincta,</strong></span> <span class='ocrx_word' id='word_1_361' title='bbox 1285 3360 1631 3415; x_wconf 90' lang='lat' dir='ltr'><strong>sensibilibus</strong></span> <span class='ocrx_word' id='word_1_362' title='bbox 1670 3360 1711 3391; x_wconf 81' lang='lat'><strong><em>“</em></strong></span> <span class='ocrx_word' id='word_1_363' title='bbox 1740 3359 1930 3414; x_wconf 90' lang='lat' dir='ltr'><strong>formis</strong></span> <span class='ocrx_word' id='word_1_364' title='bbox 1965 3359 2155 3415; x_wconf 88' lang='lat' dir='ltr'><strong>locali-</strong></span> 
     </span>
    </p>
   </div>
   <div class='ocr_carea' id='block_1_40' title="bbox 569 3448 2153 3520">
    <p class='ocr_par' dir='ltr' id='par_1_40' title="bbox 569 3448 2153 3520">
     <span class='ocr_line' id='line_1_40' title="bbox 569 3448 2153 3520; baseline -0.003 -14"><span class='ocrx_word' id='word_1_365' title='bbox 569 3453 778 3518; x_wconf 90' lang='lat' dir='ltr'><strong>busque</strong></span> <span class='ocrx_word' id='word_1_366' title='bbox 808 3450 996 3519; x_wconf 91' lang='lat' dir='ltr'><strong>spatiis</strong></span> <span class='ocrx_word' id='word_1_367' title='bbox 1024 3449 1456 3518; x_wconf 87' lang='lat' dir='ltr'><strong>circumscripta,</strong></span> <span class='ocrx_word' id='word_1_368' title='bbox 1495 3450 1829 3520; x_wconf 89' lang='lat' dir='ltr'><strong>temporibus</strong></span> <span class='ocrx_word' id='word_1_369' title='bbox 1856 3448 2153 3515; x_wconf 89' lang='lat' dir='ltr'><strong>mutabilia,</strong></span> 
     </span>
    </p>
   </div>
   <div class='ocr_carea' id='block_1_41' title="bbox 570 3539 2156 3612">
    <p class='ocr_par' dir='ltr' id='par_1_41' title="bbox 570 3539 2156 3612">
     <span class='ocr_line' id='line_1_41' title="bbox 570 3539 2156 3612; baseline -0.002 -17"><span class='ocrx_word' id='word_1_370' title='bbox 570 3553 667 3595; x_wconf 85' lang='lat' dir='ltr'><strong>seu</strong></span> <span class='ocrx_word' id='word_1_371' title='bbox 722 3540 913 3593; x_wconf 86' lang='lat' dir='ltr'><strong>horum</strong></span> <span class='ocrx_word' id='word_1_372' title='bbox 959 3540 1199 3594; x_wconf 91' lang='lat' dir='ltr'><strong>omnium</strong></span> <span class='ocrx_word' id='word_1_373' title='bbox 1248 3540 1542 3612; x_wconf 85' lang='lat' dir='ltr'><strong>imagines,</strong></span> <span class='ocrx_word' id='word_1_374' title='bbox 1593 3540 1708 3595; x_wconf 84' lang='lat' dir='ltr'><strong>sive</strong></span> <span class='ocrx_word' id='word_1_375' title='bbox 1748 3539 1793 3571; x_wconf 81' lang='grc'><strong>¹⁶</strong></span> <span class='ocrx_word' id='word_1_376' title='bbox 1823 3540 2053 3594; x_wconf 88' lang='lat' dir='ltr'><strong>interius</strong></span> <span class='ocrx_word' id='word_1_377' title='bbox 2100 3540 2156 3594; x_wconf 90' lang='lat' dir='ltr'><strong>in</strong></span> 
     </span>
    </p>
   </div>
   <div class='ocr_carea' id='block_1_42' title="bbox 567 3629 2157 3707">
    <p class='ocr_par' dir='ltr' id='par_1_42' title="bbox 567 3629 2157 3707">
     <span class='ocr_line' id='line_1_42' title="bbox 567 3629 2157 3707; baseline -0.001 -23"><span class='ocrx_word' id='word_1_378' title='bbox 567 3629 940 3700; x_wconf 81' lang='lat' dir='ltr'><strong>pbantasiis&quot;</strong></span> <span class='ocrx_word' id='word_1_379' title='bbox 984 3631 1473 3707; x_wconf 9' lang='lat' dir='ltr'><strong>memoriae,rsive</strong></span> <span class='ocrx_word' id='word_1_380' title='bbox 1517 3629 1755 3686; x_wconf 80' lang='lat' dir='ltr'><strong>exterius</strong></span> <span class='ocrx_word' id='word_1_381' title='bbox 1796 3631 1850 3684; x_wconf 91' lang='lat' dir='ltr'><strong>in</strong></span> <span class='ocrx_word' id='word_1_382' title='bbox 1899 3644 2157 3684; x_wconf 87' lang='lat' dir='ltr'><strong>sensuum</strong></span> 
     </span>
    </p>
   </div>
   <div class='ocr_carea' id='block_1_43' title="bbox 570 3720 2155 3790">
    <p class='ocr_par' dir='ltr' id='par_1_43' title="bbox 570 3720 2155 3790">
     <span class='ocr_line' id='line_1_43' title="bbox 570 3720 2155 3790; baseline 0.001 -17"><span class='ocrx_word' id='word_1_383' title='bbox 570 3720 928 3790; x_wconf 87' lang='lat' dir='ltr'><strong>impressione</strong></span> <span class='ocrx_word' id='word_1_384' title='bbox 957 3720 1026 3788; x_wconf 77' lang='lat'><strong>&#39;°,</strong></span> <span class='ocrx_word' id='word_1_385' title='bbox 1050 3721 1260 3776; x_wconf 90' lang='lat' dir='ltr'><strong>divinos</strong></span> <span class='ocrx_word' id='word_1_386' title='bbox 1286 3721 1499 3777; x_wconf 84' lang='lat' dir='ltr'><strong>animos</strong></span> <span class='ocrx_word' id='word_1_387' title='bbox 1522 3721 1724 3776; x_wconf 89' lang='lat' dir='ltr'><strong>habere</strong></span> <span class='ocrx_word' id='word_1_388' title='bbox 1746 3721 1964 3789; x_wconf 88' lang='lat' dir='ltr'><strong>penitus</strong></span> <span class='ocrx_word' id='word_1_389' title='bbox 1991 3721 2155 3775; x_wconf 89' lang='lat' dir='ltr'><strong>dene-</strong></span> 
     </span>
    </p>
   </div>
   <div class='ocr_carea' id='block_1_44' title="bbox 569 3809 2156 3881">
    <p class='ocr_par' dir='ltr' id='par_1_44' title="bbox 569 3809 2156 3881">
     <span class='ocr_line' id='line_1_44' title="bbox 569 3809 2156 3881; baseline -0.001 -17"><span class='ocrx_word' id='word_1_390' title='bbox 569 3818 679 3880; x_wconf 87' lang='lat' dir='ltr'><strong>gat.</strong></span> <span class='ocrx_word' id='word_1_391' title='bbox 712 3810 1025 3880; x_wconf 90' lang='lat' dir='ltr'><strong>Spiritualia</strong></span> <span class='ocrx_word' id='word_1_392' title='bbox 1057 3818 1238 3865; x_wconf 92' lang='lat' dir='ltr'><strong>autem</strong></span> <span class='ocrx_word' id='word_1_393' title='bbox 1266 3825 1494 3881; x_wconf 89' lang='lat' dir='ltr'><strong>corpora</strong></span> <span class='ocrx_word' id='word_1_394' title='bbox 1528 3811 1822 3881; x_wconf 89' lang='lat' dir='ltr'><strong>simplicia,</strong></span> <span class='ocrx_word' id='word_1_395' title='bbox 1850 3809 2015 3865; x_wconf 87' lang='lat' dir='ltr'><strong>nullis</strong></span> <span class='ocrx_word' id='word_1_396' title='bbox 2044 3809 2156 3864; x_wconf 88' lang='lat' dir='ltr'><strong>for-</strong></span> 
     </span>
    </p>
   </div>
   <div class='ocr_carea' id='block_1_45' title="bbox 568 3898 2153 3966">
    <p class='ocr_par' dir='ltr' id='par_1_45' title="bbox 568 3898 2153 3966">
     <span class='ocr_line' id='line_1_45' title="bbox 568 3898 2153 3966; baseline 0.001 -13"><span class='ocrx_word' id='word_1_397' title='bbox 568 3915 780 3954; x_wconf 85' lang='lat' dir='ltr'><strong>marum</strong></span> <span class='ocrx_word' id='word_1_398' title='bbox 841 3898 1175 3955; x_wconf 88' lang='lat' dir='ltr'><strong>sensibilium</strong></span> <span class='ocrx_word' id='word_1_399' title='bbox 1226 3900 1270 3930; x_wconf 82' lang='lat'>“</span> <span class='ocrx_word' id='word_1_400' title='bbox 1332 3899 1674 3955; x_wconf 89' lang='lat' dir='ltr'><strong>lineamentis</strong></span> <span class='ocrx_word' id='word_1_401' title='bbox 1712 3899 1757 3930; x_wconf 81' lang='lat'>“</span> <span class='ocrx_word' id='word_1_402' title='bbox 1803 3907 2049 3954; x_wconf 87' lang='lat' dir='ltr'><strong>coartata</strong></span> <span class='ocrx_word' id='word_1_403' title='bbox 2086 3899 2153 3966; x_wconf 76' lang='grc'><strong>’³,</strong></span> 
     </span>
    </p>
   </div>
   <div class='ocr_carea' id='block_1_46' title="bbox 568 3991 2154 4062">
    <p class='ocr_par' dir='ltr' id='par_1_46' title="bbox 568 3991 2154 4062">
     <span class='ocr_line' id='line_1_46' title="bbox 568 3991 2154 4062; baseline 0.001 -16"><span class='ocrx_word' id='word_1_404' title='bbox 568 3991 700 4062; x_wconf 80' lang='lat' dir='ltr'><strong>ipsis</strong></span> <span class='ocrx_word' id='word_1_405' title='bbox 743 3991 941 4048; x_wconf 88' lang='lat' dir='ltr'><strong>divinis</strong></span> <span class='ocrx_word' id='word_1_406' title='bbox 981 3992 1178 4046; x_wconf 89' lang='lat' dir='ltr'><strong>animis</strong></span> <span class='ocrx_word' id='word_1_407' title='bbox 1229 3992 1501 4049; x_wconf 88' lang='lat' dir='ltr'><strong>simillima</strong></span> <span class='ocrx_word' id='word_1_408' title='bbox 1548 4001 1603 4049; x_wconf 90' lang='lat' dir='ltr'><strong>et</strong></span> <span class='ocrx_word' id='word_1_409' title='bbox 1642 3993 2154 4049; x_wconf 84' lang='lat' dir='ltr'><strong>convenientissima</strong></span> 
     </span>
    </p>
   </div>
   <div class='ocr_carea' id='block_1_47' title="bbox 564 4084 2153 4157">
    <p class='ocr_par' dir='ltr' id='par_1_47' title="bbox 564 4084 2153 4157">
     <span class='ocr_line' id='line_1_47' title="bbox 564 4084 2153 4157; baseline 0.001 -18"><span class='ocrx_word' id='word_1_410' title='bbox 564 4085 846 4154; x_wconf 84' lang='lat' dir='ltr'><strong>possidere</strong></span> <span class='ocrx_word' id='word_1_411' title='bbox 883 4098 977 4141; x_wconf 91' lang='lat' dir='ltr'><strong>eos</strong></span> <span class='ocrx_word' id='word_1_412' title='bbox 1009 4098 1117 4140; x_wconf 90' lang='lat' dir='ltr'><strong>non</strong></span> <span class='ocrx_word' id='word_1_413' title='bbox 1148 4084 1323 4140; x_wconf 87' lang='lat' dir='ltr'><strong>solum</strong></span> <span class='ocrx_word' id='word_1_414' title='bbox 1354 4100 1464 4141; x_wconf 90' lang='lat' dir='ltr'><strong>non</strong></span> <span class='ocrx_word' id='word_1_415' title='bbox 1493 4086 1744 4157; x_wconf 80' lang='lat' dir='ltr'><strong>denegat,</strong></span> <span class='ocrx_word' id='word_1_416' title='bbox 1770 4100 1962 4142; x_wconf 89' lang='lat' dir='ltr'><strong>verum</strong></span> <span class='ocrx_word' id='word_1_417' title='bbox 1989 4086 2153 4142; x_wconf 89' lang='lat' dir='ltr'><strong>etiam</strong></span> 
     </span>
    </p>
   </div>
   <div class='ocr_carea' id='block_1_48' title="bbox 556 4168 2148 4247">
    <p class='ocr_par' dir='ltr' id='par_1_48' title="bbox 556 4168 2148 4247">
     <span class='ocr_line' id='line_1_48' title="bbox 556 4168 2148 4247; baseline 0.002 -18"><span class='ocrx_word' id='word_1_418' title='bbox 556 4168 815 4231; x_wconf 81' lang='lat' dir='ltr'><strong>afﬁrmat.</strong></span> <span class='ocrx_word' id='word_1_419' title='bbox 842 4176 900 4231; x_wconf 90' lang='lat' dir='ltr'><strong>ln</strong></span> <span class='ocrx_word' id='word_1_420' title='bbox 940 4177 1154 4247; x_wconf 88' lang='lat' dir='ltr'><strong>quibus,</strong></span> <span class='ocrx_word' id='word_1_421' title='bbox 1192 4177 1520 4234; x_wconf 88' lang='lat' dir='ltr'><strong>caelestibus</strong></span> <span class='ocrx_word' id='word_1_422' title='bbox 1558 4177 1811 4234; x_wconf 88' lang='lat' dir='ltr'><strong>videlicet</strong></span> <span class='ocrx_word' id='word_1_423' title='bbox 1854 4177 2148 4234; x_wconf 88' lang='lat' dir='ltr'><strong>subtilissi-</strong></span> 
     </span>
    </p>
   </div>
   <div class='ocr_carea' id='block_1_49' title="bbox 563 4268 2153 4341">
    <p class='ocr_par' dir='ltr' id='par_1_49' title="bbox 563 4268 2153 4341">
     <span class='ocr_line' id='line_1_49' title="bbox 563 4268 2153 4341; baseline 0.002 -19"><span class='ocrx_word' id='word_1_424' title='bbox 563 4268 775 4340; x_wconf 88' lang='lat' dir='ltr'><strong>misque</strong></span> <span class='ocrx_word' id='word_1_425' title='bbox 825 4268 938 4324; x_wconf 89' lang='lat' dir='ltr'><strong>suis</strong></span> <span class='ocrx_word' id='word_1_426' title='bbox 976 4269 1316 4341; x_wconf 88' lang='lat' dir='ltr'><strong>corporibus,</strong></span> <span class='ocrx_word' id='word_1_427' title='bbox 1370 4268 1625 4325; x_wconf 86' lang='lat' dir='ltr'><strong>humanis</strong></span> <span class='ocrx_word' id='word_1_428' title='bbox 1665 4270 1946 4326; x_wconf 83' lang='lat' dir='ltr'><strong>obtutibus</strong></span> <span class='ocrx_word' id='word_1_429' title='bbox 1993 4283 2153 4340; x_wconf 85' lang='lat' dir='ltr'><strong>saepe</strong></span> 
     </span>
    </p>
   </div>
   <div class='ocr_carea' id='block_1_50' title="bbox 560 4359 2153 4432">
    <p class='ocr_par' dir='ltr' id='par_1_50' title="bbox 560 4359 2153 4432">
     <span class='ocr_line' id='line_1_50' title="bbox 560 4359 2153 4432; baseline 0.003 -20"><span class='ocrx_word' id='word_1_430' title='bbox 560 4360 849 4416; x_wconf 83' lang='lat' dir='ltr'><strong>visibililer</strong></span> <span class='ocrx_word' id='word_1_431' title='bbox 884 4374 1199 4432; x_wconf 86' lang='lat' dir='ltr'><strong>apparuere,</strong></span> <span class='ocrx_word' id='word_1_432' title='bbox 1222 4371 1284 4415; x_wconf 91' lang='lat' dir='ltr'><strong>ut</strong></span> <span class='ocrx_word' id='word_1_433' title='bbox 1312 4361 1583 4416; x_wconf 82' lang='lat' dir='ltr'><strong>Abraham</strong></span> <span class='ocrx_word' id='word_1_434' title='bbox 1606 4370 1663 4416; x_wconf 85' lang='lat' dir='ltr'><strong>et</strong></span> <span class='ocrx_word' id='word_1_435' title='bbox 1690 4359 1891 4417; x_wconf 85' lang='lat' dir='ltr'><strong>Tobiae</strong></span> <span class='ocrx_word' id='word_1_436' title='bbox 1916 4401 1933 4426; x_wconf 90' lang='lat'><strong>,</strong></span> <span class='ocrx_word' id='word_1_437' title='bbox 1972 4370 2153 4416; x_wconf 85' lang='lat' dir='ltr'><strong>trans-</strong></span> 
     </span>
    </p>
   </div>
   <div class='ocr_carea' id='block_1_51' title="bbox 563 4452 2153 4524">
    <p class='ocr_par' dir='ltr' id='par_1_51' title="bbox 563 4452 2153 4524">
     <span class='ocr_line' id='line_1_51' title="bbox 563 4452 2153 4524; baseline 0.002 -19"><span class='ocrx_word' id='word_1_438' title='bbox 563 4460 836 4506; x_wconf 88' lang='lat' dir='ltr'><strong>mutantes</strong></span> <span class='ocrx_word' id='word_1_439' title='bbox 866 4452 1163 4507; x_wconf 89' lang='lat' dir='ltr'><strong>invisibiles</strong></span> <span class='ocrx_word' id='word_1_440' title='bbox 1190 4461 1245 4507; x_wconf 92' lang='lat' dir='ltr'><strong>et</strong></span> <span class='ocrx_word' id='word_1_441' title='bbox 1268 4452 1764 4521; x_wconf 90' lang='lat' dir='ltr'><strong>incircumscriptas</strong></span> <span class='ocrx_word' id='word_1_442' title='bbox 1798 4466 2018 4506; x_wconf 88' lang='lat' dir='ltr'><strong>suorum</strong></span> <span class='ocrx_word' id='word_1_443' title='bbox 2044 4455 2153 4524; x_wconf 84' lang='lat' dir='ltr'><strong>spi-</strong></span> 
     </span>
    </p>
   </div>
   <div class='ocr_carea' id='block_1_52' title="bbox 563 4539 2154 4610">
    <p class='ocr_par' dir='ltr' id='par_1_52' title="bbox 563 4539 2154 4610">
     <span class='ocr_line' id='line_1_52' title="bbox 563 4539 2154 4610; baseline 0.003 -17"><span class='ocrx_word' id='word_1_444' title='bbox 563 4539 841 4593; x_wconf 88' lang='lat' dir='ltr'><strong>ritualium</strong></span> <span class='ocrx_word' id='word_1_445' title='bbox 880 4555 1169 4610; x_wconf 90' lang='lat' dir='ltr'><strong>corporum</strong></span> <span class='ocrx_word' id='word_1_446' title='bbox 1194 4539 1483 4609; x_wconf 90' lang='lat' dir='ltr'><strong>qualitates</strong></span> <span class='ocrx_word' id='word_1_447' title='bbox 1506 4540 1561 4594; x_wconf 92' lang='lat' dir='ltr'><strong>in</strong></span> <span class='ocrx_word' id='word_1_448' title='bbox 1576 4554 1927 4609; x_wconf 86' lang='lat' dir='ltr'><strong>quascunque</strong></span> <span class='ocrx_word' id='word_1_449' title='bbox 1947 4540 2154 4597; x_wconf 87' lang='lat' dir='ltr'><strong>formas</strong></span> 
     </span>
    </p>
   </div>
   <div class='ocr_carea' id='block_1_53' title="bbox 560 4630 2149 4700">
    <p class='ocr_par' dir='ltr' id='par_1_53' title="bbox 560 4630 2149 4700">
     <span class='ocr_line' id='line_1_53' title="bbox 560 4630 2149 4700; baseline 0.004 -17"><span class='ocrx_word' id='word_1_450' title='bbox 560 4631 838 4696; x_wconf 88' lang='lat' dir='ltr'><strong>visibiles,</strong></span> <span class='ocrx_word' id='word_1_451' title='bbox 876 4631 932 4685; x_wconf 91' lang='lat' dir='ltr'><strong>in</strong></span> <span class='ocrx_word' id='word_1_452' title='bbox 969 4631 1165 4700; x_wconf 87' lang='lat' dir='ltr'><strong>quibus</strong></span> <span class='ocrx_word' id='word_1_453' title='bbox 1206 4630 1517 4687; x_wconf 89' lang='lat' dir='ltr'><strong>hominibus</strong></span> <span class='ocrx_word' id='word_1_454' title='bbox 1559 4646 1617 4687; x_wconf 88' lang='lat' dir='ltr'><strong>se</strong></span> <span class='ocrx_word' id='word_1_455' title='bbox 1660 4630 2012 4689; x_wconf 86' lang='lat' dir='ltr'><strong>manifestare</strong></span> <span class='ocrx_word' id='word_1_456' title='bbox 2053 4647 2149 4688; x_wconf 87' lang='lat' dir='ltr'><strong>ve-</strong></span> 
     </span>
    </p>
   </div>
   <div class='ocr_carea' id='block_1_54' title="bbox 563 4722 682 4777">
    <p class='ocr_par' dir='ltr' id='par_1_54' title="bbox 563 4722 682 4777">
     <span class='ocr_line' id='line_1_54' title="bbox 563 4722 682 4777; baseline -0.008 -1"><span class='ocrx_word' id='word_1_457' title='bbox 563 4722 682 4777; x_wconf 89' lang='lat' dir='ltr'><strong>lint.</strong></span> 
     </span>
    </p>
   </div>
   <div class='ocr_carea' id='block_1_55' title="bbox 627 4811 2146 4887">
    <p class='ocr_par' dir='ltr' id='par_1_55' title="bbox 627 4811 2146 4887">
     <span class='ocr_line' id='line_1_55' title="bbox 627 4811 2146 4887; baseline 0.003 -18"><span class='ocrx_word' id='word_1_458' title='bbox 627 4811 899 4869; x_wconf 81' lang='lat' dir='ltr'><strong>Hactenus</strong></span> <span class='ocrx_word' id='word_1_459' title='bbox 923 4813 990 4870; x_wconf 92' lang='lat' dir='ltr'><strong>de</strong></span> <span class='ocrx_word' id='word_1_460' title='bbox 1014 4814 1238 4884; x_wconf 86' lang='lat' dir='ltr'><strong>provida</strong></span> <span class='ocrx_word' id='word_1_461' title='bbox 1250 4828 1378 4887; x_wconf 89' lang='lat' dir='ltr'><strong>erga</strong></span> <span class='ocrx_word' id='word_1_462' title='bbox 1391 4816 1764 4887; x_wconf 86' lang='lat' dir='ltr'><strong>purgationem</strong></span> <span class='ocrx_word' id='word_1_463' title='bbox 1782 4818 1950 4873; x_wconf 90' lang='lat' dir='ltr'><strong>nostri</strong></span> <span class='ocrx_word' id='word_1_464' title='bbox 1980 4818 2146 4873; x_wconf 89' lang='lat' dir='ltr'><strong>animi</strong></span> 
     </span>
    </p>
   </div>
   <div class='ocr_carea' id='block_1_56' title="bbox 2251 1992 3834 2060">
    <p class='ocr_par' dir='ltr' id='par_1_56' title="bbox 2251 1992 3834 2060">
     <span class='ocr_line' id='line_1_56' title="bbox 2251 1992 3834 2060; baseline -0.004 -9"><span class='ocrx_word' id='word_1_465' title='bbox 2251 1997 2475 2051; x_wconf 90' lang='lat' dir='ltr'><strong>litudine</strong></span> <span class='ocrx_word' id='word_1_466' title='bbox 2509 1994 2822 2050; x_wconf 88' lang='lat' dir='ltr'><strong>inferiorum</strong></span> <span class='ocrx_word' id='word_1_467' title='bbox 2866 1993 3128 2049; x_wconf 89' lang='lat' dir='ltr'><strong>bonorum</strong></span> <span class='ocrx_word' id='word_1_468' title='bbox 3161 1994 3227 2047; x_wconf 89' lang='lat' dir='ltr'><strong>ad</strong></span> <span class='ocrx_word' id='word_1_469' title='bbox 3265 1994 3626 2060; x_wconf 84' lang='lat' dir='ltr'><strong>cognitionem</strong></span> <span class='ocrx_word' id='word_1_470' title='bbox 3669 1992 3834 2047; x_wconf 81' lang='lat' dir='ltr'><strong>subli-</strong></span> 
     </span>
    </p>
   </div>
   <div class='ocr_carea' id='block_1_57' title="bbox 2253 2082 3833 2154">
    <p class='ocr_par' dir='ltr' id='par_1_57' title="bbox 2253 2082 3833 2154">
     <span class='ocr_line' id='line_1_57' title="bbox 2253 2082 3833 2154; baseline -0.003 -12"><span class='ocrx_word' id='word_1_471' title='bbox 2253 2089 2418 2142; x_wconf 88' lang='lat' dir='ltr'><strong>mium</strong></span> <span class='ocrx_word' id='word_1_472' title='bbox 2443 2087 2713 2141; x_wconf 86' lang='lat' dir='ltr'><strong>bumanus</strong></span> <span class='ocrx_word' id='word_1_473' title='bbox 2741 2086 2955 2140; x_wconf 90' lang='lat' dir='ltr'><strong>animus</strong></span> <span class='ocrx_word' id='word_1_474' title='bbox 2980 2084 3152 2154; x_wconf 84' lang='lat' dir='ltr'><strong>possit</strong></span> <span class='ocrx_word' id='word_1_475' title='bbox 3178 2083 3505 2139; x_wconf 78' lang='lat' dir='ltr'><strong>ascendere?</strong></span> <span class='ocrx_word' id='word_1_476' title='bbox 3532 2082 3601 2137; x_wconf 91' lang='lat' dir='ltr'><strong>Et</strong></span> <span class='ocrx_word' id='word_1_477' title='bbox 3627 2084 3730 2137; x_wconf 91' lang='lat' dir='ltr'><strong>hoc</strong></span> <span class='ocrx_word' id='word_1_478' title='bbox 3751 2091 3833 2138; x_wconf 85' lang='lat' dir='ltr'><strong>est</strong></span> 
     </span>
    </p>
   </div>
   <div class='ocr_carea' id='block_1_58' title="bbox 2252 2178 2708 2257">
    <p class='ocr_par' dir='ltr' id='par_1_58' title="bbox 2252 2178 2708 2257">
     <span class='ocr_line' id='line_1_58' title="bbox 2252 2178 2708 2257; baseline -0.007 -22"><span class='ocrx_word' id='word_1_479' title='bbox 2252 2178 2395 2251; x_wconf 89' lang='lat' dir='ltr'><strong>quod</strong></span> <span class='ocrx_word' id='word_1_480' title='bbox 2421 2179 2671 2257; x_wconf 83' lang='lat' dir='ltr'><strong>sequitur</strong></span> <span class='ocrx_word' id='word_1_481' title='bbox 2695 2196 2708 2233; x_wconf 93' lang='lat'><strong>:</strong></span> 
     </span>
    </p>
   </div>
   <div class='ocr_carea' id='block_1_59' title="bbox 2275 2265 3825 2343">
    <p class='ocr_par' dir='ltr' id='par_1_59' title="bbox 2275 2265 3825 2343">
     <span class='ocr_line' id='line_1_59' title="bbox 2275 2265 3825 2343; baseline -0.002 -19"><span class='ocrx_word' id='word_1_482' title='bbox 2275 2295 2281 2305; x_wconf 83' lang='grc'>·</span> <span class='ocrx_word' id='word_1_483' title='bbox 2325 2271 2352 2343; x_wconf 80' lang='lat'><strong>§</strong></span> <span class='ocrx_word' id='word_1_484' title='bbox 2384 2270 2439 2324; x_wconf 73' lang='grc'><strong>4.</strong></span> <span class='ocrx_word' id='word_1_485' title='bbox 2482 2270 2578 2324; x_wconf 86' lang='lat' dir='ltr'><strong>Est</strong></span> <span class='ocrx_word' id='word_1_486' title='bbox 2599 2286 2719 2340; x_wconf 88' lang='lat' dir='ltr'><strong>ergo</strong></span> <span class='ocrx_word' id='word_1_487' title='bbox 2742 2285 2807 2324; x_wconf 80' lang='lat' dir='ltr'><strong>ea:</strong></span> <span class='ocrx_word' id='word_1_488' title='bbox 2827 2270 3066 2324; x_wconf 80' lang='lat' dir='ltr'><strong>omnibus</strong></span> <span class='ocrx_word' id='word_1_489' title='bbox 3092 2269 3374 2341; x_wconf 80' lang='lat' dir='ltr'><strong>intelligere</strong></span> <span class='ocrx_word' id='word_1_490' title='bbox 3405 2269 3564 2324; x_wconf 84' lang='lat' dir='ltr'><strong>bonas</strong></span> <span class='ocrx_word' id='word_1_491' title='bbox 3598 2265 3825 2338; x_wconf 78' lang='lat' dir='ltr'><strong>specula-</strong></span> 
     </span>
    </p>
   </div>
   <div class='ocr_carea' id='block_1_60' title="bbox 2252 2356 3837 2427">
    <p class='ocr_par' dir='ltr' id='par_1_60' title="bbox 2252 2356 3837 2427">
     <span class='ocr_line' id='line_1_60' title="bbox 2252 2356 3837 2427; baseline -0.003 -12"><span class='ocrx_word' id='word_1_492' title='bbox 2252 2362 2438 2427; x_wconf 86' lang='lat' dir='ltr'><strong>tiones,</strong></span> <span class='ocrx_word' id='word_1_493' title='bbox 2486 2370 2534 2413; x_wconf 87' lang='lat' dir='ltr'><strong>et</strong></span> <span class='ocrx_word' id='word_1_494' title='bbox 2570 2359 2913 2414; x_wconf 73' lang='lat' dir='ltr'><strong>inuisibilibus</strong></span> <span class='ocrx_word' id='word_1_495' title='bbox 2953 2369 3002 2413; x_wconf 88' lang='lat' dir='ltr'><strong>et</strong></span> <span class='ocrx_word' id='word_1_496' title='bbox 3043 2358 3475 2414; x_wconf 83' lang='lat' dir='ltr'><strong>intellectualibus</strong></span> <span class='ocrx_word' id='word_1_497' title='bbox 3504 2374 3569 2413; x_wconf 73' lang='lat' dir='ltr'><strong>ea:</strong></span> <span class='ocrx_word' id='word_1_498' title='bbox 3603 2356 3837 2411; x_wconf 77' lang='lat' dir='ltr'><strong>materiis</strong></span> 
     </span>
    </p>
   </div>
   <div class='ocr_carea' id='block_1_61' title="bbox 2254 2446 3838 2523">
    <p class='ocr_par' dir='ltr' id='par_1_61' title="bbox 2254 2446 3838 2523">
     <span class='ocr_line' id='line_1_61' title="bbox 2254 2446 3838 2523; baseline -0.004 -18"><span class='ocrx_word' id='word_1_499' title='bbox 2254 2453 2299 2485; x_wconf 73' lang='grc'><strong>’⁸</strong></span> <span class='ocrx_word' id='word_1_500' title='bbox 2329 2452 2613 2523; x_wconf 78' lang='lat' dir='ltr'><strong>reformare</strong></span> <span class='ocrx_word' id='word_1_501' title='bbox 2646 2450 2817 2504; x_wconf 85' lang='lat' dir='ltr'><strong>dictas</strong></span> <span class='ocrx_word' id='word_1_502' title='bbox 2858 2450 3133 2504; x_wconf 69' lang='lat' dir='ltr'><strong>dissimiles</strong></span> <span class='ocrx_word' id='word_1_503' title='bbox 3170 2448 3214 2480; x_wconf 78' lang='lat'><strong>”</strong></span> <span class='ocrx_word' id='word_1_504' title='bbox 3251 2447 3639 2511; x_wconf 75' lang='lat' dir='ltr'><strong>similitudines,</strong></span> <span class='ocrx_word' id='word_1_505' title='bbox 3675 2446 3838 2499; x_wconf 80' lang='lat' dir='ltr'><strong>altera</strong></span> 
     </span>
    </p>
   </div>
   <div class='ocr_carea' id='block_1_62' title="bbox 2252 2526 3839 2611">
    <p class='ocr_par' dir='ltr' id='par_1_62' title="bbox 2252 2526 3839 2611">
     <span class='ocr_line' id='line_1_62' title="bbox 2252 2526 3839 2611; baseline -0.004 -12"><span class='ocrx_word' id='word_1_506' title='bbox 2252 2546 2406 2599; x_wconf 89' lang='lat' dir='ltr'><strong>modo</strong></span> <span class='ocrx_word' id='word_1_507' title='bbox 2455 2542 2891 2598; x_wconf 82' lang='lat' dir='ltr'><strong>intellectualibus</strong></span> <span class='ocrx_word' id='word_1_508' title='bbox 2939 2526 3283 2607; x_wconf 70' lang='lat' dir='ltr'><strong>habentibus,</strong></span> <span class='ocrx_word' id='word_1_509' title='bbox 3331 2557 3465 2611; x_wconf 84' lang='lat' dir='ltr'><strong>quae</strong></span> <span class='ocrx_word' id='word_1_510' title='bbox 3506 2536 3839 2594; x_wconf 75' lang='lat' dir='ltr'><strong>sensibilibus</strong></span> 
     </span>
    </p>
   </div>
   <div class='ocr_carea' id='block_1_63' title="bbox 2254 2626 3836 2701">
    <p class='ocr_par' dir='ltr' id='par_1_63' title="bbox 2254 2626 3836 2701">
     <span class='ocr_line' id='line_1_63' title="bbox 2254 2626 3836 2701; baseline -0.006 -12"><span class='ocrx_word' id='word_1_511' title='bbox 2254 2636 2408 2689; x_wconf 81' lang='lat' dir='ltr'><strong>aliter</strong></span> <span class='ocrx_word' id='word_1_512' title='bbox 2430 2635 2709 2688; x_wconf 84' lang='lat' dir='ltr'><strong>distributa</strong></span> <span class='ocrx_word' id='word_1_513' title='bbox 2738 2644 2878 2687; x_wconf 85' lang='lat' dir='ltr'><strong>sunt.</strong></span> <span class='ocrx_word' id='word_1_514' title='bbox 2919 2632 3007 2699; x_wconf 90' lang='lat' dir='ltr'><strong>Si,</strong></span> <span class='ocrx_word' id='word_1_515' title='bbox 3038 2633 3239 2701; x_wconf 91' lang='lat' dir='ltr'><strong>inquit,</strong></span> <span class='ocrx_word' id='word_1_516' title='bbox 3272 2632 3454 2686; x_wconf 84' lang='lat' dir='ltr'><strong>omnia</strong></span> <span class='ocrx_word' id='word_1_517' title='bbox 3482 2629 3677 2685; x_wconf 84' lang='lat' dir='ltr'><strong>summi</strong></span> <span class='ocrx_word' id='word_1_518' title='bbox 3705 2626 3836 2683; x_wconf 89' lang='lat' dir='ltr'><strong>boni</strong></span> 
     </span>
    </p>
   </div>
   <div class='ocr_carea' id='block_1_64' title="bbox 2252 2718 3935 2794">
    <p class='ocr_par' dir='ltr' id='par_1_64' title="bbox 2252 2718 3935 2794">
     <span class='ocr_line' id='line_1_64' title="bbox 2252 2718 3935 2794; baseline -0.003 -17"><span class='ocrx_word' id='word_1_519' title='bbox 2252 2724 2635 2794; x_wconf 89' lang='lat' dir='ltr'><strong>participantia</strong></span> <span class='ocrx_word' id='word_1_520' title='bbox 2663 2732 2823 2789; x_wconf 90' lang='lat' dir='ltr'><strong>sunt,</strong></span> <span class='ocrx_word' id='word_1_521' title='bbox 2855 2731 3071 2793; x_wconf 87' lang='lat' dir='ltr'><strong>oportet</strong></span> <span class='ocrx_word' id='word_1_522' title='bbox 3100 2722 3342 2793; x_wconf 82' lang='lat' dir='ltr'><strong>profecto</strong></span> <span class='ocrx_word' id='word_1_523' title='bbox 3369 2737 3436 2777; x_wconf 78' lang='lat' dir='ltr'><strong>ex</strong></span> <span class='ocrx_word' id='word_1_524' title='bbox 3467 2722 3717 2775; x_wconf 86' lang='lat' dir='ltr'><strong>omnibus</strong></span> <span class='ocrx_word' id='word_1_525' title='bbox 3747 2718 3836 2773; x_wconf 88' lang='lat' dir='ltr'><strong>in-</strong></span> <span class='ocrx_word' id='word_1_526' title='bbox 3930 2792 3935 2793; x_wconf 13' lang='grc' dir='ltr'><em>γ</em></span> 
     </span>
    </p>
   </div>
   <div class='ocr_carea' id='block_1_65' title="bbox 2258 2802 3837 2883">
    <p class='ocr_par' dir='ltr' id='par_1_65' title="bbox 2258 2802 3837 2883">
     <span class='ocr_line' id='line_1_65' title="bbox 2258 2802 3837 2883; baseline -0.003 -16"><span class='ocrx_word' id='word_1_527' title='bbox 2258 2802 2528 2883; x_wconf 79' lang='lat' dir='ltr'><strong>telligere,</strong></span> <span class='ocrx_word' id='word_1_528' title='bbox 2573 2814 2676 2870; x_wconf 90' lang='lat' dir='ltr'><strong>hoc</strong></span> <span class='ocrx_word' id='word_1_529' title='bbox 2704 2823 2818 2879; x_wconf 91' lang='lat' dir='ltr'><strong>est,</strong></span> <span class='ocrx_word' id='word_1_530' title='bbox 2860 2815 2914 2867; x_wconf 92' lang='lat' dir='ltr'><strong>in</strong></span> <span class='ocrx_word' id='word_1_531' title='bbox 2941 2814 3188 2868; x_wconf 84' lang='lat' dir='ltr'><strong>omnibus</strong></span> <span class='ocrx_word' id='word_1_532' title='bbox 3216 2811 3582 2868; x_wconf 77' lang='lat' dir='ltr'><strong>materialibus</strong></span> <span class='ocrx_word' id='word_1_533' title='bbox 3615 2809 3837 2879; x_wconf 86' lang='lat' dir='ltr'><strong>conspi-</strong></span> 
     </span>
    </p>
   </div>
   <div class='ocr_carea' id='block_1_66' title="bbox 2256 2903 3841 2981">
    <p class='ocr_par' dir='ltr' id='par_1_66' title="bbox 2256 2903 3841 2981">
     <span class='ocr_line' id='line_1_66' title="bbox 2256 2903 3841 2981; baseline -0.004 -21"><span class='ocrx_word' id='word_1_534' title='bbox 2256 2907 2367 2960; x_wconf 91' lang='lat' dir='ltr'><strong>cari</strong></span> <span class='ocrx_word' id='word_1_535' title='bbox 2398 2907 2567 2981; x_wconf 81' lang='lat' dir='ltr'><strong>bonas</strong></span> <span class='ocrx_word' id='word_1_536' title='bbox 2597 2905 3032 2960; x_wconf 89' lang='lat' dir='ltr'><strong>immaterialium</strong></span> <span class='ocrx_word' id='word_1_537' title='bbox 3068 2905 3111 2937; x_wconf 83' lang='grc'>³⁰</span> <span class='ocrx_word' id='word_1_538' title='bbox 3144 2903 3661 2974; x_wconf 79' lang='lat' dir='ltr'><strong>contemplationes,</strong></span> <span class='ocrx_word' id='word_1_539' title='bbox 3685 2910 3743 2957; x_wconf 90' lang='lat' dir='ltr'><strong>et</strong></span> <span class='ocrx_word' id='word_1_540' title='bbox 3769 2916 3841 2955; x_wconf 78' lang='lat' dir='ltr'><strong>ex</strong></span> 
     </span>
    </p>
   </div>
   <div class='ocr_carea' id='block_1_67' title="bbox 2258 2991 3842 3064">
    <p class='ocr_par' dir='ltr' id='par_1_67' title="bbox 2258 2991 3842 3064">
     <span class='ocr_line' id='line_1_67' title="bbox 2258 2991 3842 3064; baseline -0.001 -14"><span class='ocrx_word' id='word_1_541' title='bbox 2258 2996 2501 3051; x_wconf 88' lang='lat' dir='ltr'><strong>materiis</strong></span> <span class='ocrx_word' id='word_1_542' title='bbox 2547 2995 2894 3052; x_wconf 81' lang='lat' dir='ltr'><strong>sensibilibus</strong></span> <span class='ocrx_word' id='word_1_543' title='bbox 2934 2996 3170 3050; x_wconf 84' lang='lat' dir='ltr'><strong>formare</strong></span> <span class='ocrx_word' id='word_1_544' title='bbox 3208 2994 3514 3064; x_wconf 84' lang='lat' dir='ltr'><strong>praedictas</strong></span> <span class='ocrx_word' id='word_1_545' title='bbox 3551 2991 3842 3049; x_wconf 84' lang='lat' dir='ltr'><strong>dissimiles</strong></span> 
     </span>
    </p>
   </div>
   <div class='ocr_carea' id='block_1_68' title="bbox 2258 3082 3839 3158">
    <p class='ocr_par' dir='ltr' id='par_1_68' title="bbox 2258 3082 3839 3158">
     <span class='ocr_line' id='line_1_68' title="bbox 2258 3082 3839 3158; baseline -0.003 -15"><span class='ocrx_word' id='word_1_546' title='bbox 2258 3088 2665 3153; x_wconf 83' lang='lat' dir='ltr'><strong>similitudines,</strong></span> <span class='ocrx_word' id='word_1_547' title='bbox 2697 3096 2757 3143; x_wconf 87' lang='lat' dir='ltr'><strong>ut</strong></span> <span class='ocrx_word' id='word_1_548' title='bbox 2786 3103 2884 3158; x_wconf 89' lang='lat' dir='ltr'><strong>per</strong></span> <span class='ocrx_word' id='word_1_549' title='bbox 2912 3103 3004 3143; x_wconf 86' lang='lat' dir='ltr'><strong>eas</strong></span> <span class='ocrx_word' id='word_1_550' title='bbox 3034 3085 3329 3143; x_wconf 88' lang='lat' dir='ltr'><strong>invisibiles</strong></span> <span class='ocrx_word' id='word_1_551' title='bbox 3354 3095 3413 3141; x_wconf 90' lang='lat' dir='ltr'><strong>et</strong></span> <span class='ocrx_word' id='word_1_552' title='bbox 3448 3082 3839 3140; x_wconf 85' lang='lat' dir='ltr'><strong>intellectuales</strong></span> 
     </span>
    </p>
   </div>
   <div class='ocr_carea' id='block_1_69' title="bbox 2260 3174 3843 3250">
    <p class='ocr_par' dir='ltr' id='par_1_69' title="bbox 2260 3174 3843 3250">
     <span class='ocr_line' id='line_1_69' title="bbox 2260 3174 3843 3250; baseline -0.003 -17"><span class='ocrx_word' id='word_1_553' title='bbox 2260 3179 2629 3250; x_wconf 88' lang='lat' dir='ltr'><strong>intelligantur</strong></span> <span class='ocrx_word' id='word_1_554' title='bbox 2664 3180 2915 3244; x_wconf 85' lang='lat' dir='ltr'><strong>virtutes,</strong></span> <span class='ocrx_word' id='word_1_555' title='bbox 2958 3181 3086 3235; x_wconf 90' lang='lat' dir='ltr'><strong>dum</strong></span> <span class='ocrx_word' id='word_1_556' title='bbox 3124 3194 3230 3233; x_wconf 91' lang='lat' dir='ltr'><strong>non</strong></span> <span class='ocrx_word' id='word_1_557' title='bbox 3271 3177 3496 3241; x_wconf 87' lang='lat' dir='ltr'><strong>eodem,</strong></span> <span class='ocrx_word' id='word_1_558' title='bbox 3537 3176 3632 3231; x_wconf 89' lang='lat' dir='ltr'><strong>sed</strong></span> <span class='ocrx_word' id='word_1_559' title='bbox 3672 3174 3843 3229; x_wconf 85' lang='lat' dir='ltr'><strong>altero</strong></span> 
     </span>
    </p>
   </div>
   <div class='ocr_carea' id='block_1_70' title="bbox 2258 3266 3842 3340">
    <p class='ocr_par' dir='ltr' id='par_1_70' title="bbox 2258 3266 3842 3340">
     <span class='ocr_line' id='line_1_70' title="bbox 2258 3266 3842 3340; baseline -0.003 -17"><span class='ocrx_word' id='word_1_560' title='bbox 2258 3270 2416 3323; x_wconf 91' lang='lat' dir='ltr'><strong>modo</strong></span> <span class='ocrx_word' id='word_1_561' title='bbox 2472 3268 2889 3340; x_wconf 87' lang='lat' dir='ltr'><strong>intelligibilium</strong></span> <span class='ocrx_word' id='word_1_562' title='bbox 2940 3269 3111 3324; x_wconf 86' lang='lat' dir='ltr'><strong>virtus</strong></span> <span class='ocrx_word' id='word_1_563' title='bbox 3155 3277 3210 3321; x_wconf 91' lang='lat' dir='ltr'><strong>et</strong></span> <span class='ocrx_word' id='word_1_564' title='bbox 3260 3266 3596 3322; x_wconf 85' lang='lat' dir='ltr'><strong>sensibilium</strong></span> <span class='ocrx_word' id='word_1_565' title='bbox 3628 3276 3842 3319; x_wconf 84' lang='lat' dir='ltr'><strong>natura</strong></span> 
     </span>
    </p>
   </div>
   <div class='ocr_carea' id='block_1_71' title="bbox 2257 3354 3841 3430">
    <p class='ocr_par' dir='ltr' id='par_1_71' title="bbox 2257 3354 3841 3430">
     <span class='ocr_line' id='line_1_71' title="bbox 2257 3354 3841 3430; baseline -0.003 -15"><span class='ocrx_word' id='word_1_566' title='bbox 2257 3360 2599 3430; x_wconf 87' lang='lat' dir='ltr'><strong>perspicitur.</strong></span> <span class='ocrx_word' id='word_1_567' title='bbox 2625 3359 2776 3428; x_wconf 82' lang='lat' dir='ltr'><strong>Quod</strong></span> <span class='ocrx_word' id='word_1_568' title='bbox 2804 3369 3201 3429; x_wconf 88' lang='lat' dir='ltr'><strong>consequenter</strong></span> <span class='ocrx_word' id='word_1_569' title='bbox 3226 3359 3496 3415; x_wconf 85' lang='lat' dir='ltr'><strong>subnectit</strong></span> <span class='ocrx_word' id='word_1_570' title='bbox 3521 3358 3740 3413; x_wconf 81' lang='lat' dir='ltr'><strong>dicens:</strong></span> <span class='ocrx_word' id='word_1_571' title='bbox 3767 3354 3841 3410; x_wconf 85' lang='lat' dir='ltr'><strong>Et</strong></span> 
     </span>
    </p>
   </div>
   <div class='ocr_carea' id='block_1_72' title="bbox 2258 3446 3843 3521">
    <p class='ocr_par' dir='ltr' id='par_1_72' title="bbox 2258 3446 3843 3521">
     <span class='ocr_line' id='line_1_72' title="bbox 2258 3446 3843 3521; baseline -0.003 -16"><span class='ocrx_word' id='word_1_572' title='bbox 2258 3452 2396 3505; x_wconf 84' lang='lat' dir='ltr'><strong>enim</strong></span> <span class='ocrx_word' id='word_1_573' title='bbox 2438 3450 2589 3521; x_wconf 77' lang='lat' dir='ltr'><strong>furor</strong></span> <span class='ocrx_word' id='word_1_574' title='bbox 2619 3450 3068 3505; x_wconf 76' lang='lat' dir='ltr'><strong>irrationabilibns</strong></span> <span class='ocrx_word' id='word_1_575' title='bbox 3096 3449 3304 3519; x_wconf 84' lang='lat' dir='ltr'><strong>quidem</strong></span> <span class='ocrx_word' id='word_1_576' title='bbox 3334 3466 3399 3503; x_wconf 76' lang='lat' dir='ltr'><strong>ea;</strong></span> <span class='ocrx_word' id='word_1_577' title='bbox 3435 3446 3664 3518; x_wconf 76' lang='lat' dir='ltr'><strong>possibili</strong></span> <span class='ocrx_word' id='word_1_578' title='bbox 3696 3455 3843 3500; x_wconf 76' lang='lat' dir='ltr'><strong>motu</strong></span> 
     </span>
    </p>
   </div>
   <div class='ocr_carea' id='block_1_73' title="bbox 2258 3539 3845 3612">
    <p class='ocr_par' dir='ltr' id='par_1_73' title="bbox 2258 3539 3845 3612">
     <span class='ocr_line' id='line_1_73' title="bbox 2258 3539 3845 3612; baseline -0.003 -15"><span class='ocrx_word' id='word_1_579' title='bbox 2258 3543 2410 3609; x_wconf 82' lang='lat' dir='ltr'><strong>inest,</strong></span> <span class='ocrx_word' id='word_1_580' title='bbox 2434 3551 2483 3597; x_wconf 89' lang='lat' dir='ltr'><strong>et</strong></span> <span class='ocrx_word' id='word_1_581' title='bbox 2510 3544 2650 3597; x_wconf 85' lang='lat' dir='ltr'><strong>omni</strong></span> <span class='ocrx_word' id='word_1_582' title='bbox 2675 3541 3140 3596; x_wconf 84' lang='lat' dir='ltr'><strong>irrationabilitate</strong></span> <span class='ocrx_word' id='word_1_583' title='bbox 3167 3550 3243 3595; x_wconf 81' lang='lat' dir='ltr'><strong>est</strong></span> <span class='ocrx_word' id='word_1_584' title='bbox 3272 3540 3498 3612; x_wconf 85' lang='lat' dir='ltr'><strong>repletus</strong></span> <span class='ocrx_word' id='word_1_585' title='bbox 3528 3539 3845 3609; x_wconf 81' lang='lat' dir='ltr'><strong>furibundus</strong></span> 
     </span>
    </p>
   </div>
   <div class='ocr_carea' id='block_1_74' title="bbox 2257 3629 3841 3700">
    <p class='ocr_par' dir='ltr' id='par_1_74' title="bbox 2257 3629 3841 3700">
     <span class='ocr_line' id='line_1_74' title="bbox 2257 3629 3841 3700; baseline -0.004 -12"><span class='ocrx_word' id='word_1_586' title='bbox 2257 3651 2439 3689; x_wconf 86' lang='lat' dir='ltr'><strong>eorum</strong></span> <span class='ocrx_word' id='word_1_587' title='bbox 2483 3643 2688 3700; x_wconf 80' lang='lat' dir='ltr'><strong>motus;</strong></span> <span class='ocrx_word' id='word_1_588' title='bbox 2739 3634 2828 3688; x_wconf 86' lang='lat' dir='ltr'><strong>sed</strong></span> <span class='ocrx_word' id='word_1_589' title='bbox 2875 3635 2933 3687; x_wconf 89' lang='lat' dir='ltr'><strong>in</strong></span> <span class='ocrx_word' id='word_1_590' title='bbox 2984 3632 3424 3687; x_wconf 77' lang='lat' dir='ltr'><strong>intellectualibtts</strong></span> <span class='ocrx_word' id='word_1_591' title='bbox 3472 3631 3637 3685; x_wconf 83' lang='lat' dir='ltr'><strong>altera</strong></span> <span class='ocrx_word' id='word_1_592' title='bbox 3684 3629 3841 3683; x_wconf 77' lang='lat' dir='ltr'><strong>modo</strong></span> 
     </span>
    </p>
   </div>
   <div class='ocr_carea' id='block_1_75' title="bbox 2258 3721 3841 3794">
    <p class='ocr_par' dir='ltr' id='par_1_75' title="bbox 2258 3721 3841 3794">
     <span class='ocr_line' id='line_1_75' title="bbox 2258 3721 3841 3794; baseline -0.003 -16"><span class='ocrx_word' id='word_1_593' title='bbox 2258 3735 2456 3794; x_wconf 85' lang='lat' dir='ltr'><strong>oportet</strong></span> <span class='ocrx_word' id='word_1_594' title='bbox 2507 3723 2767 3779; x_wconf 78' lang='lat' dir='ltr'><strong>irascibile</strong></span> <span class='ocrx_word' id='word_1_595' title='bbox 2813 3723 3118 3794; x_wconf 81' lang='lat' dir='ltr'><strong>intelligere.</strong></span> <span class='ocrx_word' id='word_1_596' title='bbox 3170 3723 3362 3789; x_wconf 85' lang='lat' dir='ltr'><strong>Furor,</strong></span> <span class='ocrx_word' id='word_1_597' title='bbox 3414 3724 3611 3793; x_wconf 86' lang='lat' dir='ltr'><strong>inquit,</strong></span> <span class='ocrx_word' id='word_1_598' title='bbox 3655 3730 3711 3775; x_wconf 88' lang='lat' dir='ltr'><strong>et</strong></span> <span class='ocrx_word' id='word_1_599' title='bbox 3757 3721 3841 3774; x_wconf 75' lang='lat' dir='ltr'><strong>ira</strong></span> 
     </span>
    </p>
   </div>
   <div class='ocr_carea' id='block_1_76' title="bbox 2258 3811 3839 3883">
    <p class='ocr_par' dir='ltr' id='par_1_76' title="bbox 2258 3811 3839 3883">
     <span class='ocr_line' id='line_1_76' title="bbox 2258 3811 3839 3883; baseline -0.003 -15"><span class='ocrx_word' id='word_1_600' title='bbox 2258 3814 2446 3869; x_wconf 85' lang='lat' dir='ltr'><strong>bestiis</strong></span> <span class='ocrx_word' id='word_1_601' title='bbox 2475 3815 2685 3869; x_wconf 88' lang='lat' dir='ltr'><strong>ratione</strong></span> <span class='ocrx_word' id='word_1_602' title='bbox 2713 3816 3026 3871; x_wconf 91' lang='lat' dir='ltr'><strong>carentibus</strong></span> <span class='ocrx_word' id='word_1_603' title='bbox 3053 3829 3123 3871; x_wconf 83' lang='lat' dir='ltr'><strong>ex</strong></span> <span class='ocrx_word' id='word_1_604' title='bbox 3161 3813 3435 3883; x_wconf 91' lang='lat' dir='ltr'><strong>passibili,</strong></span> <span class='ocrx_word' id='word_1_605' title='bbox 3480 3811 3714 3867; x_wconf 82' lang='lat' dir='ltr'><strong>naturali</strong></span> <span class='ocrx_word' id='word_1_606' title='bbox 3759 3819 3839 3864; x_wconf 86' lang='lat' dir='ltr'><strong>ta-</strong></span> 
     </span>
    </p>
   </div>
   <div class='ocr_carea' id='block_1_77' title="bbox 2258 3892 3843 3978">
    <p class='ocr_par' dir='ltr' id='par_1_77' title="bbox 2258 3892 3843 3978">
     <span class='ocr_line' id='line_1_77' title="bbox 2258 3892 3843 3978; baseline 0.001 -17"><span class='ocrx_word' id='word_1_607' title='bbox 2258 3922 2383 3962; x_wconf 90' lang='lat' dir='ltr'><strong>men</strong></span> <span class='ocrx_word' id='word_1_608' title='bbox 2404 3892 2407 3897; x_wconf 63' lang='grc'><em>’</em></span> <span class='ocrx_word' id='word_1_609' title='bbox 2431 3915 2600 3972; x_wconf 89' lang='lat' dir='ltr'><strong>motu,</strong></span> <span class='ocrx_word' id='word_1_610' title='bbox 2659 3908 2777 3973; x_wconf 86' lang='lat' dir='ltr'><strong>vel,</strong></span> <span class='ocrx_word' id='word_1_611' title='bbox 2804 3908 2944 3963; x_wconf 88' lang='lat' dir='ltr'><strong>sicut</strong></span> <span class='ocrx_word' id='word_1_612' title='bbox 2973 3908 3027 3962; x_wconf 90' lang='lat' dir='ltr'><strong>in</strong></span> <span class='ocrx_word' id='word_1_613' title='bbox 3056 3907 3265 3963; x_wconf 85' lang='lat' dir='ltr'><strong>Graeco</strong></span> <span class='ocrx_word' id='word_1_614' title='bbox 3293 3908 3571 3973; x_wconf 87' lang='lat' dir='ltr'><strong>scribitur,</strong></span> <span class='ocrx_word' id='word_1_615' title='bbox 3600 3907 3650 3972; x_wconf 71' lang='grc' dir='ltr'><strong>ἐξ</strong></span> <span class='ocrx_word' id='word_1_616' title='bbox 3680 3907 3843 3978; x_wconf 67' lang='grc' dir='ltr'><strong>ἐμπα-</strong></span> 
     </span>
    </p>
   </div>
   <div class='ocr_carea' id='block_1_78' title="bbox 2254 3995 3842 4071">
    <p class='ocr_par' dir='ltr' id='par_1_78' title="bbox 2254 3995 3842 4071">
     <span class='ocr_line' id='line_1_78' title="bbox 2254 3995 3842 4071; baseline -0.002 -17"><span class='ocrx_word' id='word_1_617' title='bbox 2254 3995 2374 4061; x_wconf 77' lang='grc' dir='ltr'><strong>θοῦς</strong></span> <span class='ocrx_word' id='word_1_618' title='bbox 2395 3998 2578 4071; x_wconf 77' lang='grc' dir='ltr'><strong>ὁρμῆς,</strong></span> <span class='ocrx_word' id='word_1_619' title='bbox 2612 4012 2680 4052; x_wconf 83' lang='lat' dir='ltr'><strong>ex</strong></span> <span class='ocrx_word' id='word_1_620' title='bbox 2709 3998 2949 4068; x_wconf 87' lang='lat' dir='ltr'><strong>passibili</strong></span> <span class='ocrx_word' id='word_1_621' title='bbox 2983 3999 3188 4069; x_wconf 88' lang='lat' dir='ltr'><strong>impetu</strong></span> <span class='ocrx_word' id='word_1_622' title='bbox 3218 3997 3303 4052; x_wconf 89' lang='lat' dir='ltr'><strong>vel</strong></span> <span class='ocrx_word' id='word_1_623' title='bbox 3332 3997 3648 4067; x_wconf 87' lang='lat' dir='ltr'><strong>cupiditate,</strong></span> <span class='ocrx_word' id='word_1_624' title='bbox 3678 3997 3842 4051; x_wconf 82' lang='lat' dir='ltr'><strong>insita</strong></span> 
     </span>
    </p>
   </div>
   <div class='ocr_carea' id='block_1_79' title="bbox 2256 4088 3842 4163">
    <p class='ocr_par' dir='ltr' id='par_1_79' title="bbox 2256 4088 3842 4163">
     <span class='ocr_line' id='line_1_79' title="bbox 2256 4088 3842 4163; baseline -0.002 -18"><span class='ocrx_word' id='word_1_625' title='bbox 2256 4099 2381 4146; x_wconf 88' lang='lat' dir='ltr'><strong>sunt</strong></span> <span class='ocrx_word' id='word_1_626' title='bbox 2400 4132 2413 4154; x_wconf 92' lang='lat'><strong>,</strong></span> <span class='ocrx_word' id='word_1_627' title='bbox 2448 4091 2941 4163; x_wconf 87' lang='lat' dir='ltr'><strong>irrationabilisque</strong></span> <span class='ocrx_word' id='word_1_628' title='bbox 2970 4106 3157 4147; x_wconf 89' lang='lat' dir='ltr'><strong>eorum</strong></span> <span class='ocrx_word' id='word_1_629' title='bbox 3189 4098 3368 4146; x_wconf 87' lang='lat' dir='ltr'><strong>motus</strong></span> <span class='ocrx_word' id='word_1_630' title='bbox 3395 4089 3587 4158; x_wconf 87' lang='lat' dir='ltr'><strong>plenus</strong></span> <span class='ocrx_word' id='word_1_631' title='bbox 3610 4097 3694 4144; x_wconf 89' lang='lat' dir='ltr'><strong>est</strong></span> <span class='ocrx_word' id='word_1_632' title='bbox 3724 4088 3842 4142; x_wconf 87' lang='lat' dir='ltr'><strong>irae</strong></span> 
     </span>
    </p>
   </div>
   <div class='ocr_carea' id='block_1_80' title="bbox 2255 4180 3845 4254">
    <p class='ocr_par' dir='ltr' id='par_1_80' title="bbox 2255 4180 3845 4254">
     <span class='ocr_line' id='line_1_80' title="bbox 2255 4180 3845 4254; baseline -0.003 -16"><span class='ocrx_word' id='word_1_633' title='bbox 2255 4194 2421 4254; x_wconf 89' lang='lat' dir='ltr'><strong>atque</strong></span> <span class='ocrx_word' id='word_1_634' title='bbox 2450 4184 2667 4251; x_wconf 86' lang='lat' dir='ltr'><strong>furoris,</strong></span> <span class='ocrx_word' id='word_1_635' title='bbox 2704 4193 2763 4239; x_wconf 91' lang='lat' dir='ltr'><strong>ut</strong></span> <span class='ocrx_word' id='word_1_636' title='bbox 2792 4187 2847 4240; x_wconf 92' lang='lat' dir='ltr'><strong>in</strong></span> <span class='ocrx_word' id='word_1_637' title='bbox 2877 4184 3123 4240; x_wconf 90' lang='lat' dir='ltr'><strong>leonibus</strong></span> <span class='ocrx_word' id='word_1_638' title='bbox 3149 4184 3452 4254; x_wconf 87' lang='lat' dir='ltr'><strong>ceterisque</strong></span> <span class='ocrx_word' id='word_1_639' title='bbox 3480 4181 3611 4237; x_wconf 88' lang='lat' dir='ltr'><strong>feris</strong></span> <span class='ocrx_word' id='word_1_640' title='bbox 3643 4180 3845 4236; x_wconf 77' lang='lat' dir='ltr'><strong>feroci-</strong></span> 
     </span>
    </p>
   </div>
   <div class='ocr_carea' id='block_1_81' title="bbox 2254 4275 3840 4347">
    <p class='ocr_par' dir='ltr' id='par_1_81' title="bbox 2254 4275 3840 4347">
     <span class='ocr_line' id='line_1_81' title="bbox 2254 4275 3840 4347; baseline -0.003 -15"><span class='ocrx_word' id='word_1_641' title='bbox 2254 4277 2374 4342; x_wconf 90' lang='lat' dir='ltr'><strong>bus,</strong></span> <span class='ocrx_word' id='word_1_642' title='bbox 2421 4292 2654 4347; x_wconf 88' lang='lat' dir='ltr'><strong>quarum</strong></span> <span class='ocrx_word' id='word_1_643' title='bbox 2701 4277 2988 4333; x_wconf 88' lang='lat' dir='ltr'><strong>furibunda</strong></span> <span class='ocrx_word' id='word_1_644' title='bbox 3035 4278 3213 4333; x_wconf 86' lang='lat' dir='ltr'><strong>rabies</strong></span> <span class='ocrx_word' id='word_1_645' title='bbox 3257 4277 3351 4332; x_wconf 79' lang='lat' dir='ltr'><strong>vix</strong></span> <span class='ocrx_word' id='word_1_646' title='bbox 3393 4275 3604 4332; x_wconf 87' lang='lat' dir='ltr'><strong>domari</strong></span> <span class='ocrx_word' id='word_1_647' title='bbox 3642 4281 3840 4345; x_wconf 85' lang='lat' dir='ltr'><strong>potest.</strong></span> 
     </span>
    </p>
   </div>
   <div class='ocr_carea' id='block_1_82' title="bbox 2257 4366 3841 4439">
    <p class='ocr_par' dir='ltr' id='par_1_82' title="bbox 2257 4366 3841 4439">
     <span class='ocr_line' id='line_1_82' title="bbox 2257 4366 3841 4439; baseline -0.001 -18"><span class='ocrx_word' id='word_1_648' title='bbox 2257 4366 2373 4422; x_wconf 86' lang='lat' dir='ltr'><strong>Non</strong></span> <span class='ocrx_word' id='word_1_649' title='bbox 2416 4374 2593 4423; x_wconf 90' lang='lat' dir='ltr'><strong>tamen</strong></span> <span class='ocrx_word' id='word_1_650' title='bbox 2634 4367 2689 4422; x_wconf 92' lang='lat' dir='ltr'><strong>in</strong></span> <span class='ocrx_word' id='word_1_651' title='bbox 2713 4369 2794 4424; x_wconf 89' lang='lat' dir='ltr'><strong>eis</strong></span> <span class='ocrx_word' id='word_1_652' title='bbox 2820 4367 2954 4424; x_wconf 87' lang='lat' dir='ltr'><strong>tales</strong></span> <span class='ocrx_word' id='word_1_653' title='bbox 2984 4376 3161 4423; x_wconf 87' lang='lat' dir='ltr'><strong>motus</strong></span> <span class='ocrx_word' id='word_1_654' title='bbox 3187 4368 3674 4439; x_wconf 77' lang='lat' dir='ltr'><strong>reprehenduntur,</strong></span> <span class='ocrx_word' id='word_1_655' title='bbox 3704 4368 3841 4437; x_wconf 88' lang='lat' dir='ltr'><strong>quo-</strong></span> 
     </span>
    </p>
   </div>
   <div class='ocr_carea' id='block_1_83' title="bbox 2257 4456 3847 4526">
    <p class='ocr_par' dir='ltr' id='par_1_83' title="bbox 2257 4456 3847 4526">
     <span class='ocr_line' id='line_1_83' title="bbox 2257 4456 3847 4526; baseline 0.001 -18"><span class='ocrx_word' id='word_1_656' title='bbox 2257 4456 2404 4509; x_wconf 89' lang='lat' dir='ltr'><strong>niam</strong></span> <span class='ocrx_word' id='word_1_657' title='bbox 2452 4456 2727 4511; x_wconf 87' lang='lat' dir='ltr'><strong>naturales</strong></span> <span class='ocrx_word' id='word_1_658' title='bbox 2755 4465 2913 4521; x_wconf 90' lang='lat' dir='ltr'><strong>snnt,</strong></span> <span class='ocrx_word' id='word_1_659' title='bbox 2952 4466 3009 4511; x_wconf 90' lang='lat' dir='ltr'><strong>et</strong></span> <span class='ocrx_word' id='word_1_660' title='bbox 3046 4456 3165 4511; x_wconf 89' lang='lat' dir='ltr'><strong>sine</strong></span> <span class='ocrx_word' id='word_1_661' title='bbox 3206 4456 3402 4526; x_wconf 84' lang='lat' dir='ltr'><strong>quibus</strong></span> <span class='ocrx_word' id='word_1_662' title='bbox 3445 4462 3671 4511; x_wconf 84' lang='lat' dir='ltr'><strong>naturae</strong></span> <span class='ocrx_word' id='word_1_663' title='bbox 3714 4468 3847 4524; x_wconf 56' lang='lat' dir='ltr'><strong>prae</strong></span> 
     </span>
    </p>
   </div>
   <div class='ocr_carea' id='block_1_84' title="bbox 2258 4543 3838 4615">
    <p class='ocr_par' dir='ltr' id='par_1_84' title="bbox 2258 4543 3838 4615">
     <span class='ocr_line' id='line_1_84' title="bbox 2258 4543 3838 4615; baseline -0.002 -16"><span class='ocrx_word' id='word_1_664' title='bbox 2258 4545 2460 4614; x_wconf 88' lang='lat' dir='ltr'><strong>prietas</strong></span> <span class='ocrx_word' id='word_1_665' title='bbox 2490 4546 2730 4615; x_wconf 89' lang='lat' dir='ltr'><strong>ipsarum</strong></span> <span class='ocrx_word' id='word_1_666' title='bbox 2759 4545 3056 4601; x_wconf 86' lang='lat' dir='ltr'><strong>bestiarum</strong></span> <span class='ocrx_word' id='word_1_667' title='bbox 3081 4543 3319 4614; x_wconf 80' lang='lat' dir='ltr'><strong>perfecta</strong></span> <span class='ocrx_word' id='word_1_668' title='bbox 3347 4557 3468 4598; x_wconf 85' lang='lat' dir='ltr'><strong>esse</strong></span> <span class='ocrx_word' id='word_1_669' title='bbox 3495 4556 3604 4596; x_wconf 91' lang='lat' dir='ltr'><strong>non</strong></span> <span class='ocrx_word' id='word_1_670' title='bbox 3624 4548 3838 4611; x_wconf 88' lang='lat' dir='ltr'><strong>potest;</strong></span> 
     </span>
    </p>
   </div>
   <div class='ocr_carea' id='block_1_85' title="bbox 2255 4633 3844 4702">
    <p class='ocr_par' dir='ltr' id='par_1_85' title="bbox 2255 4633 3844 4702">
     <span class='ocr_line' id='line_1_85' title="bbox 2255 4633 3844 4702; baseline -0.001 -11"><span class='ocrx_word' id='word_1_671' title='bbox 2255 4637 2404 4691; x_wconf 86' lang='lat' dir='ltr'><strong>mitis</strong></span> <span class='ocrx_word' id='word_1_672' title='bbox 2438 4637 2581 4691; x_wconf 91' lang='lat' dir='ltr'><strong>enim</strong></span> <span class='ocrx_word' id='word_1_673' title='bbox 2622 4636 2707 4692; x_wconf 90' lang='lat' dir='ltr'><strong>leo</strong></span> <span class='ocrx_word' id='word_1_674' title='bbox 2741 4636 2826 4692; x_wconf 90' lang='lat' dir='ltr'><strong>leo</strong></span> <span class='ocrx_word' id='word_1_675' title='bbox 2860 4652 2968 4693; x_wconf 90' lang='lat' dir='ltr'><strong>non</strong></span> <span class='ocrx_word' id='word_1_676' title='bbox 3005 4646 3120 4702; x_wconf 88' lang='lat' dir='ltr'><strong>est;</strong></span> <span class='ocrx_word' id='word_1_677' title='bbox 3150 4637 3246 4692; x_wconf 89' lang='lat' dir='ltr'><strong>sed</strong></span> <span class='ocrx_word' id='word_1_678' title='bbox 3278 4635 3406 4691; x_wconf 89' lang='lat' dir='ltr'><strong>dum</strong></span> <span class='ocrx_word' id='word_1_679' title='bbox 3446 4633 3571 4689; x_wconf 86' lang='lat' dir='ltr'><strong>talis</strong></span> <span class='ocrx_word' id='word_1_680' title='bbox 3608 4633 3844 4702; x_wconf 82' lang='lat' dir='ltr'><strong>impetus</strong></span> 
     </span>
    </p>
   </div>
   <div class='ocr_carea' id='block_1_86' title="bbox 2255 4725 3840 4795">
    <p class='ocr_par' dir='ltr' id='par_1_86' title="bbox 2255 4725 3840 4795">
     <span class='ocr_line' id='line_1_86' title="bbox 2255 4725 3840 4795; baseline -0.003 -12"><span class='ocrx_word' id='word_1_681' title='bbox 2255 4727 2452 4783; x_wconf 90' lang='lat' dir='ltr'><strong>furoris</strong></span> <span class='ocrx_word' id='word_1_682' title='bbox 2495 4736 2551 4784; x_wconf 87' lang='lat' dir='ltr'><strong>et</strong></span> <span class='ocrx_word' id='word_1_683' title='bbox 2596 4729 2712 4785; x_wconf 89' lang='lat' dir='ltr'><strong>irae</strong></span> <span class='ocrx_word' id='word_1_684' title='bbox 2755 4730 2871 4785; x_wconf 88' lang='lat' dir='ltr'><strong>sive</strong></span> <span class='ocrx_word' id='word_1_685' title='bbox 2916 4730 2984 4786; x_wconf 92' lang='lat' dir='ltr'><strong>de</strong></span> <span class='ocrx_word' id='word_1_686' title='bbox 3024 4731 3159 4795; x_wconf 87' lang='lat' dir='ltr'><strong>Deo,</strong></span> <span class='ocrx_word' id='word_1_687' title='bbox 3207 4730 3321 4786; x_wconf 89' lang='lat' dir='ltr'><strong>sive</strong></span> <span class='ocrx_word' id='word_1_688' title='bbox 3361 4729 3427 4783; x_wconf 92' lang='lat' dir='ltr'><strong>de</strong></span> <span class='ocrx_word' id='word_1_689' title='bbox 3470 4725 3840 4790; x_wconf 66' lang='lat' dir='ltr'><strong>intellectura“,</strong></span> 
     </span>
    </p>
   </div>
   <div class='ocr_carea' id='block_1_87' title="bbox 2254 4815 3843 4892">
    <p class='ocr_par' dir='ltr' id='par_1_87' title="bbox 2254 4815 3843 4892">
     <span class='ocr_line' id='line_1_87' title="bbox 2254 4815 3843 4892; baseline -0.001 -19"><span class='ocrx_word' id='word_1_690' title='bbox 2254 4818 2370 4873; x_wconf 82' lang='lat' dir='ltr'><strong>sive</strong></span> <span class='ocrx_word' id='word_1_691' title='bbox 2412 4819 2662 4875; x_wconf 85' lang='lat' dir='ltr'><strong>rationali</strong></span> <span class='ocrx_word' id='word_1_692' title='bbox 2695 4820 2738 4852; x_wconf 76' lang='grc'>⁸⁸</span> <span class='ocrx_word' id='word_1_693' title='bbox 2769 4820 3032 4892; x_wconf 76' lang='lat' dir='ltr'><strong>sapientis</strong></span> <span class='ocrx_word' id='word_1_694' title='bbox 3053 4861 3068 4887; x_wconf 96' lang='lat'><strong>,</strong></span> <span class='ocrx_word' id='word_1_695' title='bbox 3099 4829 3279 4876; x_wconf 85' lang='lat' dir='ltr'><strong>tamen</strong></span> <span class='ocrx_word' id='word_1_696' title='bbox 3319 4827 3568 4876; x_wconf 87' lang='lat' dir='ltr'><strong>creatura</strong></span> <span class='ocrx_word' id='word_1_697' title='bbox 3585 4858 3602 4885; x_wconf 93' lang='lat'><strong>,</strong></span> <span class='ocrx_word' id='word_1_698' title='bbox 3630 4815 3843 4887; x_wconf 81' lang='lat' dir='ltr'><strong>praedi—</strong></span> 
     </span>
    </p>
   </div>
   <div class='ocr_carea' id='block_1_88' title="bbox 1870 4928 2570 4987">
    <p class='ocr_par' dir='ltr' id='par_1_88' title="bbox 1870 4928 2570 4987">
     <span class='ocr_line' id='line_1_88' title="bbox 1870 4928 2570 4987; baseline 0.003 -4"><span class='ocrx_word' id='word_1_699' title='bbox 1870 4929 2128 4985; x_wconf 81' lang='lat' dir='ltr'><strong>VARIAE</strong></span> <span class='ocrx_word' id='word_1_700' title='bbox 2167 4928 2570 4987; x_wconf 82' lang='lat' dir='ltr'><strong>LECTIONES.</strong></span> 
     </span>
    </p>
   </div>
   <div class='ocr_carea' id='block_1_89' title="bbox 637 5036 2519 5113">
    <p class='ocr_par' dir='ltr' id='par_1_89' title="bbox 637 5036 2519 5113">
     <span class='ocr_line' id='line_1_89' title="bbox 637 5036 2519 5113; baseline 0 -18"><span class='ocrx_word' id='word_1_701' title='bbox 637 5039 654 5113; x_wconf 56' lang='grc' dir='ltr'><em>ξ</em></span> <span class='ocrx_word' id='word_1_702' title='bbox 691 5036 784 5095; x_wconf 88' lang='lat' dir='ltr'><strong>Sic</strong></span> <span class='ocrx_word' id='word_1_703' title='bbox 810 5038 871 5105; x_wconf 89' lang='lat' dir='ltr'><strong>C,</strong></span> <span class='ocrx_word' id='word_1_704' title='bbox 890 5038 944 5113; x_wconf 85' lang='lat' dir='ltr'><strong>_A</strong></span> <span class='ocrx_word' id='word_1_705' title='bbox 974 5040 1263 5113; x_wconf 70' lang='lat' dir='ltr'><strong>naturalia,</strong></span> <span class='ocrx_word' id='word_1_706' title='bbox 1286 5038 1330 5096; x_wconf 90' lang='lat' dir='ltr'><strong>B</strong></span> <span class='ocrx_word' id='word_1_707' title='bbox 1356 5041 1626 5113; x_wconf 69' lang='lat' dir='ltr'><strong>naturalia</strong></span> <span class='ocrx_word' id='word_1_708' title='bbox 1651 5041 1860 5113; x_wconf 83' lang='lat' dir='ltr'><strong>(punct.</strong></span> <span class='ocrx_word' id='word_1_709' title='bbox 1890 5040 1999 5110; x_wconf 90' lang='lat' dir='ltr'><strong>adj.</strong></span> <span class='ocrx_word' id='word_1_710' title='bbox 2024 5037 2132 5110; x_wconf 88' lang='lat' dir='ltr'><strong>B‘).</strong></span> <span class='ocrx_word' id='word_1_711' title='bbox 2211 5039 2246 5113; x_wconf 77' lang='lat'><strong>&#39;_</strong></span> <span class='ocrx_word' id='word_1_712' title='bbox 2268 5038 2519 5113; x_wconf 26' lang='grc' dir='ltr'><strong>ΒΔΝιιηεἓ</strong></span> 
     </span>
    </p>
   </div>
   <div class='ocr_carea' id='block_1_90' title="bbox 558 5110 2096 5182">
    <p class='ocr_par' dir='ltr' id='par_1_90' title="bbox 558 5110 2096 5182">
     <span class='ocr_line' id='line_1_90' title="bbox 558 5110 2096 5182; baseline -0.001 -17"><span class='ocrx_word' id='word_1_713' title='bbox 558 5110 772 5182; x_wconf 86' lang='lat' dir='ltr'><strong>videtur</strong></span> <span class='ocrx_word' id='word_1_714' title='bbox 799 5110 1197 5182; x_wconf 62' lang='lat' dir='ltr'><strong>subpongens),</strong></span> <span class='ocrx_word' id='word_1_715' title='bbox 1232 5111 1277 5165; x_wconf 83' lang='lat' dir='ltr'><strong>A</strong></span> <span class='ocrx_word' id='word_1_716' title='bbox 1305 5110 1719 5182; x_wconf 41' lang='lat' dir='ltr'><strong>subjungens,&#39;C</strong></span> <span class='ocrx_word' id='word_1_717' title='bbox 1747 5112 2096 5182; x_wconf 69' lang='lat' dir='ltr'><strong>subpongens.</strong></span> 
     </span>
    </p>
   </div>
   <div class='ocr_carea' id='block_1_91' title="bbox 560 5179 1750 5251">
    <p class='ocr_par' dir='ltr' id='par_1_91' title="bbox 560 5179 1750 5251">
     <span class='ocr_line' id='line_1_91' title="bbox 560 5179 1750 5251; baseline 0.001 -16"><span class='ocrx_word' id='word_1_718' title='bbox 560 5181 716 5236; x_wconf 86' lang='lat' dir='ltr'><strong>tibus.</strong></span> <span class='ocrx_word' id='word_1_719' title='bbox 787 5179 815 5244; x_wconf 46' lang='grc'><strong>,⁸</strong></span> <span class='ocrx_word' id='word_1_720' title='bbox 845 5179 907 5235; x_wconf 76' lang='grc' dir='ltr'><strong>Β⁶</strong></span> <span class='ocrx_word' id='word_1_721' title='bbox 933 5179 1097 5249; x_wconf 82' lang='lat' dir='ltr'><strong>supra</strong></span> <span class='ocrx_word' id='word_1_722' title='bbox 1136 5180 1311 5237; x_wconf 86' lang='lat' dir='ltr'><strong>adscr.</strong></span> <span class='ocrx_word' id='word_1_723' title='bbox 1359 5179 1516 5251; x_wconf 48' lang='lat' dir='ltr'><strong>qitod‘</strong></span> <span class='ocrx_word' id='word_1_724' title='bbox 1546 5183 1750 5238; x_wconf 87' lang='lat' dir='ltr'><strong>divina.</strong></span> 
     </span>
    </p>
   </div>
   <div class='ocr_carea' id='block_1_92' title="bbox 2606 5038 3842 5120">
    <p class='ocr_par' dir='ltr' id='par_1_92' title="bbox 2606 5038 3842 5120">
     <span class='ocr_line' id='line_1_92' title="bbox 2606 5038 3842 5120; baseline -0.002 -24"><span class='ocrx_word' id='word_1_725' title='bbox 2606 5042 2628 5073; x_wconf 82' lang='grc'>³</span> <span class='ocrx_word' id='word_1_726' title='bbox 2665 5041 2717 5120; x_wconf 89' lang='lat' dir='ltr'><strong>B_</strong></span> <span class='ocrx_word' id='word_1_727' title='bbox 2736 5052 2914 5120; x_wconf 75' lang='lat' dir='ltr'><strong>nostra</strong></span> <span class='ocrx_word' id='word_1_728' title='bbox 2942 5053 3095 5120; x_wconf 59' lang='grc' dir='ltr'><strong>θεα-Δ</strong></span> <span class='ocrx_word' id='word_1_729' title='bbox 3140 5041 3352 5120; x_wconf 62' lang='lat' dir='ltr'><strong>‘_Corr.</strong></span> <span class='ocrx_word' id='word_1_730' title='bbox 3379 5039 3441 5095; x_wconf 79' lang='lat' dir='ltr'><strong>B&#39;</strong></span> <span class='ocrx_word' id='word_1_731' title='bbox 3472 5038 3535 5111; x_wconf 91' lang='grc' dir='ltr'><strong>(Β</strong></span> <span class='ocrx_word' id='word_1_732' title='bbox 3562 5038 3842 5120; x_wconf 76' lang='lat' dir='ltr'><strong>scripsisse</strong></span> 
     </span>
    </p>
   </div>
   <div class='ocr_carea' id='block_1_93' title="bbox 2226 5108 3842 5182">
    <p class='ocr_par' dir='ltr' id='par_1_93' title="bbox 2226 5108 3842 5182">
     <span class='ocr_line' id='line_1_93' title="bbox 2226 5108 3842 5182; baseline -0.001 -18"><span class='ocrx_word' id='word_1_733' title='bbox 2226 5108 2247 5141; x_wconf 84' lang='grc'><strong><em>⁵</em></strong></span> <span class='ocrx_word' id='word_1_734' title='bbox 2280 5108 2370 5165; x_wconf 89' lang='lat' dir='ltr'><strong>Sic</strong></span> <span class='ocrx_word' id='word_1_735' title='bbox 2399 5113 2462 5175; x_wconf 66' lang='grc' dir='ltr'><strong>(Σ,</strong></span> <span class='ocrx_word' id='word_1_736' title='bbox 2506 5110 3005 5182; x_wconf 17' lang='lat' dir='ltr'><strong>Biinspicienlibus;</strong></span> <span class='ocrx_word' id='word_1_737' title='bbox 3034 5113 3097 5168; x_wconf 73' lang='lat' dir='ltr'><strong>B‘</strong></span> <span class='ocrx_word' id='word_1_738' title='bbox 3121 5113 3187 5167; x_wconf 91' lang='lat' dir='ltr'><strong>ad</strong></span> <span class='ocrx_word' id='word_1_739' title='bbox 3220 5128 3393 5182; x_wconf 86' lang='lat' dir='ltr'><strong>marg.</strong></span> <span class='ocrx_word' id='word_1_740' title='bbox 3420 5108 3563 5166; x_wconf 86' lang='lat' dir='ltr'><strong>corr.</strong></span> <span class='ocrx_word' id='word_1_741' title='bbox 3591 5110 3842 5182; x_wconf 72' lang='lat' dir='ltr'><strong>insipien—</strong></span> 
     </span>
    </p>
   </div>
   <div class='ocr_carea' id='block_1_94' title="bbox 1851 5178 3843 5265">
    <p class='ocr_par' dir='ltr' id='par_1_94' title="bbox 1851 5178 3843 5265">
     <span class='ocr_line' id='line_1_94' title="bbox 1851 5178 3843 5265; baseline -0.001 -32"><span class='ocrx_word' id='word_1_742' title='bbox 1851 5178 1871 5213; x_wconf 74' lang='grc'>⁷</span> <span class='ocrx_word' id='word_1_743' title='bbox 1918 5178 2104 5265; x_wconf 29' lang='grc' dir='ltr'><strong>Βληξό.</strong></span> <span class='ocrx_word' id='word_1_744' title='bbox 2168 5193 2315 5265; x_wconf 55' lang='lat' dir='ltr'><strong>corr.</strong></span> <span class='ocrx_word' id='word_1_745' title='bbox 2355 5182 2477 5233; x_wconf 85' lang='lat' dir='ltr'><strong>sint.</strong></span> <span class='ocrx_word' id='word_1_746' title='bbox 2530 5181 2576 5265; x_wconf 53' lang='lat'><strong>‘3</strong></span> <span class='ocrx_word' id='word_1_747' title='bbox 2612 5178 3222 5265; x_wconf 44' lang='lat' dir='ltr'><strong>A&#39;incireumseriptstm,</strong></span> <span class='ocrx_word' id='word_1_748' title='bbox 3328 5178 3552 5265; x_wconf 43' lang='lat' dir='ltr'><strong>fidem&quot;</strong></span> <span class='ocrx_word' id='word_1_749' title='bbox 3590 5178 3843 5265; x_wconf 48' lang='lat' dir='ltr'><strong>habuisse</strong></span> 
     </span>
    </p>
   </div>
   <div class='ocr_carea' id='block_1_95' title="bbox 558 5247 3840 5321">
    <p class='ocr_par' dir='ltr' id='par_1_95' title="bbox 558 5247 3840 5321">
     <span class='ocr_line' id='line_1_95' title="bbox 558 5247 3840 5321; baseline -0.001 -17"><span class='ocrx_word' id='word_1_750' title='bbox 558 5247 1131 5321; x_wconf 73' lang='lat' dir='ltr'><strong>incircumscriptuum,</strong></span> <span class='ocrx_word' id='word_1_751' title='bbox 1154 5252 1269 5304; x_wconf 90' lang='lat' dir='ltr'><strong>sed.</strong></span> <span class='ocrx_word' id='word_1_752' title='bbox 1306 5247 1431 5309; x_wconf 63' lang='grc' dir='ltr'><strong>τεὼ</strong></span> <span class='ocrx_word' id='word_1_753' title='bbox 1449 5266 1592 5306; x_wconf 89' lang='lat' dir='ltr'><strong>corr.</strong></span> <span class='ocrx_word' id='word_1_754' title='bbox 1622 5247 2243 5321; x_wconf 30' lang='lat' dir='ltr'><strong>incircumscriptum,‘Bj</strong></span> <span class='ocrx_word' id='word_1_755' title='bbox 2275 5265 2434 5321; x_wconf 88' lang='lat' dir='ltr'><strong>supra</strong></span> <span class='ocrx_word' id='word_1_756' title='bbox 2482 5249 2660 5308; x_wconf 86' lang='lat' dir='ltr'><strong>adscr.</strong></span> <span class='ocrx_word' id='word_1_757' title='bbox 2690 5267 2853 5321; x_wconf 87' lang='lat' dir='ltr'><strong>corr.</strong></span> <span class='ocrx_word' id='word_1_758' title='bbox 2905 5247 3635 5321; x_wconf 30' lang='lat' dir='ltr'><strong>incircumscriptibiliumtc</strong></span> <span class='ocrx_word' id='word_1_759' title='bbox 3678 5248 3840 5321; x_wconf 81' lang='lat' dir='ltr'><strong>incir-</strong></span> 
     </span>
    </p>
   </div>
   <div class='ocr_carea' id='block_1_96' title="bbox 558 5319 1684 5392">
    <p class='ocr_par' dir='ltr' id='par_1_96' title="bbox 558 5319 1684 5392">
     <span class='ocr_line' id='line_1_96' title="bbox 558 5319 1684 5392; baseline 0.003 -19"><span class='ocrx_word' id='word_1_760' title='bbox 558 5322 1037 5392; x_wconf 23' lang='lat' dir='ltr'><strong>cumscriptorumi</strong></span> <span class='ocrx_word' id='word_1_761' title='bbox 1114 5319 1136 5392; x_wconf 61' lang='grc' dir='ltr'><strong>ξ’</strong></span> <span class='ocrx_word' id='word_1_762' title='bbox 1156 5321 1466 5392; x_wconf 4' lang='lat' dir='ltr'><strong>spirituum,</strong></span> <span class='ocrx_word' id='word_1_763' title='bbox 1482 5338 1590 5377; x_wconf 89' lang='lat' dir='ltr'><strong>om.</strong></span> <span class='ocrx_word' id='word_1_764' title='bbox 1620 5323 1684 5376; x_wconf 88' lang='grc' dir='ltr'><strong>Β.</strong></span> 
     </span>
    </p>
   </div>
   <div class='ocr_carea' id='block_1_97' title="bbox 559 5387 1255 5459">
    <p class='ocr_par' dir='ltr' id='par_1_97' title="bbox 559 5387 1255 5459">
     <span class='ocr_line' id='line_1_97' title="bbox 559 5387 1255 5459; baseline 0.004 -17"><span class='ocrx_word' id='word_1_765' title='bbox 559 5387 799 5459; x_wconf 65' lang='lat' dir='ltr'><strong>corpora.</strong></span> <span class='ocrx_word' id='word_1_766' title='bbox 905 5392 948 5423; x_wconf 83' lang='lat'>“</span> <span class='ocrx_word' id='word_1_767' title='bbox 984 5390 1076 5447; x_wconf 87' lang='lat' dir='ltr'><strong>Sic</strong></span> <span class='ocrx_word' id='word_1_768' title='bbox 1104 5387 1255 5447; x_wconf 66' lang='grc' dir='ltr'><strong>ΑΒΕ.</strong></span> 
     </span>
    </p>
   </div>
   <div class='ocr_carea' id='block_1_98' title="bbox 558 5461 1907 5531">
    <p class='ocr_par' dir='ltr' id='par_1_98' title="bbox 558 5461 1907 5531">
     <span class='ocr_line' id='line_1_98' title="bbox 558 5461 1907 5531; baseline 0.002 -20"><span class='ocrx_word' id='word_1_769' title='bbox 558 5473 795 5528; x_wconf 80' lang='lat' dir='ltr'><strong>rumque.</strong></span> <span class='ocrx_word' id='word_1_770' title='bbox 830 5462 872 5492; x_wconf 82' lang='lat'>&quot;</span> <span class='ocrx_word' id='word_1_771' title='bbox 905 5461 947 5514; x_wconf 88' lang='grc' dir='ltr'><strong>Β</strong></span> <span class='ocrx_word' id='word_1_772' title='bbox 975 5462 1284 5527; x_wconf 86' lang='lat' dir='ltr'><strong>sensibibus,</strong></span> <span class='ocrx_word' id='word_1_773' title='bbox 1316 5461 1377 5515; x_wconf 81' lang='lat' dir='ltr'><strong>B‘</strong></span> <span class='ocrx_word' id='word_1_774' title='bbox 1406 5476 1570 5531; x_wconf 88' lang='lat' dir='ltr'><strong>supra</strong></span> <span class='ocrx_word' id='word_1_775' title='bbox 1606 5461 1907 5517; x_wconf 85' lang='lat' dir='ltr'><strong>adscr.-li-.</strong></span> 
     </span>
    </p>
   </div>
   <div class='ocr_carea' id='block_1_99' title="bbox 554 5548 2098 5628">
    <p class='ocr_par' dir='ltr' id='par_1_99' title="bbox 554 5548 2098 5628">
     <span class='ocr_line' id='line_1_99' title="bbox 554 5548 2098 5628; baseline 0.004 -29"><span class='ocrx_word' id='word_1_776' title='bbox 554 5548 893 5628; x_wconf 63' lang='lat' dir='ltr'><strong>passionem.</strong></span> <span class='ocrx_word' id='word_1_777' title='bbox 927 5552 1108 5628; x_wconf 68' lang='lat' dir='ltr'><strong>__’_‘_B</strong></span> <span class='ocrx_word' id='word_1_778' title='bbox 1134 5553 1435 5628; x_wconf 72' lang='lat' dir='ltr'><strong>aemilium,</strong></span> <span class='ocrx_word' id='word_1_779' title='bbox 1476 5553 1538 5606; x_wconf 79' lang='lat' dir='ltr'><strong>B‘</strong></span> <span class='ocrx_word' id='word_1_780' title='bbox 1561 5568 1704 5628; x_wconf 88' lang='lat' dir='ltr'><strong>co_rr.</strong></span> <span class='ocrx_word' id='word_1_781' title='bbox 1751 5552 2098 5628; x_wconf 45' lang='lat' dir='ltr'><strong>sensibilium;</strong></span> 
     </span>
    </p>
   </div>
   <div class='ocr_carea' id='block_1_100' title="bbox 540 5626 829 5689">
    <p class='ocr_par' dir='ltr' id='par_1_100' title="bbox 540 5626 829 5689">
     <span class='ocr_line' id='line_1_100' title="bbox 540 5626 829 5689; baseline 0.007 -19"><span class='ocrx_word' id='word_1_782' title='bbox 540 5626 829 5689; x_wconf 35' lang='lat' dir='ltr'><strong>.mationes.</strong></span> 
     </span>
    </p>
   </div>
   <div class='ocr_carea' id='block_1_101' title="bbox 1804 5317 2491 5383">
    <p class='ocr_par' dir='ltr' id='par_1_101' title="bbox 1804 5317 2491 5383">
     <span class='ocr_line' id='line_1_101' title="bbox 1804 5317 2491 5383; baseline -0.001 -8"><span class='ocrx_word' id='word_1_783' title='bbox 1804 5322 1846 5353; x_wconf 80' lang='grc'><strong>¹⁹</strong></span> <span class='ocrx_word' id='word_1_784' title='bbox 1885 5320 2072 5383; x_wconf 86' lang='lat' dir='ltr'><strong>Coni.,</strong></span> <span class='ocrx_word' id='word_1_785' title='bbox 2107 5317 2239 5375; x_wconf 73' lang='grc' dir='ltr'><strong>ΑΒΕ</strong></span> <span class='ocrx_word' id='word_1_786' title='bbox 2276 5317 2491 5374; x_wconf 73' lang='lat' dir='ltr'><strong>similia.</strong></span> 
     </span>
    </p>
   </div>
   <div class='ocr_carea' id='block_1_102' title="bbox 1362 5388 2277 5513">
    <p class='ocr_par' dir='ltr' id='par_1_102' title="bbox 1362 5388 2277 5513">
     <span class='ocr_line' id='line_1_102' title="bbox 1362 5388 2277 5457; baseline -0.001 -13"><span class='ocrx_word' id='word_1_787' title='bbox 1362 5392 1407 5423; x_wconf 81' lang='grc'><strong>³³</strong></span> <span class='ocrx_word' id='word_1_788' title='bbox 1435 5391 1607 5447; x_wconf 88' lang='lat' dir='ltr'><strong>dicere</strong></span> <span class='ocrx_word' id='word_1_789' title='bbox 1650 5406 1758 5447; x_wconf 91' lang='lat' dir='ltr'><strong>om.</strong></span> <span class='ocrx_word' id='word_1_790' title='bbox 1780 5431 1795 5455; x_wconf 96' lang='lat'><strong>,</strong></span> <span class='ocrx_word' id='word_1_791' title='bbox 1827 5389 2006 5446; x_wconf 86' lang='lat' dir='ltr'><strong>addidi</strong></span> <span class='ocrx_word' id='word_1_792' title='bbox 2032 5404 2100 5444; x_wconf 78' lang='lat' dir='ltr'><strong>ex</strong></span> <span class='ocrx_word' id='word_1_793' title='bbox 2135 5388 2277 5457; x_wconf 88' lang='lat' dir='ltr'><strong>conj.</strong></span> 
     </span>
     <span class='ocr_line' id='line_1_103' title="bbox 1362 5458 2259 5513; baseline 0 0"><span class='ocrx_word' id='word_1_794' title='bbox 1362 5464 1377 5482; x_wconf 84' lang='lat'>&#39;</span> <span class='ocrx_word' id='word_1_795' title='bbox 1406 5476 1569 5513; x_wconf 88' lang='lat' dir='ltr'><strong>sunra</strong></span> <span class='ocrx_word' id='word_1_796' title='bbox 1606 5461 1907 5513; x_wconf 83' lang='lat' dir='ltr'><strong>adscr.-li-.</strong></span> <span class='ocrx_word' id='word_1_797' title='bbox 1987 5459 2030 5491; x_wconf 76' lang='grc'><strong>³⁸</strong></span> <span class='ocrx_word' id='word_1_798' title='bbox 2067 5458 2109 5512; x_wconf 90' lang='grc' dir='ltr'><strong>Β</strong></span> <span class='ocrx_word' id='word_1_799' title='bbox 2147 5474 2259 5513; x_wconf 83' lang='lat' dir='ltr'><strong>seu.</strong></span> 
     </span>
    </p>
   </div>
   <div class='ocr_carea' id='block_1_103' title="bbox 2191 5548 2787 5607">
    <p class='ocr_par' dir='ltr' id='par_1_103' title="bbox 2191 5548 2787 5607">
     <span class='ocr_line' id='line_1_104' title="bbox 2191 5548 2787 5607; baseline 0.003 -4"><span class='ocrx_word' id='word_1_800' title='bbox 2191 5550 2236 5580; x_wconf 81' lang='lat'>“</span> <span class='ocrx_word' id='word_1_801' title='bbox 2265 5548 2398 5605; x_wconf 85' lang='lat' dir='ltr'><strong>ABG</strong></span> <span class='ocrx_word' id='word_1_802' title='bbox 2446 5549 2787 5607; x_wconf 79' lang='lat' dir='ltr'><strong>liniamentis.</strong></span> 
     </span>
    </p>
   </div>
   <div class='ocr_carea' id='block_1_104' title="bbox 927 5619 2870 5694">
    <p class='ocr_par' dir='ltr' id='par_1_104' title="bbox 927 5619 2870 5694">
     <span class='ocr_line' id='line_1_105' title="bbox 927 5619 2870 5694; baseline 0 -19"><span class='ocrx_word' id='word_1_803' title='bbox 927 5619 977 5649; x_wconf 84' lang='lat'>&quot;</span> <span class='ocrx_word' id='word_1_804' title='bbox 1002 5620 1094 5676; x_wconf 91' lang='lat' dir='ltr'><strong>Sic</strong></span> <span class='ocrx_word' id='word_1_805' title='bbox 1129 5624 1195 5677; x_wconf 89' lang='lat' dir='ltr'><strong>ad</strong></span> <span class='ocrx_word' id='word_1_806' title='bbox 1228 5637 1398 5691; x_wconf 91' lang='lat' dir='ltr'><strong>marg.</strong></span> <span class='ocrx_word' id='word_1_807' title='bbox 1436 5638 1579 5678; x_wconf 89' lang='lat' dir='ltr'><strong>corr.</strong></span> <span class='ocrx_word' id='word_1_808' title='bbox 1613 5624 1706 5689; x_wconf 86' lang='lat' dir='ltr'><strong>B&#39;;</strong></span> <span class='ocrx_word' id='word_1_809' title='bbox 1735 5623 1781 5677; x_wconf 79' lang='grc' dir='ltr'><strong>Α</strong></span> <span class='ocrx_word' id='word_1_810' title='bbox 1805 5622 1988 5677; x_wconf 76' lang='lat' dir='ltr'><strong>ueteris</strong></span> <span class='ocrx_word' id='word_1_811' title='bbox 2010 5662 2024 5687; x_wconf 92' lang='lat'><strong>,</strong></span> <span class='ocrx_word' id='word_1_812' title='bbox 2052 5620 2094 5675; x_wconf 87' lang='grc' dir='ltr'>Β</span> <span class='ocrx_word' id='word_1_813' title='bbox 2121 5620 2311 5675; x_wconf 82' lang='lat' dir='ltr'><strong>veteris.</strong></span> <span class='ocrx_word' id='word_1_814' title='bbox 2332 5620 2537 5691; x_wconf 88' lang='lat' dir='ltr'><strong>(punct.</strong></span> <span class='ocrx_word' id='word_1_815' title='bbox 2575 5620 2715 5690; x_wconf 87' lang='lat' dir='ltr'><strong>subj.</strong></span> <span class='ocrx_word' id='word_1_816' title='bbox 2763 5621 2870 5694; x_wconf 79' lang='lat' dir='ltr'><strong>B‘).</strong></span> 
     </span>
    </p>
   </div>
   <div class='ocr_carea' id='block_1_105' title="bbox 2615 5320 2869 5385">
    <p class='ocr_par' dir='ltr' id='par_1_105' title="bbox 2615 5320 2869 5385">
     <span class='ocr_line' id='line_1_106' title="bbox 2615 5320 2869 5385; baseline 0 -9"><span class='ocrx_word' id='word_1_817' title='bbox 2615 5322 2655 5353; x_wconf 82' lang='grc'>¹¹</span> <span class='ocrx_word' id='word_1_818' title='bbox 2681 5320 2747 5383; x_wconf 59' lang='grc' dir='ltr'><strong>Βέ</strong></span> <span class='ocrx_word' id='word_1_819' title='bbox 2776 5337 2869 5385; x_wconf 76' lang='lat' dir='ltr'><strong>ma</strong></span> 
     </span>
    </p>
   </div>
   <div class='ocr_carea' id='block_1_106' title="bbox 2356 5318 3841 5421">
    <p class='ocr_par' dir='ltr' id='par_1_106' title="bbox 2356 5318 3841 5421">
     <span class='ocr_line' id='line_1_107' title="bbox 2356 5318 3841 5421; baseline -0.001 -48"><span class='ocrx_word' id='word_1_820' title='bbox 2356 5321 2491 5374; x_wconf 74' lang='lat' dir='ltr'><strong>tilia.</strong></span> <span class='ocrx_word' id='word_1_821' title='bbox 2615 5322 2655 5353; x_wconf 82' lang='grc'>¹¹</span> <span class='ocrx_word' id='word_1_822' title='bbox 2681 5320 2747 5383; x_wconf 59' lang='grc' dir='ltr'><strong>Βέ</strong></span> <span class='ocrx_word' id='word_1_823' title='bbox 2776 5337 2950 5421; x_wconf 72' lang='lat' dir='ltr'><strong>marg.</strong></span> <span class='ocrx_word' id='word_1_824' title='bbox 2982 5324 3162 5378; x_wconf 85' lang='lat' dir='ltr'><strong>adscr.</strong></span> <span class='ocrx_word' id='word_1_825' title='bbox 3196 5318 3375 5377; x_wconf 78' lang='lat' dir='ltr'><strong>utrum</strong></span> <span class='ocrx_word' id='word_1_826' title='bbox 3408 5319 3581 5420; x_wconf 54' lang='lat' dir='ltr'><strong>angeli</strong></span> <span class='ocrx_word' id='word_1_827' title='bbox 3616 5318 3841 5373; x_wconf 79' lang='lat' dir='ltr'><strong>habeant</strong></span> 
     </span>
     <span class='ocr_line' id='line_1_108' title="bbox 2356 5388 3841 5421; baseline 0.001 -2"><span class='ocrx_word' id='word_1_828' title='bbox 2356 5388 2401 5421; x_wconf 68' lang='grc' dir='ltr'><strong>ιι</strong></span> <span class='ocrx_word' id='word_1_829' title='bbox 2439 5389 2529 5421; x_wconf 67' lang='grc' dir='ltr'><strong>Πιι</strong></span> <span class='ocrx_word' id='word_1_830' title='bbox 2566 5406 2653 5421; x_wconf 69' lang='lat' dir='ltr'><strong>Am</strong></span> <span class='ocrx_word' id='word_1_831' title='bbox 2716 5392 2741 5421; x_wconf 78' lang='grc' dir='ltr'><strong>Α</strong></span> <span class='ocrx_word' id='word_1_832' title='bbox 2870 5393 2886 5421; x_wconf 75' lang='grc'><strong>1</strong></span> <span class='ocrx_word' id='word_1_833' title='bbox 2947 5392 2988 5421; x_wconf 83' lang='lat' dir='ltr'><strong>D</strong></span> <span class='ocrx_word' id='word_1_834' title='bbox 3023 5392 3321 5421; x_wconf 71' lang='lat' dir='ltr'><strong>.....s.....’-l.&#39;-</strong></span> <span class='ocrx_word' id='word_1_835' title='bbox 3446 5392 3463 5421; x_wconf 76' lang='grc'><strong>1</strong></span> <span class='ocrx_word' id='word_1_836' title='bbox 3520 5390 3558 5421; x_wconf 80' lang='lat' dir='ltr'><strong>n</strong></span> <span class='ocrx_word' id='word_1_837' title='bbox 3583 5388 3841 5421; x_wconf 62' lang='lat' dir='ltr'><strong>mnu-alnus-</strong></span> 
     </span>
    </p>
   </div>
   <div class='ocr_carea' id='block_1_107' title="bbox 2431 5389 3560 5447">
    <p class='ocr_par' dir='ltr' id='par_1_107' title="bbox 2431 5389 3560 5447">
     <span class='ocr_line' id='line_1_109' title="bbox 2431 5389 3560 5447; baseline -0.002 -2"><span class='ocrx_word' id='word_1_838' title='bbox 2431 5389 2529 5446; x_wconf 84' lang='lat' dir='ltr'><strong>Est</strong></span> <span class='ocrx_word' id='word_1_839' title='bbox 2565 5406 2676 5447; x_wconf 92' lang='lat' dir='ltr'><strong>om.</strong></span> <span class='ocrx_word' id='word_1_840' title='bbox 2705 5392 2773 5447; x_wconf 85' lang='lat' dir='ltr'><strong>A.</strong></span> <span class='ocrx_word' id='word_1_841' title='bbox 2870 5389 2923 5425; x_wconf 67' lang='grc' dir='ltr'><strong>ιτ</strong></span> <span class='ocrx_word' id='word_1_842' title='bbox 2947 5392 2990 5447; x_wconf 87' lang='grc' dir='ltr'><strong>Β</strong></span> <span class='ocrx_word' id='word_1_843' title='bbox 3023 5392 3343 5447; x_wconf 82' lang='lat' dir='ltr'><strong>materialia.</strong></span> <span class='ocrx_word' id='word_1_844' title='bbox 3446 5389 3491 5421; x_wconf 78' lang='lat'>“</span> <span class='ocrx_word' id='word_1_845' title='bbox 3517 5390 3560 5443; x_wconf 89' lang='grc' dir='ltr'><strong>Β</strong></span> 
     </span>
    </p>
   </div>
   <div class='ocr_carea' id='block_1_108' title="bbox 2870 5361 3842 5449">
    <p class='ocr_par' dir='ltr' id='par_1_108' title="bbox 2870 5361 3842 5449">
     <span class='ocr_line' id='line_1_110' title="bbox 2870 5361 3842 5449; baseline -0.006 -2"><span class='ocrx_word' id='word_1_846' title='bbox 2870 5361 3375 5449; x_wconf 67' lang='grc' dir='ltr'><strong>ῖΡ’Β““ιὶῖἔὶἑτί’ἱὶἱί’ἇῗ’</strong></span> <span class='ocrx_word' id='word_1_847' title='bbox 3408 5361 3842 5443; x_wconf 42' lang='lat' dir='ltr'><strong>&quot;ivssus;</strong></span> 
     </span>
    </p>
   </div>
   <div class='ocr_carea' id='block_1_109' title="bbox 2364 5458 3840 5533">
    <p class='ocr_par' dir='ltr' id='par_1_109' title="bbox 2364 5458 3840 5533">
     <span class='ocr_line' id='line_1_111' title="bbox 2364 5458 3840 5533; baseline -0.003 -18"><span class='ocrx_word' id='word_1_848' title='bbox 2364 5458 2406 5490; x_wconf 78' lang='lat'>&quot;</span> <span class='ocrx_word' id='word_1_849' title='bbox 2448 5460 2491 5515; x_wconf 90' lang='lat' dir='ltr'><strong>B</strong></span> <span class='ocrx_word' id='word_1_850' title='bbox 2531 5463 2760 5517; x_wconf 66' lang='lat' dir='ltr'><strong>exterius</strong></span> <span class='ocrx_word' id='word_1_851' title='bbox 2796 5462 3125 5533; x_wconf 78' lang='lat' dir='ltr'><strong>phantasias.</strong></span> <span class='ocrx_word' id='word_1_852' title='bbox 3205 5462 3250 5494; x_wconf 76' lang='lat'><strong><em>”</em></strong></span> <span class='ocrx_word' id='word_1_853' title='bbox 3278 5461 3321 5516; x_wconf 92' lang='lat' dir='ltr'><strong>B</strong></span> <span class='ocrx_word' id='word_1_854' title='bbox 3356 5462 3414 5514; x_wconf 87' lang='lat' dir='ltr'><strong>in</strong></span> <span class='ocrx_word' id='word_1_855' title='bbox 3453 5474 3704 5514; x_wconf 85' lang='lat' dir='ltr'><strong>sensuum</strong></span> <span class='ocrx_word' id='word_1_856' title='bbox 3737 5459 3840 5511; x_wconf 82' lang='lat' dir='ltr'><strong>im-</strong></span> 
     </span>
    </p>
   </div>
   <div class='ocr_carea' id='block_1_110' title="bbox 2888 5535 3846 5618">
    <p class='ocr_par' dir='ltr' id='par_1_110' title="bbox 2888 5535 3846 5618">
     <span class='ocr_line' id='line_1_112' title="bbox 2888 5535 3846 5618; baseline -0.006 -11"><span class='ocrx_word' id='word_1_857' title='bbox 2888 5551 2935 5583; x_wconf 81' lang='lat'><strong>&quot;</strong></span> <span class='ocrx_word' id='word_1_858' title='bbox 2972 5550 3105 5607; x_wconf 83' lang='lat' dir='ltr'><strong>ABG</strong></span> <span class='ocrx_word' id='word_1_859' title='bbox 3153 5535 3412 5606; x_wconf 52' lang='lat' dir='ltr'><strong>coartata;</strong></span> <span class='ocrx_word' id='word_1_860' title='bbox 3517 5549 3565 5582; x_wconf 72' lang='lat'><strong>“</strong></span> <span class='ocrx_word' id='word_1_861' title='bbox 3590 5548 3633 5602; x_wconf 88' lang='grc' dir='ltr'><strong>Β</strong></span> <span class='ocrx_word' id='word_1_862' title='bbox 3659 5547 3846 5618; x_wconf 66' lang='lat' dir='ltr'><strong>refor-</strong></span> 
     </span>
    </p>
   </div>
   <div class='ocr_carea' id='block_1_111' title="bbox 2975 5617 3837 5695">
    <p class='ocr_par' dir='ltr' id='par_1_111' title="bbox 2975 5617 3837 5695">
     <span class='ocr_line' id='line_1_113' title="bbox 2975 5617 3837 5695; baseline -0.007 -18"><span class='ocrx_word' id='word_1_863' title='bbox 2975 5622 3023 5653; x_wconf 78' lang='lat'><strong>&quot;</strong></span> <span class='ocrx_word' id='word_1_864' title='bbox 3053 5622 3095 5677; x_wconf 91' lang='lat' dir='ltr'><strong>B</strong></span> <span class='ocrx_word' id='word_1_865' title='bbox 3149 5623 3319 5695; x_wconf 83' lang='lat' dir='ltr'><strong>inquit</strong></span> <span class='ocrx_word' id='word_1_866' title='bbox 3362 5639 3477 5676; x_wconf 87' lang='lat' dir='ltr'><strong>nos.</strong></span> <span class='ocrx_word' id='word_1_867' title='bbox 3579 5620 3624 5652; x_wconf 82' lang='grc'><strong>³⁷</strong></span> <span class='ocrx_word' id='word_1_868' title='bbox 3657 5617 3700 5672; x_wconf 88' lang='grc' dir='ltr'><strong>Β</strong></span> <span class='ocrx_word' id='word_1_869' title='bbox 3727 5617 3837 5672; x_wconf 81' lang='lat' dir='ltr'><strong>sed.</strong></span> 
     </span>
    </p>
   </div>
   <div class='ocr_carea' id='block_1_112' title="bbox 540 5694 3848 5784">
    <p class='ocr_par' dir='ltr' id='par_1_112' title="bbox 540 5694 3848 5784">
     <span class='ocr_line' id='line_1_114' title="bbox 540 5694 3848 5784; baseline 0.001 -25"><span class='ocrx_word' id='word_1_870' title='bbox 540 5703 606 5770; x_wconf 65' lang='grc' dir='ltr'><strong>,η</strong></span> <span class='ocrx_word' id='word_1_871' title='bbox 631 5705 722 5760; x_wconf 90' lang='lat' dir='ltr'><strong>Sic</strong></span> <span class='ocrx_word' id='word_1_872' title='bbox 747 5706 856 5760; x_wconf 83' lang='lat' dir='ltr'><strong>AB.</strong></span> <span class='ocrx_word' id='word_1_873' title='bbox 957 5708 1002 5739; x_wconf 76' lang='grc' dir='ltr'><strong>ι·</strong></span> <span class='ocrx_word' id='word_1_874' title='bbox 1029 5708 1071 5763; x_wconf 90' lang='lat' dir='ltr'><strong>B</strong></span> <span class='ocrx_word' id='word_1_875' title='bbox 1095 5710 1309 5777; x_wconf 84' lang='lat' dir='ltr'><strong>similes,</strong></span> <span class='ocrx_word' id='word_1_876' title='bbox 1336 5712 1401 5765; x_wconf 65' lang='lat'><strong>3*</strong></span> <span class='ocrx_word' id='word_1_877' title='bbox 1429 5729 1612 5784; x_wconf 87' lang='lat' dir='ltr'><strong>supra.</strong></span> <span class='ocrx_word' id='word_1_878' title='bbox 1644 5715 1841 5773; x_wconf 70' lang='lat' dir='ltr'><strong>«adscr.</strong></span> <span class='ocrx_word' id='word_1_879' title='bbox 1891 5714 2023 5771; x_wconf 85' lang='lat' dir='ltr'><strong>dis-.</strong></span> <span class='ocrx_word' id='word_1_880' title='bbox 2116 5694 2287 5768; x_wconf 63' lang='grc' dir='ltr'><strong>³³⁸5ίὸ</strong></span> <span class='ocrx_word' id='word_1_881' title='bbox 2312 5712 2375 5777; x_wconf 89' lang='lat' dir='ltr'><strong>c,</strong></span> <span class='ocrx_word' id='word_1_882' title='bbox 2406 5710 2494 5765; x_wconf 84' lang='lat' dir='ltr'><strong>AB</strong></span> <span class='ocrx_word' id='word_1_883' title='bbox 2522 5710 2658 5765; x_wconf 88' lang='lat' dir='ltr'><strong>bona</strong></span> <span class='ocrx_word' id='word_1_884' title='bbox 2680 5713 2727 5768; x_wconf 86' lang='lat' dir='ltr'><strong>si</strong></span> <span class='ocrx_word' id='word_1_885' title='bbox 2751 5714 2809 5769; x_wconf 75' lang='lat' dir='ltr'><strong>in</strong></span> <span class='ocrx_word' id='word_1_886' title='bbox 2833 5694 3227 5781; x_wconf 76' lang='lat' dir='ltr'><strong>materialibus,</strong></span> <span class='ocrx_word' id='word_1_887' title='bbox 3250 5714 3314 5768; x_wconf 72' lang='grc' dir='ltr'><strong>θ’</strong></span> <span class='ocrx_word' id='word_1_888' title='bbox 3352 5728 3502 5772; x_wconf 72' lang='lat' dir='ltr'><strong>corr.</strong></span> <span class='ocrx_word' id='word_1_889' title='bbox 3538 5712 3701 5766; x_wconf 76' lang='lat' dir='ltr'><strong>bonas</strong></span> <span class='ocrx_word' id='word_1_890' title='bbox 3719 5708 3848 5764; x_wconf 79' lang='lat' dir='ltr'><strong>siin</strong></span> 
     </span>
    </p>
   </div>
   <div class='ocr_carea' id='block_1_113' title="bbox 546 5782 1467 5853">
    <p class='ocr_par' dir='ltr' id='par_1_113' title="bbox 546 5782 1467 5853">
     <span class='ocr_line' id='line_1_115' title="bbox 546 5782 1467 5853; baseline 0.012 -10"><span class='ocrx_word' id='word_1_891' title='bbox 546 5782 937 5849; x_wconf 2' lang='lat' dir='ltr'><strong>intaterialium.</strong></span> <span class='ocrx_word' id='word_1_892' title='bbox 1018 5794 1061 5828; x_wconf 81' lang='grc'><strong>³¹</strong></span> <span class='ocrx_word' id='word_1_893' title='bbox 1093 5799 1137 5851; x_wconf 85' lang='grc' dir='ltr'>Α</span> <span class='ocrx_word' id='word_1_894' title='bbox 1175 5798 1467 5853; x_wconf 75' lang='lat' dir='ltr'><strong>rationalis.</strong></span> 
     </span>
    </p>
   </div>
  </div>
