4178 6266
392 369 493 427 181

1225 370 1450 430 SUPER
1481 369 1914 428 IERARCBIAM
1951 368 2364 428 CAELESTEM
2401 369 2462 425 S.
2504 368 2822 428 DlONYSll.

3578 373 3682 432 162

396 496 575 553 catur,
623 487 792 544 altera
837 487 1065 553 ratione,
1099 501 1261 558 qnam
1305 489 1361 544 in
1406 489 1594 545 bestiis
1631 489 1978 560 perspicitur,
2005 489 2540 561 Aexplanationem.
2586 489 2678 546 Ait
2716 489 2861 545 enim
2914 487 3139 546 :Simili
3183 493 3378 558 modo,
3419 491 3525 550 boc
3573 503 3678 563 est,

397 586 617 648 oportet
648 577 886 648 intelligi.
929 576 1224 646 Propterea
1261 577 1550 648 sequitur:
1584 577 1902 644 Declarans,
1928 587 1987 632 ut

401 671 637 736 aestimo,
661 685 838 724 eorum
873 669 1074 724 virilem
1117 669 1581 725 rationabilitatem
1612 671 1630 701 ί
1659 680 1710 724 et
1737 672 1989 725 immitem

399 765 616 833 quietem
644 765 699 818 in
727 763 917 818 divinis
939 772 988 818 et
1019 762 1435 818 immutabilibus
1461 765 1843 834 fundamentis.
1881 763 1989 818 Fu—

397 871 486 910 ror
525 856 706 926 itaque
735 865 790 910 et
821 851 927 922 ira,
969 856 1197 918 dumde
1239 855 1694 912 intellectualibus
1734 856 1989 926 leguntur

393 948 623 1013 naturis,
655 963 764 1003 non
791 947 1032 1004 ferocem
1060 949 1340 1019 impetum,
1375 949 1467 1004 sed
1509 949 1742 1018 quadam
1790 947 1986 1004 simili-

397 1036 584 1093 tudine
610 1037 831 1092 virilem
859 1037 1166 1108 fortemque
1191 1037 1696 1103 rationabilitatem,
1724 1045 1782 1092 et
1809 1035 1988 1091 immi-

399 1139 509 1187 tem
563 1132 622 1197 ⁸,
672 1131 782 1185 hoc
825 1140 912 1185 est
953 1130 1477 1200 irreprehensibilem
1511 1130 1554 1196 ⁸,
1593 1129 1826 1200 quietem
1863 1127 1888 1160 ⁸
1930 1128 1988 1183 ἰη

404 1222 608 1278 divinis
641 1238 709 1278 ac
745 1237 959 1292 semper
988 1222 1326 1277 manentibus
1375 1221 1646 1286 essentiis,
1677 1220 1913 1276 declarat
1939 1219 1985 1285 ⁸,

408 1322 473 1368 ut
495 1313 518 1344 ⁸
545 1314 778 1384 quadam
807 1314 1172 1386 pulcherrima
1197 1315 1510 1385 metaphora
1537 1315 1685 1369 furor
1711 1315 1763 1369 in
1789 1314 1982 1378 bestia,

410 1405 798 1462 irrationabilis
823 1407 1070 1463 videlicet
1100 1417 1300 1472 motus,
1342 1407 1676 1462 rationabilis
1703 1408 1856 1478 vigor
1885 1415 1942 1460 et
1963 1406 1986 1437 "

406 1497 667 1553 fortitudo
693 1499 745 1552 in
772 1509 960 1554 natura
1003 1499 1331 1569 intelligibili
1373 1501 1651 1570 accnpitur,
1692 1508 1749 1555 et
1789 1499 1990 1554 bestia-

404 1589 469 1644 lis
492 1590 513 1620 ⁸
539 1590 618 1644 ira
649 1591 1179 1662 irrepreliensibilem
1220 1592 1242 1624 ’
1283 1593 1524 1662 quietem
1546 1593 1710 1647 divini
1740 1592 1907 1646 animi
1936 1593 1989 1646 in

398 1678 1106 1746 diviniscollocationibus,
1139 1697 1280 1751 quae
1308 1696 1526 1751 semper
1555 1689 1610 1736 et
1638 1681 1990 1736 incommuta-

399 1770 580 1825 biliter
610 1780 850 1826 manent.
885 1772 982 1826 Est
1021 1773 1188 1844 igitur
1216 1772 1370 1828 furor
1411 1772 1800 1828 irrationabilis
1829 1773 1992 1827 ratio-

2089 582 2544 653 quemadmodum
2584 583 2650 638 de
2695 583 2894 649 furore,
2919 583 3045 649 ista,
3085 599 3225 654 quae
3254 584 3302 616 "
3331 584 3586 652 diximus,
3615 588 3684 643 de

2089 674 2528 744 concupiscentia
2577 689 2794 744 quoque
2857 675 3308 730 irrationabilium
3366 677 3683 734 animalium

2089 765 2274 820 dicere
2303 765 2581 820 debemus.
2616 765 2760 819 Nihil
2787 765 2935 841 aliud,
2957 766 3152 835 quippe
3177 774 3262 821 est
3289 769 3682 838 concupiscen-

2090 856 2166 910 tia
2195 855 2645 912 irrationabilium
2664 897 2679 920 ,
2710 856 2813 910 nisi
2843 856 3174 921 inconsulta,
3213 858 3417 927 absque
3447 859 3686 914 rationa-

2089 944 2184 1000 bili
2217 945 2468 1000 videlicet
2495 945 2739 1010 consilio,
2770 955 2825 1001 et
2853 946 3154 1002 materialis
3191 947 3429 1020 ingenita
3455 948 3688 1018 passibi-

2090 1033 2246 1099 litas,
2288 1051 2426 1104 quae
2467 1051 2534 1090 ex
2578 1036 2812 1090 naturali
2853 1048 3004 1093 motu
3045 1053 3143 1093 seu
3185 1037 3456 1108 frequenti
3483 1039 3528 1072 ³⁸
3559 1057 3687 1096 con-

2090 1127 2409 1192 suetudine,
2447 1126 2565 1181 sine
2595 1127 2703 1181 ulla
2734 1129 3100 1194 continentia,
3138 1129 3193 1184 in
3236 1145 3419 1185 rerum
3458 1131 3689 1187 mutabi-

2089 1219 2218 1272 lium
2267 1218 2571 1288 impatienti
2608 1234 2792 1274 amore
2821 1221 2867 1252 ³⁴
2898 1222 3161 1288 nascitur,
3199 1233 3257 1278 et
3298 1223 3688 1280 irrationabilis

2090 1325 2390 1378 corporeae
2412 1311 2654 1366 libidinis
2669 1313 2984 1381 assiduitas,
2999 1329 3138 1384 quae
3151 1329 3312 1376 omne
3327 1314 3530 1370 animal
3547 1316 3692 1386 cogit

2093 1403 2149 1457 in
2177 1403 2307 1458 illud
2336 1405 2776 1476 concupiscibile,
2810 1409 2954 1476 quod
2984 1416 3070 1463 est
3107 1409 3402 1466 secundum
3444 1425 3683 1473 sensum,

2091 1511 2264 1566 prono
2290 1496 2493 1566 impetu
2522 1513 2698 1552 ruere.
2724 1495 2857 1552 Cum
2881 1517 2998 1555 vero
3019 1501 3299 1557 dissimiles
3319 1502 3690 1557 similitudines

2091 1585 2528 1642 intellectualibus
2577 1589 3042 1660 circumponentes,
3095 1595 3569 1662 concupiscentiam
3617 1593 3690 1648 eis

2093 1676 2477 1753 conformemus
2519 1677 2587 1745 ³²,
2635 1696 2866 1734 amorem
2913 1682 3145 1736 divinum
3197 1685 3362 1753 ipsam
3403 1685 3692 1753 intelligere

2095 1750 2304 1836 oportet.
2317 1784 2473 1836 super
2502 1770 2757 1823 rationem
2789 1781 2836 1824 et
2862 1771 3179 1826 intellectum
3203 1750 3690 1840 immaterialitatis,

397 1861 591 1915 nabilis
643 1861 978 1918 fortitudinis
1025 1864 1201 1934 imago
1247 1863 1323 1930 ¹⁰;
1371 1873 1457 1919 est
1501 1866 1580 1920 ira
1621 1865 1661 1896 “
1701 1863 1993 1935 feralisque
2021 1854 2068 1914 B
2095 1867 2144 1911 et
2167 1860 2473 1928 inﬂexibile,
2496 1869 2546 1914 et
2569 1877 2673 1915 non
2693 1862 2928 1933 indigens
2948 1865 3264 1918 desiderium
3287 1867 3692 1935 superessentia-

396 1952 627 2023 impetus
660 1956 703 1985 "
734 1955 1150 2026 inlelligibilium
1184 1957 1491 2012 animorum
1529 1959 1582 2012 in
1619 1959 1799 2012 divina
1835 1959 1880 1990 “
1909 1973 1992 2013 se-

359 2027 624 2098 veritate
680 2043 844 2113 inque
887 2045 1208 2100 immutabili
1252 2062 1441 2102 amore
1478 2047 1726 2116 justitiae
1768 2049 1992 2105 immitis

393 2133 985 2207 irreprehensibilisque
1014 2138 1058 2169 “
1094 2139 1301 2210 absque
1352 2140 1460 2195 ulla
1511 2141 1825 2197 adulatione
1867 2157 1994 2213 per-

392 2235 586 2294 petuae
613 2227 941 2296 quietudinis
969 2229 1292 2299 symbolum.
1324 2228 1564 2286 Videsne
1590 2231 1869 2302 quomodo
1909 2233 1995 2286 in-

397 2313 595 2370 feriora
624 2317 785 2382 bona,
812 2333 952 2387 quae
991 2335 1056 2374 ex
1096 2321 1517 2390 participatione
1557 2324 1756 2378 summi
1788 2325 1917 2380 boni
1947 2323 1995 2355 "

404 2409 723 2475 proveniunt
740 2449 754 2471 ,
775 2411 1056 2479 primaque
1085 2412 1126 2442 “
1157 2414 1323 2480 bona,
1348 2429 1668 2486 summoque
1694 2417 1841 2471 bono
1866 2430 1994 2487 pro-

403 2497 551 2552 xima
587 2498 954 2568 imaginantur
975 2501 1058 2577 f"?
1096 2502 1165 2556 Et
1198 2519 1272 2557 ne
1295 2506 1512 2559 mireris
1537 2505 1601 2568 “,
1631 2507 1776 2576 quod
1804 2510 1994 2562 beatus

401 2590 663 2661 magister
690 2593 978 2667 ἀμείλικτον
1004 2593 1243 2661 ἵξιν,110(ε
1269 2604 1372 2661 est,
1391 2596 1651 2651 immitem
1677 2599 1908 2666 quietem
1936 2600 1991 2654 in

398 2679 598 2737 divinis
627 2691 681 2737 et
717 2683 1146 2740 immutabilibus
1170 2685 1542 2742 fundamentis
1568 2687 1784 2743 dixerit.
1817 2689 1991 2744 Immi-

401 2772 472 2826 tis
499 2771 542 2804 ¹⁹
570 2774 716 2828 enim
755 2776 913 2845 quies
938 2785 1023 2831 est
1063 2792 1256 2833 severa
1289 2787 1345 2832 et
1375 2777 1678 2835 inﬂexibilis
1714 2780 1768 2834 in
1808 2797 1992 2838 amore

407 2863 728 2920 caelestium
776 2868 1039 2922 virtutum
1089 2869 1653 2941 incommutabilisque
1697 2877 1987 2941 possessio.

412 2951 522 3007 Nec
545 2956 772 3019 resistit,
804 2959 950 3026 quod
976 2959 1052 3012 ait
1075 2957 1338 3015 Dominus
1367 2979 1380 3014 :
1415 2979 1434 3011 i
1466 2960 1611 3016 Beati
1643 2963 1825 3030 mites,
1856 2981 1992 3036 quo-

416 3045 562 3099 niam
603 3048 704 3118 ipsi
744 3051 1091 3118 possidebunt
1139 3062 1334 3108 terram
1367 3073 1414 3107 ›.
1447 3053 1672 3111 Necesse
1696 3056 1781 3112 est
1820 3059 1987 3126 enim,

415 3151 527 3202 eos,
559 3140 650 3208 qui
683 3142 843 3197 miles
867 3153 990 3198 sunt
1025 3145 1076 3198 in
1104 3145 1265 3210 malo,
1293 3146 1392 3202 hoc
1415 3155 1519 3212 est,
1556 3156 1720 3204 totius
1748 3150 1991 3205 malitiae

2096 1947 2217 2003 liter
2237 1959 2411 2004 castae
2431 1960 2479 2003 et
2508 1951 2846 2020 impassibilis
2869 1954 3339 2024 contemplationis,
3367 1965 3415 2009 et
3445 1957 3514 2008 ad
3544 1955 3692 2010 illam

2095 2060 2284 2113 puram
2319 2053 2367 2097 et
2401 2045 2830 2101 sublimissimam
2869 2047 3184 2113 claritatem,
3224 2058 3270 2102 et
3305 2048 3615 2102 invisibilem
3641 2057 3692 2102 et

2095 2133 2374 2203 formicam
2411 2134 2855 2203 pulchritudinem
2895 2147 3138 2193 aeternae
3174 2156 3287 2194 vere
3331 2149 3380 2194 et
3415 2138 3691 2193 invisibilis

2094 2225 2378 2280 societatis.
2433 2225 2503 2280 Et
2551 2231 2835 2297 potentiam
2886 2231 3077 2301 excipit
3123 2231 3333 2300 quidem
3368 2229 3414 2262 ⁸³
3455 2233 3511 2286 in
3546 2229 3692 2303 sufﬁ-

2095 2313 2249 2368 cienti
2273 2314 2337 2380 ’5,
2367 2327 2416 2370 et
2445 2318 2848 2384 inconversibili,
2879 2332 2928 2374 et
2956 2337 2989 2373 a
3015 2321 3160 2376 nullo
3195 2322 3353 2393 aﬂligi
3377 2322 3576 2376 valente
3601 2337 3692 2391 per

2094 2406 2427 2475 inconfusam
2482 2418 2529 2462 et
2595 2411 2973 2466 immutabilem
3023 2414 3232 2468 divinae
3283 2411 3691 2482 pulchritudinis

2095 2514 2325 2552 amorem
2380 2509 2427 2553 et
2481 2501 2825 2558 universaleni
2881 2491 3268 2559 revocationeni
3302 2506 3356 2558 in
3409 2505 3500 2570 id,
3552 2502 3693 2575 quod

2094 2605 2208 2644 vere
2236 2600 2311 2644 est
2337 2593 2699 2662 appetendum.
2732 2595 2869 2650 Dum
2902 2611 3050 2660 vero,
3089 2598 3294 2668 inquit,
3331 2597 3378 2627 ³⁸
3406 2595 3692 2650 dissimiles

2095 2681 2479 2738 similitudines
2509 2699 2576 2738 ex
2615 2686 2978 2740 materialium
3021 2703 3202 2742 rerum
3245 2687 3558 2756 rationequc
3603 2702 3695 2740 ca-

2094 2772 2332 2826 rentium
2361 2771 2408 2801 ³⁸
2435 2773 2773 2827 naturalibus
2801 2775 2845 2806 ⁸⁷
2879 2773 3024 2828 circa
3066 2775 3454 2829 intellectuales
3473 2815 3486 2838 ,
3528 2773 3692 2829 veluti

2093 2867 2359 2934 quaedam
2405 2865 2761 2932 vestimenta,
2811 2867 3063 2936 ponimus
3100 2869 3356 2930 virtutes,
3402 2880 3458 2921 et
3493 2882 3694 2924 conci:-

2093 2956 2414 3025 piscentiam
2440 2957 2521 3012 eis
2555 2957 3081 3024 circumformamus,
3121 2973 3229 3013 non
3264 2956 3693 3015 irrationaliilem

2093 3053 2333 3112 motum,
2382 3049 2474 3103 sed
2513 3061 2754 3103 amorem
2799 3048 3038 3106 divinum
3080 3064 3178 3120 per
3223 3049 3396 3120 ipsam
3433 3051 3689 3120 concupi-

2094 3138 2358 3192 scentiam
2406 3139 2704 3212 intelligere
2745 3141 3020 3197 debemus.
3069 3142 3209 3210 Quid
3253 3141 3466 3197 divinus
3499 3145 3693 3197 amor?

413 3241 679 3301 ειρθι-ιεε,
723 3233 959 3290 ίωωειεε
986 3235 1100 3290 ﬁeri
1138 3239 1192 3292 in
1232 3238 1388 3302 δοηο,
1438 3239 1494 3293 in
1535 3239 1800 3296 bonarum
1841 3242 1992 3298 vide.
2018 3237 2064 3302 ς
2094 3227 2191 3283 Est
2216 3227 2500 3285 laudabilis
2519 3231 2957 3302 concupiscentia
2983 3233 3152 3302 ipsius
3189 3233 3688 3300 immaterialitatis,

403 3319 530 3374 licet
553 3322 811 3376 virtutum
834 3323 878 3355 ”
901 3339 1087 3380 severa
1113 3326 1464 3398 diligentique
1488 3331 1756 3396 custodia,
1779 3347 1994 3388 earum-

396 3425 502 3480 que
528 3412 648 3467 zelo
678 3413 932 3470 laudabili
977 3416 1054 3471 ira
1084 3429 1406 3488 commotos,
1447 3423 1712 3479 adversus
1737 3425 1778 3455 "
1813 3426 1992 3481 omnia

393 3501 526 3559 vitia
556 3505 603 3536 "
637 3521 879 3578 pugnare
905 3523 1011 3566 non
1042 3511 1372 3578 desinentes,
1406 3512 1454 3545 ³⁸
1486 3514 1743 3585 vigilique
1778 3531 1995 3586 semper

391 3593 597 3663 animo,
646 3611 717 3653 ne
763 3598 946 3669 aliquo
993 3603 1366 3672 praevaleant,
1417 3605 1472 3658 in
1518 3620 1652 3674 pace
1694 3607 1988 3674 virtutum,

391 3702 529 3758 quas
583 3690 928 3758 custodiunt,
975 3693 1340 3762 quiescentes.
1400 3694 1538 3751 Hinc
1586 3699 1864 3768 apostolus
1911 3700 1992 3754 di-

395 3781 472 3836 cit
504 3781 596 3835 ’δε
634 3801 653 3834 ‹
691 3783 992 3838 irascimini
1030 3794 1083 3839 et
1123 3786 1289 3842 nolite
1322 3801 1609 3856 peccare».
1646 3787 1715 3842 Et
1753 3788 1878 3843 alibi
1922 3789 1990 3845 de

398 3872 584 3927 furore
619 3873 884 3943 spirituali
929 3884 1091 3945 atque
1127 3876 1380 3947 superbia
1414 3877 1461 3908 "
1492 3877 1745 3932 laudabili
1782 3880 1990 3948 praeci-

400 3965 529 4034 pit:
572 3987 589 4015 ι
626 3965 775 4033 Quae
818 3982 1034 4023 sursum
1084 3978 1211 4023 sunt
1257 3969 1454 4039 sapite,
1487 3984 1593 4023 non
1641 3985 1781 4038 quae
1827 3985 1990 4040 super

399 4066 602 4112 terram
641 4078 683 4113 ι.
727 4057 984 4131 Sequitur
1021 4080 1035 4115 :
1079 4061 1278 4116 Eodem
1316 4064 1472 4116 modo
1517 4066 1990 4135 concupiscentiam

391 4151 605 4219 quidem
642 4167 753 4205 esse
789 4152 1014 4207 dicimus
1043 4155 1101 4206 in
1144 4153 1597 4209 irrationabilibus
1638 4156 1988 4210 inconsultam

397 4242 668 4311 quandam
706 4253 752 4298 et
797 4244 1123 4298 materialem
1165 4263 1227 4299 ex
1269 4247 1504 4300 naturali
1542 4258 1689 4302 motu
1737 4258 1827 4302 aut
1867 4265 1990 4303 con-

401 4334 678 4387 suetudine
704 4336 756 4387 in
789 4335 1123 4390 mutabilibus
1149 4336 1194 4367 ’⁸
1222 4339 1602 4393 incontinenter
1625 4341 1910 4410 ingenitam
1941 4340 1985 4373 ’⁷

401 4424 826 4492 possibilitatem,
870 4438 920 4481 et
960 4428 1372 4482 irrationabilem
1415 4429 1704 4499 corporalis
1745 4429 1984 4500 volupta-

400 4518 464 4569 tis
490 4516 536 4548 ⁸⁸
561 4519 948 4574 continuitatem
967 4561 981 4582 ,
1021 4519 1179 4573 simul
1218 4536 1368 4575 omne
1402 4521 1602 4575 animal
1632 4521 1984 4591 compellentis

2097 3336 2238 3390 quae
2270 3333 2491 3390 superat
2515 3339 2731 3380 omnem
2761 3327 3027 3381 rationem
3068 3335 3123 3381 et
3153 3327 3506 3382 intellectum.
3550 3328 3690 3384 Ean-

2097 3411 2218 3466 dem
2259 3426 2474 3482 quoque
2517 3417 3014 3486 concupiscentiam
3061 3417 3114 3471 in
3162 3417 3334 3489 ﬁgura
3380 3419 3690 3474 inﬂexibilis

2093 3514 2148 3559 et
2170 3521 2277 3562 non
2308 3507 2615 3579 indigentis,
2643 3511 2744 3564 hoc
2771 3520 2875 3575 est,
2906 3525 3012 3566 non
3035 3526 3102 3566 ex
3129 3510 3308 3582 inopia
3337 3529 3517 3568 rerum
3548 3521 3684 3568 tem-

2093 3599 2359 3666 poralium
2384 3603 2660 3657 nascentis
2711 3603 2967 3657 desiderii
2997 3589 3469 3673 superessentialis
3508 3616 3562 3660 et
3590 3621 3684 3660 ca-

2093 3701 2212 3747 stae
2248 3704 2304 3750 et
2354 3694 2708 3766 impassibilis
2767 3696 3269 3766 contemplationis,
3321 3708 3377 3751 et
3428 3705 3685 3752 aeternae

2094 3784 2361 3838 veraciter
2408 3794 2463 3839 et
2495 3784 2783 3840 invisibilis
2814 3786 3161 3841 adunationis
3191 3788 3257 3840 ad
3302 3786 3447 3840 illam
3488 3804 3683 3856 puram

2092 3882 2146 3926 et
2191 3858 2617 3930 excelsissimam
2676 3875 3022 3930 luculentiam
3079 3883 3133 3929 et
3193 3876 3516 3932 invisibilem
3566 3877 3683 3946 pul-
3743 3933 3758 3938 ,

2093 3965 2477 4030 chritudincm,
2520 3981 2587 4020 ex
2613 3981 2718 4035 qua
2747 3969 2924 4022 omnis
2963 3966 3137 4021 forma
3185 3977 3238 4022 et
3275 3969 3621 4037 pulchritudo
3636 3970 3681 4002 ³⁸

2092 4052 2234 4108 facta
2260 4064 2373 4117 est,
2423 4055 2669 4122 accipere
2725 4072 2823 4110 nos
2869 4066 3103 4124 oportet.
3153 4057 3215 4109 Et
3245 4059 3358 4124 ipsa
3387 4059 3684 4124 spiritualis

2098 4146 2536 4214 concupiscentia
2564 4149 2882 4214 potentiam,
2912 4150 2996 4202 vel
3030 4158 3087 4201 ut
3120 4147 3166 4178 ³⁹
3199 4148 3593 4217 signiﬁcantius
3614 4168 3680 4206 ex

2093 4235 2346 4304 ambiguo
2369 4234 2600 4297 Graeco,
2620 4237 2762 4303 quod
2781 4246 2864 4290 est
2884 4239 2942 4292 τὸ
2969 4239 3182 4306 ἀκρατές
3207 4237 3276 4303 ⁸ο,
3306 4247 3484 4306 potest
3500 4251 3682 4296 trans-

2070 4329 2244 4392 _ferri,
2276 4325 2568 4396 puritatem
2606 4327 2830 4396 suscipit
2858 4327 2910 4379 in
2937 4323 3247 4392 suliicieuti,
3279 4329 3381 4382 hoc
3417 4339 3500 4385 est
3527 4331 3680 4398 forti,

2090 4432 2342 4487 strenuo,
2394 4419 2645 4481 robusto,
2679 4427 2734 4474 et
2759 4417 3160 4474 inconversibili
3185 4419 3264 4486 η,
3297 4420 3354 4475 in
3379 4435 3444 4476 eo
3487 4422 3680 4478 videli-

2089 4526 2207 4583 cet,
2259 4514 2403 4588 quod
2445 4512 2722 4568 sufﬁciens
2765 4521 2851 4568 est
2876 4520 3264 4584 strenuumque
3308 4523 3473 4585 atque
3517 4517 3681 4572 robu-

393 4607 448 4660 in
475 4610 766 4664 secundum
803 4627 1010 4666 sensum
1053 4612 1468 4682 concupiscibile.
1511 4609 1738 4670 Breve'm
1771 4605 2062 4684 quaeritD
2088 4621 2262 4678 stum,
2308 4605 2712 4664 inconversibili
2742 4604 2788 4637 "
2813 4619 3062 4675 quoque,
3109 4615 3164 4662 et
3208 4606 3264 4661 in
3309 4621 3407 4674 eo,
3451 4608 3598 4680 quod
3647 4626 3678 4666 a

1695 4728 1950 4785 VARIAE
1989 4725 2390 4784 LECTIONES.

1173 4889 1195 4920 ’⁵
1241 4889 1395 4946 Corr.
1446 4889 1532 4946 B‘.
1567 4889 1700 4944 ΑΒΕ
1735 4907 1865 4945 rem.

466 4816 482 4847 ¹
631 4831 808 4890 marg.
851 4819 1030 4874 adscr.
1082 4818 1212 4874 Not.
1250 4821 1390 4888 quod
1440 4820 1494 4874 in
1549 4818 1748 4944 magis
1808 4819 2192 4874 rationabilitas
2243 4818 2348 4871 dic.

466 4886 506 4940 Β
553 4891 1075 4944 irrenrehensibilem.
1173 4889 1195 4920 ’⁵
1241 4889 1395 4944 Corr.
1446 4889 1532 4944 B‘.
1567 4893 1611 4944 A
1735 4907 1865 4944 rem.
1962 4890 1983 4921 ⁸
2027 4889 2262 4944 declarat
2307 4903 2348 4942 ο]

1489 4893 1532 4956 ⁴,
1567 4887 1700 4944 ABG
1735 4907 1865 4945 rem.
1962 4890 1983 4921 ⁸
2027 4889 2262 4944 declarat
2307 4903 2454 4953 om.,
2493 4887 2562 4942 ad
2598 4903 2769 4957 marg.
2821 4889 2996 4942 adscr.

391 4994 501 5039 om.
531 4986 594 5040 B.
669 4983 693 5016 ⁸
720 4983 783 5038 Β⁶
816 5001 986 5058 marg.
1030 4988 1207 5042 adscr.
1250 4988 1288 5042 i.
1334 5005 1381 5042 e.
1420 4988 1546 5059 quid
1573 4989 1784 5042 dicatur
1820 4990 1903 5041 ira
1937 4987 1993 5042 in
2017 4987 2232 5064 bestiis,
2278 4986 2517 5042 ostendit.

1064 5079 1105 5110 “
1134 5079 1196 5132 B‘
1227 5095 1396 5152 marg.
1432 5083 1612 5138 adscr.
1639 5081 1765 5152 quid
1794 5090 1869 5136 est
1897 5083 1978 5135 ira
2010 5083 2065 5152 in
2090 5081 2256 5152 feris?
2283 5080 2376 5133 Est
2407 5088 2513 5152 cet.

391 5146 568 5224 divina
598 5162 710 5224 om.
741 5147 810 5224 Β.Δ
883 5146 938 5224 '1
950 5149 999 5224 _B
1029 5146 1612 5224 irreprehensibilisque.
1651 5146 1662 5152 ’
1690 5151 1735 5183 ³⁵
1767 5153 2022 5224 ὁοηὶίοιη.
2052 5146 2114 5204 Β.

394 5219 436 5249 ¹⁸
471 5219 510 5271 Β
538 5218 857 5283 memineris,
902 5219 964 5273 B‘
1005 5229 1188 5291 punct.
1231 5221 1396 5287 sulii.,
1433 5218 1594 5278 et'ad
1630 5237 1799 5293 marg.
1843 5223 2019 5278 adscr.
2059 5223 2284 5276 mireris.
2357 5218 2406 5251 "’
2447 5219 2509 5273 B'
2553 5236 2724 5290 marg.

394 5287 436 5318 '°
468 5287 508 5340 Β
539 5289 786 5342 virtutum
813 5288 1073 5344 videlicet.
1175 5291 1221 5322 ’ί
1251 5292 1314 5345 Β⁴
1357 5291 1495 5345 infra
1532 5293 1708 5345 adscr.
1750 5294 1897 5345 vitia.
1993 5293 2039 5323 ¹²
2077 5295 2200 5345 vitia
2247 5307 2356 5345 om.
2405 5291 2466 5345 B.
2565 5293 2610 5324 ’³
2640 5291 2682 5344 Β
2714 5309 2724 5342 l

1545 5302 1708 5347 adscr.
1750 5302 1897 5347 vilia.
1993 5302 2039 5323 "
2077 5302 2200 5346 vitia
2247 5307 2356 5346 om.
2406 5302 2466 5345 Β.
2565 5302 2610 5324 ’³
2640 5302 2682 5344 Β
2714 5302 2999 5342 desinente.
3095 5302 3140 5314 "
3175 5302 3221 5336 Α
3249 5302 3412 5336 aocet.
3529 5302 3574 5312 η
3602 5302 3665 5335 ι)-

1545 5363 1591 5439 ’_°
1614 5362 1880 5439 CorrigB',
1908 5361 2435 5439 ABﬁinniutabilibus.
2510 5363 2553 5395 ’⁷
2585 5363 3006 5439 iiiqenitqmoin.
3036 5354 3146 5417 ΑΒ,
3176 5353 3240 5439 ad
3273 5351 3665 5439 inargadser.

1905 5434 1952 5464 '9
1984 5433 2074 5485 Sic
2103 5433 2142 5487 C
2185 5441 2238 5486 et
2276 5433 2391 5486 rad.
2436 5431 2706 5491 corr..B’,
2748 5430 2835 5482 AB
2868 5430 3087 5493 istoque.

393 4885 417 4918 ⁸
461 4886 506 4940 Β
553 4885 1075 4968 irreprehensibi’lem.

392 5091 490 5148 pra
521 5077 702 5132 adscr.
727 5078 766 5148 ἰἐ
795 5094 839 5132 e.
870 5079 960 5148 ad.

390 5287 436 5318 ’°
468 5287 508 5340 Β
539 5289 786 5342 virtutum
813 5287 1073 5344 videlicet.
1175 5291 1221 5322 ’ί
1251 5292 1314 5346 Β⁴
1357 5291 1495 5348 infra
1532 5293 1708 5347 adscr.
1750 5287 1897 5347 vitia.

389 5375 564 5431 marg.
579 5359 772 5431 adscr.
806 5359 885 5431 De
902 5360 1142 5431 superbia
1165 5362 1440 5417 laudabili.

386 5425 502 5514 Et“
518 5425 598 5510 ’.η
636 5428 913 5514 voluptatis
949 5425 1055 5485 om.
1100 5432 1271 5514 Βέξά
1307 5448 1484 5514 marg.
1513 5432 1688 5514 adscr.
1733 5434 1818 5487 B'.

2439 4817 2460 4848 ’
2507 4815 2551 4870 B
2591 4815 2809 4882 mitem;
2856 4815 2920 4871 B'
2963 4832 3137 4941 osuﬁra
3183 4817 3362 4874 adscr.
3415 4818 3674 4874 inmitem.

2439 4928 2454 4944 .
2493 4887 2562 4942 ad
2598 4903 2769 4944 mare.
2821 4889 2996 4942 adscr.
3083 4895 3123 4943 ‘.
3201 4888 3223 4920 '
3267 4889 3311 4944 Β
3345 4897 3457 4944 aut.
3555 4889 3576 4921 '
3625 4900 3676 4944 et

3083 4895 3123 4943 ‘.
3201 4895 3457 4944 'Baut.
3555 4895 3653 4945 ἐ

2620 4985 2642 5018 ⁹
2774 4986 3294 5074 irreprehensibilem.
3386 4985 3432 5018 ‘°
3475 4985 3537 5041 Β·
3579 4997 3672 5037 su-

2622 5081 2666 5113 “
2695 5077 2759 5132 Β⁴
2784 5095 2946 5150 supra
2978 5079 3154 5150 adscr.
3185 5079 3242 5150 in
3264 5077 3462 5150 bestiis.
3540 5075 3582 5105 ¹³
3617 5076 3672 5128 in

2651 5150 2692 5181 "
2726 5150 2788 5203 B‘
2818 5145 2979 5218 supra
3009 5148 3186 5218 adscr.
3214 5148 3250 5200 i.
3289 5162 3340 5218 e.
3371 5145 3666 5218 imitantur.

2761 5212 2939 5274 adsc'r.
2978 5216 3216 5287 quid_es_t
3251 5215 3394 5287 quies
3699 5214 3702 5218 ί

3095 5285 3140 5314 ⁸⁸
3175 5284 3221 5336 Α
3249 5279 3412 5336 docet.
3527 5280 3574 5312 ³⁵
3602 5279 3668 5335 Β·

2207 5151 2250 5182 ¹⁸
2279 5152 2326 5206 Α
2356 5151 2551 5220 prima.

2565 5293 2610 5324 ’³
2640 5291 2682 5344 Β
2714 5291 2999 5342 desinente.

3188 5421 3234 5452 ³⁰
3273 5421 3314 5475 Β
3349 5421 3664 5492 frequenter.

387 5498 428 5573 ³ξ
462 5500 504 5553 Β
526 5500 580 5552 in
602 5491 859 5573 patientia
883 5517 1044 5573 more.
1101 5491 1232 5573 "'Bf
1262 5518 1408 5558 corr.
1429 5491 1943 5572 circumformamus.
2010 5503 2118 5556 ³³].
2153 5504 2345 5557 Si-otus
2371 5504 2534 5573 igitur
2562 5515 2658 5569 pro
2685 5491 3001 5573 latamque,
3025 5492 3166 5573 quod
3185 5500 3271 5547 est
3293 5491 3665 5573 apudﬁorde-

387 5571 553 5634 rium,
599 5571 730 5640 legit
767 5571 964 5628 ὶκλάϐοι
999 5573 1107 5644 μέν.
1185 5571 1233 5604 ⁸⁸
1259 5573 1353 5628 Sic
1374 5574 1489 5629 rad.
1521 5571 1664 5630 corr.
1692 5573 1709 5626 Ι

550 5640 621 5695 ad
642 5654 816 5711 marg.
843 5643 1046 5725 adscr._
1066 5643 1316 5725 sensibus.
1353 5645 1709 5725 naturalibus:

391 5707 437 5740 ⁸ο
467 5709 527 5763 Β·
574 5707 982 5770 ηιλτα.’δάεοι’.
1026 5713 1046 5765 i
1083 5730 1132 5768 e.
1178 5715 1491 5770 toachrates.

392 5779 782 5836 inconversibili
811 5796 921 5837 om.
952 5781 1020 5838 Β.

725 5873 1001 5938 Ρλτιοι..
1045 5875 1302 5941 CXXII.

1185 5571 1233 5604 ³⁸
1259 5573 1353 5628 Sic
1374 5574 1489 5629 rad.
1521 5571 1664 5630 corr.
1692 5573 1776 5636 B',
1805 5576 1846 5627 A
1872 5574 2260 5646 iniu/ﬁcientre.
2340 5573 2387 5604 ³⁵
2402 5571 2578 5640 inquit
2609 5584 2719 5622 om.
2750 5571 2813 5646 Βἶ
2889 5571 2934 5647 ³ξ⁵
2964 5571 3004 5617 Β

1186 5643 1301 5700 ibus
1353 5645 1709 5701 naturalibus.
1815 5642 1861 5713 ³9
1886 5643 1977 5699 Sic
2025 5645 2088 5708 (Ζ,
2119 5651 2170 5696 et
2207 5660 2348 5698 corr.
2380 5643 2469 5713 B',
2608 5635 3014 5713 pulchritudine.

1594 5713 1642 5746 “
1668 5713 1762 5770 Sic
1819 5712 1862 5770 C
1891 5723 1948 5770 et
1989 5703 2108 5770 rad.
2140 5727 2285 5768 corr.
2313 5714 2404 5778 B‘,
2445 5703 2533 5764 AB
2564 5703 2980 5760 inconversabili.

2340 5563 2578 5640 "Vinqnii
2609 5584 2719 5622 om.
2750 5568 2813 5619 Β.
2886 5563 2934 5594 ³⁸
2964 5564 3004 5617 Β
3031 5563 3232 5618 ratione
3256 5565 3664 5634 carentiumque.

2340 5683 2348 5692 .
2380 5643 2464 5692 B'.
2494 5638 2581 5692 AB
2609 5635 3014 5692 pulchritudine.
3115 5632 3160 5665 ³⁸
3184 5634 3274 5690 Sic
3297 5636 3362 5692 ϐ.
3395 5635 3484 5688 ΑΒ
3513 5635 3664 5692 velut.

3115 5651 3160 5665 σν
3184 5651 3274 5690 διο
3297 5651 3362 5701 υ,
3395 5651 3484 5688 ΑΒ
3513 5651 3666 5692 vetui.

3082 5705 3129 5736 “
3171 5707 3229 5762 in
3257 5723 3316 5763 eo
3342 5705 3579 5763 videlicet
3599 5731 3670 5746 —-
