4178 6266
362 417 467 476 165

1205 384 1425 470 surae
1461 409 1888 469 lEﬂABGtIIAM
1931 411 2340 474 GAELEsruu
2380 415 2438 472 δ.
2475 413 2792 474 ΙΜΟΝΥΞΠ.

3543 419 3642 484 itm

365 513 822 584 intellecthslibus
863 525 1150 581 virtutibus
1191 533 1254 580 et
1289 524 1636 584 sensibilibus
1684 523 1948 584 materiis.
1979 525 2031 590 Α
2055 523 2112 580 in
2139 525 2452 594 primordiis
2501 527 2874 586 conversionis
2921 529 3190 590 humanae
3237 530 3450 586 animae
3488 533 3530 562 ”
3571 536 3642 592 ad

373 619 536 675 Verbi
565 619 749 690 gratia,
781 617 1220 676 irrationabilitas
1269 617 1510 674 defectus
1537 617 1766 674 rationis
1791 624 1874 672 est
1897 617 1956 678 in

371 709 708 765 animalibus
739 709 944 764 ratione
987 708 1336 772 carentibus,
1381 709 1434 764 in
1467 708 1798 768 caelestibus
1821 723 1960 766 vero

371 803 616 859 essentiis
657 801 1114 872 supereminentis
1143 801 1376 856 rationis
1405 807 1458 856 et
1487 800 1956 870 superratiouabi~

367 896 522 962 litas,
589 911 694 966 qua
739 901 1000 966 superant
1033 907 1256 950 omnem
1299 893 1564 956 rationem
1611 901 1854 952 nostram
1897 900 1956 950 et

366 1003 626 1048 sensum...
639 987 900 1058 Sequitur
919 1003 936 1040 :

437 1077 544 1150 55.
573 1076 718 1134 Haec
745 1076 1270 1146 mystieostlteslogoa
1289 1075 1755 1132 inuenims‘mn
1781 1073 1956 1130 solum

371 1171 678 1226 caelestium
723 1154 1124 1240 dispositioqu
1157 1169 1180 1204 ³
1222 1167 1660 1226 declamionibtts
1702 1165 1955 1226 mirabili-

377 1273 459 1316 ter
475 1263 984 1332 circumtonsam”,
1005 1261 1096 1322 sed
1117 1269 1166 1316 et
1193 1261 1322 1329 ipsis
1345 1260 1627 1331 aliquando
1649 1261 1956 1320 tltem'cltiois

381 1352 908 1420 suunifestationibus.
927 1351 1070 1406 lineo
1083 1391 1098 1416 ,
1113 1351 1314 1420 inquit,
1334 1365 1472 1418 quae
1489 1348 1722 1408 diximus
1745 1349 1809 1406 tle
1833 1363 1956 1408 cae-

378 1440 598 1496 lestium
623 1440 1030 1497 formationibus
1055 1455 1122 1494 ex
1151 1440 1416 1498 materiae
1443 1439 1684 1510 partibus
1705 1453 1954 1507 sssump-g

375 1535 466 1600 tis,
505 1549 612 1590 non
643 1534 814 1589 solum
849 1534 1148 1590 invenimus
1173 1533 1390 1588 divinos
1415 1531 1688 1601 theologos
1715 1530 1959 1586 caelesti-

369 1625 472 1680 bus
499 1624 842 1680 declarandis
883 1623 1120 1680 mirabili
1149 1625 1312 1680 modo
1339 1621 1817 1687 circumformere,
1865 1637 1956 1680 ve-

365 1733 484 1772 rum
513 1717 684 1774 etiam
709 1716 1000 1788 aliquando
1039 1717 1094 1772 in
1139 1717 1272 1786 ipsis
1301 1716 1500 1776 divinis
1517 1757 1532 1780 ,
1559 1715 1614 1770 id
1641 1725 1764 1778 est,
1793 1715 1844 1768 in
1871 1715 1956 1784 ip-

365 1811 476 1866 sius
499 1824 752 1866 somnias
797 1825 862 1866 ac
887 1818 1114 1867 sanctae
1155 1809 1375 1866 deitatis
1421 1807 1958 1864 manifestationibus

2055 617 2226 672 Deum
2263 633 2420 680 suum
2459 618 2651 690 incipit
2679 619 2838 684 oriri,
2883 619 3216 696 subindeque
3243 621 3640 694 pulcherrimus

2057 705 2312 780 splendor
2357 709 2659 786 practicae,
2711 709 2906 774 idest,
2940 711 3168 770 actionis
3217 712 3512 778 virtutum,
3541 731 3638 770 au-

2057 815 2292 870 reasque
2345 801 2500 862 rubet
2548 801 2726 874 fulgor
2775 803 3070 876 physicae,
3119 805 3382 870 naturalis
3431 806 3645 880 scilicet

2057 893 2318 948 scientiae
2343 893 2586 950 omnium
2615 909 2796 948 rerum
2821 935 2834 952 ,
2885 909 3024 964 quae
3047 904 3170 968 post
3196 897 3364 960 Deum
3393 908 3520 964 sunt
3542 941 3556 966 ,
3589 909 3644 968 et

2055 981 2160 1037 hoc
2192 990 2400 1036 tantum
2427 982 2480 1040 in
2524 997 2618 1054 spe
2664 983 2881 1038 futurae
2911 985 3114 1062 gloriae
3147 991 3437 1062 peragitur,
3473 971 3640 1048 etsu-

2055 1087 2154 1142 per
2195 1074 2332 1128 haec
2375 1074 2556 1136 omnia
2593 1082 2718 1146 post
2759 1077 3054 1138 niaximum
3103 1079 3378 1136 interioris
3413 1081 3646 1140 hominis

2057 1159 2326 1232 luminare
2350 1213 2364 1237 ,
2389 1172 2495 1228 hoc
2525 1181 2628 1252 est,
2653 1181 2773 1248 post
2801 1173 3055 1232 eximiam
3082 1175 3296 1232 divinae
3320 1175 3644 1248 Tiieologiae

2057 1261 2437 1328 luculentiam,
2472 1278 2608 1332 quae
2651 1264 2762 1332 sola
2807 1265 3022 1336 divina,
3055 1257 3265 1324 omnem
3311 1269 3644 1328 intellectum

2057 1353 2366 1424 superantia
2403 1352 2471 1418 ",
2501 1353 2746 1426 gnostica
2779 1354 2975 1412 virtute
3017 1355 3462 1428 ﬂagrantissimae
3505 1359 3647 1416 cari-

2061 1444 2186 1498 tatis
2210 1443 2517 1506 considerat
2549 1463 2562 1497 :
2591 1445 2716 1514 quid
2761 1447 3026 1518 sequitur,
3057 1447 3160 1502 nisi
3205 1449 3373 1520 ipsius
3402 1451 3647 1508 veritatis

2060 1532 2560 1590 incircumvelatum
2609 1523 2824 1602 luinen,
2879 1538 2982 1591 hoc
3021 1547 3134 1604 est,
3180 1541 3326 1592 omni
3383 1539 3646 1598 velamine

2062 1622 2394 1682 sensibilium
2429 1623 2722 1694 ﬁgurarum
2750 1641 2943 1682 carens
2965 1669 2978 1690 ,
3012 1633 3065 1680 et
3085 1642 3183 1696 per
3212 1643 3270 1682 se
3316 1629 3359 1660 “
3392 1629 3566 1700 ipsum
3592 1629 3645 1686 in

2062 1714 2257 1769 divinis
2300 1715 2570 1770 mentibus
2605 1717 2883 1772 altitudine
2915 1719 2958 1750 “
3002 1719 3380 1774 intellectualis
3407 1734 3648 1776 contem—

2063 1807 2318 1876 plationis
2348 1805 2621 1878 refulgens
2655 1807 2736 1862 “5?
2766 1809 2834 1864 Et
2859 1811 3066 1866 intuere
3101 1813 3202 1867 bas
3237 1819 3347 1868 tres
3385 1813 3646 1884 imagina-

365 1902 641 1972 scclpere,
675 1913 736 1956 ut
763 1903 970 1959 eisdem
997 1901 1352 1958 dissimilibus
1370 1941 1386 1966 ,
1417 1901 1522 1955 hoc
1548 1909 1666 1964 est,
1695 1899 1852 1968 longe
1877 1898 1959 1954 di—
1985 1881 2032 1946 Β
2063 1897 2238 1951 tiones
2263 1897 2479 1952 divinae
2504 1899 2800 1967 sapientiae
2830 1915 2896 1954 ex
2919 1901 3320 1958 sublimissimis
3350 1881 3648 1962 materialls

365 1995 634 2052 stantibus
655 1995 1100 2052 similitudinibus
1126 2003 1180 2050 et
1201 1995 1352 2064 ipsae
1376 1992 1640 2048 caelestes
1663 1989 1957 2054 essentiae,

365 2093 418 2140 et
461 2087 702 2157 Ipsarum
749 2101 958 2142 stimma
1009 2095 1066 2142 et
1121 2083 1447 2142 universalis
1487 2082 1730 2138 οηιιιίιιηι
1753 2122 1768 2146 ,
1815 2095 1960 2150 quae

365 2183 490 2232 sunt
506 2217 520 2242 ,
543 2191 706 2232 causa
731 2177 1086 2249 significetur.
1109 2176 1406 2246 Propterea
1435 2173 1704 2244 triplicem
1733 2171 1958 2228 utodum

365 2267 578 2324 divinae
601 2269 1002 2339 imaginationis
1027 2267 1300 2336 subiungit
1329 2267 1518 2322 dicens
1542 2280 1556 2319 :
1587 2275 1636 2320 et
1666 2263 1959 2334 aliquando

369 2361 578 2430 quidem
600 2363 772 2430 ipsam
787 2401 803 2426 ,
825 2359 1080 2416 videlicet
1105 2359 1394 2424 Deitatem,
1437 2373 1504 2412 ss:
1522 2355 1814 2412 luminibus
1839 2371 1962 2426 pre—

369 2451 525 2506 tiosis
555 2451 776 2508 laudant
793 2491 806 2517 ,
842 2461 900 2506 ut
927 2452 950 2494 θ
975 2451 1138 2505 solem
1171 2452 1410 2519 iustitiae
1433 2489 1448 2516 ,
1471 2457 1528 2512 ut
1558 2449 1582 2482 δ
1613 2449 1820 2506 stellam
1843 2465 1958 2506 ma-

365 2543 600 2598 tutinus
627 2545 686 2614 in
721 2546 960 2599 animum
1003 2552 1182 2604 «uete
1217 2543 1472 2598 orientem
1493 2581 1512 2607 ,
1557 2551 1606 2596 et
1631 2551 1689 2596 ut
1721 2541 1744 2580 ‘l
1785 2542 1958 2596 lumen

363 2633 800 2689 ineircumvelate
831 2643 882 2688 et
909 2631 1340 2688 intellectualiter
1365 2630 1719 2700 resplendeue.
1771 2629 1912 2688 llaec
1941 2629 1960 2662 ⁸

365 2737 494 2784 sunt
535 2727 970 2798 pretiosissimae
1017 2735 1074 2780 et
1121 2725 1548 2782 sublimissimae
1575 2723 1734 2791 liuius
1777 2721 1956 2780 utendi

361 2831 568 2894 partes.
620 2821 924 2892 Aliquando
973 2835 1184 2876 ueroea:
1237 2816 1462 2880 mediis,
1507 2817 1606 2874 hoc
1651 2822 1734 2870 est
1773 2813 1956 2870 mundi

365 2909 650 2984 partibus,
677 2923 734 2966 ut
779 2914 952 2981 igneus
989 2912 1218 2964 imaue
1251 2907 1624 2978 splendentem,
1673 2913 1727 2960 ut
1762 2919 1956 2974 «quam

369 3003 550 3057 uitalia
599 3001 946 3072 plenitudinis
990 3001 1274 3064 datrieem,
1325 3007 1414 3065 et,
1465 2994 1736 3066 symbolice
1777 2995 1956 3054 dicen-

373 3091 572 3158 dum,‘
607 3093 662 3145 in
709 3101 934 3146 uentrem
991 3091 1016 3130 ³
1051 3091 1353 3145 subeuntem
1399 3087 1716 3157 ﬂuminaque
1761 3085 1955 3140 redun-

375 3186 594 3238 dantem
643 3183 1124 3238 inmensurabilim'
1171 3181 1458 3251 reﬂuentia.
1524 3178 1912 3236 Animadverte
1935 3214 1951 3239 ,

375 3291 538 3348 quam
585 3276 814 3347 pulchre
863 3283 914 3332 et
943 3276 1184 3330 breviter
1223 3273 1438 3344 singula
1467 3272 1712 3340 exponit.
1769 3269 1947 3338 Siqui-

367 3371 490 3426 dem
529 3367 552 3398 ⁹
579 3369 660 3424 sol
691 3369 798 3424 iste
823 3367 1050 3424 visibilis
1071 3409 1084 3432 ,
1121 3367 1290 3438 ipsius
1319 3366 1452 3420 soli
1481 3363 1770 3422 invisibilis
1803 3362 1957 3429 iusti-

363 3461 474 3518 tiae
499 3461 682 3531 imago
719 3469 808 3516 est
825 3503 840 3527 ,
867 3469 924 3518 et
947 3459 1100 3514 stella
1141 3460 1410 3514 matutina
1437 3457 1480 3490 “'
1532 3469 1662 3512 mox
1691 3456 1748 3512 in
1773 3455 1958 3510 animo

361 3553 606 3610 ﬁdelium
657 3554 886 3610 orientis
913 3560 1138 3609 sanctae
1175 3549 1590 3610 liluminationis
1632 3563 1732 3618 per
1773 3545 1952 3602 ﬁdem.

359 3644 542 3704 Prima
569 3645 842 3716 siquidem
893 3643 1230 3699 rationabilis
1269 3643 1486 3697 animae
1527 3642 1596 3695 ad
1646 3647 1954 3694 creatorem

359 3737 642 3792 redeuntis
677 3735 1004 3790 illuminatio
1037 3742 1122 3789 est
1147 3733 1350 3789 donum
1373 3730 1500 3786 ﬁdei
1517 3771 1532 3794 ,
1573 3727 1716 3800 quod
1743 3742 1841 3797 per
1869 3742 1956 3784 sa-

361 3837 644 3884 cramenta
673 3827 1019 3898 baptismatis
1052 3835 1108 3881 et
1143 3826 1308 3882 datur
1335 3830 1396 3879 et
1413 3820 1774 3892 significatur.
1802 3819 1954 3874 ideo-

363 3934 474 3990 que
503 3935 614 3974 non
629 3919 926 3990 incongrue
943 3918 1080 3974 ﬁdes
1097 3931 1344 3973 summae
1365 3922 1424 3970 et
1447 3910 1818 3970 coessentialis
1837 3909 1955 3966 Tri-

361 4009 592 4076 nitatis,
639 4025 778 4081 quae
801 4009 1056 4080 primitus
1095 4009 1148 4063 in
1193 4009 1376 4062 anima
1425 4003 1664 4060 fidelium
1697 4002 1872 4071 surgit
1899 4011 1955 4056 et

365 4119 500 4175 appa
509 4112 594 4158 ret
607 4145 624 4170 ,
655 4105 756 4158 sub
779 4103 1026 4175 symbolo
1039 4100 1300 4158 luciferas
1315 4097 1510 4155 stellae
1529 4113 1560 4152 a
1579 4096 1782 4154 sanctis
1805 4095 1954 4152 theo-

369 4192 506 4262 logis
533 4193 802 4258 inanitur,
839 4207 1004 4262 quam
1030 4191 1242 4248 stellam
1287 4191 1574 4262 mysticam
1602 4187 1746 4243 clara
1776 4186 1955 4256 sequi-

369 4291 464 4336 tur
487 4299 716 4346 aurora,
753 4286 1008 4354 splendor
1033 4284 1288 4339 videlicet
1322 4282 1551 4337 actionis
1595 4287 1650 4336 et
1691 4278 1954 4338 scientiae

369 4372 428 4426 in
459 4387 558 4442 spe
583 4373 948 4430 robustissima
973 4373 1192 4432 futurae
1221 4371 1594 4436 beatitudinis,
1625 4369 1822 4424 deinde
1849 4367 1951 4430 sol,

369 4462 676 4518 clarissima
690 4463 932 4534 profecto
953 4465 1164 4534 species
1185 4477 1433 4520 summae
1448 4479 1512 4517 ae
1527 4469 1752 4518 sanctae
1781 4458 1954 4514 Theo-

369 4557 602 4627 phaniae
638 4557 875 4624 relucet,
897 4569 952 4614 et
981 4557 1382 4614 ferventissime
1425 4557 1598 4610 virtus
1624 4555 1839 4610 divinae
1863 4569 1954 4608 ca-

369 4651 546 4706 ritatis
573 4652 628 4704 in
655 4651 746 4706 bis
768 4692 782 4715 ,
807 4651 898 4720 qui
922 4651 1098 4720 ipsam
1127 4649 1412 4704 veritatem
1441 4655 1496 4702 et
1521 4645 1954 4715 contemplantur

365 4751 422 4800 et
447 4745 710 4816 diligunt,
757 4743 1048 4800 ineffabilis
1073 4745 1282 4814 gratiae
1330 4743 1526 4798 ardore
1569 4743 1810 4806 incensi,
1837 4741 1952 4812 pul-

367 4835 680 4892 chritudine
701 4837 904 4892 allecti.
943 4837 1010 4890 Et
1033 4837 1138 4891 hoc
1173 4837 1420 4906 estquod
1447 4836 1560 4890 ait:
1589 4844 1650 4892 ut
1673 4835 1954 4892 lumenin-

368 4929 754 4984 circumvelate
805 4939 859 4986 et
909 4930 1342 4984 intellectualitcr
1395 4929 1763 4998 resplendens.
1814 4930 1952 4984 Dum

363 5022 512 5078 enim
531 5024 838 5080 clarissima
869 5023 994 5080 ﬁdei
1021 5023 1172 5078 stella
1206 5023 1258 5077 in
1289 5023 1572 5082 matutinis
1595 5063 1610 5088 ,
1645 5023 1748 5086 hoc
1772 5029 1854 5074 est
1885 5019 1952 5085 “,

2063 1989 2224 2058 hujus
2253 1991 2435 2044 mundi
2475 1991 2721 2062 partibus
2754 1993 3122 2060 introductos,
3156 1994 3323 2050 solem
3350 1995 3604 2053 videlicet
3628 2039 3643 2066 ,

2063 2089 2117 2135 et
2153 2080 2468 2146 luciferum,
2499 2084 2922 2154 aether-eumque
2951 2085 3164 2154 lumen,
3208 2089 3350 2158 quod
3379 2088 3578 2160 ubique
3599 2087 3644 2124 “

2065 2190 2277 2243 semper
2320 2177 2594 2244 splendet,
2637 2177 2888 2250 nullaque
2939 2179 2984 2212 ³⁸
3023 2183 3366 2236 tenebrarum
3414 2181 3647 2253 caligine

2063 2267 2436 2330 obumbratur,
2475 2267 2620 2323 nullo
2647 2269 2692 2300 ¹⁹
2731 2279 3068 2326 terrenorum
3108 2287 3396 2344 corporum
3428 2287 3522 2329 seu
3549 2273 3648 2329 alio

2063 2371 2169 2425 qua
2196 2357 2334 2412 mole
2364 2359 2894 2430 circumscriptorum
2919 2363 3198 2418 obstaculo
3225 2363 3531 2432 impeditur,
3549 2365 3646 2420 sed

2061 2447 2292 2501 liberum
2323 2450 2520 2520 ubique
2561 2452 3024 2523 purissimumque
3051 2454 3386 2510 diffunditur.
3418 2455 3496 2509 Ex
3533 2471 3644 2511 mo—

2063 2535 2166 2592 diis
2202 2547 2378 2596 autem
2411 2541 2592 2594 mundi
2622 2543 2867 2609 partibus
2887 2584 2901 2608 ,
2939 2545 3042 2599 hoc
3071 2553 3152 2599 est
3171 2586 3184 2610 ,
3218 2561 3285 2600 es
3315 2559 3442 2620 aere
3471 2546 3648 2600 itumi-

2063 2631 2238 2700 doque
2265 2633 2534 2688 elemento
2570 2635 2706 2689 duas
2727 2636 3110 2692 similitudines
3137 2637 3441 2708 Theologus
3464 2655 3642 2695 susce-

2059 2725 2142 2794 pit
2167 2725 2234 2789 ²⁶,
2271 2726 2445 2795 ignem
2474 2725 2634 2792 plane
2665 2735 2719 2779 et
2760 2741 2978 2795 aquam.
3007 2727 3068 2781 in
3097 2729 3467 2798 superioribus
3493 2745 3646 2784 nam-

2063 2827 2168 2882 que
2195 2816 2336 2868 aeris
2357 2813 2605 2883 partibus
2625 2853 2638 2876 ,
2673 2815 2766 2883 qui
2798 2816 2842 2846 ἰ
2880 2816 3153 2870 aetherels
3191 2817 3380 2884 spatiis
3407 2817 3648 2888 adiungi-

2065 2912 2174 2968 tur,
2215 2905 2458 2958 llatnmas
2485 2906 2746 2958 innocuas
2765 2919 2888 2960 esse
2921 2904 3128 2975 physici
3170 2905 3455 2961 alllrmant.
3485 2907 3645 2963 inno-

2063 3009 2198 3049 cuae
2229 2995 2272 3025 “
2294 3011 2423 3050 vero
2449 3003 2736 3064 propterea
2769 3005 2927 3061 sunt,
2959 2996 3088 3068 quia
3119 2997 3317 3052 nullam
3355 3001 3646 3069 corpulen-

2063 3089 2226 3152 tiam,
2261 3087 2312 3141 in
2337 3105 2440 3156 qua
2488 3090 2744 3154 ardeant,
2783 3091 2914 3146 inibi
2957 3093 3234 3162 reperiunt
3277 3093 3346 3160 ³³,
3392 3097 3647 3165 quoniam

2063 3177 2416 3234 tenuissimus
2441 3179 2661 3250 spiritus
2703 3180 2758 3234 in
2799 3181 3133 3240 sublimitate
3181 3186 3323 3241 aeris
3348 3187 3508 3258 hujus
3533 3188 3644 3243 cis.-

2067 3271 2411 3327 cumlabitur.
2445 3273 2546 3342 Qui
2574 3274 2712 3345 ignis
2730 3316 2744 3342 ,
2769 3284 2828 3330 ut
2859 3277 3117 3344 arbitror,
3147 3279 3320 3350 ipsum
3349 3279 3644 3353 imaginet,

2067 3357 2160 3434 qui
2185 3365 2250 3419 de
2277 3365 2454 3436 seipse
2498 3368 2612 3421 ait:
2648 3387 2668 3419 ‹
2719 3367 2831 3439 Ego
2875 3385 2993 3426 sum
3039 3371 3178 3442 ignis
3224 3389 3551 3432 consumens
3596 3393 3642 3431 υ.

2067 3453 2290 3510 Summa
2318 3457 2582 3528 siquidem
2609 3475 2674 3514 ac
2717 3469 2902 3516 sancta
2941 3459 3182 3518 Trinitas
3209 3465 3352 3522 Deus
3377 3483 3516 3522 unus
3544 3467 3647 3524 liu-

2065 3565 2256 3606 manos
2291 3551 2530 3618 animos,
2567 3553 2620 3608 in
2654 3555 2852 3623 quibus
2875 3555 3120 3624 habitat,
3151 3559 3206 3614 in
3235 3576 3293 3616 se
3317 3563 3488 3632 ipsum
3509 3577 3644 3619 con-

2063 3643 2229 3696 vertit
2256 3651 2416 3713 atque
2444 3646 2754 3712 consumit,
2787 3663 2893 3702 non
2930 3655 2989 3701 ut
3015 3650 3094 3704 eis
3127 3661 3353 3717 noceat,
3382 3655 3478 3708 sed
3505 3661 3564 3710 ut
3589 3655 3644 3710 in

2063 3733 2142 3787 eis
2169 3733 2316 3790 solus
2363 3745 2650 3806 appareat,
2683 3753 2790 3792 non
2845 3749 2902 3792 ut.
2955 3753 3238 3798 consumat
3281 3759 3470 3799 eorum
3521 3745 3647 3801 sub-

2061 3826 2316 3881 stantiam
2339 3867 2353 3893 ,
2385 3827 2480 3883 sed
2499 3837 2559 3882 ut
2583 3829 2828 3900 perﬁciat
2851 3847 3044 3888 eorum
3067 3835 3472 3896 beatitudinem.
3491 3837 3666 3908 Aqua?

2061 3919 2226 3973 etiam
2253 3920 2431 3975 vitalis
2459 3932 2543 3976 est
2567 3923 2846 3992 plenitudo
2865 3925 3108 3980 internae
3129 3930 3452 3996 sapientiae,
3477 3943 3637 3996 quae,

2063 4011 2190 4065 dum
2221 4013 2396 4081 primo
2422 4013 2632 4067 occulte
2663 4023 2718 4068 et
2749 4015 3092 4072 invisibiliter
3117 4017 3172 4070 in
3195 4019 3376 4074 abdi-ta
3407 4019 3644 4076 rationa-

2061 4099 2128 4152 lis
2156 4099 2368 4153 snimae
2391 4140 2404 4162 ,
2440 4101 2586 4155 velut
2611 4103 2664 4156 in
2707 4106 2978 4172 quendam
3009 4113 3254 4162 ventrem
3301 4105 3480 4171 subit,
3505 4107 3644 4166 inef-

2063 4190 2210 4246 fabili
2241 4200 2422 4244 meatu
2463 4193 2628 4246 veluti
2656 4191 2703 4226 “
2743 4194 2798 4246 in
2823 4205 3012 4264 aperta
3045 4195 3266 4254 ﬂumina
3298 4197 3560 4260 virtutum
3585 4211 3641 4258 et

2061 4283 2504 4339 inmensurabilia
2549 4283 2854 4342 divinorum
2879 4285 3190 4355 dogmatum
3213 4287 3412 4346 fluenta
3439 4293 3638 4358 redunr

2061 4378 2172 4432 dat.
2197 4373 2334 4430 Hinc
2363 4385 2446 4430 est
2470 4377 2612 4446 quod
2635 4377 2894 4432 Dominus
2915 4377 2991 4432 ait
3015 4395 3027 4431 :
3059 4399 3076 4428 ι
3106 4381 3194 4449 qui
3220 4379 3392 4436 credit
3411 4383 3470 4438 in
3497 4399 3640 4450 mes,

2059 4468 2200 4524 sicut
2226 4467 2356 4524 dicit
2383 4467 2681 4538 Scriptura,
2719 4489 2737 4520 ε
2771 4468 2988 4526 ﬂumina
3015 4471 3081 4526 de
3111 4483 3302 4530 ventre
3329 4474 3446 4544 ejus
3474 4476 3639 4536 ﬂuent

2061 4575 2232 4630 equae
2255 4563 2412 4618 vivae
2445 4583 2488 4616 ι.
2523 4561 2818 4632 Sequitur:
2857 4563 3143 4636 aliquando
3173 4579 3348 4624 autem
3381 4587 3448 4626 ex
3469 4575 3639 4630 nouis--

2057 4655 2238 4720 simis,
2267 4666 2322 4709 ut
2351 4665 2674 4725 unguentum
2717 4673 2904 4724 suave,
2937 4667 2991 4716 ut
3033 4660 3260 4730 lapidem
3306 4666 3637 4736 angularem.

2059 4741 2165 4798 Sed
2193 4754 2240 4800 et
2267 4745 2532 4800 bestialem
2563 4746 2662 4816 ipsi
2693 4747 2920 4816 formam
2948 4748 3367 4824 circumponunt,
3397 4765 3448 4808 et
3477 4755 3642 4816 leonis

2056 4836 2102 4889 ei
2129 4845 2176 4890 et
2225 4837 2492 4905 pantheris
2537 4838 2581 4870 ’δ
2629 4839 2848 4908 speciem
2899 4841 3246 4912 "coeptant,
3297 4855 3344 4906 et
3395 4849 3642 4916 pardalin

2061 4943 2176 4980 eam
2207 4926 2249 4957 ’⁷
2284 4929 2503 4981 vestiunt
2536 4939 2580 4982 et
2606 4945 2782 4983 ursam
2815 4932 3143 4988 saevientem.
3173 4932 3305 4989 Post
3335 4938 3642 4992 mediarum

2065 5017 2246 5071 mundi
2277 5020 2508 5087 partium
2539 5021 2952 5092 imaginatioucs
2978 5038 3369 5094 consequenter
3407 5029 3641 5082 novissi-

1651 5151 1906 5209 VARIAE
1943 5151 2344 5208 LECTIONES.

433 5273 452 5303 ¹
489 5271 771 5344 Sicktext.
787 5287 983 5344 graec.
1012 5282 1066 5344 et
1093 5273 1274 5330 versio
1299 5290 1313 5338 ;
1347 5270 1434 5344 AB
1486 5269 1797 5344 invenimus.

361 5343 422 5398 Β.
501 5343 524 5372 ⁵
567 5341 653 5402 Sit
700 5339 854 5400 ΑΒΕ.
964 5343 983 5378 ⁷
1019 5343 1084 5398 Β⁶
1133 5359 1276 5402 corr.
1327 5342 1539 5396 videtur
1581 5339 1818 5398 dicendo.

363 5414 406 5446 ⁸⁸
447 5413 542 5469 Sic
565 5413 626 5478 (Ξ,
657 5413 702 5472 Δ
725 5413 932 5474 stellam
961 5414 1296 5480 matutinum,
1327 5411 1370 5470 Β
1398 5411 1604 5500 stellam
1627 5413 1938 5498 matutinum
1971 5410 2177 5484 (punct.
2213 5413 2270 5464 Β·
2303 5415 2408 5484 adj.
2440 5414 2689 5485 videtur).

1900 5271 1919 5300 ’
2022 5269 2429 5340 dispositionem.
2509 5271 2528 5302 ³
2581 5271 2670 5328 Sic
2700 5271 2762 5340 C,
2797 5273 2882 5326 AB
2909 5285 2976 5326 et.

1916 5341 1936 5372 ⁸
1970 5339 2060 5395 Sic
2106 5339 2146 5398 C
2188 5349 2241 5396 et
2289 5357 2432 5396 corr.
2479 5341 2564 5408 B‘,
2605 5345 2690 5398 AB
2729 5343 2974 5397 invenire.

3075 5273 3096 5302 ⁸
3145 5272 3184 5324 Β
3219 5279 3284 5324 et.
3365 5271 3386 5303 ⁸
3427 5283 3482 5327 ut
3524 5287 3634 5328 om.

3079 5341 3100 5373 ⁹
3179 5339 3260 5414 [SC
3292 5341 3382 5414 Si”
3401 5344 3633 5414 quidem.

2783 5414 2820 5443 “
2861 5423 2932 5466 est
2973 5427 3080 5466 orn.
3131 5410 3238 5462 AB.
3345 5410 3488 5468 "‘ln
3526 5432 3641 5471 ma-

361 5507 590 5558 tutiuis-
606 5505 818 5577 animae
846 5520 954 5560 om.
973 5504 1050 5577 ΑΒ.
1129 5505 1176 5548 *θ
1195 5505 1375 5577 00.11.,
1400 5487 1720 5577 Aﬂsup'erant
1741 5522 1774 5577 ᾳ
1795 5487 2048 5577 θηοᾷιὶσα,
2151 5517 2394 5577 superant
2427 5504 2786 5577 agritudo-(5g
2799 5514 3008 5577 supeer
3047 5501 3287 5577 gnosticu
3322 5505 3517 5560 virtute
3541 5507 3640 5564 lla-

359 5576 733 5642 grantissime,
762 5585 865 5632 cet.
947 5575 992 5608 “
1011 5594 1065 5631 se
1101 5591 1212 5636 o.
1241 5576 1301 5630 Β.

363 5649 408 5680 ’⁸
447 5646 559 5720 ΑΒ
587 5645 838 5720 nulloque
877 5655 918 5699 t.
949 5648 1108 5716 colig.
1164 5719 1170 5720 ί
1213 5647 1256 5682 ¹⁹
1297 5647 1340 5702 Β
1363 5648 1628 5720 nulloque.

1381 5575 1428 5610 ³⁸
1452 5575 1514 5630 Β*
1535 5574 1684 5632 corr.
1714 5574 1956 5630 altitudo.

1705 5645 1816 5698 '“B
1863 5645 2076 5718 accepit.
2155 5649 2194 5682 ³¹
2238 5645 2282 5702 Α
2317 5667 2440 5718 qua.

2063 5573 2106 5604 tu
2133 5571 2389 5646 refulgens
2413 5571 2519 5638 υιῖι,
2545 5574 2656 5647 3,-Δ
2689 5575 2726 5603 ³⁷
2747 5571 2794 5632 Β
2817 5573 2922 5630 ubi.
2949 5571 3006 5647 B'
3035 5588 3194 5647 supra
3219 5576 3393 5634 adscr.
3426 5577 3634 5647 ubique.

2519 5647 2562 5682 ιι·
2606 5643 2660 5694 B‘
2699 5658 2869 5714 marg.
2916 5644 3092 5700 adscr.
3141 5643 3639 5714 Argumentum'hie

362 5719 504 5787 quod
547 5718 682 5786 ignis
725 5711 778 5772 iis
809 5728 954 5783 parte
995 5711 1256 5788 superiori
1281 5735 1386 5774 non
1407 5711 1794 5788 combusitinee
1829 5717 2010 5788 ardet,
2066 5718 2154 5772 sed
2190 5711 2358 5788 solum
2407 5713 2658 5788 splendet,
2690 5711 2956 5788 quidueu
3012 5711 3312 5788 ittvcnil'ibi
3359 5723 3638 5782 materiam

361 5788 726 5854 corpulentum
743 5829 756 5855 ,
785 5790 842 5842 in
868 5805 1023 5858 quam
1055 5799 1178 5859 eget
1205 5789 1570 5846 comburendo.

365 5860 408 5888 1*
461 5859 601 5912 liud.
639 5875 783 5914 corr.
813 5855 906 5926 B“;
932 5855 1274 5930 Aspebimen.
1350 5861 1392 5892 ’⁷
1427 5861 1533 5913 AB.
1565 5855 1926 5928 pardalineam

1649 5787 1696 5820 ³³
1743 5787 1784 5838 Β
1809 5784 2124 5853 repperiatur.

2229 5787 2274 5818 “
2309 5788 2354 5840 Α
2385 5783 2536 5844 velut.
2617 5783 2659 5814 ³³⁵
2693 5783 2747 5840 Β·
2798 5799 2976 5856 marg:
3007 5787 3181 5844 adscr.
3221 5789 3292 5846 rt’l
3333 5791 3634 5858 pantherae.
