4178 6266
535 444 639 505 I67

535 571 753 616 marum
794 548 1164 625 paradigmata
1204 544 1525 600 subduntur.
1559 537 1898 593 Novissimae
1936 519 2121 587 autem.
2144 530 2197 592 Α

537 654 727 713 mundi
751 659 936 724 partes
959 654 1114 711 sunt,
1143 657 1280 715 quae
1313 648 1562 695 terrenae
1587 637 1747 692 molis
1783 634 2119 690 constituun-

541 757 631 805 tur
668 748 686 779 ³
715 734 1101 803 constitutione
1135 740 1178 792 ¹.
1227 736 1407 804 Quae,
1447 733 1694 802 quamvis
1727 732 1782 785 in
1812 738 2005 785 natura
2041 728 2121 781 vi-

541 842 780 902 sibilium
806 835 1161 893 novissimum
1205 839 1368 896 atque
1415 825 1581 881 veluti
1613 824 1939 879 vilissimum
1980 820 2122 875 obti-

542 946 675 992 nent
699 934 721 967 ³
745 933 957 996 locum,
976 928 1178 983 virtute
1204 932 1382 978 tamen
1417 919 1720 976 divinarum
1749 930 1931 970 rerum
1956 913 2124 985 signi-

544 1029 811 1086 ﬁcationis
837 1041 944 1081 non
968 1031 1091 1080 sunt
1115 1021 1409 1078 novissima
1428 1058 1443 1084 ,
1469 1016 1565 1073 sed
1588 1015 1801 1072 excelsa
1838 1023 1895 1069 et
1920 1014 2125 1068 incom-

542 1118 957 1194 prehensibilia,
985 1125 1043 1172 et
1063 1115 1299 1171 maxime
1323 1112 1603 1181 utriusque
1624 1109 1647 1139 "
1687 1116 1913 1162 naturae
1936 1106 2128 1173 unige-

543 1213 644 1268 niti
668 1211 763 1265 ﬁlii
782 1209 880 1265 Dei
900 1207 1105 1264 domini
1145 1212 1202 1260 et
1244 1202 1533 1259 salvatoris
1565 1200 1738 1255 nostri
1768 1196 1896 1251 Jesu
1924 1194 2127 1251 Christi

545 1310 925 1382 signiﬁcativa.
984 1305 1332 1377 Unguentum
1372 1302 1399 1359 η’
1436 1301 1641 1369 itaque
1669 1309 1834 1353 suave
1878 1293 2129 1349 Christus

546 1411 662 1470 est,
688 1402 744 1458 in
765 1401 916 1468 cujus
942 1397 1175 1468 imagine
1201 1396 1300 1450 sub
1329 1393 1498 1464 ﬁgura
1522 1389 1795 1445 Ecclesiae
1819 1387 1897 1441 ait
1927 1382 2131 1440 theolo-

548 1494 665 1565 gia:
690 1512 709 1544 ε
729 1492 855 1548 dum
869 1496 1014 1545 esset
1032 1502 1129 1543 rex
1142 1488 1195 1541 in
1211 1484 1460 1540 accubitu
1477 1497 1599 1546 suo,
1618 1479 1884 1535 nardusin
1906 1492 1969 1532 ea
1987 1474 2133 1531 dedit

548 1593 775 1650 odorem
795 1605 952 1647 suum
982 1608 1027 1642 ι.
1052 1587 1191 1659 Lege
1216 1583 1498 1655 mysticam
1521 1579 1797 1646 feminam,
1820 1593 1961 1648 quae
1976 1574 2135 1647 paulo

549 1697 678 1746 ante
692 1688 998 1760 passionem
1014 1684 1152 1739 fudit
1167 1680 1499 1767 alabastrum
1524 1678 1546 1709 ⁸
1561 1678 1615 1732 ili
1629 1676 1806 1747 capite
1828 1672 2066 1737 Domini,
2082 1677 2138 1724 et

549 1791 771 1863 impleta
783 1796 869 1843 est
881 1787 1073 1841 domus
1083 1764 1270 1848 odore,
1288 1764 1391 1837 hoc
1402 1788 1506 1846 est,
1523 1787 1667 1834 totus
1681 1777 1912 1831 mundus
1929 1773 2135 1831 suavis-

1662 412 2163 479 EXPOSITIONES
2197 403 2482 468 JOANNIS
2519 400 2718 462 SCOTI

3709 390 3813 447 i68

2222 523 2359 598 gulis
2406 522 2461 576 in
2496 519 2649 575 libris
2706 515 2826 590 περὶ
2874 512 3079 584 φύσεων
3128 504 3176 540 ¹⁶
3218 503 3387 560 latius
3436 503 3814 591 tractavimus].

2220 580 2338 688 ipse
2362 621 2446 668 est
2471 611 2555 666 leo
2577 610 2645 664 de
2665 580 2808 662 tribu
2834 580 2995 667 Juda,
3021 598 3117 669 qui
3142 596 3315 651 vincit
3341 595 3608 650 mundum
3629 580 3819 665 ipsius-

2221 686 2329 777 que
2379 701 2697 773 principem.
2751 695 2811 751 ln
2867 693 3046 748 forma
3097 688 3299 758 quippe
3337 686 3513 742 leonis
3556 686 3819 743 fortitudo

2223 798 2423 854 Christi
2443 791 2785 864 exprimitur,
2809 795 2863 842 et
2884 785 3039 841 furor
3059 780 3471 844 irrationabilis,
3496 795 3605 850 quo
3624 780 3822 835 adver-

2225 901 2413 948 santes
2439 887 2597 943 nobis
2620 884 2834 953 iniquas
2858 874 3500 949 potestates,'omniaque
3524 873 3819 929 virtutibus

2226 980 2475 1053 opposita
2499 972 2805 1032 contemnit
2825 971 2867 1003 "
2898 969 3227 1040 penitusque
3252 966 3531 1020 interimit.
3556 965 3819 1037 Mystieus

2226 1084 2442 1142 quoque
2491 1062 2749 1138 pantlleri
2808 1060 2853 1092 ¹⁸
2894 1066 3004 1114 est.
3068 1054 3324 1111 Pantheri
3373 1055 3571 1124 quippe
3619 1055 3818 1110 dicitur

2230 1167 2383 1239 quasi
2422 1164 2678 1234 panther,
2706 1161 2811 1215 hoc
2858 1163 2944 1211 est
2990 1151 3407 1209 bestialissimus
3437 1167 3454 1214 ;
3486 1149 3816 1205 ferocissima
3848 1178 3859 1183 ~

2226 1261 2375 1317 enim
2397 1256 2639 1313 omnium
2664 1250 2962 1309 bestiarum
2987 1247 3107 1301 'est.
3140 1244 3293 1312 Quae
3334 1241 3510 1313 ﬁgura
3536 1240 3819 1310 dupliciter

2233 1351 2287 1406 in
2314 1348 2533 1406 Christo
2582 1343 2900 1414 intelligitur
2949 1354 2970 1393 ι
2992 1346 3089 1392 aut
3118 1336 3263 1391 enim
3312 1348 3344 1389 e
3377 1333 3655 1389 contrario
3681 1333 3823 1387 acci-

2232 1440 2400 1513 pitur,
2436 1447 2497 1495 ut
2525 1452 2621 1508 per
2642 1434 2868 1489 nimiam
2898 1430 3070 1501 ipsius
3093 1426 3303 1482 bestiae
3325 1423 3665 1479 ferocitatem
3697 1421 3830 1477 inef-

2237 1532 2419 1589 fabilis
2469 1529 2686 1585 divinae
2734 1524 2951 1596 pietatis
3013 1516 3304 1575 clementia
3338 1524 3405 1571 ‘et
3450 1513 3825 1578 mansuetudo,

2238 1638 2343 1694 qua
2382 1620 2496 1675 vult
2524 1618 2566 1651 “
2597 1629 2789 1673 omnes
2816 1612 3064 1668 homines
3091 1607 3269 1664 salvos
3289 1604 3412 1660 ﬁeri
3429 1614 3484 1660 et
3514 1605 3566 1658 in
3593 1602 3824 1674 agnitio-

2240 1730 2363 1772 nem
2396 1711 2642 1768 veritatis
2669 1708 2879 1772 venire,
2912 1702 3267 1775 signiﬁcetur,
3296 1706 3391 1755 aut
3420 1696 3481 1753 ."
3520 1711 3617 1767 per
3657 1703 3828 1751 meta-

2239 1808 2467 1877 phoram
2497 1799 2850 1856 saevissimae
2876 1794 3085 1850 bestiae
3116 1791 3269 1846 zelus
3292 1788 3509 1847 divinae
3549 1786 3827 1851 bonitatis,

551 1885 689 1945 sima
741 1879 986 1937 doctrina
1039 1875 1306 1948 passionis
1353 1872 1567 1927 Domini
1616 1879 1671 1925 et
1722 1867 2138 1925 resurrectionis
2167 1886 2213 1946 Β
2240 1867 2348 1968 ξιυο
2372 1896 2416 1927 ,ι
2443 1895 2666 1949 devorat
2691 1892 2737 1922 η
2764 1898 2819 1943 ει
2845 1884 3118 1943 consum.“
3149 1890 3353 1939 σωθῶ
3382 1878 3584 1937 ferales
3608 1878 3829 1934 διπη-

552 1986 968 2044 ceterarumque
1010 1977 1297 2032 virtutum,
1342 1982 1480 2036 quae
1520 1973 1740 2035 propter
1787 1977 1887 2018 nos
1910 1960 2141 2032 peregit,

553 2066 794 2136 repletus
817 2072 918 2116 est.
950 2059 1065 2116 Hoc
1094 2058 1379 2128 mysticum
1412 2064 1746 2125 unguentum
1774 2053 1830 2106 in
1858 2066 2145 2108 consecra-

556 2159 708 2214 tione
730 2153 1007 2227 crisntatis
1032 2150 1299 2227 catholica
1326 2147 1603 2216 componit
1643 2144 1905 2200 Ecclesia.
1938 2143 2141 2217 Lapis?

556 2248 833 2322 angularis
853 2224 1102 2299 Christus
1123 2224 1224 2305 est,
1251 2253 1412 2309 quem
1434 2214 1624 2292 Judaei
1644 2234 1835 2305 perﬁdi
1862 2214 2143 2303 respuunt,

556 2347 655 2405 sed
680 2343 954 2415 angularia
979 2332 1134 2394 nobis
1158 2336 1335 2391 factus
1360 2343 1464 2389 est.
1511 2331 1571 2385 ln
1595 2331 1714 2400 ipso
1751 2328 1895 2384 enim
1926 2326 2148 2396 conjun-

559 2441 706 2514 gitur
727 2435 969 2493 Ecclesia
992 2446 1061 2487 ex
1089 2429 1295 2484 Judaea
1323 2436 1378 2482 et
1403 2425 1653 2497 gentibus
1674 2421 1921 2477 collecta.
1952 2418 2010 2472 In
2033 2419 2148 2487 ipso

560 2508 847 2587 rationalis
888 2532 943 2581 et
967 2519 1363 2583 intellectualis,
1398 2514 1638 2586 angelica
1692 2511 1944 2567 videlicet
1969 2518 2025 2563 et
2050 2508 2151 2562 hu—

560 2636 723 2679 mana
764 2626 959 2675 natura
982 2628 1149 2670 unum
1186 2611 1329 2667 facta
1354 2617 1458 2666 est.
1489 2608 1607 2677 Ipse
1630 2612 1715 2660 est
1756 2603 1901 2658 enim
1924 2617 2031 2671 pax
2053 2614 2151 2655 no-

561 2726 702 2783 stra,
745 2713 838 2785 qui
886 2711 1014 2767 fecit
1046 2719 1278 2776 utraque
1319 2718 1507 2759 unum.
1561 2700 1619 2754 in
1649 2700 1766 2769 ipso
1800 2695 2054 2751 divinitas
2096 2700 2154 2748 et

558 2782 893 2868 humanitas,
916 2800 1141 2857 verbum
1169 2806 1226 2854 et
1252 2811 1400 2859 caro,
1434 2807 1541 2847 una
1582 2787 1887 2845 substantia
1919 2784 1972 2839 in
2020 2782 2149 2836 dua-

560 2899 667 2957 bus
700 2898 725 2930 ⁸
753 2880 975 2951 naturis
1008 2888 1197 2947 effecta
1234 2886 1277 2939 ⁸.
1310 2886 1377 2940 Et
1426 2883 1549 2955 quis
1587 2881 1813 2937 idoneus
1847 2884 1948 2939 est,
1979 2887 2151 2943 angu-

561 2990 838 3047 lositatem
884 2984 929 3017 “
981 2980 1183 3040 Christi
1227 2979 1388 3049 digne
1428 2969 1765 3045 explanare?
1812 2968 1942 3023 dum
1989 2979 2152 3050 prae-

565 3088 652 3137 ter
677 3082 723 3113 ¹¹
751 3075 897 3150 quod
917 3074 1155 3129 diximus
1198 3068 1265 3123 de
1287 3064 1614 3122 adunatione
1645 3056 2080 3116 circumcisionis
2100 3062 2156 3108 et

565 3169 837 3245 praeputii
872 3165 1187 3222 caelestium
1229 3160 1358 3213 item
1411 3153 1886 3220 terrestriumque,
1915 3150 2021 3205 hoc
2046 3155 2152 3212 est,

567 3241 953 3325 :mtellectualis
1002 3263 1058 3309 et
1085 3247 1369 3307 rationalis
1398 3255 1680 3302 creaturae
1722 3244 1779 3300 in
1831 3257 1996 3297 unam
2018 3241 2158 3297 divi-
2184 3247 2230 3310 ο

570 3367 701 3414 nam
723 3365 790 3408 ac
812 3360 1082 3406 summam
1126 3341 1425 3405 civitatem,
1449 3351 1552 3392 nec
1573 3350 1683 3391 non
1736 3332 1953 3389 deitatis
1975 3340 2030 3385 et
2055 3331 2159 3385 hu-

570 3442 854 3503 manitatis
880 3439 937 3494 in
980 3437 1120 3507 ipso,
1162 3430 1479 3502 quintuplex
1520 3426 1692 3497 ipsius
1725 3422 2102 3496 angularitatis
2129 3436 2161 3477 a

572 3533 780 3595 sanctis
807 3529 1061 3621 Eatribus
1087 3522 1346 3607 _traditur
1371 3520 1583 3576 modus.
1633 3517 1753 3587 Ipse
1808 3516 2074 3586 siquidem
2104 3514 2161 3568 in

573 3638 754 3709 seipse
805 3616 1096 3701 utrumque
1147 3639 1360 3690 sexum,
1394 3619 1755 3677 masculinum
1803 3616 2056 3672 videlicet
2110 3622 2165 3671 et

574 3735 917 3797 femininum,
946 3730 1003 3785 in
1050 3724 1453 3796 simplicitatem
1498 3718 1712 3775 divinae
1766 3715 2038 3786 imaginis,
2080 3729 2166 3770 se-

575 3828 815 3887 cundum
864 3836 1025 3895 quam
1058 3818 1237 3875 factus
1286 3825 1372 3870 est
1428 3814 1623 3878 homo,
1674 3808 2018 3865 eoadunavit.
2049 3824 2067 3859 t
2106 3805 2165 3861 In

576 3920 797 3980 Christo
819 3915 967 3972 enim
998 3931 1048 3980 t,
1076 3910 1154 3966 ait
1180 3909 1225 3942 ι’
1251 3904 1558 3977 Apostolus,
1589 3916 1754 3979 «non
1783 3907 1868 3955 est
1894 3898 2167 3954 masculus

578 4028 756 4085 neque
785 4011 833 4044 “
856 4007 1058 4066 femina
1089 4022 1135 4059 ι.
1164 4002 1247 4059 ln’
1267 4002 1385 4072 ipso
1430 3995 1579 4052 orbis
1609 4003 1877 4049 terrarum
1910 3996 1980 4073 et.
2012 4003 2170 4059 para-

580 4117 730 4173 disus
773 4126 897 4183 per.
923 4103 1343 4165 resurrectionis
1396 4112 1525 4155 suae
1569 4094 1803 4168 gratiam
1831 4106 1973 4147 unus
1998 4088 2167 4145 elﬁci-

578 4218 672 4268 tur
698 4205 1004 4279 paradisus.
1040 4199 1099 4256 In
1145 4199 1263 4269 ipso
1312 4190 1636 4266 generaliter
1664 4196 1811 4243 terra
1860 4193 1915 4238 et
1960 4182 2169 4238 caelum

578 4316 680 4376 per
701 4277 1130 4356 similitudinem
1159 4290 1429 4345 humanae
1453 4292 1510 4340 et
1533 4280 1810 4352 angelicae
1837 4277 1983 4332 vitae
2003 4287 2171 4329 unum

580 4363 815 4452 .eﬁicitur
857 4385 1088 4443 caelum.
1140 4380 1369 4449 lnipso
1416 4371 1712 4444 corporalis
1774 4376 1831 4423 et
1877 4363 2172 4437 spiritualis

581 4489 836 4540 creatura
862 4493 962 4548 per
991 4472 1374 4529 adunationem
1403 4463 1741 4522 substantiae
1768 4475 1875 4514 una
1906 4458 1966 4511 ﬁt
2009 4454 2172 4526 spiri-

584 4574 749 4631 tualis
775 4580 1048 4636 creatura,
1099 4566 1225 4620 dum
1256 4560 1533 4633 inferiora
1578 4556 1779 4625 ubique
1807 4556 2090 4606 transeunt
2116 4548 2173 4602 in

2249 1985 2533 2043 tionabiles
2587 1989 2805 2038 nostrae
2836 1986 3065 2034 naturae
3092 1982 3294 2040 motus,
3326 1969 3748 2044 imaginatur”.
3773 1969 3832 2024 in

2246 2079 2435 2134 eadem
2465 2075 2636 2145 ﬁgura
2664 2084 2721 2129 et
2747 2068 2987 2142 pardalis
3034 2079 3269 2136 ursaque
3292 2065 3545 2120 saeviens
3564 2059 3832 2119 introdu-

2247 2171 2408 2226 citur.
2431 2163 2793 2221 Rationabilis
2821 2162 3019 2232 quippe
3050 2169 3107 2213 et
3152 2148 3473 2229 plusequam'
3490 2151 3832 2209 rationabilis

2249 2262 2465 2317 divinae
2502 2257 2760 2313 bonitatis
2803 2268 2959 2313 amur
3011 2246 3409 2308 irrationabiles
3432 2255 3490 2303 et
3515 2246 3635 2316 plus
3668 2259 3835 2314 quam

2250 2348 2648 2409 irrationabiles
2666 2353 2886 2401 nostrae
2907 2351 3137 2398 naturae
3168 2348 3347 2395 motus
3390 2351 3603 2407 semper
3631 2335 3838 2405 appetit

2251 2447 2452 2510 delere,
2480 2444 2762 2514 ipsamque
2789 2445 3039 2493 naturam
3082 2434 3334 2499 liberam,
3375 2431 3651 2502 omnique.
3681 2426 3839 2514 ferali

2253 2554 2352 2596 suo
2382 2510 2587 2606 imptatu
2614 2538 2857 2602 ereptam
2910 2529 2966 2584 in
3021 2526 3257 2597 seipsam
3290 2510 3839 2602 lineﬁabi‘libus'divi-

2251 2643 2446 2688 norum
2494 2627 2876 2682 alimentorum
2928 2619 3226 2677 morsibus.
3247 2598 3584 2672 consumere.
3610 2642 3617 2667 π
3642 2610 3838 2679 Sequi~

2253 2730 2382 2777 tur:
2432 2718 2641 2772 Addam
2668 2730 2787 2770 vero
2835 2721 2885 2766 et
2912 2710 3049 2781 quod
3099 2708 3327 2763 omnium
3357 2705 3404 2737 “
3446 2704 3598 2759 uilius
3652 2718 3763 2756 esse
3791 2710 3840 2755 et

2255 2814 2425 2884 magis
2467 2808 2766 2881 signiﬁcare
2808 2805 2978 2860 uisum
3030 2810 3101 2856 est
3125 2840 3141 2867 ,
3186 2800 3309 2870 quia
3349 2808 3397 2853 et
3446 2797 3632 2852 normis
3674 2795 3843 2864 specie

2255 2905 2428 2976 ipsam
2459 2901 2682 2971 seipsam
2703 2895 3216 2964 circumformantem
3241 2890 3423 2946 diuini
3442 2889 3701 2959 sapientes
3732 2895 3845 2940 tra-

2259 2998 2530 3052 diderunt.
2558 2992 2792 3056 Addam,
2817 2988 3012 3059 inquit,
3041 2984 3339 3057 praedictis
3373 2980 3846 3052 imaginationibus

2260 3090 2395 3145 illud
2451 3086 2782 3161 symbolum,
2833 3082 2973 3153 quod
3024 3080 3266 3136 omnium
3296 3078 3343 3110 ⁸⁸
3370 3076 3528 3131 vilius
3548 3075 3596 3107 ⁸⁸⁵
3623 3090 3743 3130 esse
3770 3073 3848 3128 vi-

2262 3195 2382 3236 sum
2420 3186 2527 3244 est,
2550 3184 2606 3233 et
2635 3175 2811 3247 magis
2848 3172 3177 3244 signiﬁcare,
3227 3168 3415 3223 vel'ut
3455 3167 3500 3198 ”
3545 3162 3848 3235 expressius

2263 3268 2623 3335 transfertur,
2646 3266 2822 3337 magis
2848 3264 3142 3321 obscurum
3177 3259 3263 3317 vel
3287 3259 3334 3291 ³⁸
3365 3256 3644 3314 dissimile.
3673 3254 3846 3311 Divini

2265 3363 2534 3435 siquidem
2584 3361 2879 3431 sapientes,
2934 3356 3129 3411 idvest
3181 3351 3458 3423 theologi;
3494 3348 3843 3410 tradiderunt,

2266 3458 2441 3527 ipsam
2469 3452 2790 3523 sapientiam
2814 3450 2869 3503 in
2890 3447 3072 3519 specie
3086 3446 3287 3502 vermis
3301 3445 3535 3513 seipsam
3562 3439 3846 3503 formasse,

2265 3563 2332 3603 eo
2378 3546 2499 3602 loco
2550 3541 2817 3606 fortassis,
2865 3539 2959 3595 ubi
3001 3553 3099 3609 per
3135 3537 3457 3607 prophetam
3494 3532 3542 3597 ,η
3573 3531 3849 3600 loquitur:

2273 3659 2291 3691 ι
2335 3638 2449 3710 Ego
2477 3653 2595 3693 sum
2618 3634 2821 3690 vermis
2848 3641 2903 3688 et
2928 3647 3033 3687 non
3074 3632 3238 3686 homo
3261 3647 3307 3681 ι.
3340 3627 3456 3682 Hoc
3489 3623 3632 3679 enim
3664 3620 3857 3677 intellio

2268 3733 2413 3803 gitur
2434 3731 2501 3786 de
2520 3726 2769 3793 Christo,
2789 3724 2884 3796 qui
2913 3724 2981 3779 de
3009 3721 3151 3777 virili
3177 3720 3385 3776 semine
3417 3732 3527 3775 non
3554 3724 3639 3774 est
3676 3725 3854 3780 natus,

2270 3823 2366 3880 sed
2419 3821 2561 3877 sicut
2592 3818 2799 3873 vermis
2827 3815 2894 3870 de
2932 3812 3161 3882 simplici
3189 3819 3381 3867 natura
3410 3816 3610 3882 terrae,
3639 3807 3714 3861 ita
3745 3806 3859 3876 ipse

2264 3932 2335 3971 ex
2371 3911 2674 3968 visceribus
2701 3914 2993 3980 perpetuae
3037 3878 3266 3974 virginis
3299 3908 3358 3955 et
3400 3878 3860 3956 incontaminatae

2272 4019 2494 4062 carnem
2523 4000 2837 4069 assumpsit.
2864 3996 3010 4051 Nihil
3054 3995 3100 4028 ³⁰
3134 3995 3318 4063 itaque
3366 3992 3420 4047 in
3452 3999 3650 4047 natura
3679 4003 3859 4044 rerum

2271 4094 2636 4154 materialium
2655 4092 2817 4147 vilius
2842 4094 3048 4154 verme;
3069 4087 3162 4157 qui
3182 4086 3248 4142 de
3265 4084 3499 4155 simplici
3520 4083 3653 4138 limo
3672 4080 3717 4114 "
3739 4093 3866 4136 eon-

2274 4193 2494 4262 cipitur,
2525 4197 2583 4244 et
2629 4195 2810 4243 tamen
2842 4199 2959 4254 per
3003 4183 3182 4252 ipsum
3211 4176 3512 4253 incarnatio
3543 4174 3638 4230 Dei
3670 4170 3862 4236 Verbi,

2254 4297 2415 4353 quae
2444 4287 2668 4351 superat
2699 4291 2918 4333 omnem
2963 4287 3184 4328 sensum
3231 4279 3289 4326 et
3329 4267 3687 4329 intellectum,
3730 4262 3864 4316 ima-

2276 4350 2512 4446 ginatur.
2553 4389 2572 4422 ι
2602 4367 3019 4425 Generationcm
3048 4362 3166 4444 ejus
3206 4360 3330 4431 quis
3357 4356 3639 4417 enarrahit
3663 4353 3723 4407 »τ
3766 4350 3866 4405 Po-

2277 4445 2381 4520 test
2409 4472 2464 4519 et
2492 4462 2570 4517 sic
2590 4458 2817 4529 intelligi
2844 4476 2857 4511 :
2883 4457 2997 4527 Ego
3017 4470 3140 4511 sum
3189 4451 3413 4508 vermis
3434 4457 3492 4503 et
3533 4462 3641 4502 non
3677 4445 3865 4508 homo,

2278 4556 2382 4610 hoc
2403 4560 2510 4618 est,
2548 4565 2647 4621 ego
2668 4549 2713 4583 ⁸²
2743 4563 2862 4604 sum
2890 4546 3109 4613 vermis,
3134 4552 3187 4600 et
3216 4557 3323 4597 non
3363 4541 3525 4595 homo
3550 4535 3775 4601 ,vermis
3796 4534 3865 4589 ³³.

587 4673 888 4745 superiora.
913 4670 971 4724 In
992 4671 1111 4741 ipso
1139 4666 1319 4723 omnis
1346 4672 1598 4719 creatura
1620 4656 1866 4715 Creatori
1894 4652 2178 4724 copulatur
2206 4629 2260 4688 Ῑ)
2284 4647 2362 4701 Ac
2408 4644 2455 4699 si
2478 4643 2722 4698 diceret:
2764 4639 2897 4710 Ego,
2933 4638 3026 4708 qui
3070 4635 3189 4707 plus
3215 4646 3375 4702 quam
3404 4629 3585 4691 homo,
3602 4640 3747 4691 sum,
3774 4639 3871 4679 se-

587 4744 669 4821 in,
702 4780 764 4821 re
815 4763 858 4795 “
886 4763 1019 4835 ipsa
1045 4757 1441 4833 per'speciem.‘
1481 4752 1715 4809 Videsne
1760 4744 2175 4821 quinqueparti—

587 4864 708 4914 tum
743 4853 1056 4926 angularem
1086 4850 1134 4885 ⁸⁸
1169 4848 1372 4907 Christi
1424 4847 1666 4909 modum,
1717 4842 1784 4898 de
1834 4839 2035 4911 quibus
2062 4835 2177 4890 sin-

2285 4740 2441 4792 creta'
2471 4741 2695 4804 penetro
2723 4730 2773 4785 ³⁵.
2794 4731 2960 4785 totius
2986 4735 3239 4791 naturae,
3273 4724 3412 4779 sicut
3429 4718 3633 4777 vermis
3650 4718 3872 4797 Iviscera

2286 4838 2487 4893 terrae,
2539 4823 2688 4895 quod
2733 4821 2913 4879 nullus
2949 4819 3087 4875 alius
3142 4821 3412 4874 humanae
3447 4822 3677 4870 naturae
3703 4808 3873 4881 parti-

1890 4968 2148 5028 VARIAE
2185 4957 2589 5023 LECTIONES.
2642 4946 2647 4953 ’
2678 4968 2681 4973 ·

630 5111 655 5150 ⁸
671 5112 722 5172 Δ
742 5127 863 5178 con.
885 5108 980 5166 sed
1006 5120 1117 5163 rec.
1139 5118 1215 5160 m.
1239 5099 1433 5178 i_ncod.
1451 5095 1575 5178 Aad
1588 5108 1772 5178 marg.
1802 5092 1979 5178 adscr.
1995 5060 2444 5178 “constituamus;
2461 5073 2602 5178 ἰ,
2622 5068 2759 5178 (Ξλὲ
2778 5064 3282 5178 εὲφιξιαέὶιλῃέἷιᾶηιῗ
3304 5059 3747 5178 εῗῖηὲῗέιέῗελεξι.
3781 5051 3877 5178 :2

1251 5173 1273 5204 ‘
1298 5173 1340 5226 Β
1367 5171 1558 5242 "me"
1588 5164 1648 5218 θ’
1676 5160 2282 5242 siparis-1%.”-
2306 5160 2446 5242 :3":
2469 5160 2708 5242 3.3532!

1308 5212 1794 5314 ἷεῗᾎξῑὲὲνῗιιρῖἇῖέ
1810 5212 2074 5314 etiam:
2090 5212 2443 5314 dicitur}:th
2465 5212 2757 5314 «negligi:

592 5185 841 5257 optinent,
878 5185 959 5237 sic
983 5192 1179 5280 saepe:
1251 5185 1273 5204 '
1298 5185 1340 5226 li
1367 5185 1558 5232 utrius,
1590 5185 1630 5218 D
1676 5185 1752 5233 sul

594 5255 978 5312 alsbaustrum.
1052 5314 1057 5319 ,
1184 5258 1400 5326 ἡῃιτηίε·ζ
1422 5240 1752 5326 miserique:

591 5307 703 5409 iii}
722 5307 902 5409 adscr.
927 5314 1102 5409 est?n
1117 5317 1160 5349 ¹⁰
1183 5314 1275 5370 Sic
1293 5307 1421 5409 'A'B,
1444 5308 1486 5364 C
1508 5307 1934 5409 angtgorit‘uﬁrg.

595 5383 992 5465 'A_agtgulorem,
1011 5387 1104 5465 BC
1147 5383 1479 5465 angulorum.

594 5441 1052 5519 Xﬁéfmli'wi
1071 5441 1180 5514 om.
1208 5441 1360 5517 ᾸΒΟ,
1392 5452 1460 5505 ad
1496 5463 1683 5519 marg.
1721 5441 1899 5519 adscr;
1928 5441 2023 5495 B‘.

596 5514 860 5588 Cwetvrad.
917 5514 1059 5588 corr.
1100 5528 1145 5583 Β
1168 5530 1209 5592 ⁸,
1242 5514 1527 5593 ΑΒήιιοά.
1568 5548 1573 5553 -
1714 5514 1761 5568 A
1809 5514 2100 5593 iterauerat.

595 5587 655 5674 et
679 5587 822 5674 text.
864 5587 1044 5674 graec.
1119 5599 1169 5631 “
1194 5587 1237 5651 B
1256 5599 1272 5618 ‘
1299 5587 1470 5674 corr;
1488 5587 1747 5674 omnibus.

596 5638 840 5727 Ε’ἑὲιῖιὶἱ.
864 5638 1044 5725 “WE
1062 5638 1240 5727 αυαηὶἶ
1301 5638 1386 5695 Ἤ
1400 5638 1512 5718 ’ἑίέ
1522 5638 1721 5727 Elicit:
1738 5669 1847 5710 om-
1880 5650 2007 5718 AB;
2036 5649 2114 5727 Bk
2144 5647 2378 5727 prius"?
2408 5638 2719 5727 @1129”);
2744 5639 3019 5727 PIZP’Eii’

1062 5685 1240 5737 quam.
1338 5664 1383 5695 ¹⁹
1415 5664 1507 5718 Sic
1530 5664 1592 5726 C,
1617 5672 1713 5759 per
1738 5669 1847 5710 om.
1880 5664 2007 5718 Ab;
2036 5664 2079 5704 ὕ
2102 5664 2114 5671 ·
2144 5667 2152 5720 ι

1062 5753 1196 5778 iam-
1251 5733 1539 5778 adsmrinla.
1640 5728 1660 5759 ο
1697 5726 1780 5778 Β·
1810 5737 1984 5778 mare.
2018 5722 2148 5777 adsc

2244 5664 2378 5699 [nutu
2411 5664 2537 5703 faue
2569 5664 2715 5691 wn.
2744 5664 3019 5706 propuctu,
3060 5664 3256 5686 unum.
3283 5664 3526 5684 natm...
3550 5664 3884 5696 ,πυρπνν-...Ἶ

2253 5714 2385 5770 Not.
2415 5723 2626 5763 morum
2647 5706 2842 5778 (?)_ad
2870 5703 3263 5778 ΔΙιιιηρξιεέᾳιιεεω-ι.
3343 5699 3388 5731 ’ί
3416 5698 3464 5751 Α
3492 5711 3638 5778 ure.
3787 5690 3886 5778 Bi‘

597 5755 735 5795 νορθ
781 5726 873 5813 ρετ
916 5742 985 5798 aa
1251 5733 1567 5813 adscripta.‘
1617 5726 1660 5759 ³⁸

1631 5298 1934 5359 iloritatem.
2035 5299 2078 5329 υ
2099 5298 2147 5351 Α
2165 5301 2391 5363 propter.
2495 5298 2535 5316 "
2559 5298 2631 5338 alt
2665 5298 2775 5337 om.
2798 5298 2860 5335 υ.
2902 5314 2907 5317 -
2951 5298 2995 5312 ·-
3014 5298 3058 5331 n
3086 5298 3197 5333 nec.
3282 5298 3323 5306 -τ
3342 5298 3385 5330 n
3408 5298 3541 5326 mw.
3625 5298 3667 5303 —-
3690 5298 3804 5325 υυι.
3830 5304 3874 5331 .,

1631 5375 1674 5429 B
1705 5378 1721 5395 '
1757 5388 1926 5443 marg.
1956 5370 2135 5425 adscr.
2160 5365 2223 5418 de
2252 5358 2456 5415 naturis
2487 5355 2700 5411 scilicet.
2772 5352 2821 5429 I"
2846 5350 2889 5405 Β
2930 5348 3266 5415 contempnit,
3300 5345 3382 5401 sic
3405 5342 3628 5411 ubique.
3704 5339 3748 5371 ¹⁸
3780 5298 3877 5392 git:

1631 5463 1650 5467 —
1721 5442 1879 5467 ut---
1930 5441 1999 5467 na
2119 5436 2165 5467 ao
2194 5433 2285 5467 can
2312 5428 2353 5467 Ω
2414 5426 2444 5467 Δ
2477 5444 2539 5467 ηε
2594 5425 2634 5467 R
2663 5439 2794 5467 nm__
2826 5421 2868 5467 Β
2889 5424 2907 5440 '
2934 5422 3001 5467 ad
3049 5434 3221 5467 mam-
3272 5416 3451 5467 adscr.
3480 5421 3595 5467 aut.
3703 5410 3748 5442 “
3780 5407 3877 5463 Sic

2194 5416 2287 5488 Sic
2312 5428 2373 5494 C,
2407 5426 2452 5481 Α
2477 5444 2561 5493 ac,
2592 5425 2634 5479 Β
2663 5422 2797 5491 om.',
2824 5421 2868 5476 B
2889 5424 2907 5440 '
2934 5422 3003 5475 ad
3049 5434 3221 5489 marg.
3272 5416 3451 5471 adscr.
3480 5421 3595 5467 aut.

2197 5505 2246 5536 ”
2272 5501 2315 5556 Β
2338 5500 2659 5568 imaginatus
2683 5504 2779 5568 est.
2839 5544 2849 5553 ,
2879 5491 2927 5568 ’ξ
2959 5491 3192 5546 omnium
3213 5503 3354 5568 _om.,
3368 5481 3595 5568 addidi-

1844 5554 2210 5636 “silius-om.
2255 5554 2365 5635 ΑΒ,
2389 5554 2487 5624 sed
2514 5567 2677 5621 habet
2705 5564 2747 5621 C
2776 5575 2831 5620 et
2854 5562 2920 5618 ad
2952 5562 3338 5686 mal-(g._adscr.

1887 5650 2005 5686 an.
2037 5649 2079 5686 ιι
2101 5654 2114 5671 ι
2144 5647 2378 5686 nrimnm
2408 5638 2526 5686 rad.
2569 5650 2715 5686 corr.
2744 5639 3019 5686 oronlteta.
3098 5631 3256 5686 elude
3283 5635 3507 5684 vestitur

2306 5125 2446 5202 ihs-lc
2469 5125 2607 5202 C'é't
2631 5125 2777 5197 corr.
2804 5140 2891 5205 B‘,
2920 5142 2961 5193 A
2986 5125 3293 5208 ungentum,
3335 5134 3701 5203 Bmgentttm.‘
3781 5125 3803 5156 ⁸
3832 5125 3878 5179 Β
3908 5128 3912 5132 ’

2313 5218 2442 5242 t-..:-
2469 5212 2736 5242 ........:.....-.
2850 5211 2873 5242 ε
2896 5209 3033 5242 νη...
3085 5208 3147 5242 [υ
3199 5207 3283 5242 an
3309 5204 3512 5242 Αηηιηη
3630 5200 3708 5242 'R
3730 5199 3748 5217 '
3776 5210 3876 5242 sll—

2796 5211 2873 5335 ΒΤ
2896 5209 3058 5331 Ἥ
3082 5204 3541 5333 arsisti:
3580 5278 3583 5283 -
3625 5201 3876 5338 $301.3}:

3703 5410 3748 5442 “
3780 5407 3879 5463 Sic

2839 5544 2849 5553 ,
2879 5491 2927 5524 “
2959 5481 3200 5546 omnium
3220 5503 3354 5550 om.,
3386 5481 3567 5539 addidi
3615 5500 3681 5540 ex
3724 5493 3878 5553 vers.

3551 5556 3597 5587 ³⁷
3622 5554 3715 5610 Sic
3741 5551 3803 5613 C,
3827 5546 3887 5603 Δ

3151 5631 3256 5685 nde
3283 5624 3526 5684 restituit
3550 5624 3884 5696 propheta!!!

599 5762 735 5795 voce
781 5762 873 5813 per
916 5762 985 5798 au
1025 5762 1198 5808 marg.
1251 5762 1539 5801 ausu-pta.
1697 5762 1742 5782 υ
1811 5762 1984 5795 ulula-
2018 5762 2200 5777 υυυν..
2253 5762 2380 5770 -.-η
2422 5762 2442 5763 η
2484 5762 2487 5763 ν
2657 5762 2671 5778 ι
2702 5762 2716 5776 ,

599 5824 779 5879 marg.
810 5814 990 5870 adscr.
1019 5807 1135 5878 Ego
1159 5820 1278 5859 sum
1306 5802 1491 5857 vermis
1520 5807 1568 5853 et
1594 5813 1701 5854 non
1720 5797 1897 5851 homo.
1973 5792 2021 5826 ³³
2046 5791 2089 5847 Β
2130 5785 2316 5881 tam
2347 5781 2559 5851 (punct.
2599 5776 2707 5849 adj.
2736 5774 2777 5832 Β
2800 5776 2821 5799 ³
2846 5774 2888 5846 .)
2993 5773 3042 5806 ³⁸
3069 5772 3164 5828 Sic
3188 5769 3233 5827 Ct
3258 5777 3315 5826 et
3351 5783 3499 5825 corr.
3528 5764 3575 5821 B
3596 5769 3638 5833 ‘,
3665 5762 3760 5821 ΑΒ
3784 5777 3889 5833 pe-

603 5880 762 5933 nitro.

2090 5978 2093 5981 .
2166 5971 2253 6001 ,ιε
