4178 6266
1268 435 1494 494 SUPER
1528 431 1959 492 [ERARCHIAM
1994 428 2405 489 CAELESTEM
2442 366 2503 485 SI:
2542 418 2868 487 DIONYSII.

3614 430 3719 489 J70

435 576 567 632 ceps
584 564 764 632 potest
802 568 982 628 agere.
1011 553 1111 610 Cui
1154 553 1336 611 sensui
1366 550 1595 617 arridet,
1624 551 1772 621 quod
1809 550 1866 604 in
1915 546 2024 603 alio
2048 550 2102 611 Α
2128 544 2305 600 sancti
2332 543 2635 599 intellectus
2660 552 2993 599 sanctorum.
3029 542 3098 599 Et
3133 542 3450 600 dissimilem
3474 552 3719 600 sanctam

433 651 647 726 psalmo
676 651 934 720 scriptum
977 644 1098 704 est:
1124 665 1144 699 ι
1165 655 1221 705 et
1240 646 1545 703 substantia
1571 660 1694 701 mea
1725 645 1783 700 in
1805 641 2024 699 inferio-

438 746 590 803 ribus
613 752 788 799 terrae
813 760 858 805 ι,
885 740 990 796 hoc
1016 748 1118 804 est,
1153 746 1209 794 et
1227 737 1531 795 substantia
1553 750 1674 793 mea
1700 739 1743 802 ί,
1769 749 1911 805 quae
1926 748 2026 806 per

439 837 659 906 seipsam
696 832 967 904 sapientia
997 832 1019 862 ²
1065 838 1153 887 est
1172 870 1190 896 ,
1220 830 1275 884 in
1305 827 1657 884 inferioribus
1676 835 1883 909 terrae,
1918 825 2023 880 hoc

435 937 533 993 est,
562 927 615 982 in
644 924 856 981 intimis
877 932 1110 980 naturae
1133 921 1386 978 conditae
1433 920 1643 976 sinibus
1685 918 1707 950 ³
1751 917 2021 974 subsistit.

432 1019 562 1075 Esse
595 1017 738 1074 enim
764 1017 1021 1072 omnium
1065 1022 1169 1080 est,
1208 1027 1494 1085 superesse
1527 1011 1858 1067 Divinitatis.
1888 1004 2027 1065 Ver;

433 1104 553 1163 mis‘
583 1111 788 1177 itaque,
842 1106 939 1176 qui
989 1104 1171 1160 abdita
1218 1103 1380 1158 totius
1425 1109 1709 1157 creaturae
1754 1107 2021 1171 penetrat,

359 1230 368 1241 -
437 1201 707 1271 sapientia
742 1198 922 1270 patris
953 1206 1058 1261 est,
1094 1210 1231 1266 quae
1254 1197 1379 1250 dum
1406 1203 1490 1249 est
1525 1198 1547 1224 ⁸
1595 1194 1777 1260 homo,
1809 1207 2027 1247 omnem

444 1299 667 1361 superat
715 1289 1129 1344 humanitatem.
1181 1286 1321 1341 Audi
1358 1284 1671 1355 Apostolum
1714 1284 1779 1340 de
1814 1298 1875 1339 se
1909 1284 2028 1353 ipso

447 1385 799 1453 loquentem:
838 1397 857 1430 ι
890 1378 1093 1433 Paulus
1125 1377 1423 1447 apostolus,
1460 1392 1568 1430 non
1606 1376 1673 1430 ab
1695 1375 2025 1440 hominibus,

447 1492 621 1546 neque
658 1489 754 1545 per
802 1474 1098 1539 hominem,
1144 1472 1242 1527 sed
1280 1488 1380 1541 per
1414 1470 1598 1527 Jesum
1644 1469 1945 1535 Christum,
1975 1478 2031 1525 et

442 1569 609 1624 Deum
637 1577 866 1638 patrem,
905 1567 997 1636 qui
1031 1566 1321 1622 suscitavit
1346 1581 1469 1620 eum
1497 1581 1526 1619 a
1565 1566 1791 1619 mortuis
1810 1583 1857 1617 ι.
1885 1563 2031 1617 Non-

436 1676 505 1715 ne
535 1660 646 1729 ipse
691 1669 775 1715 est
804 1659 1073 1730 mysticus
1127 1656 1216 1713 ille
1247 1657 1468 1723 vermis,
1502 1657 1557 1710 in
1602 1656 1755 1726 cujus
1796 1655 2032 1726 imagine

2128 634 2358 707 ﬁguram
2408 635 2700 701 honorant,
2734 634 2841 690 hoc
2886 643 2991 702 est,
3032 643 3221 691 sancta
3270 634 3358 690 illa
3412 635 3720 692 divinarum

2126 740 2314 781 rerum
2346 725 2617 797 ﬁguratio,
2645 728 2897 797 quamvis
2939 726 3101 800 longe
3146 726 3425 784 dissimilis
3469 729 3541 783 sit
3585 728 3722 800 ipsis

2125 818 2495 875 intellectibus
2527 835 2626 891 per
2651 834 2771 875 eam
2799 819 3143 891 signiﬁcatis,
3176 821 3479 876 honoratur
3514 812 3557 876 a'
3589 834 3721 877 san-

2128 913 2231 968 etis
2260 912 2572 983 theosOphis
2612 921 2776 984 atque
2823 912 2871 944 “'
2908 902 3205 984 prophetis.
3257 912 3395 968 Dum
3432 914 3575 969 enim
3627 927 3723 970 eas

2127 1018 2236 1069 res,
2261 1003 2831 1081 quaesignificantur,
2867 1019 3002 1075 pure
3042 1004 3367 1075 intelligunt,
3400 1005 3544 1075 ipsas
3568 1004 3725 1077 prius
3813 998 3817 1007 ’

2126 1095 2423 1161 honorant,
2450 1096 2706 1166 quoniam
2729 1096 2944 1151 divinae
2973 1104 3029 1151 et
3058 1093 3533 1179 supermundanae
3569 1104 3718 1152 sunt.

2129 1188 2538 1257 Consequenter
2579 1189 2744 1242 etiam
2776 1204 2963 1243 earum
2996 1188 3345 1265 ﬁgurationes
3382 1189 3460 1256 “,
3514 1191 3629 1245 sive
3654 1204 3726 1245 ex

2130 1280 2505 1349 superioribus
2532 1272 2830 1334 materialis
2856 1276 3140 1337 creaturae
3173 1280 3436 1352 partibus,
3471 1280 3585 1337 sive
3609 1296 3727 1337 me-

2131 1369 2257 1435 diis,
2290 1370 2405 1424 sive
2432 1369 2740 1424 novissimis
2772 1356 3089 1437 translatas,
3115 1387 3220 1427 non
3261 1368 3725 1431 immerito'vene-

2131 1473 2342 1530 rantur,
2396 1463 2853 1535 intellectualique
2917 1467 3267 1523 distinctione
3309 1475 3364 1523 et
3399 1468 3729 1525 discretione

2130 1569 2223 1611 res
2264 1556 2409 1625 ipsas
2435 1556 2548 1610 suis
2579 1556 2988 1626 ﬁgurationibus
3035 1569 3341 1631 segregant.
3378 1576 3483 1616 nec
3524 1560 3730 1632 ﬁguras

2131 1664 2232 1719 pro
2276 1650 2420 1705 veris
2452 1649 2845 1720 intellectibus,
2911 1654 3033 1708 nec‘
3059 1668 3234 1720 veros,
3268 1642 3576 1713 intellectus
3628 1672 3728 1729 pro

432 1751 870 1822 quingentesimo
920 1750 943 1783 ³
996 1766 1211 1820 semper
1251 1766 1398 1806 anno
1441 1759 1718 1806 transacto
1746 1749 1814 1806 de
1849 1750 2033 1806 cinere
2120 1742 2323 1831 ﬁguris
2367 1743 2684 1812 approbant,
2717 1745 2810 1799 sed
2840 1745 3091 1800 omnibus
3120 1756 3329 1802 remota
3354 1748 3503 1803 omni
3537 1747 3729 1802 confu-

431 1843 685 1898 arabicae
715 1843 854 1906 avis,
887 1842 1169 1914 phoenicis
1207 1841 1229 1872 °
1255 1832 1413 1906 dico,
1435 1841 1646 1912 proprii
1675 1841 1758 1897 sui
1789 1840 2031 1911 pectoris
2136 1838 2291 1894 sione
2331 1854 2460 1894 suas
2514 1838 2861 1896 deﬁnitiones
2890 1851 2945 1895 et
2991 1843 3329 1914 cognitiones
3371 1843 3725 1898 distribuunt.

429 1930 644 1987 ﬂamma
675 1930 1067 2002 consumptae,
1089 1933 1294 1986 vermis
1336 1931 1605 1998 nascitur,
1655 1939 1712 1986 et
1738 1931 1805 1985 ad
1848 1932 2024 2001 pristi—
2055 1924 2103 1984 Β
2131 1932 2212 1989 Ac
2240 1932 2310 2000 ¹⁷,
2346 1933 2513 1989 veluti
2542 1933 2666 2002 quis
2691 1934 3070 2005 interrogaret,
3100 1950 3200 1990 cur
3230 1942 3416 1990 sancta
3442 1933 3730 1990 dissimilia

418 2026 557 2080 ‘nam
585 2026 917 2080 viriditatem
950 2023 1287 2079 revocatur?
1337 2021 1589 2081 Christus
1640 2024 1907 2094 siquidem
1943 2039 2033 2078 ar-

418 2117 562 2173 'dore
591 2116 879 2186 passionis,
933 2129 1095 2185 quam
1149 2124 1345 2187 sponte
1385 2130 1482 2169 sua
1531 2122 1870 2185 susceperat,
1901 2129 2034 2170 con-

432 2218 678 2279 sumptus
698 2218 807 2273 est,
853 2216 907 2263 et
942 2207 1223 2263 descendit
1253 2207 1322 2263 ad
1349 2205 1559 2263 inferos
1607 2205 1874 2262 mirabilis
1901 2220 2033 2260 ver-

430 2300 557 2354 mis.
591 2298 697 2354 Sed
728 2314 856 2354 mox
898 2307 1022 2370 post
1072 2298 1315 2353 triduum
1373 2312 1629 2353 reversus
1656 2294 1786 2362 est,
1836 2296 2033 2366 suique

441 2388 692 2457 apostoli,
728 2390 823 2458 qui
871 2402 995 2443 eum
1027 2388 1084 2442 in
1118 2403 1286 2443 cruce
1334 2389 1616 2444 ardentem
1668 2387 1943 2453 viderant,
1977 2386 2032 2441 in

445 2478 715 2547 spirituali
757 2493 986 2549 corpore
1029 2489 1404 2548 resurgentem
1460 2494 1815 2550 conspexere,
1861 2479 2033 2534 virtu-

442 2580 669 2641 tumque
694 2570 890 2642 pennis
914 2570 1205 2637 volantem,
1229 2571 1300 2625 ad
1317 2571 1647 2641 Patremque
1668 2585 1820 2627 suum
1845 2586 2032 2627 ascen-

437 2664 658 2719 dentem
684 2664 869 2720 mirati
896 2673 1041 2719 sunt.
1862 2676 1863 2679 ‘

424 2768 427 2773 '
507 2758 768 2829 Sequitur
802 2777 816 2813 :
851 2757 945 2814 Sic
973 2773 1152 2812 omnes
1200 2748 1476 2827 theosbphi
1513 2767 1561 2810 et
1592 2755 1795 2811 occulta
1825 2758 1845 2789 ⁷
1873 2756 2034 2827 inspi-

437 2849 640 2902 ratione
701 2848 984 2919 prophetae
1066 2849 1265 2901 sanctis
1349 2847 1770 2903 incontaminatis
1843 2849 2030 2904 distin-

443 2949 607 3010 guunt
643 2949 826 2995 sancta
862 2950 1185 3005 sanctorum,
1224 2949 1272 2993 et
1303 2939 1602 2994 dissimilem
1632 2930 1862 2995 sanctam
1895 2943 2029 3012 ﬁgu-

430 3028 710 3086 rationem
762 3034 1062 3098 honorant,
1118 3042 1176 3087 ut
1221 3033 1243 3064 ⁸
1302 3050 1462 3103 neque
1517 3034 1687 3088 divina
1744 3035 2030 3091 immundis

454 3122 757 3176 tractabilia
784 3124 912 3188 sint,
941 3139 1101 3192 neque
1124 3108 1438 3178 mirabilium
1465 3125 1784 3195 agalmatum
1808 3128 2032 3183 studiosi

454 3209 881 3281 contemplatores
905 3221 1153 3281 tanquam
1193 3213 1322 3266 veris
1360 3224 1661 3269 remaneant
1702 3218 1910 3287 figuris.
1958 3217 2028 3272 Et

448 3301 626 3355 divina
667 3302 1021 3371 honoriﬁcam
1042 3304 1174 3358 veris
1206 3306 1587 3376 negationibus,
1612 3318 1617 3323 '
1640 3317 1691 3361 et
1734 3309 1804 3362 ad
1850 3311 2026 3364 novis-
2054 3288 2099 3350 ε

436 3392 573 3446 sima
598 3403 986 3462 compactarum
1023 3381 1443 3450 resonantiarum
1472 3397 1693 3453 diversis
1723 3399 2027 3453 similitudi-

430 3483 608 3538 nibus.
642 3483 757 3538 Tali
793 3486 973 3551 modo,
1016 3487 1192 3558 inquit
1214 3487 1261 3554 ³,
1298 3488 1597 3560 ﬁgurarum
1638 3506 1829 3547 omnes
1872 3492 2025 3545 theo-

431 3573 560 3645 logi,
589 3589 728 3644 quos
754 3591 899 3631 nunc
926 3576 1276 3648 theosophos,
1298 3579 1401 3635 hoc
1420 3588 1528 3645 est,
1550 3580 1729 3635 divina
1754 3583 2029 3652 sapientes

428 3665 684 3736 appellat,
716 3674 775 3721 et
807 3680 998 3722 omnes
1025 3670 1322 3739 prophetae
1353 3669 1567 3726 occulta
1611 3670 1655 3701 ³ο
1692 3672 1866 3727 sancti
1902 3671 2025 3743 Spi-

428 3759 570 3814 ritus
598 3758 958 3830 inspiratione
981 3758 1196 3815 fOrmati
1227 3761 1568 3832 distinguunt
1592 3772 1780 3818 sancta
1812 3772 2028 3819 sancto-

433 3866 557 3907 rum
587 3867 618 3906 a
659 3852 868 3908 sanctis
913 3853 1355 3911 incontaminatis
1381 3855 1445 3911 “.
1484 3855 1563 3911 Ac
1589 3855 1634 3911 si
1670 3864 1855 3927 aperte
1882 3856 2031 3913 dice-

433 3950 563 3998 ret:
593 3941 640 3997 A
669 3944 872 3999 sanctis
912 3951 985 4000 et
1010 3944 1451 4002 incontaminatis
1476 3944 1817 4002 dissimilium
1846 3948 2030 4019 imagi-

414 4032 724 4087 ‘nationum
762 4032 1038 4105 symbolis,
1070 4049 1210 4104 quae
1238 4050 1346 4089 non
1396 4034 1672 4091 immerito
1699 4037 2026 4093 incontami-

408 4126 563 4182 'nata
588 4127 863 4193 dicuntur,
890 4129 1145 4199 quoniam
1189 4128 1373 4183 divino
1415 4129 1607 4200 Spiritu
1656 4129 1709 4184 in
1755 4130 2028 4186 mentibus

360 4235 376 4244 -
433 4219 814 4291 theologorum
837 4228 893 4276 et
918 4222 1304 4292 prophetarum
1334 4221 1606 4292 descripta
1642 4234 1789 4289 sunt,
1838 4229 2029 4278 sancta

440 4324 779 4380 sanctorum,
825 4315 878 4369 id
911 4324 1018 4379 est,
1063 4314 1452 4370 intellectuales
1494 4317 1761 4371 essentiae
1802 4316 2027 4386 ipsaque

378 4406 397 4421 '
442 4403 716 4461 Divinitas
742 4406 1122 4462 discernuntur
1146 4420 1242 4476 per
1274 4406 1552 4478 theologos
1592 4404 1847 4462 ineﬁ‘abili
1880 4422 2028 4461 sum-

422 4498 567 4553 mae
595 4496 890 4568 sapientiae
926 4497 1415 4563 administratione,
1454 4498 1622 4579 itaut
1654 4507 1707 4553 et
1741 4498 1829 4553 illa
1875 4514 2027 4570 sym-

435 4591 561 4647 bola
608 4584 892 4648 sancta'et
933 4591 1276 4647 immaculata
1309 4591 1377 4646 ab
1406 4591 1512 4656 his,
1556 4592 1646 4662 qui
1697 4591 2020 4663 intelligunt,

2140 2026 2386 2099 symbola
2426 2025 2472 2058 ¹⁸
2496 2035 2810 2082 sanctorum
2862 2025 3231 2082 intellectuum
3285 2041 3316 2082 a
3361 2026 3625 2098 theologis
3670 2031 3732 2082 et

2136 2124 2445 2192 ﬁgurantur
2462 2131 2520 2176 et
2547 2120 3015 2177 honoriﬁcantur?
3040 2153 3110 2163 —
3123 2121 3439 2178 rationalius
3463 2119 3508 2152 "
3527 2120 3729 2193 quippe

2115 2206 2434 2277 'videretur,
2469 2212 2940 2286 similiasymbola
2976 2212 3178 2269 sanctis
3203 2211 3566 2269 intellectibus
3601 2226 3729 2267 con—

2120 2303 2384 2375 ﬁgurari,
2413 2319 2574 2375 quam
2600 2303 2880 2360 dissimilia
2906 2336 2979 2346 —
3009 2304 3255 2360 redditur
3285 2318 3447 2360 causa
3484 2299 3726 2357 dissimi—

2136 2395 2270 2451 lium
2297 2395 2773 2468 signiﬁcationum.
2806 2396 2874 2451 Et
2910 2395 2958 2430 ³ο
2994 2396 3117 2462 hoc,
3149 2396 3358 2465 inquit,
3390 2394 3533 2464 quod
3563 2404 3726 2462 quae-

2136 2486 2235 2553 ris,
2256 2495 2544 2557 repertum
2583 2496 2685 2554 est,
2716 2495 2779 2542 ut
2812 2500 2988 2558 neque
3025 2486 3206 2542 divina
3252 2483 3551 2541 tractabilia
3593 2483 3726 2550 sint,

2136 2576 2241 2631 hoc
2266 2585 2371 2642 est,
2404 2584 2475 2655 ut
2504 2592 2681 2647 neque
2719 2577 2888 2632 divini
2931 2577 3237 2636 intellectus
3266 2578 3438 2649 pervii
3479 2585 3535 2633 et
3574 2584 3728 2647 pate-

2136 2669 2267 2725 facti
2299 2668 2493 2725 ﬁerent
2521 2669 2841 2736 immundis,
2866 2670 3087 2742 pollutis
3113 2670 3367 2727 videlicet
3390 2668 3728 2737 hominibus,

2136 2762 2457 2818 delictorum
2496 2762 2898 2832 impietatisque
2922 2762 3009 2817 vel
3034 2773 3182 2817 certe
3228 2761 3513 2830 superbiae
3548 2761 3726 2816 sordi-

2134 2852 2238 2908 bus
2266 2851 2672 2916 contaminatis,
2712 2850 2912 2921 quibus
2954 2866 3057 2905 nec
3099 2849 3376 2906 sensibilia
3419 2850 3727 2906 divinarum

2112 2948 2323 2997 ‘rerum
2368 2942 2496 2996 licet
2536 2942 2726 2997 videre
2768 2949 3133 3021 sacramenta,
3180 2947 3384 3010 quanto
3414 2940 3589 3011 magis
3618 2948 3729 2997 tra-

2137 3042 2320 3099 ctare;
2358 3032 2640 3103 quoniam,
2671 3034 2797 3089 dum
2843 3033 3022 3089 divina
3060 3040 3405 3088 sacramenta
3433 3033 3478 3065 ’ί
3506 3032 3725 3105 conspi-

2094 3182 2103 3191 ,
2136 3126 2308 3191 ciunt,
2337 3124 2502 3180 veluti
2531 3125 2760 3197 puerilia
2801 3134 2856 3181 et
2903 3123 3131 3181 ludibria
3162 3133 3218 3181 et
3242 3122 3445 3181 nullius
3471 3123 3728 3195 spiritua-

2135 3219 2202 3275 lis
2239 3219 2284 3250 “
2318 3218 2620 3275 intellectus
2655 3219 3007 3290 signiﬁcativa
3036 3224 3406 3275 contemnunt.
3440 3216 3508 3272 Et
3532 3226 3728 3274 notan-

2113 3312 2280 3375 dum,
2310 3312 2454 3382 quod
2494 3313 2550 3367 in
2580 3326 2645 3368 eo
2669 3312 2811 3380 loco,
2843 3328 2950 3384 quo
2983 3311 3358 3369 transtulimus
3398 3308 3722 3379 tractabilia,

2131 3405 2186 3459 in
2211 3403 2423 3461 Graeco
2451 3406 2713 3475 scriptum
2762 3414 2847 3462 est
2879 3407 3190 3485 εὐχείρωτα,
3230 3403 3373 3474 quod
3410 3420 3509 3460 nos
3537 3418 3725 3474 possu-

2104 3506 2254 3552 'mus
2288 3498 2471 3553 dicere
2518 3497 2712 3564 facilia,
2752 3505 2815 3553 ut
2863 3497 2985 3552 talis
3026 3511 3217 3553 sensus
3258 3494 3329 3553 sit
3363 3510 3378 3549 :
3429 3496 3724 3569 Propterea

2130 3586 2297 3642 divini
2327 3589 2599 3658 sapientes
2641 3599 2983 3644 sacramenta
3012 3589 3318 3645 divinarum
3354 3586 3535 3643 rerum
3563 3587 3724 3644 dissi-

2129 3677 2278 3732 milia
2302 3678 2436 3749 ipsis
2475 3680 2662 3745 rebus,
2684 3680 2936 3745 obscura,
2966 3681 3134 3736 mixta
3164 3681 3232 3745 ³³,
3259 3694 3324 3735 ex
3352 3680 3727 3735 materialibus

2131 3780 2408 3842 assumpta
2457 3772 2823 3841 conformant,
2869 3789 2939 3830 ne
2999 3774 3179 3830 divina
3230 3774 3488 3846 mysteria
3540 3772 3724 3830 facilia

2129 3863 2324 3945 ﬁerent
2351 3867 2417 3920 ad
2448 3866 2868 3943 intelligendum.
2900 3867 3197 3923 immundis
3226 3855 3423 3923 animis
3463 3866 3725 3938 indignis-

2102 3968 2236 4023 ‘que
2262 3957 2572 4026 cognitione
2606 3959 2874 4014 veritatis.
2913 3957 2982 4012 Et
3025 3960 3161 4014 haec
3190 3973 3297 4013 una
3330 3958 3379 3990 "
3403 3972 3563 4014 causa
3610 3958 3721 4014 dis-

2102 4042 2501 4103 similitudinis
2547 4058 2860 4105 sanctarum
2892 4051 3208 4121 imaginum.
3247 4050 3430 4105 Altera
3457 4064 3587 4104 vero
3612 4058 3717 4114 est,

2105 4141 2292 4205 quam
2324 4138 2718 4209 subsequenter
2752 4141 2800 4173 ²⁸
2826 4141 3069 4211 adjungit
3110 4140 3342 4195 dicens:
3386 4136 3572 4208 Neque
3620 4142 3725 4196 mi-

2130 4223 2385 4279 rabilium
2431 4226 2763 4298 agalmatum
2816 4230 3043 4284 studiosi
3102 4227 3557 4297 contemplatores
3602 4238 3723 4285 tan-

2130 4327 2295 4383 quam
2322 4314 2468 4369 veris
2496 4325 2817 4370 remaneant
2852 4317 3040 4385 ﬁguris
3074 4315 3141 4369 “.
3172 4316 3253 4368 Ad
3284 4317 3388 4370 hoc
3413 4317 3576 4372 etiam
3615 4321 3717 4375 ob-

2100 4414 2105 4419 '
2130 4416 2325 4461 scurae
2344 4411 2401 4460 et
2429 4403 2718 4462 dissimiles
2743 4398 3170 4477 'imaginationes
3205 4398 3403 4462 factae'
3426 4416 3584 4473 sunt;
3615 4408 3722 4465 hoe

2127 4505 2232 4564 est,
2263 4511 2442 4568 neque
2467 4497 2513 4531 ’⁷
2560 4497 2721 4553 linem
2756 4512 2885 4553 suae
2906 4494 3310 4569 ‘speculationis
3346 4502 3576 4569 ponant,
3624 4501 3719 4570 qui

2130 4589 2372 4647 studiose
2412 4590 2684 4647 mirabilia
2725 4589 3013 4664 agalmata,
3045 4584 3496 4646 divinas'scilicet
3523 4589 3716 4664 imagi-
3800 4594 3803 4601 '

436 4700 576 4754 quae
599 4700 699 4756 per
726 4700 790 4741 ea
816 4685 1213 4757 signiﬁcantur,
1241 4653 1636 4741 honorabiliter
1672 4653 2020 4751 venerentur,
2050 4653 2105 4715 Β
2133 4682 2381 4738 nationes
2409 4653 2861 4752 contemplantur,
2910 4682 2964 4737 in
2990 4653 3149 4767 :ipsis
3198 4681 3409 4756 ﬁguris,
3461 4653 3718 4756 putanies

435 4787 489 4834 et
523 4789 716 4835 sancta
760 4788 1094 4844 sanctorum,
1125 4790 1356 4849 queram
1388 4778 1651 4849 imagines
1692 4786 1819 4833 sunt
1859 4778 1922 4843 ι’,
1956 4778 2024 4831 ab

440 4870 515 4926 eis
564 4870 728 4944 longe
776 4879 1128 4943 segregentur
1155 4868 1505 4926 intellectuali
1535 4869 1883 4925 discretione.
1927 4867 2022 4923 Di-

435 4962 560 5017 vina
590 4963 779 5033 itaque
805 4963 1049 5035 symbola
1090 4970 1279 5018 sancta
1323 4969 1450 5016 sunt
1483 4960 1550 5027 η,
1582 4975 1672 5017 res
1699 4975 1852 5025 vero,
1892 4973 2025 5029 qua-

437 5065 558 5112 rum
600 5052 847 5128 symbola
892 5063 1045 5122 sunt,
1085 5061 1273 5111 saneta
1313 5052 1359 5085 “
1400 5061 1733 5119 sanctorum,
1780 5052 1885 5106 hoc
1916 5057 2021 5118 est,
2072 5118 2075 5123 _

2128 4790 2225 4832 eas
2252 4790 2410 4832 veras
2434 4791 2555 4832 esse
2594 4783 2652 4832 et
2694 4792 2801 4832 non
2850 4772 3195 4850 ﬁgurativas,
3229 4793 3410 4850 neque
3432 4772 3595 4833 'ultra
3622 4793 3717 4834 eas

2125 4867 2384 4922 virtutem
2427 4867 2649 4923 intimae
2678 4864 3400 4943 contemplationis'erigere
3448 4870 3713 4926 volentes.

2129 4957 2275 5014 Talis
2315 4958 2583 5030 siquidem
2617 4973 2775 5016 error
2802 4961 3003 5017 multos
3033 4961 3078 4992 ’⁸
3103 4976 3169 5016 ac
3212 4975 3384 5032 paene
3411 4973 3602 5015 omnes
3630 4956 3717 5010 in-

2128 5050 2272 5108 vasit
2301 5059 2359 5107 et
2385 5051 2563 5110 adhuc
2605 5053 2829 5120 invadit,
2874 5055 3273 5120 existimantes,
3312 5050 3590 5110 sensibilia
3633 5060 3717 5104 sa-

1702 5227 1979 5309 {vaams
2014 5225 2421 5288 LECTIONES.

418 5394 427 5403 ·
510 5371 887 5431 'uteaomJl.
924 5374 931 5379 ’
964 5372 1011 5402 η’
1037 5367 1100 5426 Β.
1148 5382 1291 5425 corr.
1322 5368 1657 5441 sapientiam.

1762 5366 1784 5399 ι
1809 5365 1901 5422 Sic
1921 5365 1984 5438 c,
2010 5365 2101 5420 AB
2132 5367 2347 5438 ﬁnibus.
2396 5398 2399 5403 -

2449 5370 2475 5404 ⁸
2500 5380 2579 5428 εει
2616 5385 2727 5428 om.
2759 5369 2824 5438 B,
2844 5386 3011 5443 supra
3040 5340 3226 5443 adscr;
3241 5364 3284 5419 Β
3302 5367 3344 5420 ‘.
3421 5365 3473 5443 _'
3499 5361 3544 5420 Β
3562 5352 3719 5443 ᾳμξέρ.

558 5444 759 5501 iniuria.
834 5443 857 5475 ⁸
885 5440 1257 5514 ΑΒΟΑῙεενιίιςῦεἐ
1277 5512 1282 5514 _
1306 5434 1641 5514 'B'obscura.
1716 5437 1796 5493 Ἀ
1816 5447 1913 5493 et.-
1959 5434 2288 5514 ’inquitom.
2308 5441 2368 5507 Β,
2384 5444 2452 5499 ad
2468 5459 2638 5514 marg.
2658 5434 2838 5514 adscr.
2855 5434 2941 5495 B".
2980 5444 2989 5497 ζ
3022 5441 3075 5514 ’ξ
3076 5436 3280 5514 occulta
3293 5449 3403 5491 om.
3421 5434 3483 5514 Βἷ
3563 5434 3719 5514 “_Sic

481 5557 499 5582 ,
526 5515 570 5570 Β
597 5517 797 5571 sanctis
808 5507 1199 5577 contaminatis,
1225 5512 1289 5566 B‘
1317 5525 1481 5581 supra
1505 5509 1707 5582 adscr;
1711 5523 1854 5565 corr.
1879 5507 2076 5582 tangis
2096 5518 2145 5563 et
2168 5507 2616 5569 incontaminatis:
2697 5513 2876 5582 “{sunt
2902 5526 3011 5582 om.
3040 5508 3102 5582 Β,
3129 5507 3197 5562 ad
3224 5508 3590 5582 margladscr.
3618 5509 3716 5582 Βζ.

411 5579 555 5643 ’⁸³⁷8
577 5596 703 5642 sunt
724 5595 929 5640 sancta.
1008 5583 1055 5651 εδ
1091 5582 1137 5639 Β
1164 5590 1288 5637 sunt
1320 5579 1528 5637 sancta.
1608 5581 1653 5613 ⁸⁸
1675 5579 1718 5634 Β
1748 5590 1817 5635 et.

436 5750 647 5824 (punct.
675 5750 849 5824 adjec.
878 5750 1091 5824 videtur
1118 5745 1250 5824 B‘)1
1339 5753 1670 5824 sacramenta
1699 5744 1901 5824 divina.
1977 5740 2091 5824 “AB
2115 5745 2508 5824 intellectu-alis.
2602 5741 2648 5773 ’⁸
2669 5740 2823 5824 quod

1400 5815 1448 5849 "‘
1470 5815 1532 5870 B‘
1559 5815 1933 5891 suprajidscr.
1965 5821 2043 5869 est
2070 5829 2200 5871 una.
2275 5816 2324 5847 "
2366 5814 2410 5871 B
2430 5812 2823 5885 consequenter.
2897 5812 2943 5845 "
2962 5812 3039 5869 Β·
3067 5829 3241 5891 marg.
3270 5816 3449 5875 adscr.
3485 5814 3613 5889 quid
3646 5813 3721 5871 sit

576 5823 671 5890 B.,
696 5817 767 5877 ad
797 5837 967 5892 marg.
1003 5817 1311 5892 adscr.'B_’.
1340 5822 1343 5825 ’

441 5884 671 5967 «πριιιισί
748 5892 793 5925 ⁸⁷
830 5892 873 5946 Β
899 5884 991 5946 κὶα
1014 5889 1100 5945 vel
1125 5906 1207 5955 ne,
1240 5888 1301 5943 Β·
1327 5903 1469 5945 corr.
1501 5901 1585 5941 ne.
1660 5884 1706 5917 "
1731 5884 1775 5940 Β
1802 5899 2000 5940 omnes.

1919 5578 1964 5611 “
1986 5578 2304 5655 P__I:0_earum
2350 5584 2706 5655 ﬁgurationes
2727 5580 3247 5655 B_s_igni/i_ca1iones.,
3451 5589 3527 5634 at.
3607 5582 3651 5614 ¹⁸
3675 5581 3720 5637 Β

416 5650 676 5731 symbolo
698 5648 1043 5725 dissimilia."
1078 5653 1121 5685 "
1152 5654 1225 5708 B'
1260 5667 1426 5723 supra
1465 5667 1572 5708 scr.
1597 5650 1944 5723 interpositio.
2020 5650 2068 5682 "
2097 5649 2271 5723 Supra
2299 5648 2410 5710 scr:
2440 5654 2536 5719 B‘,
2575 5651 2709 5705 ABG
2748 5648 2851 5702 Ad.

2946 5649 2992 5723 ’ᾗ
3020 5647 3062 5702 Β
3095 5649 3221 5704 dum
3242 5640 3357 5705 'divi
3374 5648 3719 5708 sacramenta

2602 5741 2648 5773 aa
2669 5740 2823 5814 quoi
2840 5757 2937 5814 nos
2961 5758 3239 5814 possumus
3266 5725 3438 5802 iti'c'ére
3459 5747 3716 5814 —mia:t,¢
