4178 6266
494 380 619 487 ιτέ

1666 418 2163 513 EXPOSITIONES
2199 418 2483 477 JOANNlS
2518 416 2715 475 SCOTI

3679 414 3778 470 ⁸76

494 542 781 612 phantasia
801 513 1057 610 omnique
1083 539 1340 595 vitiorum
1370 538 1601 609 caligine
1625 536 1763 593 liber
1792 545 1849 593 et
1870 537 2084 592 absolu-
2111 534 2162 595 A
2189 532 2295 587 lata
2323 532 2416 597 sit,
2463 534 2602 586 sicut
2647 528 2907 600 scriptum
2947 536 3073 584 est:
3112 546 3132 580 ‹
3166 529 3402 600 Sanguis
3434 525 3640 585 Christi
3676 522 3780 589 lilii

498 615 606 687 tus’.
635 630 839 686 Deinde
883 629 1143 685 scientiae
1172 634 1418 699 aspectus
1445 629 1711 699 sequitur,
1736 628 1844 705 qui
1873 626 2105 709 omnia,.

499 736 639 791 quae
665 726 789 790 post
813 720 984 775 Deum
1018 727 1166 783 sunt,
1189 716 1419 772 naturali
1447 726 1595 772 motu
1622 717 1827 789 appetit
1856 716 2077 782 intueri,

497 823 788 880 omneque,
826 810 969 878 quod
1015 808 1223 862 viribus
1271 800 1656 877 intelligentiae
1699 815 1879 879 potest
1914 800 2107 877 inspi-f

498 912 648 963 cere,
675 898 744 953 ad
767 881 992 952 laudem.
1012 895 1293 951 Creatoris
1320 895 1547 950 referre.
1574 897 1713 951 Hinc
1753 897 1809 951 in
1835 897 2081 952 ordinem

499 998 676 1052 suum,
723 986 1175 1058 perfectissimum
1225 986 1346 1042 dico
1381 987 1593 1042 divinae
1614 980 2105 1057 contemplationis

498 1077 768 1144 habitum,
790 1074 1066 1146 subjectus
1081 1074 1236 1144 juxta
1263 1076 1516 1130 donatam
1539 1075 1640 1131 sibi
1665 1077 1895 1146 gratiam
1918 1074 2103 1133 unus—'

499 1171 726 1239 quisque
757 1169 1024 1233 ascendit,
1057 1170 1160 1225 hoc
1186 1178 1289 1233 est,
1315 1168 1368 1222 in
1398 1168 1573 1237 ipsum
1600 1166 1792 1230 Deum,
1821 1167 1907 1221 cui
1940 1167 2109 1222 simi-“

496 1259 565 1316 lis
609 1261 712 1317 erit
736 1303 750 1327 ,
800 1270 855 1316 et
895 1262 948 1315 in
974 1276 1080 1331 quo
1120 1248 1633 1316 incomniutahiliter
1662 1259 1847 1313 stabit.
1880 1258 1948 1313 Et
1981 1260 2105 1314 hoc'

497 1363 605 1419 est,
632 1354 776 1424 quod
822 1354 1070 1429 sequitur
1096 1370 1108 1407 :
1138 1352 1386 1409 deiformi
1421 1361 1683 1422 quantum
1725 1351 1985 1422 possibile
2011 1351 2105 1406 εἰς·

500 1449 724 1510 mutata.
758 1449 809 1504 id
837 1457 942 1516 est,
973 1450 1167 1506 similis
1194 1459 1249 1505 et
1281 1452 1298 1481 ⁸
1327 1452 1441 1520 ipsa
1492 1448 1761 1504 ierarchia
1790 1464 2087 1518 omnesque

497 1538 792 1612 participes
835 1541 952 1613 ejus
993 1542 1276 1607 deiformi,
1328 1542 1535 1597 formae
1575 1541 1815 1597 omnium
1859 1541 2085 1607 scilicet,

499 1647 640 1701 quae
662 1633 804 1688 Deus
824 1641 930 1699 est,
961 1643 1219 1704 quantum
1256 1633 1509 1704 possibile
1538 1645 1822 1690 creaturae
1863 1633 2089 1689 Creato-

500 1727 575 1779 ris
619 1726 1026 1782 similitudinem
1077 1727 1429 1799 participare;
1475 1729 1638 1797 inque
1686 1727 1857 1798 ipsam
1903 1743 2090 1784 ascen-

499 1816 630 1870 dens
677 1811 1223 1887 "proportionaliter
1254 1819 1274 1849 ³
1316 1828 1371 1873 ει
1417 1830 1780 1891 congruenter
1813 1819 1967 1889 juxta
2008 1821 2090 1874 in-

2184 623 2322 694 ejus,
2339 620 2794 686 Patrisvidelicet,
2814 620 3041 675 mundat
3055 634 3155 674 nos
3167 618 3233 674 ab
3247 620 3394 674 omni
3408 618 3637 676 delicto:
3648 661 3665 686 ,
3685 622 3780 678 sed

2185 713 2350 783 ipsius
2381 712 2659 776 divinitas,
2692 725 2793 766 nec
2824 726 2931 765 non
2956 716 3012 764 et
3032 707 3214 764 Patris
3244 717 3300 764 et
3327 708 3563 781 Spiritus
3583 712 3775 779 sancti,

2183 804 2348 860 unius
2374 803 2490 869 Dei,
2527 802 2691 858 totius
2713 786 3055 873 purgationis
3072 811 3127 855 et
3146 799 3557 856 illuminationis
3576 811 3632 856 et
3655 816 3779 871 per-

2184 893 2435 950 fectionis
2456 904 2539 948 est
2565 894 2924 965 principium;
2965 907 3073 948 non
3106 893 3249 962 quod
3282 892 3366 947 illa
3394 893 3595 960 hostia,
3617 894 3668 948 id
3689 903 3775 950 est

2185 987 2439 1041 divinitas
2452 984 2560 1040 ulli
2591 986 2634 1018 ¹⁷
2661 984 2927 1056 superiori
2954 1000 3013 1039 se
3038 985 3429 1051 immolaretur,
3462 988 3585 1057 quia
3609 1000 3771 1068 supra

2185 1096 2244 1137 se
2268 1078 2400 1135 nihil
2443 1089 2545 1143 est,
2571 1081 2665 1135 sed
2710 1080 2854 1149 quod
2896 1094 2961 1134 eo
3003 1079 3164 1135 modo
3204 1077 3475 1148 loquendi,
3511 1095 3617 1150 quo
3634 1081 3768 1135 bau-

2158 1175 2245 1228 'sa
2275 1187 2370 1242 per
2404 1170 2605 1225 factum
2635 1170 2681 1202 ¹⁸
2707 1170 3065 1240 signiﬁcatur,
3097 1170 3533 1234 hostia'dicitur.
3570 1187 3635 1227 ac
3675 1185 3775 1242 per

2184 1264 2309 1327 hoc,
2349 1263 2605 1332 quoniam
2649 1262 2765 1333 ipsa
2795 1276 2962 1316 causa
2998 1270 3054 1317 et
3093 1246 3418 1333 principium
3446 1262 3778 1334 purgationis

2186 1344 2364 1422 est“,
2395 1371 2498 1411 non
2527 1356 2823 1425 incongrue
2849 1354 3098 1425 purgatio
3126 1354 3325 1410 dicitur
3359 1363 3416 1408 et
3435 1354 3632 1416 hostia,
3659 1370 3781 1412 cum

2186 1434 2306 1520 plus
2340 1462 2500 1516 quam
2533 1447 2709 1501 hostia
2745 1446 2834 1500 sit.
2868 1444 3008 1500 Hinc
3049 1445 3164 1514 ipse
3190 1444 3484 1516 Dionysius
3526 1446 3580 1499 in
3612 1460 3781 1516 nega-

2189 1540 2427 1595 tionibus
2439 1540 2701 1611 mysticae
2717 1538 3020 1608 theologiae
3042 1537 3119 1591 ait
3144 1554 3157 1590 :
3187 1557 3206 1588 ι
3235 1536 3424 1606 Neque
3437 1538 3611 1591 hostia
3630 1546 3713 1592 est
3731 1556 3780 1604 ι,

2189 1632 2374 1686 volens
2403 1631 2468 1685 de
2496 1646 2559 1686 ea
2583 1630 2900 1701 praedicare
2925 1628 2992 1693 ὀ,
3023 1629 3143 1697 plus
3180 1644 3343 1698 quam
3371 1630 3605 1684 hostiam
3636 1644 3777 1696 esse,

2190 1708 2245 1778 et
2280 1722 2581 1777 hostiarum
2618 1722 2967 1792 principium.
3007 1720 3186 1788 Quare
3233 1719 3508 1789 subiunxit
3544 1737 3559 1778 :
3601 1721 3779 1776 distri-

2195 1814 2375 1869 butiva
2404 1828 2536 1869 vero
2562 1813 2630 1879 “,
2663 1813 2779 1885 ipsa
2806 1811 3058 1868 videlicet
3090 1811 3309 1867 divina.
3355 1852 3369 1866 .
3411 1851 3425 1864 .
3473 1852 3486 1866 .
3531 1852 3546 1866 .
3591 1853 3605 1867 .
3647 1851 3662 1867 .
3704 1852 3719 1867 .
3761 1851 3779 1868 .

499 1907 638 1962 ditas
663 1908 711 1962 ei
740 1908 1000 1963 divinitus
1046 1896 1485 1975 illuminationes,
1536 1913 1650 1967 sive
1693 1926 1791 1983 per
1837 1922 2087 1968 naturam

501 1998 728 2053 rationis
754 2007 807 2052 et
832 2000 1135 2056 intellectus
1152 2001 1468 2073 dignitatem
1497 2003 1541 2068 ⁸,
1573 2003 1685 2057 sive
1711 2018 1807 2071 per
1832 2004 2107 2074 gratiam,‘

500 2103 639 2156 quae
670 2089 1056 2160 participantes
1086 2105 1145 2145 se
1167 2107 1329 2160 supra
1369 2091 1644 2147 naturales
1667 2091 2092 2149 illuminationes

502 2179 553 2231 in
580 2179 753 2248 ipsum
777 2180 1226 2238 Deunrsubleval.
1249 2182 1380 2245 Post
1395 2182 1760 2239 definitionem
1782 2170 2109 2251 veroierar-i

501 2264 658 2324 Chiae
686 2271 802 2326 laus
845 2287 1089 2328 summae
1118 2274 1381 2329 bonitatis
1410 2277 1673 2345 sequitur,
1715 2277 1870 2348 cujus
1902 2274 2107 2332 simili?

502 2351 961 2421 tudinemiomnis
991 2367 1196 2438 appetit
1230 2367 1500 2421 ierarchia
1529 2382 1543 2420 :
1572 2367 1762 2421 Divina
1802 2366 2109 2437 pulchmu-_

500 2455 592 2539 do,
614 2440 902 2528 ut'simpla,
931 2467 990 2513 ut
1012 2463 1231 2528 optima,
1258 2467 1313 2511 ut
1335 2457 1862 2531 τιλεταρχικάθριινα
1883 2459 2093 2529 quidem

502 2557 579 2602 est
611 2549 979 2603 universaliter
1027 2550 1168 2604 omni
1209 2550 1231 2580 ⁸
1262 2549 1717 2616 dissimilitudine,
1761 2551 2092 2605 distribution

501 2655 620 2694 vero
635 2642 919 2696 secundum
940 2642 1248 2713 dignitatem
1270 2642 1788 2713 uniuscujuscunque
1801 2641 1999 2712 proprii
2013 2641 2095 2694 lu-

500 2730 657 2785 minis
694 2731 737 2795 ’,
765 2742 813 2786 et
846 2732 1129 2801 perfectiva
1166 2727 1234 2786 in'
1266 2733 1529 2803 sacri/icio
1561 2723 1888 2787 divinissimo
1911 2749 2095 2787 secun-

500 2808 627 2873 dum
670 2821 741 2875 ad
765 2809 990 2889 sEipsam
1035 2821 1382 2891 perfectorum
1406 2831 1672 2893 compacto
1716 2823 2113 2878 immutabilent'

502 2910 889 2978 formationem.
924 2912 1082 2983 Pura
1104 2955 1120 2979 ,
1164 2914 1361 2983 inquit,
1412 2924 1496 2969 est
1535 2922 1591 2969 et
1625 2915 1846 2971 omnino
1892 2913 2039 2971 omni
2069 2915 2093 2946 "

502 3005 942 3061 dissimilitudine
969 3009 1167 3061 munda
1208 3016 1265 3063 et
1299 3007 1543 3062 absoluta
1588 3007 1766 3062 divina
1795 3000 2103 3078 pulchritu-L

502 3096 593 3161 do,
621 3113 720 3152 nec
748 3098 1039 3161 immerito,
1065 3100 1190 3168 quia
1215 3100 1407 3171 simpla
1431 3111 1532 3164 est,
1564 3102 1690 3170 quia
1711 3102 1936 3172 optima,
1964 3100 2090 3172 quia

500 3190 895 3259 perfectionum
932 3200 988 3243 et
1014 3189 1467 3248 illuminationum
1510 3194 1843 3263 principalis.
1876 3193 2008 3248 Nam
2037 3205 2093 3249 et

500 3280 619 3351 ipsa
650 3281 877 3351 simplex
906 3291 961 3337 et
988 3282 1193 3350 optima
1242 3284 1421 3339 divina
1442 3285 1787 3355 pulchritudo
1814 3286 1859 3352 ’,
1891 3287 1975 3341 cui
1997 3287 2094 3341 ad—

502 3371 732 3426 haerere
759 3370 801 3402 ¹⁶
845 3370 1148 3453 similisque
1192 3373 1241 3428 ei
1292 3373 1406 3428 ﬁeri
1454 3375 1630 3430 omnis
1660 3375 1698 3406 “
1737 3377 1845 3429 vita
1869 3388 2095 3448 purgata

471 3462 739 3518 ‘naturali
760 3464 965 3534 appetit
1004 3465 1290 3531 desiderio,
1314 3482 1419 3520 non
1452 3466 1613 3521 aliam
1659 3467 1730 3523 ob
1760 3483 1974 3524 causam
2009 3492 2093 3527 τε-

501 3553 786 3626 λεταρχαή
802 3554 848 3585 ¹²
865 3569 895 3609 a
911 3554 1113 3609 sanctis
1130 3555 1391 3626 theologis
1410 3558 1609 3612 meruit
1630 3558 1835 3637 vocari,
1860 3574 2021 3628 quam
2046 3560 2091 3591 ¹³

504 3643 649 3716 quod
676 3646 851 3705 τελιτή
875 3645 1053 3721 ἀρχῆς
1077 3646 1230 3712 “sit,
1283 3647 1387 3702 hoc
1431 3655 1533 3713 est,
1572 3648 1745 3703 hostia
1780 3650 2092 3721 principalis

503 3746 559 3792 et
594 3739 877 3811 purgativa
928 3738 1209 3795 rationalis
1251 3751 1306 3797 et
1360 3740 1741 3797 intellectualis
1787 3753 2087 3799 creaturae.

503 3824 709 3897 Purgat
746 3827 792 3858 "
812 3829 956 3882 enim
978 3829 1241 3885 caelestes
1272 3831 1484 3887 animos
1515 3833 1582 3886 ab
1606 3833 1910 3903 ignorantia
1938 3850 2088 3890 sum-

503 3917 580 3971 mi
606 3918 733 3972 boni
761 3919 985 3990 ipsoque
1013 3923 1244 3991 superbo
1286 3931 1343 3976 et
1368 3922 1724 3979 irrationabili
1767 3935 1935 3990 motu,
1983 3942 2091 3997 quo

505 4016 790 4080 apostatae
840 4011 1063 4081 spiritus
1094 4012 1147 4066 in
1195 4023 1475 4068 aeternum
1517 4016 1854 4086 praecipitati
1887 4017 1930 4049 ³⁸
1965 4028 2091 4074 sunt

504 4106 852 4156 tormentum.
884 4100 1086 4174 Purgat
1120 4103 1385 4159 humanos
1412 4106 1621 4162 animos
1649 4108 1718 4163 ab
1748 4109 1894 4163 omni
1923 4112 2091 4166 nebu-

504 4191 617 4248 losa
656 4192 903 4266 caligine,
947 4210 1053 4263 qua
1080 4195 1372 4266 impeditur
1414 4198 1602 4254 oculus
1644 4200 1880 4267 mentis,
1930 4192 2091 4272 quem

502 4285 805 4356 philosophi
829 4289 1095 4344 rationem
1123 4290 1328 4357 dicunt,
1364 4307 1431 4347 ne
1453 4292 1738 4349 veritatem
1766 4297 1939 4365 possit
1965 4296 2093 4352 con-~

504 4378 725 4447 spicari,
767 4380 993 4450 ejusque
1036 4381 1438 4452 pulchritudine
1476 4384 1749 4441 delectari.
1791 4387 1995 4460 Purgat
2023 4372 2091 4443 ab

2196 2043 2448 2116 [Periodo
2469 2043 2640 2116 media
2660 2040 2897 2116 praecise
2920 2047 2996 2116 est
3013 2038 3286 2116 expositio,
3305 2054 3465 2107 neque
3484 2038 3595 2116 ipse
3610 2046 3782 2116 (cattus

2195 2107 2432 2169 codicum
2455 2112 2531 2166 vel
2553 2107 2779 2183 spatium
2801 2109 2880 2183 vel
2902 2107 3107 2183 signant
3130 2107 3562 2183 omninqprodit,
3590 2108 3777 2183 qnibns

2194 2185 2475 2245 indicetur,
2500 2177 2677 2236 deesse
2697 2181 2792 2235 hoc
2830 2177 3285 2251 locdquidquam.‘
3308 2177 3516 2251 Etenim
3546 2178 3598 2231 in
3625 2180 3773 2251 codi-

2195 2255 2340 2309 cibus
2380 2263 2505 2325 post
2538 2248 3169 2325 ipsa'videiieetp'divina
3221 2248 3401 2325 eadem
3447 2248 3584 2300 linea
3648 2248 3776 2317 legis

2195 2326 2441 2379 continuo
2459 2340 2476 2378 :
2495 2324 2755 2379 luminum
2779 2322 3012 2377 dationis
3033 2322 3363 2390 acceptivum
3386 2328 3508 2381 cet.,
3525 2328 3776 2390 tanquam

2195 2396 2322 2449 haec
2345 2394 2763 2465 essentejusdem
2783 2392 2985 2465 periodi
3004 2386 3177 2453 verba,
3201 2404 3359 2465 quum
3379 2389 3689 2465 reapsejnm
3709 2386 3778 2440 ad

2194 2466 2467 2534 septimum
2493 2459 2797 2535 Cdpitulunt
2822 2463 3154 2535 pertineant,
3203 2459 3273 2513 ita
3314 2468 3368 2510 ut
3395 2459 3776 2535 erpositionnm

2196 2526 2339 2588 haud
2363 2536 2553 2604 exigua
2568 2526 2721 2602 'pars,
2743 2526 2932 2604 abhinc
2953 2532 3148 2604 scilicet
3176 2545 3339 2601 usque
3372 2529 3442 2583 ad
3464 2526 3781 2599 ’Capitulum

2205 2604 2315 2661 γη
2341 2597 2714 2676 [ονεήιεδάαηι
2733 2597 3104 2674 desideretur.]

2711 2712 3113 2771 CAPITULUM
3148 2711 3260 2768 VII.

2194 2928 2458 2983 luminum
2529 2926 2762 2983 dationis
2828 2924 3202 2996 acceptivum,
3252 2921 3336 2977 vel
3384 2922 3527 2977 sicut
3567 2915 3780 2990 planius

2197 3018 2543 3083 transfertur,
2570 3015 3139 3087 supercxcelsissimae
3180 3011 3589 3068 illuminationis
3617 3026 3775 3066 acce-

2194 3112 2421 3182 ptivum,
2453 3111 2554 3165 hoc
2579 3118 2696 3175 est,
2722 3124 2917 3179 capax.
2952 3106 3162 3162 Habent
3191 3104 3456 3175 siquidem
3486 3103 3781 3173 gnosticam

2197 3202 2478 3261 virtutem,
2521 3200 2574 3254 id
2613 3210 2714 3263 est,
2755 3199 3015 3254 scientiae
3052 3196 3329 3261 habitum;
3366 3194 3567 3249 habent
3611 3192 3782 3249 deivi-

2123 3260 2169 3323 Ο
2200 3295 2324 3350 dam
2351 3295 2421 3360 “,
2454 3260 2621 3347 Deum
2670 3260 2923 3347 videlicet
2972 3260 3401 3345 considerantem
3455 3286 3777 3358 speculatio-

2196 3403 2341 3454 nem,
2372 3395 2426 3441 et
2452 3384 3014 3457 superexcelsissimae
3058 3382 3468 3438 illuminationis
3502 3379 3773 3449 capacita—

2195 3487 2338 3542 tem;
2390 3477 2593 3531 habent
2639 3474 2953 3539 tereticam,
3006 3473 3111 3527 hoc
3151 3480 3252 3535 est,
3306 3469 3771 3540 contemplativam

2195 3568 2476 3623 scientiam
2517 3564 2979 3637 praeoperatricis
3018 3564 3239 3619 virtutis
3265 3563 3478 3619 divinae
3511 3560 3782 3617 decorosi-

2194 3662 2320 3716 tatis
2345 3678 2360 3728 ;
2390 3660 2591 3716 habent
2616 3660 3004 3731 plenitudinem
3051 3658 3421 3728 sapientiiicae
3454 3656 3777 3720 traditionis,

2194 3753 2474 3809 doetrinae
2512 3752 2735 3818 scilicet,
2771 3767 2910 3823 quae
2943 3766 3172 3821 capaces
3213 3751 3296 3806 sui
3328 3752 3537 3806 animos
3571 3736 3781 3820 sapien-

2196 3852 2274 3901 tes
2301 3844 2463 3901 eiﬁcit
2482 3846 2549 3913 ¹³;
2576 3844 2780 3902 habent
2808 3844 3351 3901 communicationem
3383 3843 3716 3899 abundanter
3736 3840 3783 3872 “

2193 3937 2260 3993 ad
2289 3935 2545 4001 secunda,
2578 3938 2681 3994 hoc
2720 3948 2822 4003 εει,
2867 3938 2931 3993 ad
2970 3945 3320 4007 assequentes
3345 3935 3392 3968 "
3413 3935 3651 4000 ordines,
3693 3934 3779 3989 fn-

2193 4029 2331 4085 sioni
2352 4027 2511 4084 datae
2530 4029 2848 4098 sapientiae,
2871 4028 2955 4083 vel
2973 4026 3181 4096 planius
3203 4025 3550 4091 transfertur,
3570 4024 3783 4079 fusione

2193 4122 2425 4176 donatae
2472 4120 2788 4191 sapientiae,
2843 4126 2901 4174 ut
2946 4119 3018 4175 sit
3064 4115 3682 4185 sensus:Sequentibus
3719 4127 3779 4168 se

2192 4214 2473 4269 ordinibus
2518 4202 2923 4268 (communicant
2980 4209 3201 4278 fusioni,
3233 4211 3335 4264 hoc
3377 4218 3478 4271 est,
3509 4206 3578 4260 ad
3607 4204 3779 4260 fusio-

2194 4321 2317 4361 nem
2348 4305 2433 4360 vei
2474 4305 2529 4360 in
2570 4303 2780 4359 fusione
2818 4302 3051 4359 donatae
3091 4303 3170 4357 eis
3223 4301 3398 4379 primo
3461 4297 3777 4369 sapientiae,

2192 4404 2248 4451 et
2272 4409 2368 4464 per
2392 4409 2484 4449 eos
2512 4396 2862 4464 sequentibus
2891 4392 3206 4451 scditl‘usae
3230 4391 3298 4446 ".
3326 4391 3485 4447 Prius
3515 4388 3781 4459 siquidem

503 4470 650 4522 omni
686 4477 839 4522 reatu
862 4472 1073 4536 mortis,
1104 4483 1378 4540 postremo
1414 4474 1481 4528 ab
1512 4475 1628 4545 ipsa
1680 4487 1854 4533 morte
1893 4489 2089 4551 purgat
2193 4486 2310 4557 ipsa
2339 4500 2549 4540 summa
2582 4486 2867 4555 sapientia,
2900 4500 3039 4556 quae
3068 4483 3211 4539 Deus
3239 4491 3345 4548 est,
3378 4482 3432 4536 in
3462 4495 3556 4535 eos
3585 4478 3781 4533 diﬂ‘un—

505 4565 747 4649 aeterna.
781 4558 898 4649 Non
938 4562 1083 4615 enim
1125 4566 1461 4634 purgationis
1504 4565 1717 4622 initium
1743 4577 1826 4624 est
1874 4569 2086 4627 Domini
2118 4617 2169 4649 π
2194 4581 2339 4635 ditur
2366 4581 2411 4612 ³⁷
2443 4578 2782 4646 immediate;
2841 4579 3035 4635 deinde
3058 4592 3178 4649 per
3228 4590 3323 4632 eos
3356 4563 3436 4628 ~in
3489 4560 3777 4627 inferim‘eé

504 4647 677 4702 ηοειτί
698 4646 826 4703 εἶθευ
852 4648 1053 4704 Christi
1080 4650 1407 4719 humanitas.
1439 4658 1687 4726 quamvis
1709 4659 1821 4727 ipsa
1844 4675 1944 4730 ι)νο
1969 4677 2091 4732 pur-
2117 4617 2169 4678 Β
2197 4672 2339 4727 fusio
2376 4671 2467 4727 illa
2508 4670 2691 4726 deﬂuit
2726 4622 2899 4726 itistar
2943 4617 3184 4725 fluminis
3220 4668 3472 4723 deorsum
3513 4662 3774 4721 salientis.

506 4739 725 4810 gatione
751 4741 915 4798 totius
958 4744 1145 4800 mundi
1168 4756 1354 4803 sancta
1390 4755 1445 4802 et
1482 4749 1640 4805 unica
1685 4751 1860 4809 hostia
1888 4755 2087 4812 immo-
2194 4758 2325 4815 Post
2348 4740 3237 4830 explanationem.nominationum
3261 4754 3547 4828 Seraphim
3566 4761 3623 4809 et
3641 4749 3781 4808 Che-

1795 4910 2495 4985 VARIAELECTIONES.

500 5068 507 5074 ο
573 5039 990 5126 A’Dﬁrad'corr:
1021 5052 1117 5099 est.
1216 5044 1238 5075 ’
1264 5043 1417 5102 Corr.
1445 5047 1538 5126 _B‘,
1567 5048 2023 5126 alligare-endem.
2120 5050 2142 5084 ³
2161 5052 2212 5126 Α
2234 5053 2641 5126 proportiatiter.
2683 5054 2738 5126 η*
2763 5053 2807 5108 Α
2839 5054 3111 5126 dignitate.
3188 5054 3210 5086 ⁸
3235 5052 3297 5107 Β·
3322 5066 3497 5126 marg.
3524 5052 3699 5126 adscr.
3723 5050 3779 5109 id

506 5124 582 5195 est
603 5112 1004 5195 theletnrcigq‘i.
1031 5132 1078 5169 e.
1109 5112 1541 5195 comnmmativa.
1616 5121 1637 5195 ἦ
1663 5122 1724 5177 Β*
1739 5137 1918 5195 marg.
1947 5122 2131 5195 adscr.
2159 5112 2419 5179 ab'om'ni.
2492 5125 2517 5195 ἶ
2541 5125 2870 5179 distributira
2896 5112 2966 5165 :-
2985 5125 3197 5195 tuminis
3214 5139 3334 5195 _om.
3364 5112 3478 5189 Αιῖζ
3506 5124 3573 5178 ad
3601 5137 3775 5195 marg.

506 5188 686 5243 adscr.
878 5184 900 5216 “
919 5183 985 5272 ξ’
1005 5201 1182 5272 marg.
1207 5189 1471 5272 ωεστ-...ηρ
1493 5193 1660 5272 omni.
1736 5191 1759 5223 ’
1788 5183 2354 5272 B‘"supt_'anadscr.est.
2427 5195 2474 5272 ff
2495 5193 2823 5272 βλιρἡςτετ.
2868 5196 2945 5272 Α¹¹
2977 5194 3138 5272 _Sic_g,
3165 5193 3254 5249 ΑΒ
3278 5183 3577 5272 omnisque.
3630 5194 3689 5272 fi
3719 5183 3778 5259 B'

507 5272 681 5343 ’φινε-
912 5254 1264 5343 Marii“-
1361 5259 1405 5291 "
1427 5259 1605 5343 Caria
1634 5277 1732 5332 ιπο
1759 5279 1917 5343 erat?
1939 5254 2090 5343 ABG.

2189 5275 2327 5334 ipter.
2425 5266 2468 5343 ‘f
2491 5265 2623 5322 ABG
2653 5265 2828 5343 τελετὴ
2850 5266 3043 5343 έιρχξς,
3071 5254 3135 5343 B_‘
3158 5280 3329 5343 m_arg_.
3355 5254 3505 5343 arise.
3535 5254 3784 5318 theletdr-

508 5325 655 5407 aliis;
717 5325 1262 5407 "__B:_ma‘rg._a‘ds_cr.
1289 5345 1452 5407 quare
1463 5325 1651 5407 diéjna'
1679 5325 2232 5407 pulchritudojicitg'r
2254 5338 2549 5407 purgatiua.
2642 5336 2697 5407 ξε
2716 5325 2822 5407 βίε
2842 5325 2905 5403 Ο,
2929 5325 3437 5407 Κῧρνὶηεὶραῖὶηιξθ
3474 5349 3783 5407 ωιτη-ργα-

504 5398 657 5478 fecti.
738 5397 801 5478 ,ιτ
833 5395 926 5452 Sic
946 5395 1133 5478 ρ,
1161 5395 1310 5451 ἕω.-⁷
1340 5399 1509 5478 "_Sic
1531 5402 1572 5457 C
1600 5412 1656 5478 et
1679 5395 1979 5478 ἰςιιίιηεοιίεἶ
2005 5402 2201 5478 AB
2226 5395 2531 5478 perfectum.
2615 5405 2679 5478 _“
2714 5405 2759 5460 B
2795 5416 2872 5478 est
2890 5395 3244 5478 purgationis.
3320 5404 3366 5437 '°
3394 5403 3438 5459 B
3477 5395 3782 5478 praedicare

508 5466 687 5547 volens
714 5466 780 5548 de
802 5483 885 5521 ea.
961 5468 1008 5499 ²¹
1030 5466 1072 5521 Β
1097 5470 1111 5490 ‘
1140 5483 1314 5540 marg.
1344 5470 1546 5526 adscr.:
1584 5472 1779 5553 Abihoc
1810 5470 1921 5526 loco
1945 5473 2120 5554 deﬁcit
2141 5466 2392 5543 exposiiio
2413 5490 2575 5546 usque
2591 5476 2707 5599 {ere
2749 5476 2818 5532 ad
2839 5466 3065 5547 primdm
3089 5479 3299 5532 tertiam
3344 5466 3546 5558 partem
3577 5473 3781 5556 septimi

511 5534 748 5599 capituli.
778 5534 989 5591 Recens
1018 5553 1208 5593 manus
1239 5554 1349 5593 sec.
1394 5540 1510 5599 XV.
1550 5551 1605 5595 ut
1632 5544 1862 5599 Vi-ietur,
1895 5545 2099 5596 addidit
2125 5561 2137 5596 :
2166 5543 2245 5597 Ab
2270 5544 2365 5599 hoc
2394 5546 2527 5599 loco.
2552 5564 2586 5599 τι
2623 5564 2640 5599 ι
2662 5556 2775 5599 nou
2799 5550 3113 5599 principium
3140 5550 3281 5599 tertii
3304 5545 3523 5599 canunt:
3543 5546 3740 5598 dicitur
3760 5556 3780 5596 :

511 5534 748 5614 σαρίιμιί.
768 5534 989 5617 ,Βεεειιε
1018 5553 1208 5593 manus
1239 5534 1349 5593 εἶξε.
1394 5540 1510 5605 XV,
1550 5551 1605 5595 ut
1632 5542 1862 5603 vitetur,
1895 5534 2099 5596 addidit
2125 5561 2137 5596 :
2166 5534 2245 5597 A'b
2270 5544 2365 5599 hoc
2394 5534 2527 5610 loco,
2552 5534 2642 5600 ubi
2662 5556 2775 5616 post
2799 5534 3113 5618 principium
3140 5550 3281 5602 tertii
3304 5534 3523 5616 capitati
3543 5534 3740 5598 dicitur
3760 5556 3780 5596 :

511 5603 846 5690 4i§igbgltttq
864 5614 955 5690 ,ἀεί’
982 5609 1179 5690 praprii
1204 5607 1727 5690 Inminiasecunduin
1754 5612 2059 5690 dignitatern
2113 5623 2235 5679 cet.,
2261 5616 2435 5686 deﬁcit
2456 5617 2716 5690 Δεσροεριὶο
2746 5635 2911 5689 usque
2941 5619 3011 5690 ad
3034 5620 3310 5690 septimum
3335 5632 3549 5684 passum
3576 5614 3784 5690 septimi

511 5672 753 5757 capituli,
787 5673 874 5757 ulti
899 5672 1094 5757 dicitur:
1119 5680 1585 5757 ροιςς.ριςὶηεὶρξιίῃιΔ
1616 5672 2122 5757 :jpstz'Cherubipt
2140 5672 2268 5757 vero
2317 5672 2578 5756 éogm'tuin
2613 5672 2845 5757 ipsorum
2873 5699 2920 5743 et
2960 5672 3058 5742 Dei
3079 5672 3365 5757 inspectum
3404 5696 3502 5741 cet.
3761 5685 3781 5704 ⁴

510 5743 964 5828 εονιέεειῃαάατη.
1041 5746 1088 5777 ³³
1108 5743 1153 5803 Ᾱ
1175 5743 1367 5815 effecit.
1432 5743 1488 5780 '“
1511 5743 1950 5807 Bhabutzdanter.
2026 5752 2149 5808 "B‘
2169 5769 2315 5813 corr.
2338 5743 2697 5828 adse‘quentés.
2773 5759 2821 5790 "
2838 5759 2996 5815 Corr.
3018 5759 3081 5814 Β·
3130 5743 3219 5814 ᾸΒ
3240 5757 3479 5827 defusae.
3555 5754 3602 5789 ’τ
3622 5754 3670 5810 Α
3691 5754 3785 5812 de-

508 5810 772 5883 funditur.
