4178 6266
340 342 347 348 .
370 387 479 444 ΓΠ

1213 384 1442 442 SUPER
1479 383 1911 442 [ERARCHIAM
1949 380 2357 440 CAELES'I‘EM
2396 381 2454 439 S.
2497 379 2819 439 DIONYSIL

3554 383 3655 438 178

376 502 565 557 rubim
597 502 616 534 ι
655 500 1103 574 signiﬁcationem
1153 502 1175 532 ’
1216 499 1558 557 Thronorum
1591 482 1843 557 vocabuli
1873 515 1968 555 ex-
1996 504 2047 564 Α
2074 506 2314 553 mentum
2346 499 2472 553 totis
2500 496 2792 553 virtutibus
2825 494 3341 585 incommutabiliter
3364 505 3419 552 et
3446 497 3656 555 stabili-

378 594 691 665 ponendam
724 602 1117 663 consequenter
1150 592 1469 665 ingreditur.
1520 591 1649 663 Ipsa
1680 601 1857 646 autem
1882 592 1965 647 al-

2029 617 2037 627 α
2072 597 2154 645 ter
2181 605 2245 646 ac
2271 589 2571 660 ponderose
2604 587 2751 644 circa
2775 602 2908 644 vere
2944 586 3238 654 excelsum,
3270 601 3539 643 summum
3566 590 3653 643 vi-

387 686 707 739 tissimarum
732 694 1196 756 etcompectarum
1222 684 1426 739 sellium
1464 685 1606 739 omni
1630 684 1651 715 ³
1690 683 1969 754 diligenter
2026 696 2032 700 '
2067 682 2261 739 delicet
2304 684 2525 749 bonum,
2566 682 2710 752 quod
2757 681 2899 737 sicut
2937 694 3068 736 vere
3106 681 3326 746 bonum,
3370 681 3445 735 ita
3485 680 3651 739 etiam

391 775 607 831 exaltari
632 775 921 845 ignominia
949 774 1310 845 subjectionis,
1331 783 1383 829 et
1409 774 1478 828 ad
1499 790 1763 828 summum
1783 790 1966 844 super-

386 867 640 921 mundane
658 884 869 922 sursum
894 868 1090 938 ferens,
1112 875 1160 922 et
1182 883 1247 921 ea:
1267 868 1410 921 omni
1430 868 1755 922 etutremitate
1774 867 1965 936 ineﬁ‘a-

384 958 547 1014 biliter
571 960 628 1013 in
653 958 1111 1023 sublimissimum,
1144 968 1192 1013 et
1224 961 1365 1014 circa
1399 975 1510 1014 vere
1542 960 1803 1014 excelsum
1838 962 1962 1016 totis

381 1051 654 1106 virtutibus
702 1046 1202 1106 incommutabiliter
1244 1062 1294 1105 et
1333 1050 1585 1106 stabiliter
1628 1050 1956 1115 collocatum,

380 1151 428 1196 et
449 1142 617 1197 diuini
643 1142 1058 1211 superadvenlus
1092 1143 1147 1196 in
1164 1143 1305 1197 omni
1334 1142 1754 1212 impassibilitate
1785 1149 1834 1195 et
1862 1142 1963 1195 im-

383 1232 760 1287 materialitate
800 1234 1115 1303 acceptivum
1156 1243 1205 1287 et
1247 1232 1499 1303 deiferum
1544 1243 1592 1287 et
1634 1232 1963 1301 famulariter

388 1324 446 1377 in
486 1324 689 1378 divinas
732 1324 1082 1394 δυσιεριὶοΜ
1126 1332 1388 1394 apertum.
1446 1324 1503 1379 In
1552 1324 1653 1379 hac
1697 1325 1960 1379 sententia

386 1425 538 1487 patet
562 1417 605 1479 ⁸,
649 1417 913 1486 quaedam
943 1416 1438 1473 execlsissimarum
1476 1427 1533 1473 et
1558 1417 1960 1473 sublevatarum

380 1506 590 1561 sodium
638 1506 785 1561 omni
834 1506 1119 1577 diligenter
1189 1507 1374 1563 extolli
1441 1508 1963 1566 circumcalcationis

377 1594 460 1648 vel
508 1596 960 1652 deambulationis
1010 1597 1393 1665 niinoratione,
1424 1608 1479 1654 et
1507 1615 1723 1656 sursum
1769 1616 1958 1670 super-

371 1686 644 1740 mundane
686 1685 899 1753 ferens,
931 1695 988 1743 et
1015 1690 1164 1744 omni
1194 1689 1264 1745 ab
1288 1689 1311 1721 ⁸
1357 1692 1702 1747 extremitate
1747 1690 1960 1747 iniiexi-

367 1775 546 1831 biliter
570 1793 789 1833 sursum
817 1779 1076 1850 positum,
1106 1788 1161 1837 et
1176 1782 1336 1851 circa
1364 1795 1492 1837 vere
1530 1782 1958 1839 excelsissimum

2027 776 2033 783 '
2065 788 2196 832 vere
2223 775 2497 831 excelsum
2527 783 2631 831 est.
2681 774 2791 830 Nec
2825 789 2934 829 non
2972 775 3308 844 acceptivum
3337 774 3514 840 docet,
3544 776 3653 833 hoc

2066 877 2169 935 est,
2220 869 2587 938 acceptionem
2642 866 2809 923 divini
2860 867 3095 937 desuper
3139 852 3399 925 adventus
3450 868 3651 940 absque

2030 961 2422 1031 'passibilitate
2464 970 2517 1015 et
2557 961 2966 1025 materialitate,
2998 962 3094 1015 sed
3134 962 3188 1016 in
3215 962 3360 1018 omni
3399 963 3649 1032 impassi-

2062 1050 2155 1106 bili
2188 1051 2671 1105 immaterialitate.
2725 1049 2993 1120 Superant
3022 1066 3256 1121 namque
3283 1067 3497 1106 omnem
3527 1067 3652 1123 pas-

2028 1144 2035 1151 ’
2063 1143 2274 1198 sibilem
2302 1143 2607 1197 materiem.
2658 1141 2927 1197 Deiferum
2954 1157 3169 1213 quoque
3209 1143 3385 1209 docet,
3412 1142 3516 1199 hoc
3544 1155 3650 1213 est,

2062 1234 2336 1304 deigeram
2384 1249 2572 1288 eorum
2621 1234 2897 1288 virtutem.
2969 1232 3137 1288 Deum
3198 1250 3430 1305 namque
3484 1235 3651 1294 ευσε-

2029 1332 2189 1380 'runt
2218 1331 2275 1379 et
2296 1323 2603 1379 subvehunt
2645 1323 2998 1389 famulariter,
3046 1325 3148 1379 hoc
3188 1334 3292 1390 est,
3336 1325 3663 1383 obedienter'

2062 1418 2286 1474 laudant
2337 1418 2513 1486 ipsum
2566 1416 2794 1473 suil‘erre
2844 1426 2898 1472 et
2928 1418 3230 1473 subvehere
3277 1420 3479 1475 omnia.
3531 1418 3648 1475 Non

2061 1510 2205 1563 enim
2234 1506 2510 1574 suﬂ‘ertur,
2539 1509 2631 1563 sed
2660 1507 2879 1574 suﬂ‘ert;
2913 1524 3015 1564 nec
3039 1510 3378 1577 subvehitur,
3406 1514 3499 1568 sed
3526 1515 3652 1569 sub-

2061 1601 2245 1666 vehit;
2298 1592 2476 1667 neque
2523 1601 2674 1655 sedet
2721 1600 2775 1653 in
2810 1600 3009 1670 aliquo,
3038 1602 3129 1671 qui
3162 1602 3203 1632 ¹⁸
3231 1603 3284 1657 in
3335 1619 3392 1658 se
3436 1605 3647 1671 sedere,

2060 1692 2164 1746 hoc
2191 1700 2296 1754 est,
2326 1691 2607 1760 quiescere
2646 1689 2777 1746 facit
2816 1694 3018 1746 omnia.
3057 1694 3221 1748 Docet
3266 1704 3536 1763 apertum,
3561 1675 3649 1752 vel

2062 1784 2203 1839 sicut
2228 1783 2443 1853 planius
2475 1782 2819 1849 transfertur,
2849 1791 3181 1854 suggestum,
3213 1784 3318 1838 hoc
3347 1795 3450 1850 est,
3480 1786 3648 1843 sedile

367 1867 779 1925 uuiversalibus-
812 1870 1106 1927 virtutibus
1155 1873 1506 1929 immobiliter
1551 1882 1607 1930 et
1653 1874 1955 1945 ponderose
1982 1861 2113 1931 Bin
2160 1874 2371 1929 divinas
2417 1873 2807 1942 susceptioncs.
2882 1871 3021 1927 Sunt
3072 1873 3216 1926 enim
3273 1873 3647 1931 sublimissimi

366 1956 669 2026 fundatum,
695 1970 752 2016 et
775 1960 945 2017 divini
977 1964 1403 2034 superadventus
1430 1966 1487 2020 in
1519 1966 1957 2037 impassibilitate

363 2048 512 2104 omni
564 2058 622 2104 et
674 2053 1137 2109 immaterialitate
1176 2056 1514 2126 acceptivum
1579 2066 1635 2114 et
1686 2059 1955 2115 deil’erum

361 2148 419 2196 et
454 2138 795 2198 famulariter
830 2144 885 2197 in
936 2139 1150 2200 divinas
1189 2148 1565 2218 susceptiones
1610 2160 1951 2221 suggestum.

364 2230 502 2303 ipsa,
538 2234 713 2303 inquit
742 2235 763 2265 ⁸
782 2264 854 2276 -—
872 2237 1242 2306 superioribus
1292 2239 1546 2294 similiter
1573 2240 1902 2297 subauditur
1935 2261 1950 2296 :

368 2323 668 2379 nominatio
700 2326 1089 2381 altissiniarum
1128 2322 1201 2383 et'
1222 2340 1630 2401 compactamm
1660 2333 1746 2389 vel
1772 2334 1954 2390 suble-
2037 2354 2047 2365 ο

368 2424 622 2471 vatarum
651 2419 885 2485 aedium;
913 2434 979 2474 ex
1005 2420 1258 2492 ambiguo
1284 2423 1428 2478 enim
1460 2440 1659 2495 graeco
1691 2427 1955 2484 transfer-

368 2516 501 2563 tur:
530 2511 845 2584 ἕπηρμᾶνων,
896 2511 1061 2581 quod,
1090 2519 1276 2567 utrum
1313 2529 1345 2567 a
1378 2516 1549 2571 verbo
1602 2516 1777 2593 ἐπάρω
1798 2519 1845 2585 ⁷,
1897 2519 1953 2574 id

361 2611 450 2659 est
494 2616 801 2676 compango
836 2603 924 2659 vel
958 2605 1160 2671 aduno,
1199 2622 1267 2661 an
1310 2621 1343 2661 a
1370 2610 1541 2664 verbo
1585 2611 1782 2685 ἕπαίρω
1806 2612 1850 2678 ⁸,
1900 2614 1953 2669 id

359 2700 444 2750 est
471 2693 700 2750 sustollo
722 2693 744 2727 ⁸
767 2696 1049 2776 derivatur
1072 2697 1145 2763 “,
1191 2697 1413 2754 dubium
1444 2709 1528 2755 est
1559 2731 1632 2742 --
1668 2703 1822 2759 docet
1852 2706 1951 2762 hoc

363 2782 689 2857 diligenter;
721 2786 862 2855 Quid
905 2790 1100 2844 docet?
1143 2789 1385 2845 Exaltari
1433 2791 1591 2861 plane
1635 2809 1727 2850 eas
1771 2796 1944 2865 sedes,

365 2874 455 2930 vel
479 2877 664 2932 extolli
692 2878 760 2933 ab
784 2880 933 2934 omni
961 2880 1278 2950 ignominia,
1307 2881 1516 2939 vilitate
1539 2884 1743 2941 scilicet
1768 2887 1946 2957 subje-

371 2967 594 3034 ctionis,
617 2970 705 3024 vel
731 2972 1042 3041 expressius
1078 2973 1420 3041 translatum,
1450 2975 1516 3031 ab
1542 2979 1682 3033 omni
1715 2979 1947 3036 circum-

374 3055 694 3114 calcatiouis
726 3075 820 3115 seu
848 3062 1291 3123 deambulationis
1335 3066 1714 3124 minoratione.
1763 3070 1834 3125 Et
1860 3081 1946 3128 est

372 3163 602 3206 sensus:
629 3150 964 3207 Thronorum
1003 3156 1297 3211 nominatio
1326 3158 1511 3223 docet,
1542 3160 1945 3220 excelsissimas

363 3241 575 3299 divinas
599 3244 755 3299 sedes
785 3245 1072 3318 diligenter
1109 3249 1335 3321 exaltari
1364 3252 1435 3308 ab
1465 3255 1613 3309 omni
1645 3256 1943 3327 ignominia

352 3332 605 3392 mbditae
628 3337 919 3394 multorum
944 3340 1166 3410 pedibus
1192 3341 1492 3402 inlimitatis
1520 3347 1586 3413 “,
1615 3358 1671 3403 et
1698 3349 1767 3404 ab
1790 3350 1941 3405 omni

347 3426 471 3484 loco
500 3429 711 3496 humili,
755 3431 1435 3501 qui‘circumcalcantium
1489 3447 1546 3495 et
1593 3441 1944 3498 deambulan-

348 3524 485 3580 tium
514 3525 718 3596 plantis
766 3528 960 3584 teritur
987 3540 1043 3585 et
1069 3530 1393 3599 minoratur,
1426 3533 1531 3589 hoc
1555 3542 1659 3601 est,
1695 3535 1943 3592 humilia-

347 3624 439 3673 tur
485 3625 544 3674 et
594 3621 937 3690 supponitur.
989 3620 1060 3678 Ut
1112 3638 1244 3695 ergo
1291 3624 1558 3681 altissime
1603 3641 1634 3680 a
1665 3629 1938 3685 communi

344 3709 601 3766 omnibus
627 3710 873 3781 planitie,
903 3728 1045 3783 quae
1085 3714 1250 3770 veluti
1295 3716 1656 3788 ignominiose
1700 3719 1941 3789 undique

343 3801 592 3860 calcatur
635 3813 694 3859 et
740 3805 1154 3874 deambulatur,
1218 3809 1425 3864 inedita
1476 3818 1639 3882 atque
1687 3811 1939 3868 sublimia

341 3894 683 3962 exaltantur,
706 3896 785 3951 ita
815 3895 1158 3954 Thronorum
1188 3899 1563 3971 similiumque
1589 3902 1670 3955 sui
1702 3901 1854 3967 ordo,
1883 3903 1938 3958 in

341 3986 550 4057 quibus
586 3988 739 4042 sedet
780 4002 1015 4059 regnans
1038 3998 1095 4044 et
1135 3987 1391 4059 judicans
1436 3991 1618 4046 omnia
1648 3991 1931 4059 Divinitas,

338 4078 784 4150 superexaltatus
808 4088 893 4136 est
915 4088 971 4136 et
994 4096 1025 4135 a
1054 4084 1328 4137 communi
1355 4082 1607 4138 omnibus
1634 4084 1940 4141 humilitate

340 4180 614 4239 remotus,
641 4171 694 4226 id
719 4183 825 4238 est,
849 4173 996 4227 omni
1026 4173 1293 4229 materiali
1331 4183 1583 4230 creatura
1616 4175 1933 4246 humilique.

344 4263 419 4320 Et
464 4265 575 4319 hoc
622 4267 955 4336 apertissime
998 4267 1344 4324 Thronorum
1376 4284 1381 4291 ί
1413 4269 1713 4325 nominatio
1756 4271 1933 4326 docet.

345 4356 527 4412 Docet
562 4357 726 4413 etiam
761 4354 945 4416 eorum
970 4362 1250 4427 virtutem,
1281 4376 1420 4433 quae
1453 4377 1548 4418 eos
1586 4378 1749 4434 supra
1775 4379 1937 4418 mun-

345 4449 480 4503 dum
510 4449 565 4504 in
592 4464 857 4508 summum
882 4452 1083 4509 bonum
1111 4454 1380 4521 subvehit,
1407 4462 1465 4511 et
1489 4455 1556 4510 ab
1586 4455 1733 4510 omni
1759 4458 1939 4511 extrel

347 4540 539 4596 mitate
583 4542 883 4612 corporalis
910 4552 1217 4611 creaturae,
1259 4560 1399 4614 quae
1428 4546 1596 4602 veluti
1629 4547 1681 4601 in
1717 4561 1938 4619 compa-

347 4633 557 4689 ratione
595 4608 1013 4706 intelligibilium
1043 4608 1230 4693 rerum
1273 4608 1398 4695 vilis
1427 4639 1758 4711 humilisque
1788 4608 1928 4696 vide-
1965 4608 2018 4668 θ

348 4732 456 4795 tur,
487 4727 542 4782 in
581 4726 1035 4785 sublimissimum
1078 4729 1428 4787 inelabiliter
1467 4732 1731 4800 sublevat,
1764 4732 1932 4789 Deum

346 4814 619 4883 videlicet,
647 4818 743 4888 qui
778 4818 1199 4877 sublimissimus
1233 4830 1336 4889 est,
1368 4830 1424 4878 et
1457 4824 1613 4895 cujus
1642 4825 1936 4896 participa-

350 4907 493 4964 tione
527 4907 632 4981 ipsi
664 4910 875 4966 Thmui
891 4912 1149 4970 sublimes
1175 4922 1320 4970 sunt.
1352 4914 1520 4971 Docet
1546 4915 1676 4971 illud
1703 4916 1937 4972 colloca-

351 5008 482 5067 tmn,
507 5001 598 5057 vel
626 5000 938 5072 fundatum,
972 5004 1076 5061 hoc
1108 5013 1193 5060 est
1224 5004 1635 5064 collocationem
1667 5015 1724 5064 et
1747 5006 1939 5063 funda-

2056 1969 2292 2040 suggesti
2322 1968 2385 2033 ³³,
2413 1967 2518 2022 alta
2541 1966 2789 2023 videlicet
2815 1967 3026 2031 sedilia,
3052 1966 3105 2020 in
3126 1966 3337 2021 divinas
3357 1966 3649 2036 susceptio-

2032 2070 2186 2125 ‘nes,
2236 2060 2288 2114 in
2333 2058 2638 2114 divinorum
2683 2057 2842 2129 plane
2887 2058 3260 2113 intellectuum
3310 2059 3647 2129 receptiones

2054 2153 2228 2223 parati
2258 2160 2421 2223 atque
2443 2152 2636 2222 aperti,
2662 2151 2993 2223 repandique
3024 2160 3079 2206 et
3104 2150 3148 2183 “
3169 2151 3236 2206 ad
3259 2151 3498 2207 divinam
3524 2167 3643 2209 ses-

2055 2244 2271 2317 sionem
2288 2244 2518 2299 habiles.
3238 2233 3279 2259 “

2124 2342 2153 2415 §
2188 2343 2243 2397 2.
2270 2342 2417 2398 Haec
2443 2345 2651 2415 quidem
2693 2345 2961 2400 nominum
2992 2346 3247 2417 ipsorum,
3276 2354 3532 2416 quantum
3574 2346 3645 2401 ad

2053 2449 2167 2497 nos,
2200 2433 2508 2488 declaratio.
2553 2434 2697 2489 Haec
2726 2446 2828 2500 est,
2862 2436 3056 2507 inquit,
3086 2445 3347 2505 quantum
3377 2436 3534 2492 nobis
3559 2437 3643 2491 vl-

2034 2526 2231 2591 'detur,
2280 2534 2334 2580 et
2375 2542 2406 2581 a
2447 2526 2604 2582 nobis
2655 2526 2992 2598 intelligitur,
3042 2529 3310 2599 expositio
3365 2528 3645 2586 nominum

2034 2618 2214 2673 'trium
2261 2619 2500 2686 ipsorum
2539 2619 2748 2688 primae
2794 2620 3093 2674 ierarchiae
3137 2621 3410 2675 ordinum.
3452 2620 3645 2675 Dicen-

2050 2710 2175 2763 dum
2210 2725 2352 2772 vero,
2376 2724 2535 2778 quam
2570 2709 2887 2763 ierarchiam
2919 2726 3100 2763 eorum
3135 2711 3493 2765 aestimamus.
3530 2710 3644 2781 Sed

2051 2801 2252 2867 dicere,
2279 2800 2378 2865 ait,
2410 2805 2623 2868 oportet
2658 2812 2779 2863 nos,
2807 2814 2971 2868 quam
3000 2798 3345 2866 ierarcbiam,
3396 2802 3500 2855 hoc
3536 2812 3642 2868 est,

2048 2898 2260 2968 qualem
2292 2894 2619 2951 ierarchiam
2645 2908 2835 2949 eorum
2863 2894 3194 2947 arbitramur
3226 2894 3271 2926 "
3290 2908 3430 2949 esse.
3457 2893 3644 2950 Omnis

2047 2990 2257 3062 quidem
2304 3004 2484 3044 eorum
2528 2986 2819 3041 ierarchiae
2858 2984 3262 3058 speculationem
3306 2984 3475 3041 Deum
3523 2988 3647 3042 imi-

2049 3082 2183 3135 tanti
2267 3079 2311 3110 “'
2376 3077 2756 3148 'deiformitate
2798 3080 2801 3083 λ
2849 3077 3221 3149 dependentem
3291 3076 3646 3148 inﬂexibiliter

2049 3190 2178 3241 esse,
2223 3181 2270 3227 et
2294 3172 2458 3227 dividi
2484 3187 2686 3225 omnem
2731 3168 3380 3225 ier’archicmu'actionem
3418 3170 3474 3224 in
3514 3164 3642 3242 p'ar-

2050 3267 2403 3336 ticipationem
2423 3281 2629 3320 sacram
2658 3272 2707 3319 et
2728 3263 3065 3318 traditionem
3104 3263 3433 3334 purgationis
3478 3279 3645 3336 purae

2051 3364 2100 3410 et
2137 3355 2298 3410 divini
2354 3354 2566 3409 luminis
2606 3363 2655 3408 et
2682 3352 2996 3426 perfectivae
3039 3352 3305 3416 scientiae,
3335 3353 3646 3425 sufﬁcienter

2042 3447 2160 3518 jam
2201 3464 2233 3499 a
2268 3446 2414 3501 nobis
2457 3445 2653 3499 dictum
2703 3459 2814 3499 esse
2855 3443 3100 3497 arbitror.
3159 3441 3378 3509 Omnis,
3433 3445 3642 3516 inquit,

2050 3536 2157 3593 hoc
2225 3544 2341 3602 est,
2419 3534 2746 3591 universalis
2821 3534 3125 3590 ierarchiae
3195 3533 3641 3606 speculationem,

2051 3627 2429 3685 deﬁnitionem
2485 3628 2680 3700 plane,
2723 3624 2895 3681 Deum
2947 3625 3183 3682 imitanti
3211 3626 3254 3658 ¹¹¹
3284 3626 3642 3683 deiiormitate

2050 3721 2479 3793 dependentem,
2540 3720 2595 3776 id
2643 3728 2749 3787 est,
2810 3732 2951 3791 quae
3012 3718 3243 3789 desuper
3304 3718 3348 3749 "
3408 3718 3638 3788 pendet,

2046 3814 2419 3885 originemque
2445 3812 2594 3869 ducit
2615 3827 2684 3869 ex
2718 3810 3071 3869 similitudine
3104 3809 3149 3842 "
3179 3809 3395 3865 divinae
3429 3807 3634 3865 formo—

2047 3907 2231 3963 sitatis
2273 3905 2577 3978 (superius,
2608 3904 2872 3975 siquidem
2917 3905 2971 3959 in
3010 3902 3173 3957 tertio
3204 3899 3476 3970 Capitulo,
3507 3901 3631 3956 uni-

2046 3996 2313 4052 versalem
2345 3995 2669 4051 ierarchiam
2697 3993 2948 4050 definivit
2984 3991 3172 4048 dicens
3200 4009 3215 4045 :
3241 3989 3509 4045 lerarchia
3548 4000 3635 4047 est

2046 4088 2115 4142 ad
2142 4088 2310 4141 Deum
2333 4128 2347 4152 ,
2393 4079 2673 4156 quantum
2697 4084 2980 4155 possibile,
3023 4082 3322 4137 similitudo
3346 4089 3401 4133 et
3426 4080 3629 4153 unitas)

2046 4175 2415 4233 inﬂexibiiiter
2438 4190 2579 4241 esse,
2606 4175 2659 4230 id
2686 4184 2771 4229 est
2798 4169 3342 4233 incommutabiliter,
3371 4167 3657 4225 suiiicien-'

2046 4278 2130 4325 ter
2150 4266 2266 4337 jam
2309 4282 2340 4322 a
2380 4266 2536 4321 nobis
2570 4266 2774 4321 dictum
2819 4263 3076 4318 arbitror.
3117 4260 3368 4316 Arbitror
3396 4260 3561 4316 etiam
3590 4261 3639 4295 ”

2045 4357 2380 4416 sufﬁcienter
2419 4354 2642 4421 dictum,
2682 4353 2849 4408 dividi
2888 4362 3104 4405 omnem
3147 4348 3507 4405 ierarchicam
3548 4365 3638 4404 ac-

2046 4454 2271 4517 tionem,
2306 4447 2392 4505 vel
2420 4447 2561 4503 sicut
2586 4443 2800 4519 planius
2834 4438 3161 4500 transl‘ertur
3188 4429 3657 4512 negotiationemf

2046 4544 2099 4599 in
2121 4544 2596 4616 participationem
2625 4554 2838 4596 sacram
2864 4535 3034 4608 ipsius
3051 4530 3368 4609 principalis
3392 4533 3634 4592 omnium

2043 4636 2367 4703 ierarchiae,
2403 4650 2542 4705 quae
2580 4642 2666 4689 est
2708 4630 2997 4694 Divinitas,
3032 4639 3089 4686 et
3134 4627 3511 4693 traditionem,
3535 4642 3636 4699 per

2044 4732 2325 4800 superiora
2363 4726 2732 4792 inferioribus,
2764 4723 3101 4798 purgationis
3126 4739 3316 4797 purae,
3351 4719 3496 4777 nulla
3526 4722 3635 4779 dis-

2044 4820 2398 4876 similitudine
2421 4818 2759 4885 intermixta,
2789 4825 2846 4871 et
2873 4815 2927 4889 in
2960 4816 3128 4872 divini
3153 4814 3392 4880 luminis,
3416 4813 3462 4845 “
3482 4812 3634 4869 simi-

2042 4913 2169 4968 liter
2191 4904 2663 4983 participationem
2701 4917 2757 4965 et
2794 4908 3167 4976 traditionem,
3192 4915 3249 4965 et
3280 4907 3336 4964 in
3368 4903 3631 4977 perfecti-

2044 5009 2146 5063 vae
2184 5004 2467 5073 scientiae,
2498 5005 2690 5062 eodem
2723 5002 2886 5059 modo
2916 5002 3389 5075 participationem
3425 5005 3482 5055 et
3517 5005 3630 5053 tra-

1631 5120 1891 5178 VARIAE
1937 5115 2342 5177 LECTIONES.
2882 5187 2888 5193 ο

419 5232 504 5309 ῘΒ
526 5234 857 5309 _seraphin_et
887 5235 1155 5309 cherubin,
1190 5238 1271 5294 sic
1296 5237 1634 5309 saepissime.
1731 5239 1753 5270 ⁹
1787 5238 1940 5297 Corr.
1984 5237 2027 5293 Β
2062 5239 2105 5309 ‘7,
2134 5234 2717 5309 ABsigniﬁcationum.
2778 5229 2815 5309 ξ
2847 5229 2889 5284 Β
2913 5230 3130 5309 ‘_sitpra
3159 5224 3625 5309 adsertaltomui.
3676 5291 3683 5298 ‘

347 5304 368 5334 ⁸
394 5303 487 5381 Sic
514 5306 599 5381 C;_
729 5298 840 5381 gift,
869 5306 1011 5381 quod
1033 5315 1123 5381 est
1141 5298 1419 5381 quoniam:
1492 5308 1521 5369 ,⁸
1545 5309 1810 5381 Ex_eonj.,
1830 5325 1928 5381 pro
1950 5298 2176 5381 omnilab
2210 5298 2495 5381 Ap'pninia
2510 5322 2530 5372 ;
2552 5306 2617 5359 ab
2637 5317 2749 5381 oin.
2773 5299 2835 5357 (ἶ.

1950 5386 1955 5392 ’
2020 5378 2042 5410 ⁹
2086 5380 2179 5433 Sic
2201 5375 2352 5433 ABG.
2385 5366 2638 5431 Fortasse
2674 5366 3258 5443 legend._est_sublevo,
3291 5376 3561 5443 quaevox
3594 5380 3626 5421 a

343 5378 477 5446 quit.
578 5377 599 5408 ⁷
738 5377 940 5457 habere
958 5376 1209 5457 videntur
1227 5377 1481 5457 ιῄάρμαξι
1573 5381 1594 5411 ⁸
1616 5379 1706 5435 ΑΒ
1728 5376 1924 5457 (reditas.

2930 5298 2953 5331 ⁸
2980 5295 3243 5361 Binquid,
3272 5295 3314 5349 Β
3335 5295 3351 5343 ‘.
3373 5305 3515 5347 corr.
3538 5296 3627 5348 in-

346 5432 480 5501 ioce
527 5432 1189 5521 sustollogscripturaivig
1206 5432 1900 5508 diil‘ei'tiVocem—iu'lileii;
1913 5432 2572 5521 vexpectes,_qu_ia_supra
2597 5446 2668 5521 _in
2701 5432 2986 5521 coddLhis‘
3000 5432 3627 5521 habebglupub'l‘eyate;

345 5534 485 5581 rum,
518 5532 627 5572 non
656 5516 1012 5573 sublatarum.
1092 5519 1136 5551 "
1159 5517 1200 5572 Β
1226 5521 1245 5540 ‘
1278 5534 1421 5574 corr.
1456 5522 1736 5578 derivetur.
1772 5530 1775 5535 '
1816 5522 1859 5554 “
1889 5522 1930 5578 C
1952 5516 2011 5577 ei
2035 5536 2179 5576 corr.
2208 5517 2250 5572 Β
2270 5516 2287 5540 δ
2311 5516 2656 5587 inﬁrmitatis.

2755 5512 2798 5542 "
2833 5508 2925 5564 Sic
2945 5506 2987 5564 C
3015 5516 3070 5562 et
3098 5505 3213 5559 rad.
3240 5519 3383 5560 corr.
3410 5504 3452 5560 Β
3473 5506 3511 5571 ',
3535 5504 3628 5561 AB

340 5575 498 5658 quae.
524 5659 552 5663 _
579 5588 624 5620 “
715 5589 962 5659 subgesti.
1042 5586 1090 5621 ¹⁵
1107 5599 1155 5644 et
1181 5605 1287 5663 oni:
1326 5590 1367 5663 Β
1388 5591 1528 5663 (rad.
1556 5575 1821 5649 delevisse
1842 5575 1969 5648 videt

2045 5575 2121 5645 4B
2142 5591 2208 5663 ἢ).
2225 5598 2274 5663 ,ἱ
2313 5575 2471 5663 ηζείς
2489 5576 2860 5663 Βοίβην-,ἔξ
2880 5580 2925 5661 ἲν
2953 5575 3417 5663 ἑβατδίιεαξηιεο·
3448 5576 3626 5663 xiiii

342 5672 490 5713 vers.
520 5659 670 5715 Scoti
700 5668 756 5726 et

340 5812 518 5873 marg.
548 5799 735 5857 adser.
763 5811 813 5856 et
851 5799 1160 5872 perfectius
1188 5803 1452 5858 scientiae.

796 5647 930 5714 ιέχι.
958 5674 1177 5731 graee.;
1206 5658 1296 5731 AB
1333 5647 1546 5729 imitati,
1566 5647 1822 5720 VBV‘icorr.
1846 5647 2065 5717 imitate.
2144 5647 2189 5694 ίθ
2219 5659 2312 5715 Sic
2342 5657 2403 5721 Ο,
2434 5650 2527 5710 ἈΒ
2547 5650 2761 5731 intimi.
2793 5647 2857 5703 θ’
2882 5647 3103 5731 ίπιίίαέε·
3201 5647 3272 5731 ’⁸-1

336 5727 559 5800 pendit;
590 5729 633 5800 Ο
660 5719 797 5800 quae
814 5719 1108 5800 suppe'ndit.
1163 5719 1231 5761 ἠ
1260 5731 1303 5785 Α
1336 5719 1754 5791 similitudinem.
1830 5732 1875 5766 ²⁶
1905 5733 1949 5789 Β
1971 5732 2141 5800 enim,
2180 5731 2244 5787 B'
2284 5719 2468 5800 punct.
2513 5719 2654 5789 subj.
2684 5730 2739 5776 et
2773 5734 2946 5791 marg.
2983 5719 3161 5776 adscr.
3203 5720 3380 5777 etiam.

3201 5647 3242 5680 ⁸⁸
3265 5646 3421 5706 Corr.
3448 5646 3492 5704 Β
3513 5650 3553 5715 ⁸,
3584 5649 3627 5705 Β

3203 5720 3380 5774 etiam.
3482 5721 3528 5753 ’ί
3557 5718 3623 5774 Β·
