4178 6266
539 345 641 404 179

1659 349 2158 410 EXPOSITIONES
2196 355 2480 418 JOANNIS
2515 362 2712 422 600‘"

3703 353 3804 406 180

535 460 791 516 ditionem
842 460 890 526 ¹;
925 463 1181 532 quoniam
1231 462 1285 518 in
1327 462 1574 534 praefato
1621 462 1783 517 tertio
1809 463 2055 535 Capitqu
2091 464 2112 494 ‘
2143 473 2194 531 Α
2219 484 2402 526 rerum
2433 463 2811 543 temporalium
2840 465 3090 536 alpitline
3120 463 3162 495 "
3191 462 3538 534 opprimitur,
3568 463 3807 521 diverso-

535 550 680 611 huuc
719 554 982 635 triplicem
1028 555 1193 612 totius
1239 555 1541 612 ierarcbiae
1577 554 1847 626 praedixit
1877 557 2118 622 modum,

535 647 911 718 purgationem
948 647 1220 712 videlicet,
1257 656 1312 702 et
1361 647 1828 712 illuminationem,
1857 656 1911 703 et
1949 648 2124 718 perfe-

537 738 791 793 ctionem.
817 735 1000 791 Primo
1027 738 1168 790 enim
1199 747 1394 808 purgat
1419 737 1803 808 participantes
1824 753 1901 801 se,
1930 735 2123 792 deinde

537 829 807 886 illuminat
833 829 1138 885 divinorum
1169 829 1537 884 intellectuum
1568 831 1818 896 scientia,
1846 839 2124 902 postremo

537 922 750 995 perﬁcit
796 921 848 976 in
909 923 1076 992 ipsius
1125 923 1386 978 scientiae
1437 925 1864 980 incommutabili
1914 925 2122 982 habitu.

539 1009 698 1066 Nunc
739 1023 913 1066 autem
953 1013 1124 1066 dicere
1159 1013 1312 1082 digne
1359 1030 1735 1084 prosequamur
1773 1014 1793 1044 ³
1835 1014 2126 1070 excelsissi-

537 1121 650 1158 mos
680 1103 995 1170 intellectus,
1016 1106 1276 1176 quomodo
1300 1105 1419 1176 jam
1441 1106 1725 1160 secundum
1752 1122 1838 1162 eos
1865 1107 2126 1162 ierarchia

538 1194 602 1248 ab
653 1193 870 1265 eloquiis
916 1195 1306 1264 manifestatur.
1359 1196 1438 1251 Ac
1485 1197 1530 1251 si
1575 1197 1779 1252 diceret
1821 1215 1834 1250 :
1871 1199 2125 1268 quoniam

541 1285 790 1355 superius
822 1285 986 1340 totius
1017 1286 1318 1342 ierarcbiae
1355 1295 1411 1340 et
1443 1285 1684 1341 deﬁnitio
1710 1297 1762 1340 ct
1791 1285 1986 1341 divisio
2015 1286 2126 1342 suf-

540 1373 788 1431 llcicnter
835 1393 866 1430 a
919 1377 1075 1432 nobis
1124 1378 1265 1432 dicta
1308 1385 1426 1442 est,
1486 1393 1630 1432 nunc
1675 1391 2067 1448 prosequamur
2109 1378 2127 1408 "

541 1473 705 1543 digne
735 1474 914 1528 dicere
943 1475 1344 1530 excelsissimus
1375 1475 1584 1528 divinos
1620 1473 1944 1538 intellectus,
1976 1473 2129 1544 prin-

539 1563 742 1634 cipales
780 1564 987 1620 scilicet
1034 1565 1246 1635 primae
1283 1565 1581 1620 ierarchiae
1610 1563 1858 1630 ordines;
1894 1563 1996 1618 hoc
2023 1573 2130 1630 est,

542 1671 894 1724 quaeramus,
929 1657 1202 1725 quomodo
1233 1655 1519 1720 ierarcbia,
1550 1670 1689 1725 quae
1714 1655 2012 1710 secundum
2038 1669 2132 1711 eos

540 1756 648 1812 est,
674 1762 814 1816 quae
843 1745 1054 1802 scilicet
1087 1747 1140 1800 in
1170 1761 1264 1800 eos
1295 1745 1664 1812 constituitur,
1699 1745 1752 1800 iu
1785 1745 1988 1801 sanctis
2018 1761 2132 1800 ma-

2226 578 2453 632 rumque
2499 580 2750 620 errorum
2815 557 3152 616 anfractibus
3218 555 3519 622 seducitur,
3561 565 3617 611 et
3665 558 3808 626 quod

2222 654 2466 710 omnium
2512 651 3040 724 perniciosissimum
3081 655 3189 710 est,
3213 646 3286 701 ab
3314 661 3506 702 amore
3537 656 3593 702 et
3625 648 3808 717 angui-

2226 747 2374 803 tioue
2418 747 2670 802 veritatis
2717 745 3023 815 elongatur,
3069 739 3252 796 divina
3287 739 3464 810 gratia
3510 755 3609 796 nos
3653 756 3809 795 revo-

2225 847 2402 894 cante-
2442 838 2756 909 recipimur,
2809 835 2958 905 ipsae
3011 831 3344 900 recipiuntur
3397 829 3462 884 ¹⁸ε
3519 828 3807 900 Nunquam

2225 933 2371 987 enim
2416 931 2736 987 delictorum
2783 927 3033 984 sordibus
3063 925 3495 988 contaminatae,
3529 939 3806 993 nunquam

2227 1023 2602 1080 materialibus
2631 1019 2937 1093 phantasiis
2978 1017 3064 1074 vel
3103 1031 3393 1086 oppressae
3419 1015 3508 1070 Vel
3547 1015 3810 1086 deprava-
3838 1006 3850 1021 “

2231 1123 2348 1180 tae,
2400 1115 2484 1169 vel
2535 1130 2566 1168 a
2616 1109 3071 1182 contemplatione
3126 1107 3328 1163 summi
3375 1107 3504 1163 boni
3565 1105 3810 1176 repulsae

2229 1213 2356 1262 sunt
2386 1205 2450 1259 ’⁸.
2483 1203 2590 1260 Sed
2628 1213 2687 1259 ut
2720 1202 2870 1258 omni
2913 1199 3272 1271 subiectione,
3300 1199 3385 1254 vel
3427 1197 3569 1252 sicut
3595 1213 3813 1269 expres-

2229 1299 2341 1353 sius
2372 1294 2655 1352 transferri
2685 1301 2882 1364 potest,
2902 1291 3281 1356 n'tiuoratione,
3312 1291 3418 1345 hoc
3444 1297 3530 1346 est
3559 1290 3633 1349 ab
3667 1290 3814 1344 omni

2231 1385 2616 1450 materialium,
2662 1381 3004 1448 mortalium,
3047 1381 3334 1446 localium,
3375 1379 3817 1451 temporaliumve

2234 1494 2416 1534 remm
2455 1473 2844 1546 contemptibili
2889 1474 2942 1528 in
2987 1468 3394 1544 comparatione
3428 1473 3470 1504 "
3501 1472 3816 1528 caelestium

2233 1571 2591 1628 essentiarum
2651 1564 3090 1623 immaterialium
3115 1597 3131 1630 ο
3186 1563 3610 1629 imum-talium,
3669 1561 3818 1617 omni

2235 1661 2391 1716 loculi
2433 1670 2490 1715 et
2535 1657 2816 1729 temporali
2857 1666 3006 1710 motu
3052 1655 3356 1712 carentium
3383 1654 3588 1709 vilitate
3627 1661 3686 1708 et
3716 1668 3818 1708 ex-

2239 1749 2531 1814 tremitate,
2558 1749 2786 1802 mandas
2814 1755 2870 1802 et
2897 1745 3144 1812 altiores,
3167 1744 3366 1801 ceteris
3398 1743 3652 1802 videlicet
3697 1750 3818 1799 oae-

541 1838 830 1894 nifestatur
868 1839 1116 1909 eloquiis.
1155 1833 1354 1893 Primis
1384 1839 1642 1903 essentiis,
1669 1855 1804 1909 quae
1839 1846 1956 1910 post
2001 1838 2128 1892 sub-
2159 1843 2206 1904 B
2233 1841 2458 1898 lestibus
2488 1839 2762 1896 essentiis.
2792 1839 2859 1894 Et
2895 1839 3001 1894 hoc
3035 1846 3120 1893 est
3161 1837 3308 1907 Quod
3348 1838 3594 1906 sequitur
3621 1854 3636 1890 ι
3661 1835 3820 1892 Omni

542 1930 864 1999 statui/iram
901 1947 1083 1984 earum
1115 1931 1436 1985 tltearchiam
1466 1929 1751 1985 collocatae
1781 1930 1802 1961 '
1827 1928 2000 2003 [sunt]
2034 1929 2054 1960 °
2085 1939 2131 1984 et

549 2021 705 2076 ueluti
747 2023 818 2090 in;
844 2021 1106 2076 vestibulis
1169 2022 1334 2094 ipsius
1370 2022 1668 2089 ordinatae,
1713 2039 1915 2078 onmem
1955 2021 2135 2078 invisi-

547 2107 699 2166 bilem
743 2123 788 2166 et
833 2112 1088 2167 visibilem
1132 2113 1594 2183 superexcellentes
1632 2113 1829 2182 factam
1868 2115 2128 2177 virtutem,

544 2204 813 2275 propriam
843 2203 1225 2258 aestimandum
1265 2214 1339 2258 est
1380 2221 1490 2259 esse
1531 2214 1579 2258 et
1621 2205 1833 2258 omnino
1862 2204 2132 2276 aequifor-

547 2311 681 2348 mem
709 2295 1043 2350 ierarchiam.
1071 2294 1216 2351 Ordo
1231 2297 1518 2351 verborum
1546 2313 1559 2350 :
1588 2295 2001 2351 Aestimandum
2029 2305 2132 2361 est,

531 2377 567 2419 ’⁴¹
592 2382 946 2456 iudicandum
997 2388 1177 2457 plane,
1211 2387 1484 2459 prapriam
1517 2396 1572 2442 et
1601 2388 1822 2443 omnino
1863 2383 2137 2460 aequifor-

549 2496 724 2546 mem,
772 2479 1053 2554 aequalem
1099 2482 1304 2537 scilicet
1343 2471 1398 2536 in
1451 2481 1732 2537 ordinibus
1775 2482 1916 2546 suis,
1968 2482 2137 2536 ierar-

555 2569 732 2625 cltiam
783 2586 902 2627 csse
931 2571 952 2602 ⁸
985 2571 1331 2627 substitutam
1366 2572 1418 2627 in
1460 2573 1652 2642 primis
1693 2572 2019 2628 caelestibus
2053 2587 2137 2628 es-

548 2661 759 2728 sentiis,
784 2677 924 2733 quae
954 2674 1072 2734 post
1101 2663 1530 2719 substantilicam
1562 2680 1750 2719 earum
1779 2663 2134 2729 tbearcbiam,

547 2751 885 2809 divinitatem
928 2754 1204 2825 profecto,
1249 2746 1541 2811 collocatae
1574 2763 1734 2820 sunt,
1775 2771 1840 2812 ac
1877 2753 2039 2809 veluti
2084 2754 2137 2808 iu

547 2845 833 2902 vestibulis
879 2843 1070 2918 ipsius,
1102 2845 1365 2918 proximis
1396 2847 1648 2902 videlicet
1691 2846 1792 2916 ipsi
1837 2845 2135 2908 ordinibus,

548 2939 860 3002 ordinatae,
909 2937 1402 3010 superexcellentes
1448 2955 1664 2994 omnem
1717 2934 2044 2993 invisibilcm
2085 2944 2139 2991 et

550 3028 815 3086 visibilem
862 3029 1062 3085 factam
1105 3031 1380 3086 virtutem.
1433 3017 1650 3086 Primae
1697 3021 1962 3102 siquidem
2019 3042 2142 3083 cae-

552 3118 718 3174 lestes
749 3121 1018 3176 cssentiae
1066 3121 1120 3175 in
1164 3121 1335 3191 prima
1382 3122 1650 3177 ierarcbia
1686 3124 1707 3156 '
1743 3122 2039 3176 collocatae
2087 3129 2141 3175 et

2238 1933 2617 2004 superfirmato
2639 1930 2858 2000 templo,
2883 1929 2964 1984 vel
2987 1939 3048 1985 ut
3069 1929 3113 1964 ⁸⁸
3136 1929 3452 1998 simpliciter
3474 1928 3818 1992 transfertur,

2236 2023 2384 2080 omni
2411 2021 2792 2091 superlirmato
2813 2034 2972 2076 saoro
3001 2020 3043 2054 ιθ
3072 2037 3086 2075 :
3123 2028 3248 2074 nam
3269 2018 3407 2091 ειμι.
3427 2033 3590 2074 omne
3604 2029 3821 2073 sacram

2238 2116 2433 2173 Graeci
2461 2124 2679 2183 vocant,
2711 2123 2766 2170 et
2791 2115 3035 2171 maxime
3055 2113 3332 2185 templum,
3363 2111 3822 2182 sapereolloaatas

2238 2209 2490 2264 omnibus
2539 2206 3036 2263 deiformosissimis
3083 2203 3389 2260 virtutibus.
3426 2201 3587 2258 Omni
3633 2211 3823 2272 super-

2213 2299 2458 2380 ‘tirmato
2501 2299 2718 2368 templo,
2751 2298 2900 2353 omni
2923 2297 2967 2328 ²⁰
2996 2294 3240 2367 perfecto
3259 2293 3333 2360 “,
3355 2293 3556 2348 mundo
3575 2292 3623 2323 “
3656 2299 3716 2346 et
3741 2291 3825 2347 in—

2242 2389 2610 2454 contaminato
2635 2387 2870 2459 spiritui,
2905 2388 2956 2442 in
2981 2401 3090 2458 quo
3123 2386 3267 2441 Deus
3295 2393 3354 2440 et
3379 2382 3595 2439 habitat
3619 2389 3675 2440 et
3701 2380 3828 2438 solio

2244 2492 2354 2548 tur,
2389 2482 2910 2552 supercollocantur.
2947 2480 3208 2551 Sequitur
3246 2497 3260 2534 :
3302 2478 3368 2534 Et
3403 2478 3617 2549 proprio
3649 2495 3744 2549 per
3767 2493 3826 2534 se

2241 2583 2384 2630 motu
2416 2584 2463 2628 et
2496 2574 2675 2628 eodem
2722 2584 2865 2629 metu
2907 2571 3491 2641 secundttmdiligentis
3533 2571 3698 2626 Dum
3735 2571 3822 2627 iu-

2241 2658 2574 2722 conuersibile
2611 2666 2812 2719 ordinis
2851 2663 3205 2735 iuﬂexibilikr
3227 2663 3273 2696 "
3303 2671 3554 2733 receptae:
3587 2661 3631 2716 Δ
3665 2677 3827 2733 supe-

2245 2757 2480 2818 rioribus
2509 2756 2828 2812 subauditur
2859 2774 2871 2810 :
2903 2764 2990 2810 est
3017 2753 3062 2786 "
3091 2754 3482 2808 aestimandam
3510 2752 3595 2808 vel
3618 2751 3824 2808 ducen-

2241 2847 2370 2904 dum
2415 2849 2483 2914 ¹⁸,
2510 2857 2755 2918 receptas
2801 2863 2953 2913 esse,
2997 2846 3198 2917 primas
3242 2843 3490 2900 videlicet
3534 2844 3824 2909 assentiar,

2244 2940 2611 2997 inﬂexibiliter
2641 2940 2708 3006 “,
2739 2940 2882 2995 llecti
2912 2941 2954 2972 ³⁷
2986 2939 3130 2994 enim
3161 2951 3262 2991 non
3291 2944 3492 3004 potest,
3518 2935 3683 2990 veluti
3717 2935 3826 2990 air.-

2245 3033 2414 3088 culari
2457 3042 2602 3088 motu
2645 3048 2737 3088 seu
2770 3031 3053 3101 sphaerico
3091 3030 3135 3062 ³⁸
3159 3027 3460 3092 revolutus.
3490 3028 3709 3097 proprio
3736 3041 3830 3098 per

2247 3141 2308 3182 se
2335 3134 2508 3192 motu,
2538 3127 2629 3196 qui
2667 3143 2730 3182 es
2761 3125 3068 3196 semetipsis
3085 3133 3190 3189 est,
3223 3123 3480 3193 quoniam
3509 3132 3608 3192 per
3631 3137 3694 3178 se
3720 3137 3830 3176 mo-

549 3209 830 3266 ordinatae
853 3228 1044 3266 onmes
1067 3213 1238 3266 factas
1263 3215 1667 3284 supereminent
1694 3215 1940 3269 virtutes.
1966 3213 2139 3268 Puras
2166 3209 2212 3271 C
2245 3228 2461 3285 ventur,
2491 3230 2546 3274 et
2585 3219 2774 3274 eodem
2819 3228 2997 3284 motu;
3029 3226 3112 3272 est
3148 3217 3294 3272 enim
3329 3214 3618 3272 uniformis
3654 3221 3830 3270 motus

551 3301 714 3370 igitur
741 3318 830 3355 eas
861 3301 1264 3370 aestimandum.
1299 3321 1401 3360 non
1436 3314 1491 3358 ut
1529 3305 1814 3360 immundis
1844 3305 2064 3359 maculis
2091 3316 2138 3360 et

552 3387 1001 3460 inquinationibus
1023 3391 1294 3462 liberatas,
1328 3412 1489 3466 neque
1512 3406 1566 3451 ut
1602 3395 1644 3428 ¹⁰
1669 3393 2027 3452 materia/ibus
2055 3415 2136 3452 re-

552 3491 726 3553 ceptas
754 3483 1068 3554 phantasiis,
1097 3483 1187 3540 sed
1216 3497 1271 3541 ut
1307 3489 1446 3540 omni
1477 3488 1794 3558 subjectione
1820 3489 2069 3558 mundat,
2091 3493 2139 3544 et

553 3572 789 3641 altiores,
829 3587 874 3630 et
909 3580 1047 3634 omni
1089 3581 1458 3650 superﬁrmato
1496 3583 1686 3655 templo
1728 3585 2012 3638 secundum
2043 3602 2140 3641 ea:-

553 3665 972 3724 cellentissimam
1024 3671 1336 3738 castitatem,
1374 3672 1612 3728 omnibus
1660 3673 1999 3744 deiformibus
2038 3676 2142 3730 vir-

555 3757 750 3815 tutibus
791 3751 1252 3831 supercollocatas.
1281 3761 1399 3818 Iam
1446 3765 1513 3819 de
1557 3765 1714 3821 laude
1741 3766 2058 3836 qualitatum
2099 3768 2138 3798 “

553 3851 762 3921 primae
807 3845 1107 3910 ierarcbiae
1137 3855 1409 3926 copiosius
1445 3855 1634 3930 incipit
1677 3867 1929 3914 tractare.
1972 3859 2142 3918 Puras

555 3940 739 4012 igitur,
772 3941 964 4014 inquit,
997 3946 1098 4000 hoc
1123 3955 1226 4012 est,
1247 3949 1394 4003 omni
1425 3945 1863 4005 dissimilitudine
1892 3952 2140 4019 mundas,

555 4049 664 4098 eas,
692 4035 896 4106 primas
923 4035 1175 4094 videlicet
1201 4041 1469 4096 essentias
1503 4041 1819 4096 caelestium
1850 4042 2142 4099 ierarcbia-

557 4139 712 4194 rum,
756 4129 1202 4198 existimandum,
1247 4132 1330 4186 vel
1375 4134 1515 4188 sicut
1554 4133 1764 4205 planius
1797 4135 2136 4200 transfertur,

557 4217 866 4288 dicendum,
899 4239 1005 4280 non
1035 4223 1078 4255 “
1107 4233 1165 4280 ut
1200 4223 1490 4283 immundis
1533 4227 1757 4284 maculis
1796 4239 1851 4284 et
1895 4229 2141 4302 inquina-

559 4303 798 4372 tionibus
826 4307 1104 4374 liberatas.
1152 4309 1230 4373 Ac
1258 4321 1301 4374 si
1342 4330 1530 4392 aperte
1575 4321 1782 4378 diceret
1814 4341 1827 4376 :
1859 4321 1977 4379 Non
2002 4323 2142 4380 sicut

528 4419 654 4459 -nos
686 4399 932 4462 homines
963 4409 1221 4465 mortales
1248 4411 1316 4466 ab
1345 4411 1639 4468 immundis
1672 4413 1898 4468 maculis
1925 4413 2142 4470 delicto-

554 4511 675 4550 rum
708 4506 762 4550 et
794 4491 1259 4567 inquinationibus
1299 4502 1462 4558 totius
1503 4515 1718 4559 nostrae
1769 4504 2140 4560 immunditiae

2243 3327 2456 3376 eorum,
2485 3311 2742 3382 quoniam
2771 3311 3052 3366 verissime
3081 3310 3147 3365 de
3178 3325 3244 3366 eo
3277 3307 3621 3380 praedicatur
3647 3311 3828 3362 molas

2243 3404 2453 3462 stabilis
2486 3413 2542 3459 et
2573 3412 2748 3460 status
2777 3402 3008 3458 mobilis.
3042 3401 3110 3456 Et
3133 3401 3238 3456 boe
3262 3410 3350 3457 est
3377 3400 3521 3471 quod
3543 3399 3823 3469 sequitur:

2247 3495 2552 3552 Secundum
2593 3494 3006 3550 inconversibile
3035 3495 3078 3529 "
3103 3493 3378 3564 diligentis
3406 3493 3574 3550 Deum
3601 3493 3827 3550 ordinis.

2243 3575 2430 3642 Ombis
2448 3585 2714 3655 siquidem
2737 3586 2870 3640 ordo
2895 3585 3059 3640 Deum
3087 3584 3316 3656 diligens
3333 3584 3736 3642 iuoonversibili
3761 3583 3832 3651 ⁸⁸,

2244 3679 2348 3734 hoc
2373 3685 2478 3744 est,
2503 3676 2649 3732 nullo
2690 3677 2850 3732 modo
2873 3675 3121 3732 variabili
3151 3687 3323 3742 motu,
3351 3676 3448 3732 sed
3472 3687 3688 3747 scalper
3716 3677 3833 3730 uni-

2244 3767 2402 3822 formi
2429 3766 2575 3822 circa
2603 3765 2772 3822 Deum
2800 3766 3053 3822 volvitur.
3081 3766 3235 3836 Quod
3261 3778 3440 3822 auitam
3469 3767 3545 3822 ait
3575 3784 3588 3820 :
3615 3765 3834 3837 proprio

2243 3873 2338 3932 per
2369 3874 2428 3914 se
2465 3866 2636 3924 motu,
2667 3858 2912 3929 diligenti
2947 3857 3152 3929 indiget
3189 3857 3560 3929 inquisitione.
3591 3855 3648 3912 Si
3687 3857 3831 3912 enim

2243 3971 2275 4011 a
2306 3955 2416 4012 Deo
2457 3955 2636 4010 omnia
2667 3962 2976 4019 moventur,
3008 3962 3066 4009 ut
3097 3953 3140 3984 ³³
3171 3969 3297 4008 vera
3327 3953 3482 4008 decet
3513 3951 3670 4013 ratio.
3697 3963 3832 4020 quo-

2243 4047 2404 4103 modo
2441 4045 2702 4102 caelestes
2746 4044 3040 4111 cssentiae,
3075 4051 3132 4100 et
3172 4043 3403 4098 maxime
3432 4039 3831 4111 primordiales,

2245 4138 2388 4194 circa
2421 4138 2586 4192 Deum
2619 4137 2838 4208 proprio
2881 4150 2978 4206 per
3014 4150 3074 4192 se
3115 4142 3262 4190 motu
3311 4131 3515 4188 moveri
3543 4131 3833 4186 dicuntur?

2243 4229 2375 4286 Nam
2400 4231 2444 4286 si
2474 4229 2598 4300 quis
2619 4229 2816 4285 dixerit
2845 4243 2860 4286 :
2889 4228 3065 4284 omnis
3093 4237 3340 4283 creatura
3365 4241 3394 4281 a
3419 4239 3643 4282 summo.
3659 4239 3832 4293 usque

2242 4323 2495 4378 deorsum
2518 4337 2673 4378 suum
2703 4321 2981 4392 proprium
3012 4321 3252 4400 possidet
3277 4326 3504 4388 motum,
3529 4317 3831 4400 naturalem

2241 4410 2516 4479 videlicet,
2547 4419 2842 4484 quaeretur
2869 4411 2938 4466 ab
2967 4425 3053 4478 eo,
3090 4399 3220 4480 quid
3246 4409 3412 4480 igitur
3438 4407 3618 4479 magni
3647 4415 3756 4474 est,
3785 4399 3832 4462 si

2246 4503 2300 4558 in
2332 4501 2490 4558 laude
2519 4502 2767 4558 caelestis
2798 4511 2854 4558 et
2879 4501 3315 4560 excellentissimi
3338 4507 3574 4570 ponatur
3602 4498 3831 4563 Throai,

558 4585 736 4642 divina
779 4591 951 4656 gratia
995 4602 1234 4648 nostram
1275 4595 1651 4663 purgationem
1682 4604 1942 4665 operante
1967 4607 2024 4652 et
2052 4612 2143 4652 co-
2174 4567 2221 4626 Ι)
2248 4593 2391 4664 quod
2435 4607 2540 4648 non
2593 4593 2770 4648 minus
2809 4592 3049 4664 pertinet
3096 4593 3162 4648 ad
3207 4567 3418 4648 laudem
3457 4587 3762 4653 vermiculi,
3785 4588 3831 4643 si

557 4691 818 4750 Operaute
861 4681 1178 4751 liberamur,
1220 4685 1369 4755 ipsae
1415 4687 1734 4746 liberantur.
1774 4689 1959 4760 Neque
2004 4691 2146 4746 sicut
2247 4701 2604 4759 unaquaeque
2650 4694 2904 4741 creatura
2950 4701 3110 4742 suum
3160 4686 3326 4744 habet
3361 4681 3678 4740 naturaliter
3719 4697 3836 4737 mo—

560 4786 679 4836 nos,
725 4772 1096 4832 materialibus
1139 4775 1181 4807 ¹³
1223 4779 1542 4849 phantasiis,
1579 4781 1682 4838 hoc
1717 4790 1820 4849 est,
1853 4781 2002 4838 falsis
2031 4797 2146 4836 ma-
2191 4819 2196 4826 -
2248 4777 2398 4834 tum?
2428 4776 2534 4834 Sed
2567 4779 2812 4836 fortassis
2837 4779 2894 4836 in
2927 4779 3032 4838 hac
3060 4779 3382 4850 quaestione
3406 4792 3514 4833 non
3545 4775 3833 4832 irrationa-

561 4861 826 4918 terialium
875 4881 1053 4922 rerum
1101 4870 1363 4942 vanisque
1407 4872 1908 4944 imaginationibus,
1947 4875 2142 4945 quibus
2245 4869 2426 4925 biliter
2472 4877 2558 4924 est
2603 4865 2889 4926 dicendum
2920 4885 2936 4925 :
2967 4884 3130 4926 omne
3183 4869 3328 4941 quod
3379 4884 3412 4924 a
3457 4867 3725 4938 superiori
3775 4881 3835 4922 se

561 4955 798 5030 maxime
831 4946 1064 5017 carnalis
1103 4961 1308 5030 anima,
1337 4965 1628 5026 carnaliter
1661 4965 1821 5037 plane
1856 4967 2064 5030 vivens,
2090 4965 2143 5020 in
2248 4969 2502 5016 creatura
2541 4976 2648 5016 non
2693 4970 2962 5029 movetur,
2987 4963 3082 5018 sed
3115 4962 3183 5016 ab
3215 4961 3331 5031 ipsa
3367 4959 3480 5018 sola
3517 4974 3682 5016 causa
3711 4972 3830 5014 om-

1831 5097 2090 5158 VARIAE
2136 5095 2386 5157 LECTIO
2394 5095 2546 5154 ΗΕΒ,

623 5183 734 5260 Let
777 5185 832 5240 in
868 5187 1618 5260 perfectione—traditionem
1657 5203 1766 5244 om.
1798 5188 1873 5260 Β.Δ
1953 5189 1974 5218 ³
2026 5189 2068 5242 Β
2118 5189 2345 5260 capitulo
2381 5188 2553 5260 tertio.
2649 5188 2710 5260 fi

562 5249 674 5309 'B“
709 5249 897 5329 supra
928 5249 1104 5315 adscr.
1152 5271 1294 5318 sunt.
1405 5260 1428 5329 ξ
1467 5267 1585 5314 sunt
1647 5275 1755 5329 om.
1812 5257 1919 5324 AB,
1972 5265 2134 5329 extat,
2171 5249 2224 5313 in
2264 5251 2532 5329 tersione.
2579 5323 2587 5329 ‘
2647 5250 2668 5292 ⁹
2703 5251 2769 5311 Β¹⁵
2810 5249 2985 5329 supra
3042 5253 3254 5326 adscr.,
3307 5258 3344 5329 ᾔ.
3386 5249 3449 5329 εξ
3491 5249 3609 5329 iud:
3721 5251 3834 5329 "ANB

561 5316 1038 5404 esseiernreltiam.
1136 5333 1159 5404 Ρ
1191 5316 1448 5404 ierarchia
1497 5343 1604 5404 om.
1651 5327 1715 5396 B,
1759 5332 1824 5385 ad
1858 5316 2033 5404 marg.
2069 5323 2245 5384 adscr.
2283 5321 2432 5404 ΒΕ.-
2461 5323 2517 5404 ‘_'_
2547 5323 2609 5383 B'
2643 5316 2944 5404 suprascr.
2990 5329 3050 5383 ut
3087 5346 3199 5382 nos.
3239 5316 3252 5326 ⁷
3301 5325 3345 5404 ff
3386 5316 3522 5404 Bari.
3555 5337 3714 5404 corr.
3747 5316 3832 5404 BZ,

562 5393 1052 5475 Aliggnalitatem.
1131 5390 1930 5475 "ii"margtadschmundas
1953 5390 2068 5475 nvon
2100 5410 2176 5475 ut,
2201 5409 2352 5475 cet._
2385 5393 2432 5475 ξ’
2458 5390 2724 5475 Βξ-ηλειπιεξ
2761 5397 2946 5475 ἐὶιίςώιυ.Δ
2973 5407 3269 5475 receptas;
3305 5391 3418 5475 “ﬂA
3449 5395 3764 5475 grandinem,
3796 5390 3834 5446 Β

563 5459 858 5554 cupidinem
884 5473 1091 5541 (punct,
1128 5469 1234 5543 ndj.
1261 5471 1367 5546 B‘).
1413 5459 1491 5504 νη
1521 5465 1560 5526 Β
1593 5470 1913 5554 recipiuntur
1943 5459 2290 5542 (punclfadj.
2321 5466 2425 5537 θ’).
2503 5467 2548 5501 ¹⁶
2575 5467 2615 5524 Β
2643 5459 2764 5526 sunt
2800 5465 3058 5540 repulsae.
3087 5459 3098 5468 ’
3142 5459 3181 5501 ⁸
3213 5468 3306 5526 Sic
3339 5462 3412 5534 C;
3445 5459 3534 5521 ΑΒ
3561 5465 3832 5554 incompa-

566 5557 785 5632 ratiane.
828 5545 839 5556 ’
863 5557 1020 5632 ¹¹ξᾼ8ἰρ
1044 5555 1118 5628 C;
1149 5562 1192 5616 Δ
1217 5544 1378 5632 velut,
1407 5561 1450 5616 Β
1476 5554 1669 5632 uelutis
1708 5561 1776 5632 ﬂ“
1803 5544 1981 5632 Cttan
2012 5576 2133 5630 pro.

2237 5579 2281 5632 to
2307 5561 2440 5620 ABC
2459 5559 2670 5632 templo.
2701 5563 2748 5594 ¹⁰
2778 5561 2842 5615 Β*
2873 5577 3034 5632 supra
3065 5561 3266 5632 adsum
3297 5562 3364 5632 i._
3386 5569 3434 5611 ο.
3466 5556 3681 5632 πυριῶ
3723 5553 3766 5584 ’³

564 5627 814 5709 profecto.
891 5627 934 5660 “
965 5624 1164 5734 Cone.‘
1205 5631 1337 5687 ABG
1367 5624 1552 5687 modo.
1617 5628 1676 5702 f3
1701 5629 1762 5684 Β·
1809 5624 1934 5686 ταδί
1961 5624 2104 5686 corr.
2143 5628 2502 5716 ineiabiliter.
2563 5624 2646 5664 ’³⁸
2673 5645 2746 5687 est
2795 5624 2955 5700 supr:
2987 5633 3134 5686 adsc.
3168 5629 3252 5694 B‘,
3286 5629 3375 5683 AB
3400 5639 3482 5700 et._
3549 5624 3682 5708 "uir
3714 5624 3832 5708 rati.

567 5713 690 5734 orarr
740 5697 1014 5734 ,Ιηιοητιυηε
1117 5701 1136 5732 a
1193 5703 1252 5734 ιιι
1286 5705 1377 5734 ...υι
1437 5719 1559 5734 ων...
1606 5693 1940 5734 ευηήηιάηιι...
2049 5704 2092 5734 ar
2122 5696 2254 5734 τίη...
2333 5703 2459 5734 arm
2499 5703 2600 5734 ειη-δ
2699 5703 2744 5734 as
2783 5703 2862 5734 an
2893 5700 3089 5734 ...ι-..ξω
3134 5700 3177 5734 n
3209 5700 3401 5734 ιυδιοᾶιη
3500 5698 3544 5732 ιο
3570 5697 3659 5734 sm
3687 5696 3751 5734 ι.-
3781 5702 3832 5734 ιιι

567 5693 708 5752 corr.
740 5697 1037 5753 dicendum.
1117 5693 1164 5734 ’⁸
1193 5703 1252 5756 B’
1286 5705 1400 5761 rati.
1436 5719 1578 5758 corr.
1606 5693 1958 5770 ine/fabiiiter.
2049 5704 2092 5735 ⁸⁷
2122 5708 2133 5756 t

2237 5693 2297 5774 ἶι,
2330 5703 2461 5759 ABG
2491 5703 2620 5774 fari.
2699 5703 2744 5735 ’⁸
2777 5693 3106 5774 ΑΒέρενίεσ,
3133 5700 3178 5758 G
3206 5693 3421 5771 sperito.
3471 5693 3544 5732 ’²⁹
3570 5695 3660 5750 Sic
3687 5695 3752 5756 ὓ,
3781 5702 3838 5751 et

565 5839 684 5898 rad.
738 5853 882 5894 corr.
926 5840 1010 5908 B‘,
1042 5842 1086 5895 Α
1116 5792 1520 5909 ἱησοηυει-δῖωιὶ,
1555 5843 1595 5897 Β
1618 5845 2032 5900 inconversabili.
2111 5844 2156 5877 '°
2186 5844 2278 5904 Sic
2315 5845 2380 5914 C,
2428 5855 2484 5902 et
2527 5846 2646 5903 rad.
2675 5861 2820 5902 corr.
2852 5841 2940 5912 B‘,
2969 5843 3060 5900 AB
3088 5839 3507 5899 inconversabili.
3584 5835 3709 5890 "-A
3755 5844 3809 5888 ut

2651 5188 2672 5267 ξ
2809 5203 3202 5267 persequamur.
3305 5185 3387 5267 ξΑ
3437 5199 3829 5267 persequamur:
