4178 6266
568 373 672 432 183

1626 420 1635 429 .
1700 368 2208 429 EXPOSITIONES
2248 366 2535 427 IOANNIS
2574 363 2809 426 SCOTI'

3745 387 3850 444 184

569 471 674 525 tiae
711 467 729 499 ⁸
752 466 958 521 altioris
978 463 1191 519 taurinis
1223 462 1467 533 repletas,
1494 472 1543 519 et
1568 462 1860 534 formiﬁcae
1880 474 1928 519 et
1952 464 2169 535 princi-‘
2183 468 2237 526 Α
2262 462 2471 528 tive,‘in
2493 462 2670 535 aliqua
2698 463 2859 533 plane
2879 461 3078 531 forma,
3104 466 3363 539 ﬁgurant,
3393 472 3478 528 vel
3525 481 3587 530 ut
3624 489 3851 549 expres-

569 559 706 633 palis
726 556 1126 629 pulchritudinis
1150 564 1197 609 et
1220 555 1243 631 ξ
1266 555 1714 626 superessentialis
1743 560 1801 611 et
1824 565 1903 610 ter
1927 554 2149 612 lucentis
2203 558 2231 601 ε
2258 554 2372 610 sius
2426 552 2785 620 transfertur,
2842 553 3141 611 reformant
3201 559 3453 617 deiﬁcam
3527 566 3583 619 in
3658 569 3851 639 seipsis

570 650 1023 723 contemplationis
1050 689 1066 716 ,
1116 658 1369 719 quantum
1417 647 1529 718 fas,
1578 648 1798 718 refertas
1850 648 1891 702 ³.
1939 647 2151 718 Neque,

570 746 784 815 inquit,
839 742 1233 799 aestimandum
1280 739 1303 772 "
1370 742 1818 813 oontemplativas
1886 757 2008 799 esse
2058 758 2152 800 eas

569 835 902 893 sensibilium
952 832 1319 905 symbolarum
1369 842 1423 888 et
1477 832 1921 890 intellectualium
1969 850 2152 891 rerum

568 929 972 1003 speculationis,
1000 928 1142 983 altae
1169 928 1329 998 plane
1372 928 1779 1000 intelligentiae,
1826 938 1886 984 ut
1920 929 1944 961 ⁵
1996 930 2153 984 redu-

566 1031 703 1085 ctas,
728 1022 830 1077 hoc
856 1030 962 1083 est,
992 1018 1149 1089 quasi
1197 1018 1451 1073 reductas
1480 1019 1532 1072 in
1580 1019 1745 1073 Deum
1773 1033 1841 1073 ex
1892 1018 2153 1074 varietate

565 1116 809 1171 theoriae
840 1128 1028 1169 sacrae
1058 1111 1393 1183 Scripturae.
1422 1111 1540 1168 Non
1571 1114 1739 1179 enim,
1775 1113 1916 1168 sicut
1966 1124 2150 1168 nostra

562 1220 749 1269 mens,
780 1220 917 1275 quae
946 1203 1370 1274 praevaricando
1414 1203 1624 1258 divinos
1662 1204 1901 1259 deseruit
1943 1204 2152 1259 intelle-

564 1307 704 1361 ctus,
734 1297 800 1351 ad
835 1295 1052 1351 eosdem
1082 1296 1275 1350 iterum
1305 1310 1405 1366 per
1437 1295 1756 1350 varietatem
1798 1304 1853 1349 et
1883 1294 2152 1351 multifor-

563 1389 805 1442 mitatem
836 1403 1022 1443 sacrae
1064 1385 1378 1457 Scripturae
1416 1386 1890 1455 contemplationis
1938 1387 2149 1442 reduci-

565 1488 672 1541 tur,
723 1477 797 1531 ita
823 1476 1149 1547 principales
1176 1476 1445 1533 essentiae
1492 1477 1700 1547 primae
1749 1476 2051 1532 ierarchiae
2091 1478 2148 1533 in

562 1568 729 1620 Dcnm
759 1567 1120 1633 reducuntur;
1159 1569 1254 1623 sed
1282 1568 1423 1623 sicut
1467 1568 1690 1622 satiatas
1715 1568 1862 1622 omni
1895 1569 2144 1622 immate-

2258 642 2681 700 similitudinem.
2707 644 2823 699 Non
2848 646 3116 715 siquidem
3148 650 3327 707 adhuc
3352 653 3514 709 veluti
3544 659 3756 727 parvuli
3790 662 3844 718 in

2256 734 2514 806 symbolis
2537 736 2847 805 sanctisque
2860 735 3131 806 ﬁgmentis
3146 738 3386 797 divinam
3409 745 3847 818 similitudinem,

2255 841 2360 896 qua
2391 842 2534 881 nunc
2563 827 2619 881 in
2646 826 2751 882 tlde
2777 826 3094 882 deiﬁcamur
3120 830 3187 893 “,
3213 839 3269 886 et
3306 833 3358 888 in
3394 837 3573 906 specie
3623 838 3849 897 deiﬁca-

2255 919 2452 983 bimur,
2486 920 2541 974 in
2573 919 2617 951 '°
2650 920 2806 976 nobis
2831 919 3214 988 formantur“,
3243 927 3335 981 sed
3372 937 3430 982 ut
3450 944 3595 996 vere,
3616 932 3716 987 hoc
3740 941 3844 1000 est,

2256 1012 2458 1081 absque
2485 1012 2593 1067 ullo
2623 1012 2881 1083 ﬁgmento
2919 1014 3046 1092 ipsi,
3100 1016 3352 1073 videlicet
3398 1019 3547 1088 Iesu,
3593 1026 3850 1093 approxi-

2254 1113 2466 1158 mantes
2500 1103 2551 1157 in
2586 1105 2761 1173 prima
2789 1105 3210 1176 participatione
3238 1118 3364 1165 sunt
3407 1112 3666 1169 scientiae
3695 1115 3847 1171 deiﬁ-

2254 1207 2439 1248 corum
2479 1194 2524 1224 ²¹
2566 1193 2685 1262 ejus
2735 1192 3020 1260 luminum,
3074 1197 3178 1252 hoc
3212 1210 3316 1263 est,
3368 1199 3733 1258 deiﬁcantium
3782 1218 3845 1261 se

2253 1283 2390 1352 ejus,
2421 1282 2546 1338 Iesu
2574 1284 2751 1353 plane,
2785 1284 3261 1342 illuminationum.
3295 1288 3449 1344 Nulla
3478 1293 3674 1362 quippe
3712 1294 3846 1349 ima-

2253 1373 2495 1446 ginatio,
2535 1373 2739 1428 nullum
2790 1385 3190 1430 sacramentum
3246 1377 3331 1432 vel
3381 1379 3696 1450 ﬁgmentum
3739 1383 3849 1438 for-

2207 1463 2457 1519 ~matum
2518 1465 2661 1518 inter
2717 1480 2812 1518 eas
2861 1474 2947 1520 est
2999 1468 3233 1522 medium
3298 1480 3354 1525 et
3413 1472 3588 1540 ipsum
3659 1471 3843 1529 Iesum

2253 1556 2548 1622 Christum,
2579 1558 2663 1611 cui
2715 1559 2994 1626 proximae
3021 1569 3166 1615 sunt.
3221 1561 3292 1616 Et
3340 1565 3465 1634 quia
3516 1565 3628 1621 Deo
3673 1566 3848 1624 simile

560 1659 678 1714 riali
727 1659 953 1714 scientia
1008 1658 1236 1725 altioris,
1290 1659 1574 1714 divinioris
1601 1658 1873 1723 videlicet,
1928 1657 2148 1715 luminis
2250 1648 2377 1717 ἔρεξε
2422 1648 2798 1717 subiectissime
2849 1649 3101 1703 άοηαιωη
3150 1661 3268 1715 est;
3318 1669 3532 1723 semper
3593 1657 3844 1727 superius

559 1759 613 1805 et
647 1749 894 1816 refertas,
930 1759 1192 1819 quantum
1225 1748 1309 1805 fas
1330 1756 1436 1813 est,
1464 1751 1569 1804 hoc
1595 1756 1700 1814 est,
1729 1757 1991 1819 quantum
2023 1748 2148 1803 licet
2249 1740 2473 1795 verbum
2525 1741 2788 1809 repetitur
2816 1756 2830 1794 :
2880 1750 2966 1796 est
3019 1743 3413 1801 aestimandum
3444 1748 3510 1811 ’³,
3553 1750 3681 1818 quia
3730 1750 3843 1806 Deo

558 1851 860 1907 creaturae,
886 1840 1212 1897 -formiﬁcae
1256 1850 1312 1897 et
1360 1841 1677 1912 principalis
1726 1840 2143 1911 pulchritudinis
2248 1831 2423 1887 simile
2452 1832 2582 1901 ipsis
2610 1833 2869 1887 donatum
2890 1842 2992 1897 est,
3026 1834 3129 1889 hoc
3153 1845 3257 1901 est,
3287 1838 3381 1893 Dei
3409 1838 3707 1921 similitudo
3745 1842 3843 1895 do-
3892 1912 3895 1919 ι

559 1941 614 1987 ει
656 1933 676 1963 ⁸
724 1933 1190 2003 superessentialis
1238 1945 1294 1988 et
1341 1942 1427 1988 ter
1473 1933 1705 1989 lucentis
1738 1932 1759 1965 '
1809 1931 2141 2001 contempla-

2249 1931 2375 1977 nata
2423 1932 2509 1978 est
2556 1922 2982 1991 subjectissime,
3034 1926 3279 1993 proxima
3319 1928 3366 1959 “
3413 1930 3667 1985 videlicet
3715 1932 3842 1988 sub-

561 2026 726 2080 tione.
758 2025 958 2082 Plenae
985 2028 1251 2098 siquidem
1293 2035 1418 2081 sunt
1451 2028 1886 2098 supermundana
1915 2027 2141 2082 scientia

2243 2012 2498 2083 jectione,
2529 2012 2816 2081 siquidem,
2840 2015 2965 2069 dum
3003 2016 3185 2071 omnia
3238 2017 3347 2073 Deo
3394 2019 3640 2087 subjecta
3678 2031 3833 2090 sunt,

559 2114 797 2180 luminis,
821 2118 964 2187 quod
1008 2126 1229 2187 superat
1257 2132 1417 2173 omne
1465 2118 1507 2177 °_
1535 2118 1746 2184 lumen,
1806 2129 1863 2173 et
1911 2118 2144 2175 causalis

558 2206 998 2277 pulchritudinis,
1029 2224 1170 2278 quae
1194 2209 1484 2265 formiﬁcat
1516 2211 1720 2275 omnia,
1765 2213 1865 2265 ut”
1896 2225 2144 2281 superes-

558 2295 801 2353 sentialis
820 2298 1295 2369 contemplatione.
1342 2298 1467 2354 Ideo
1493 2308 1675 2355 autem
1719 2299 1918 2355 dicitur
1945 2300 2145 2356 caeles-

561 2389 693 2443 tium
707 2390 1067 2445 essentiarum
1094 2398 1306 2446 ceteras
1326 2390 1843 2460 supereminentium
1873 2391 2143 2447 ierarchia

556 2479 714 2551 plena
771 2481 1227 2553 contemplatione
1250 2523 1266 2550 ,
1324 2482 1794 2553 superessentialis
1844 2481 1910 2548 ’°,
1946 2490 2003 2537 et
2058 2490 2144 2537 ter

557 2571 767 2638 lucens,
795 2572 882 2627 vel
911 2582 995 2628 ter
1021 2588 1308 2644 apparens,
1332 2574 1418 2628 vel
1453 2583 1512 2629 ut
1542 2573 1864 2645 simpliciter
1886 2572 2143 2630 transfer-

561 2671 668 2729 tur,
702 2663 909 2732 triluce,
944 2666 1200 2735 quoniam
1230 2673 1354 2720 ante
1400 2665 1537 2719 alias
1565 2663 1853 2721 inferiores
1876 2666 2142 2721 essentias

553 2757 1161 2825 superessentialitatem
1187 2758 1353 2813 totius
1376 2756 1750 2812 universitatis
1780 2772 1999 2814 causam
2035 2758 2138 2812 im-

553 2850 782 2905 mediate
806 2852 1167 2922 conspicatur.
1197 2850 1345 2919 Quae
1374 2851 1539 2907 etiam
1571 2851 1767 2907 triluca
1810 2867 1917 2906 non
1950 2852 2141 2908 imme-

551 2941 657 2996 rito
683 2942 899 3008 dicitur,
923 2944 1179 3012 quoniam
1215 2954 1300 2999 ter
1346 2944 1517 3008 lucet;
1567 2943 1834 3013 siquidem
1878 2943 1932 2997 in
1965 2944 2139 2999 tribus

551 3034 867 3089 substantiis
914 3037 1072 3092 unius
1128 3035 1476 3107 ejusdemque
1522 3038 1794 3093 essentiae
1838 3037 2139 3093 clarissime

549 3125 733 3179 rutilat
777 3140 836 3181 se
875 3126 1262 3195 quaerentibus
1294 3128 1380 3197 pie
1408 3138 1464 3182 et
1504 3127 1930 3197 intelligentibus
1975 3144 2132 3194 vere;

488 3287 503 3302 ’
551 3320 648 3377 per
670 3307 813 3376 quod
849 3308 1061 3374 omnia;
1090 3309 1235 3363 lucet
1266 3287 1321 3364 in
1355 3309 1496 3365 dono
1530 3310 1595 3376 “,
1645 3325 1753 3378 quo
1808 3310 1964 3365 beata
2015 3322 2139 3368 sunt

548 3397 751 3454 omnia.
804 3398 872 3453 Et
904 3401 1408 3470 notandumquod,
1450 3400 1542 3456 ubi
1598 3401 1969 3458 transtulimus
2022 3403 2139 3473 pul-

508 3548 511 3553 _
547 3489 891 3558 chritudinis,
923 3492 997 3547 ibi
1033 3493 1086 3547 in
1124 3491 1333 3550 Graeco
1385 3495 1598 3558 κάλλους
1654 3495 1720 3559 ¹¹,
1769 3496 1913 3566 quod
1960 3504 2140 3566 potest

550 3579 834 3639 transferri
877 3591 931 3638 et
980 3585 1180 3654 formae
1228 3596 1283 3642 et
1334 3588 1758 3659 pulchritudinis.
1810 3588 1923 3645 Nec
1969 3590 2138 3646 distat

547 3690 759 3732 sensus.
800 3675 935 3732 Nam
961 3678 1142 3736 divina
1167 3680 1403 3747 bonitas,
1431 3682 1571 3737 sicut
1591 3682 1859 3739 formiﬁca
1886 3684 1953 3751 ",
1983 3686 2059 3738 ita
2078 3694 2136 3740 et

546 3768 869 3840 pulchriﬁca
896 3780 984 3827 est
999 3773 1260 3828 omnium.
1292 3771 1776 3829 Communicatione
1804 3784 1980 3830 autem
2000 3774 2131 3831 Iesu

545 3863 790 3919 similiter
807 3864 962 3935 digne
976 3865 1167 3934 factas,
1191 3866 1277 3922 vel
1295 3874 1359 3921 ut
1375 3866 1419 3897 ¹⁴⁵
1434 3867 1752 3937 simpliciter
1769 3868 2093 3924 transfertur
2113 3886 2127 3923 :

446 3989 463 3998 κ
543 3954 673 4012 Iesu
693 3964 869 4011 autem
886 3958 1262 4013 communione
1279 3957 1530 4014 similiter
1543 3958 1765 4030 dignas;
1789 3974 1820 4013 a
1837 3958 2131 4029 superiori—

545 4049 647 4104 bus
668 4049 945 4121 suppletur
970 4068 983 4102 :
1012 4050 1405 4105 aestimandum
1431 4050 1620 4121 dignas
1649 4049 1695 4081 ¹⁸
1724 4064 1844 4106 esse
1888 4063 2129 4105 commu-

544 4141 726 4206 nione,
775 4140 1192 4212 participatione
1240 4140 1452 4196 scilicet
1478 4139 1626 4196 Iesu.
1666 4138 1922 4195 Similiter
1948 4148 2127 4195 autem

2246 2104 2728 2172 subjectissimum,
2754 2105 2862 2175 hoc
2890 2114 2993 2170 est,
3027 2108 3328 2176 proximum
3379 2102 3682 2179 subjectum
3735 2111 3843 2168 sibi

2245 2202 2329 2249 est
2361 2194 2536 2249 trimus
2567 2194 2776 2265 primae
2807 2194 3110 2251 ierarchiae
3129 2196 3280 2252 ordo.
3332 2197 3399 2251 Et
3445 2200 3844 2257 communicant

2244 2286 2575 2353 huiusmodi,
2595 2294 2651 2340 ut
2676 2285 2943 2356 possibile,
2972 2288 3030 2342 in
3066 2290 3475 2359 praeoperatrice
3510 2291 3704 2344 virtute
3727 2292 3844 2347 dei-

2243 2377 2358 2447 ﬁcis
2386 2377 2551 2446 ipsius
2579 2384 2627 2430 et
2662 2374 2906 2430 humanis
2950 2378 3247 2433 virtutibus.
3291 2378 3576 2447 Quoniam,
3634 2382 3839 2452 inquit,

2244 2467 2424 2522 divina
2455 2466 2753 2521 similitudo
2804 2466 2934 2536 ipsis
2963 2467 3161 2522 donata
3211 2477 3315 2536 est,
3362 2471 3527 2527 veluti
3579 2474 3837 2543 proximo

2243 2557 2507 2627 subjecto,
2543 2568 2831 2630 propterea
2877 2559 3041 2614 etiam
3072 2561 3479 2617 communicant
3527 2564 3839 2635 hujusmodi

2242 2648 2466 2704 ordines
2493 2648 2561 2715 ",
2604 2657 2870 2719 quantum
2916 2650 2996 2705 eis
3041 2639 3222 2716 datur,
3281 2651 3335 2706 in
3383 2655 3835 2724 praeoperatrice,

2243 2757 2384 2812 quae
2408 2742 2462 2797 iu
2502 2742 2583 2797 eis
2619 2751 3030 2812 praeoperatur,
3068 2743 3269 2800 virtute
3312 2744 3519 2802 deiﬁcis
3564 2756 3620 2801 et
3644 2748 3838 2803 huma-

2243 2834 2348 2898 nis,
2365 2832 2417 2887 id
2430 2841 2531 2894 est,
2551 2833 2908 2889 clementibus
2938 2849 3032 2888 seu
3062 2832 3457 2892 humanitatem
3486 2837 3837 2911 diligentibus

2242 2924 2362 2995 ejus
2414 2926 2728 2993 virtutibus,
2765 2941 2888 2980 cum
2916 2924 2962 2956 ’°
2999 2928 3400 2997 cooperatrices
3432 2929 3543 2985 sint
3577 2939 3634 2986 et
3665 2929 3839 2989 admi-

2241 3018 2584 3074 nistratrices
2609 3027 2831 3073 nostrae
2855 3018 3049 3074 salutis
3078 3028 3134 3074 et
3158 3019 3540 3093 deiﬁcationis.
3568 3019 3835 3093 Perfectus

2244 3119 2416 3163 autem
2449 3109 2710 3173 similiter,
2750 3125 2854 3164 non
2882 3119 2937 3162 ut
2987 3126 3139 3164 sacra
3166 3096 3760 3183 varietate‘analyticam
3786 3113 3833 3147 "

550 3215 693 3271 lucet
723 3218 868 3271 enim
893 3185 975 3271 ’ίη
1002 3217 1187 3285 patre,
1216 3233 1247 3272 ει
1275 3185 1383 3288 (ξυο
1411 3220 1626 3284 omnia;
1655 3185 1801 3275 ιξεθι
1850 3220 1904 3273 in
1935 3185 2136 3287 verba;
2245 3202 2517 3256 scientiam
2539 3201 2885 3266 illuminatas,
2913 3202 3003 3256 sed
3034 3211 3091 3255 ut
3115 3203 3315 3272 primae
3334 3211 3384 3257 et
3405 3205 3832 3275 supereminentis

2244 3293 2594 3361 deiﬁcationis
2651 3293 2697 3323 ’⁸
2754 3293 2996 3362 repletas,
3035 3294 3323 3350 secundum
3383 3294 3788 3351 excelsissimam
3814 3334 3828 3362 ,.

2239 3396 2497 3457 quantum
2546 3387 2602 3441 in
2644 3389 2863 3458 angelis,
2919 3389 3237 3460 divinorum,
3265 3407 3477 3462 operum
3501 3391 3825 3447 -scientiam.

2239 3481 2647 3556 Aestimandum
2678 3481 2928 3540 similiter
2952 3499 2967 3549 ;
2994 3484 3098 3539 hoc
3119 3493 3223 3551 est,
3252 3484 3522 3555 prioribus
3548 3483 3828 3540 beneﬁciis

2238 3573 2538 3645 aequaliter
2589 3574 2859 3645 perfectas
2902 3589 3046 3636 esse,
3097 3590 3205 3630 non
3251 3577 3407 3646 quasi
3453 3576 3825 3641 illuminatas,

2238 3664 2380 3719 sicut
2405 3679 2525 3729 nos,
2553 3673 2738 3718 sancta
2771 3664 3138 3734 symbolorum
3167 3664 3432 3725 varietate
3460 3665 3515 3720 in
3534 3730 3537 3733 ε
3558 3665 3829 3737 analytica

2236 3756 2462 3812 scientia
2495 3756 2576 3809 vel
2601 3755 2884 3826 disciplina
2924 3757 2988 3809 ’9.
3016 3746 3340 3827 Utrumque
3369 3744 3514 3813 enim
3560 3755 3829 3828 signiﬁcat

2234 3851 2548 3920 inici-ripas;
2585 3862 2709 3901 nam
2750 3856 2805 3902 et
2842 3848 2897 3902 in
2945 3848 3227 3902 scientiam
3264 3857 3314 3902 et
3373 3847 3429 3903 in
3474 3836 3823 3918 disciplinam

2232 3945 2481 3998 vertitur.
2513 3943 2709 3997 Noster
2736 3942 2936 4012 quippe
2961 3943 3173 3997 animus
3199 3941 3315 4012 ipsa
3336 3942 3642 4015 disciplina,
3677 3955 3817 4011 quae

2232 4053 2262 4090 a
2301 4034 2504 4091 (ἓηεὶε
2526 4034 2725 4089 dicitur
2750 4035 3046 4099 ἀναλυτική,
3080 4050 3177 4104 per
3199 4044 3413 4089 sacram
3449 4032 3821 4108 symbolarum

2230 4127 2548 4181 varietatem
2618 4124 2998 4189 illuminatus,
3052 4125 3105 4179 in
3160 4123 3497 4177 altitudinem
3555 4111 3821 4191 supernae

2229 4215 2585 4273 deiﬁcationis
2613 4216 2907 4270 reducitur.
2945 4215 3095 4270 Duae
3122 4203 3318 4286 quippe
3342 4220 3527 4284 partes
3549 4219 3675 4266 sunt
3698 4211 3818 4266 dia-

543 4230 703 4300 dixit,
734 4241 794 4288 ut
822 4233 1202 4306 intelligamus,
1227 4241 1320 4289 aut
1347 4234 1489 4290 sicut
1515 4232 1775 4304 praefatis
1810 4233 2123 4299 virtutibus,

542 4325 619 4382 ita
647 4334 701 4381 et
726 4323 854 4382 Iesu
874 4301 1261 4383 ‘cominunione
1291 4326 1501 4398 dignas,
1516 4301 1631 4382 Vaut
1659 4326 1787 4397 quia
1818 4333 1932 4382 tres
1977 4323 2124 4380 ordi-

2247 4311 2452 4365 ecticae
2479 4307 2818 4379 disciplinae,
2864 4322 3092 4377 quarum
3132 4321 3237 4360 una
3290 4303 3593 4381 διαιρετικὴ,
3651 4301 3821 4357 altera

543 4435 641 4475 nes
668 4421 875 4489 primae
904 4421 1204 4476 ierarchiae
1225 4395 1499 4484 similiter,
1522 4419 1629 4474 hoc
1675 4395 1777 4482 est,
1827 4416 2124 4488 aequaliter

2243 4403 2502 4462 ἱναλυτική
2546 4408 2904 4469 nuncupatur.
2949 4400 3016 4452 Et
3065 4397 3347 4475 διαιρετικὴ
3398 4397 3618 4467 quidem
3675 4395 3815 4449 divi-

542 4509 1030 4565 commnnicatione
1054 4508 1179 4565 Iesu
1221 4509 1366 4581 digni
1400 4508 1526 4564 lacti
1553 4516 1700 4563 sunt.
1736 4504 1861 4560 Non
1904 4507 1961 4559 in
1988 4506 2124 4561 ima-
2155 4494 2397 4581 nSiODiS
2446 4493 2558 4548 Vim
2609 4491 2877 4562 Ροὸείάθῑς
2924 4489 3114 4545 (“Vidit
3163 4503 3400 4560 ηειωίιυθ
3456 4489 3817 4581 ιηυίίηρτυηι

541 4599 749 4671 ginibtts
770 4614 917 4653 sacre
959 4599 1112 4668 factis
1140 4580 1411 4668 formative
1439 4599 1674 4669 ﬁgurant
1702 4596 1942 4665 deiﬁcum
1978 4595 2124 4650 simi-
2148 4580 2202 4610 υ
2224 4602 2484 4659 generum
2513 4584 2779 4640 unitatem
2809 4599 2838 4637 a
2880 4598 3095 4638 summo
3126 4596 3313 4653 usque
3333 4580 3813 4671 deorwmirdfméc

542 4668 835 4755 litndinem,
861 4690 951 4744 sed
986 4699 1042 4744 ut
1080 4706 1197 4744 vere
1242 4690 1342 4760 ipsi
1386 4668 1806 4760 approximantes
1851 4689 1906 4742 in
1950 4688 2121 4760 prima
2223 4679 2292 4734 ad
2322 4678 2623 4735 individuus
2651 4677 2857 4747 species
2891 4676 3190 4745 perveniat,
3230 4675 3391 4745 inque
3432 4671 3498 4727 iis
3528 4668 3813 4726 divisionis

539 4780 937 4854 participatione
950 4780 1197 4836 scientiae
1222 4779 1594 4849 “‘deiﬁcorum
1623 4780 1665 4814 ¹⁷
1696 4779 1810 4851 ejus
1839 4778 2119 4835 luminum.
2223 4770 2514 4830 terminum
2544 4777 2741 4840 ponat;
2769 4768 3037 4829 ἀναλυτική
3062 4783 3190 4823 vero
3210 4782 3278 4823 ex
3309 4764 3539 4822 adverso
3564 4762 3667 4819 sibi
3716 4776 3818 4830 po-

542 4872 658 4930 Non
685 4873 742 4929 in
771 4873 1116 4945 imaginibus,
1150 4871 1349 4943 inquit,
1376 4885 1531 4926 sacre
1557 4869 1735 4936 lactis,
1758 4871 1863 4926 hoc
1882 4878 1986 4936 est,
2010 4884 2117 4925 non
2217 4863 2357 4919 sitae
2404 4860 2577 4931 partis
2606 4860 2899 4917 divisiones
2936 4857 3006 4914 ab
3035 4858 3325 4915 individuis
3354 4869 3575 4939 sursum
3607 4867 3816 4945 versus

540 4967 597 5023 in
620 4944 902 5038 symbolis
922 4963 1063 5020 sicut
1101 4977 1201 5018 nos
1231 4961 1489 5018 divinitus
1521 4961 1564 4993 ³⁸
1594 4961 1892 5033 plasmatis,
1920 4960 2117 5017 lorma-
2220 4954 2505 5027 incipiens,
2535 4967 2739 5024 perque
2759 4952 2980 5010 eosdem
3007 4951 3231 5024 gradus,
3249 4950 3450 5023 quibus
3474 4946 3566 5005 illa
3586 4944 3815 5006 descen-

1801 5072 2057 5131 VARIAE
2110 5066 2515 5130 LECTIONES.

611 5179 629 5212 ί
679 5177 745 5233 Β⁶
796 5175 914 5232 rad.
976 5189 1120 5232 corr.
1168 5169 1506 5229 immateriali
1550 5168 1788 5225 scientia.
1835 5218 1841 5225 .
1900 5167 1922 5197 '
1970 5165 2049 5222 sic
2096 5163 2206 5219 AB.
2314 5160 2336 5192 ³
2385 5159 2468 5233 B‘_
2484 5172 2660 5233 corr.
2703 5148 2806 5233 est
2859 5158 3111 5233 refertas.
3226 5154 3250 5187 ⁵
3290 5152 3387 5233 B‘_
3410 5166 3581 5233 supra
3632 5155 3812 5213 adscr.

683 5223 730 5282 τι
764 5223 1643 5318 13"":haiii'hd'ééifhéiieut?
1689 5238 1710 5271 α
1747 5248 1798 5293 ει
1835 5223 1948 5318 om;
2113 5234 2232 5318 ra.d-
2261 5246 2404 5288 corr-
2433 5228 2521 5318 Br.
2561 5230 2900 5318 Βηιιοιυίεες
2947 5228 3178 5318 vitea:
3201 5223 3628 5318 αεςηέᾰδευτει.
3653 5235 3815 5318 em

535 5294 825 5377 lucentis-l3
862 5294 1502 5389 ad'mari—vadscrf’if
1530 5294 1831 5389 7A7_o_mnem_.
1927 5294 2201 5389 ’AB"ra‘d.
2260 5317 2404 5389 corr.
2434 5294 2513 5389 et;
2562 5381 2573 5389 ι
2615 5300 2659 5389 ξο
2699 5298 3205 5389 li‘;‘marg:hads'9r._
3229 5294 3511 5389 -l'n‘mirlt'i‘s._
3536 5294 3809 5389 \Ra‘d.

533 5364 821 5449 ὲὶἲῖῖἚῗ
837 5364 927 5445 A'ii
944 5364 1144 5443 άὶὶἦὲὸῗ
1203 5364 1669 5448 Esmun,“
1719 5381 1921 5445 unus,
1961 5377 2003 5433 c
2056 5377 2246 5449 una,
2349 5371 2392 5449 ‘_'
2428 5370 2490 5449 ΑΔ
2526 5381 2575 5427 et
2603 5369 2858 5449 _lormica.
2913 5364 3011 5449 ,ζει
3045 5368 3143 5449 an
3190 5366 3325 5449 υεέιιι
3380 5364 3693 5449 (autem,
3722 5364 3809 5449 ne.

532 5431 796 5517 Filia.”
837 5431 1182 5515 ungit-(1
1233 5431 1990 5521 et'ébiiibifaii'iinitia:
2060 5431 2164 5479 in“
2214 5445 2256 5499 Β
2308 5443 2555 5531 scientiae
2593 5442 2827 5514 (punct.'
2858 5441 2967 5531 adj.
3006 5439 3221 5531 videtur
3390 5431 3399 5442 ’
3452 5441 3494 5531 ξ’
3722 5434 3811 5503 B‘,

532 5550 664 5607 ABG
706 5552 997 5621 deiﬁcum.‘
1077 5551 1121 5583 "
1158 5551 1201 5605 Β
1245 5550 1525 5621 diviniter.
1562 5543 1658 5621 __"
1694 5541 1741 5595 A
1786 5517 2147 5621 deificamus'.“
2187 5537 2234 5621 ’ξ
2254 5517 2749 5621 ’β’ίὲιῷξέέρθεςπ.
2772 5530 2982 5621 etin:
3139 5527 3215 5621 ΒΞ
3238 5524 3409 5621 ἔοι-ι’,
3430 5527 3806 5621 [ρςιξιαὺέιειιιινέ

532 5595 1084 5692 evasurust;
1122 5595 1528 5692 άῖίβὲἱιῐὶὲζ””ίι
1560 5613 1833 5692 Sicsupra
1863 5595 2038 5692 adscr.
2085 5607 2392 5692 suasa.
2445 5595 2539 5692 ’τῇ
2561 5602 2749 5692 sisic.
2763 5609 2825 5692 et
2845 5600 3279 5692 locri-1133298
3324 5595 3813 5692 proaimothhA

533 5672 774 5748 ordinis:
855 5672 902 5722 ⁸³
936 5672 1524 5760 ιῖἆῖηνὸιῖιί-’Ᾰᾱιιιθτμ
1557 5672 1910 5760 adscr-Illinc
1939 5691 2017 5760 u_t.
2092 5681 2136 5714 ⁸⁷
2262 5681 2441 5760 adscr.
2489 5685 2552 5760 et.
2588 5683 2773 5760 punct.
2803 5672 3108 5760 adjagcorr.
3243 5672 3807 5760 anatqticauscigntip:

532 5738 825 5820 E'ii'i'dd;
846 5738 1197 5832 coriiriiiii
1220 5738 1706 5832 ii’iiiégaiiiein
1749 5738 2100 5832 deiﬁcation‘e.
2175 5752 2230 5817 ,⁸⁵
2265 5748 2395 5807 Ain
2428 5738 2747 5818 analyiicam
2780 5738 3054 5800 scientiam
3097 5745 3181 5803 uel
3221 5738 3582 5817 disciplinam,
3630 5738 3698 5796 Β.
3750 5738 3813 5793 in
3868 5812 3871 5815 η

528 5833 850 5909 analyticaut
869 5822 1141 5888 scientiam
1169 5831 1248 5889 vel
1271 5822 1609 5901 disciplinam
1641 5822 1850 5898 (punct.
1883 5822 1992 5894 adj.
2021 5822 2110 5894 B‘)

1077 5551 1121 5583 "
1158 5551 1201 5605 Β
1245 5551 1508 5604 diuiniter.
1615 5551 1658 5576 ι’
1694 5551 1741 5595 Α
1786 5551 2113 5609 detftcamus.
2188 5551 2234 5569 ’ν
2269 5551 2331 5591 ιι·
2380 5551 2392 5591 ε

1077 5623 1084 5675 ;
1122 5621 1387 5682 deiﬁcum.
1482 5617 1528 5649 "
1560 5613 1652 5669 Sic
1673 5626 1833 5682 supra
1863 5611 2038 5682 adscr.
2085 5607 2294 5682 Bi,_AB
2318 5617 2392 5682 et.
