4178 6266
533 412 637 477 i8?

1620 403 2122 467 EXPOSI'HONEB
2156 404 2444 465 JOANNIS
2479 402 2681 462 ΒΕΟἹῚ

3078 360 3109 379 Ι

3699 409 3797 466 188

531 536 667 606 ipsa,
708 528 912 588 Christi
959 525 1208 583 videlicet
1251 522 1527 589 divinitas,
1566 540 1674 580 una
1719 534 1774 582 et
1819 524 2113 597 singularis
2137 533 2189 596 Α
2214 525 2417 597 inquit,
2457 539 2583 581 eum
2631 524 2675 563 ⁸¹
2719 523 2896 581 sancti
2923 522 3160 595 theologi
3192 522 3401 594 primas
3432 524 3691 582 caelestes
3715 544 3800 585 es-

531 626 726 680 domus
750 629 836 677 est
863 620 1076 684 Patris,
1116 626 1169 673 et
1200 625 1383 672 tamen
1410 618 1469 672 in
1496 617 1615 688 ipsa
1650 617 1850 673 multae
1878 618 2116 674 mansio-

530 731 630 772 nes
659 724 807 781 sunt,
829 713 958 784 quid
984 710 1221 782 expedit,
1251 710 1297 764 si
1326 710 1516 766 eadem
1544 711 1803 767 erodatur
1828 718 1885 765 et
1911 710 2113 765 intelli-

529 816 689 881 gatur
714 809 925 863 caelum
951 814 1005 860 et
1034 803 1213 859 caeli?
1246 801 1469 858 Caelum
1510 803 1731 872 quidem
1772 811 1995 873 propter
2023 818 2116 858 ως

526 896 1100 972 persuhstantlaiitatis
1153 909 1289 950 suae
1333 894 1741 963 excellentiam;
1795 895 1930 952 caeli
1982 909 2112 951 vero

525 998 748 1061 propter
794 986 1093 1058 sapientiae
1144 1000 1275 1041 suae
1343 984 1693 1055 multiplicem
1762 984 2108 1052 inanitatem,

524 1081 778 1150 quoniam
834 1077 1154 1147 sapientiae?
1179 1075 1303 1144 ejus
1335 1091 1445 1131 non
1496 1085 1581 1131 est
1626 1091 1906 1133 numeri».
1934 1077 2113 1143 Quam

521 1174 647 1229 dam
701 1187 833 1229 vero
891 1171 1159 1227 caelestes
1186 1171 1418 1224 virtutes
1468 1182 1499 1223 a
1546 1158 1933 1238 superioribus
1968 1182 2111 1224 sern-

517 1280 618 1339 per
682 1267 933 1333 discunt,
973 1264 1245 1335 quomodo
1283 1261 1440 1318 Iesus
1488 1263 1750 1318 Dominus
1807 1269 1890 1318 est
1922 1263 1940 1299 ⁸
1987 1275 2112 1316 εδει

519 1359 738 1416 iestium
783 1361 1041 1414 virtutum
1094 1366 1149 1412 et
1198 1371 1296 1411 rex
1342 1356 1585 1427 gloriae,
1613 1363 1670 1411 et
1702 1354 1973 1426 qtlomodo
2010 1355 2112 1410 hu-

519 1453 758 1507 manitas
782 1451 954 1521 ipsius
996 1450 1052 1505 in
1082 1449 1417 1504 divinitatem
1455 1457 1727 1517 assumpta
1757 1455 1868 1513 esto,
1914 1463 2021 1502 non
2049 1453 2110 1501 ut

519 1546 904 1618 assumptionis
951 1544 1121 1614 ipsius
1174 1544 1199 1574 '
1235 1542 1451 1597 modum
1492 1540 1826 1612 intelligant;
1887 1548 2108 1619 superat

516 1641 717 1711 quippe
742 1654 957 1695 omnem
989 1637 1320 1693 intellectum
1343 1654 1356 1702 ;
1379 1637 1473 1693 sed
1499 1646 1557 1690 ut
1583 1637 1752 1707 ipsum
1782 1638 2109 1709 assumptio-

516 1746 639 1786 nem
671 1728 1154 1806 supernaturaiiter
1184 1736 1237 1783 et
1266 1726 1613 1783 ineﬂ‘ahiliter
1636 1742 1759 1783 esse
1788 1726 1984 1783 factam
2012 1743 2108 1784 eo-

515 1829 799 1893 gnoscant.
856 1820 1127 1885 Quasdam
1167 1835 1285 1873 vero
1327 1820 1467 1890 apud
1504 1821 1677 1889 ipsum
1722 1817 1908 1874 desum
1951 1821 2106 1876 Chri-

513 1906 652 1967 stum
714 1913 738 1945 ⁸
806 1923 1111 1983 quaerentes
1142 1953 1157 1979 ,
1218 1921 1265 1966 et
1332 1928 1425 1983 pro
1486 1913 1633 1967 nobis

514 2004 737 2057 actionis
779 2003 1051 2057 scientiam
1082 2005 1372 2070 discentes,
1413 2014 1460 2058 et
1510 2021 1599 2058 eas
1628 2003 1811 2060 Iesum
1856 2006 1878 2037 ⁸
1903 2007 1959 2060 in
1998 2024 2106 2061 me-

515 2092 709 2145 dietate
761 2093 783 2124 ⁵
829 2093 1095 2147 docentem
1140 2102 1187 2147 et
1213 2093 1569 2164 praelargiens
1591 2096 1665 2148 eis
1689 2088 2109 2166 manifestantem

515 2200 666 2238 suam
711 2184 998 2238 humanam
1037 2183 1425 2254 benignitatem.
1474 2186 1828 2242 introducunt
1871 2204 2105 2259 quoque,

514 2272 712 2344 inquit,
750 2273 983 2345 theologi
1027 2276 1305 2343 quasdam,
1349 2275 1451 2330 hoc
1488 2284 1591 2343 est,
1626 2263 2108 2341 excellentissimas

515 2368 779 2424 caelestes
806 2369 1107 2435 essentias,
1150 2368 1290 2437 apud
1344 2369 1517 2439 ipsum
1562 2368 1744 2425 Jesum
1795 2371 2108 2429 immediate

512 2473 728 2531 semper
756 2474 900 2525 esse,
946 2468 1271 2529 quaerentes
1316 2469 1371 2515 et
1414 2460 1687 2518 discentes
1730 2463 1798 2518 ab
1828 2462 1946 2534 ipso
1976 2479 2107 2529 suae

509 2570 613 2627 pro
640 2557 793 2611 nobis
821 2556 1035 2612 divinae
1063 2557 1312 2623 actionis,
1343 2558 1444 2614 hoc
1470 2568 1575 2627 est,
1611 2562 2018 2631 incarnationis,
2053 2573 2107 2622 et

509 2648 799 2718 passionis,
824 2656 879 2704 et
907 2652 1340 2719 resurrectionis,
1359 2659 1414 2715 et
1428 2656 1814 2726 assumptionis
1828 2656 1880 2713 in
1896 2657 2105 2721 caelum

509 2737 814 2793 scientiam.
871 2737 941 2794 Et
989 2739 1341 2797 introducunt
1379 2744 1554 2814 ipsum
1593 2744 1777 2800 Jesum
1816 2749 2100 2806 docentem

508 2841 603 2885 eas
625 2830 933 2886 immediate
955 2838 1009 2887 et
1031 2832 1467 2889 manifestantem
1514 2836 1579 2891 iis
1620 2835 1662 2904 °,
1708 2839 2098 2919 praelargiens,

507 2922 613 2976 hoc
643 2930 743 2987 est,
773 2923 924 2993 prius
949 2939 1110 2995 quam
1143 2927 1336 2983 ceteris
1363 2925 1619 3005 largiens,
1649 2929 1735 2984 vel
1762 2932 1905 2987 sicut
1937 2934 2099 2997 etiam

507 3019 688 3082 potest
732 3014 1103 3084 interpretari,
1145 3016 1601 3087 praelargientem
1640 3019 1661 3050 τ
1707 3035 1859 3079 suam
1907 3022 2104 3078 huma-

460 3178 469 3189 I
507 3119 656 3170 nam,
688 3104 792 3161 hoc
846 3114 932 3161 est
978 3105 1302 3160 clementem
1330 3122 1457 3178 erga
1490 3109 1719 3164 salutem
1748 3111 1972 3167 humani
2010 3128 2102 3193 ge-

468 3224 479 3227 »
507 3196 659 3250 neris
685 3195 1098 3266 benignitatem.
1139 3192 1253 3271 Ego
1284 3197 1440 3261 enim,
1475 3199 1669 3269 inquit,
1712 3202 1920 3271 disputo
1941 3204 2101 3283 justi-

511 3289 642 3342 tiam
689 3299 740 3342 et
754 3290 1019 3359 judicium
1067 3286 1350 3345 Salutat-is.
1385 3289 1667 3348 Sententia
1701 3308 1921 3357 sanetae
1942 3272 2098 3354 'Scri-
2126 3272 2171 3334 Ο

510 3386 706 3453 pturae
733 3382 1020 3452 approbat,
1049 3379 1191 3451 quod
1216 3380 1477 3438 Dominus
1504 3382 1664 3439 Jesus
1692 3388 1969 3456 proximas
1999 3390 2100 3445 sibi

506 3471 772 3532 caelestes
792 3474 1058 3529 essentlas
1083 3488 1299 3544 semper
1325 3475 1535 3531 doceat.
1567 3476 1701 3548 Ego,
1729 3478 1922 3553 inquit,
1946 3481 2102 3539 Jesus

506 3559 761 3621 videlicet
785 3606 799 3630 ,
847 3566 1063 3637 disputo
1097 3564 1365 3634 justitiam
1398 3575 1452 3622 et
1492 3568 1759 3637 judicium
1809 3571 2100 3645 Salutaris,

508 3660 616 3715 mei
644 3656 919 3739 profecto,
965 3657 1057 3729 qui
1100 3657 1122 3690 ⁸
1167 3658 1481 3715 caelestium
1504 3671 1560 3716 et
1589 3664 1927 3719 terrestrium
1955 3664 2101 3721 salus

510 3767 652 3819 sum,
684 3760 739 3808 et
762 3767 890 3823 pax,
920 3759 975 3807 et
1001 3752 1318 3823 redemptio.
1347 3752 1496 3822 Quae
1527 3756 1672 3817 enim
1697 3757 1869 3829 major
1892 3759 2102 3837 justitia

507 3850 610 3908 est,
659 3855 819 3911 quam
849 3850 909 3896 ut
937 3843 959 3874 '
998 3842 1226 3898 Greater
1254 3855 1564 3899 creaturam
1587 3887 1602 3911 ,
1652 3861 1816 3916 quam
1847 3848 1913 3902 ad
1967 3849 2102 3907 ima-

508 3935 691 4006 ginem
716 3948 868 3989 suam
900 3932 1126 3999 fecerat,
1163 3935 1231 3989 ab
1256 3937 1537 3993 era-oribus
1564 3938 1677 3994 suis
1708 3948 1926 3996 revocet
1953 3942 2102 3997 simi-

508 4026 725 4098 lemque
751 4028 835 4083 sui
862 4028 1145 4094 restituat;
1174 4029 1303 4099 quid
1332 4027 1506 4099 majus
1532 4030 1820 4103 judicium,
1850 4049 2013 4113 quam
2043 4044 2101 4089 ut

513 4119 702 4191 puniat
724 4119 782 4174 in
833 4129 1105 4187 creatura,
1134 4120 1275 4190 quod
1297 4136 1404 4176 non
1436 4120 1583 4188 fecit,
1612 4123 1827 4191 liberet,
1856 4126 1999 4196 quod
2022 4123 2099 4179 fe-

510 4213 604 4270 cit.
637 4213 775 4268 Hinc
801 4212 1086 4270 Psalmista
1116 4214 1223 4267 ait:
1249 4232 1268 4265 ι
1299 4212 1725 4272 Misericordiam
1757 4226 1812 4271 et
1838 4217 2098 4287 judicium

508 4307 743 4364 cantabo
767 4307 886 4372 tibi,
913 4305 1141 4361 Domine
1161 4326 1180 4358 ›
1210 4325 1223 4360 :
1251 4307 1681 4364 misericordiam
1705 4310 1955 4365 videlicet
1974 4310 2101 4366 libe-

508 4399 682 4456 rando
728 4408 1011 4465 naturam,
1050 4398 1310 4477 judicium
1343 4415 1470 4455 vero
1504 4402 1780 4470 puniendo
1820 4403 2095 4459 delictum.

510 4486 681 4551 Miror
707 4497 904 4553 autem,
933 4488 1056 4558 quia
1084 4497 1133 4541 et
1163 4488 1463 4542 caelestium
1494 4494 1838 4547 essentiarum
1875 4497 2098 4564 primae,

2216 620 2423 677 sentias
2448 620 2525 675 ab
2553 619 2674 689 ipso
2700 614 3013 674 immediate
3044 616 3229 673 doceri
3273 617 3644 685 introducunt,
3675 622 3799 690 quia

2214 714 2347 783 ipse,
2380 715 2513 768 dum
2538 713 2595 767 in
2620 719 2853 775 tantum,
2883 718 3148 779 quantum
3177 709 3567 778 praediximus,
3588 720 3800 768 ceteras

2212 821 2402 863 omnes
2436 805 2595 862 simul
2635 806 2693 860 in
2720 804 2922 859 divinis
2968 802 3450 861 illuminationibus
3498 807 3799 875 superemi-

2213 906 2341 953 nent
2370 906 2430 951 ut
2460 897 2722 962 mediate,
2769 896 2873 951 hoc
2898 901 3017 958 est,
3062 892 3230 948 veluti
3277 896 3551 964 superiore
3596 905 3791 954 natura

2212 986 2551 1059 interposita,
2585 986 2932 1057 quaestiones
2958 992 3271 1040 reverenter
3299 994 3572 1055 appetunt,
3603 987 3655 1042 id
3705 998 3791 1044 est

2216 1078 2431 1142 timide,
2476 1078 2619 1147 quod
2666 1090 2863 1147 graece
2906 1075 3108 1131 dicitur
3153 1078 3413 1142 adludit,
3457 1078 3784 1135 desiderant.

2209 1171 2457 1227 Εὐλαϐεια
2480 1171 2623 1244 enim
2653 1180 2737 1227 est
2762 1187 2887 1227 cum
2915 1188 3103 1229 amore
3132 1174 3394 1229 timiditas
3418 1174 3505 1228 vel
3533 1164 3790 1230 verecun-

2212 1260 2319 1316 dla.
2353 1260 2422 1317 Et
2461 1261 2599 1315 enim
2629 1276 2734 1316 non
2772 1262 2893 1316 inde
2919 1263 3260 1333 interrogant,
3295 1264 3398 1318 hoc
3426 1271 3531 1329 est,
3557 1272 3614 1319 et
3647 1265 3791 1320 enim

2196 1338 2319 1407 non
2346 1353 2533 1422 ipsum»
2549 1350 2731 1407 Jasum
2764 1352 3071 1408 immediate
3096 1353 3452 1425 interrogant,
3470 1371 3633 1425 quare
3652 1357 3731 1412 tui
3748 1355 3795 1391 “

2211 1444 2371 1498 rubra
2407 1444 2753 1499 uestimenta?
2796 1443 2881 1498 vel
2908 1443 3048 1498 sicut
3076 1444 3133 1498 in
3167 1445 3484 1501 melioribus
3522 1446 3795 1520 exempla-

2210 1535 2361 1589 ribus
2412 1535 2704 1600 invenitur,
2768 1549 2930 1605 quare
2971 1535 3047 1588 tui
3089 1534 3134 1573 ιο
3172 1537 3411 1590 coccinea
3453 1539 3797 1594 uestimenta?

2210 1624 2364 1695 Apud
2391 1627 2592 1695 σῶμα.
2641 1626 2687 1665 ⁸⁸
2732 1642 2859 1681 uero
2880 1625 3168 1681 deliberant
3197 1640 3318 1681 ante
3338 1628 3675 1700 interrogare,
3706 1629 3792 1686 vel

2212 1715 2529 1787 simpliciter
2560 1717 2904 1785 transfertur,
2928 1719 3094 1788 'apud
3121 1734 3177 1773 se
3204 1721 3349 1790 ipsas
3393 1730 3715 1777 cunctantur
3744 1723 3792 1757 η

2210 1810 2296 1867 vel
2350 1811 2625 1866 haesitant
2652 1811 2698 1842 “
2731 1822 2858 1867 ante
2887 1812 3087 1868 dicere.
3116 1812 3303 1869 Potest
3327 1823 3381 1869 et
3406 1816 3489 1872 sic
3518 1817 3743 1888 intelligi
3772 1831 3788 1870 :

1711 1931 1837 1969 suae
1907 1915 2112 1970 άξυξηαθ
2141 1903 2187 1963 Β
2213 1903 2438 1956 etenim
2465 1918 2570 1957 non
2616 1904 2740 1961 inde
2784 1905 3142 1975 interrogant,
3173 1915 3229 1961 et
3267 1907 3410 1961 enim
3444 1922 3515 1963 ne
3551 1908 3698 1974 inde,
3726 1909 3795 1964 ah

2212 1993 2330 2063 ipso
2380 1992 2630 2051 videlicet
2684 1996 2843 2062 Iesu,
2891 1997 3245 2069 interrogant.
3304 1998 3585 2069 Siquidem
3630 2014 3791 2070 prae-

2211 2084 2367 2149 dixit,
2406 2093 2463 2138 ut
2501 2082 2756 2153 mediate,
2787 2086 2843 2143 id
2879 2096 2967 2143 est
3011 2090 3164 2159 quasi
3191 2089 3441 2155 mediate,
3472 2104 3581 2144 non
3608 2098 3788 2146 autem

2210 2179 2435 2234 omnino
2460 2178 2724 2246 mediate;
2766 2180 2913 2235 nulla
2947 2184 3145 2254 quippe
3176 2189 3426 2237 creatura
3470 2183 3617 2238 inter
3640 2181 3793 2253 ipsas

2209 2267 2473 2326 otiosum
2507 2271 2668 2326 altior
2694 2280 2779 2328 est
2801 2312 2817 2340 ,
2861 2282 2922 2327 ut
2966 2275 3221 2345 praefatis
3259 2273 3559 2331 rationibus
3596 2275 3791 2330 incon—

2208 2375 2369 2418 cusse
2393 2363 2674 2419 deﬁnitum
2706 2365 2768 2419 ".
2835 2364 2947 2420 Cur
2978 2377 3155 2423 autem
3192 2366 3345 2435 quasi
3383 2366 3636 2431 mediate,
3684 2382 3791 2423 non

2208 2465 2391 2509 autem
2416 2454 2634 2526 penitus
2660 2455 2991 2523 immediate,
3014 2457 3099 2513 vel
3130 2457 3346 2528 penitus
3373 2456 3607 2514 mediate
3630 2456 3793 2513 inter-

2207 2548 2435 2619 rogant?
2469 2547 2754 2604 Rationem
2791 2549 2967 2603 reddit
3000 2567 3019 2603 :
3047 2550 3187 2621 apud
3224 2566 3285 2605 se
3319 2551 3465 2620 ipsas
3498 2565 3628 2606 vero
3656 2550 3790 2607 deli-

2206 2643 2400 2699 berant
2424 2645 2779 2716 interrogare,
2806 2646 2953 2701 velut
2977 2646 3189 2715 planius
3211 2647 3553 2712 transfertur,
3575 2645 3786 2714 dicere;

2206 2733 2508 2790 deliberant
2543 2736 2742 2806 quippe
2789 2736 3073 2791 altitudine
3122 2738 3505 2809 mysteriorum
3552 2751 3785 2807 expave-

2206 2825 2335 2883 σιειὶ
2365 2868 2381 2895 ,
2433 2838 2613 2884 utrum
2676 2829 3074 2900 interrogarent
3140 2831 3183 2863 ιδ
3226 2845 3416 2887 necne.
3469 2829 3538 2886 Et
3580 2830 3692 2900 ipsa
3745 2831 3789 2867 ⁸³

2205 2917 2523 2975 deliberatio
2548 2918 2714 2973 veluti
2750 2919 2797 2959 ³⁸
2832 2921 3097 2990 quaedam
3147 2921 3408 2975 medietas
3454 2933 3487 2976 a
3532 2920 3792 2991 theologis

2206 3018 2448 3066 vocatur.
2530 3010 2764 3082 ideoque
2827 3027 3003 3083 neque
3055 3012 3316 3068 medietas
3356 3020 3478 3079 est,
3525 3027 3703 3083 neque
3744 3012 3790 3047 “

2206 3104 2563 3160 immedietas.
2611 3104 2739 3160 Mihi
2785 3114 2967 3160 autem
2992 3104 3207 3160 videtur
3243 3118 3350 3160 non
3395 3104 3613 3160 aliunde
3650 3104 3791 3162 hanc

2204 3197 2649 3253 deliberationem
2697 3197 3075 3253 excellentium
3119 3199 3476 3253 essentiarum
3516 3197 3789 3269 theologos

2204 3291 2552 3357 intellexisse,
2583 3291 2685 3346 nisi
2711 3306 2777 3346 ex
2805 3291 2920 3361 ipsa
2950 3291 3176 3356 visione,
3209 3305 3346 3361 quae
3380 3290 3651 3356 describit,
3682 3292 3789 3346 duo

2203 3383 2496 3439 Gherubim
2508 3384 2557 3417 ⁸³
2568 3397 2627 3439 se
2644 3383 2872 3438 invicem
2887 3384 3083 3439 intueri
3096 3394 3150 3441 et
3163 3385 3317 3453 quasi
3333 3383 3619 3446 consiliari,
3637 3383 3783 3453 quod

2202 3476 2362 3532 etiam
2392 3476 2499 3532 iste
2534 3477 2793 3547 magister
2820 3476 2873 3530 in
2902 3478 3256 3546 sequentibus
3285 3477 3518 3532 voluisse
3545 3474 3779 3531 videtur.

2203 3565 2543 3622 Ostendentes
2562 3567 2791 3638 quidem,
2811 3569 2933 3635 quia
2954 3569 3181 3635 discunt,
3197 3578 3247 3623 et
3259 3569 3476 3638 deiﬁcae
3485 3567 3788 3625 scientiae“

2200 3666 2468 3727 appetunt,
2486 3658 2589 3713 hoe
2604 3666 2708 3725 est,
2721 3672 2820 3729 per
2845 3660 2988 3715 hanc
3007 3658 3450 3715 deliberationem
3474 3660 3783 3726 ostendunt,

2200 3750 2327 3819 quia
2352 3750 2590 3817 discunt,
2615 3760 2670 3807 et
2704 3750 2949 3807 deiﬁcam
2981 3754 3285 3820 scientiam,
3312 3770 3453 3826 quae
3477 3769 3540 3818 se
3558 3753 3609 3793 ⁸⁸
3630 3753 3784 3810 deiﬁ-

2200 3851 2309 3910 cat,
2378 3844 2446 3900 ab
2502 3845 2549 3876 "
2589 3843 2717 3900 Jesu
2774 3855 2980 3919 petunt.
3027 3846 3151 3901 Non
3203 3856 3376 3902 autem
3430 3845 3789 3917 praesilientes

2200 3954 2292 4009 per
2308 3937 2359 3971 "
2385 3939 2619 3994 divinam
2640 3944 3023 4012 processionem
3049 3944 3270 3998 inditam
3302 3943 3743 3999 illuminationem
3766 3961 3786 4010 ;

2200 4030 2303 4086 hoc
2362 4040 2487 4099 est,
2532 4046 2639 4088 non
2688 4033 2765 4087 ita
2823 4042 3012 4104 petunt
3084 4034 3316 4089 divinam
3358 4034 3641 4089 scientiam
3668 4076 3682 4096 ,
3727 4042 3787 4087 nt

2199 4130 2599 4193 praeoccupent
2623 4123 2850 4179 inditam
2892 4125 2994 4179 sibi
3037 4124 3483 4180 illuminationem
3520 4139 3621 4196 per
3643 4125 3779 4178 divi-

2200 4231 2326 4271 nam
2373 4217 2773 4287 processienern
2795 4218 2867 4272 ".
2901 4216 3047 4271 Nihil
3074 4208 3215 4272 enim
3245 4224 3461 4289 petunt,
3486 4216 3589 4273 nisi
3633 4217 3787 4287 prius

2198 4311 2544 4381 processione
2566 4310 2729 4365 divini
2757 4310 2977 4365 luminis
3003 4319 3351 4382 cognoscant,
3374 4316 3556 4365 utrum
3578 4318 3785 4380 petant,

2200 4412 2256 4459 et
2282 4405 2434 4474 quid,
2466 4412 2519 4459 et
2548 4404 2816 4473 quomodo
2845 4414 3029 4475 petere
3069 4419 3163 4459 eos
3192 4411 3423 4474 oportet.
3469 4403 3538 4457 Et
3578 4403 3680 4457 hoc
3704 4410 3787 4456 est

2201 4496 2344 4565 quod
2368 4497 2499 4551 dicit
2524 4495 2571 4528 ’⁸
2596 4514 2609 4550 :
2645 4512 2753 4551 non
2785 4497 3160 4567 praesilientes
3190 4496 3414 4549 inditam
3445 4487 3785 4547 illuminatio-

507 4595 557 4639 et
595 4594 797 4638 tantum
833 4582 991 4636 simul
1031 4600 1206 4637 omnes
1234 4586 1611 4657 superemineat
1643 4588 1951 4644 thearchicis
1982 4590 2103 4643 iilu-
2131 4624 2180 4684 D
2206 4604 2326 4642 nem
2356 4588 2567 4644 divinae
2594 4590 2975 4659 processionis.
3010 4587 3133 4643 Non
3177 4588 3226 4626 ⁸⁸
3252 4604 3371 4659 ergo
3416 4586 3583 4656 prima
3618 4583 3785 4638 caelo-

507 4675 884 4731 minationibus
936 4685 989 4727 ut
1036 4673 1258 4727 mediale
1322 4679 1651 4744 quaestiones
1718 4692 2007 4735 reverenter
2053 4683 2097 4715 ¹⁹
2131 4673 2172 4684 ”
2207 4680 2363 4734 stium
2392 4679 2751 4734 intellectuum
2791 4681 3051 4735 ierarchia
3098 4680 3177 4745 ³⁸,
3227 4679 3291 4732 ab
3320 4680 3431 4749 ipsa
3474 4675 3788 4754 τελεταρχια

508 4776 779 4839 appetunt.
821 4764 967 4821 Ordo
995 4767 1280 4821 verborum
1311 4784 1324 4820 :
1356 4767 1539 4836 Miror,
1571 4771 1698 4842 quia
1730 4782 1990 4843 appetunt
2037 4784 2096 4830 ut

509 4860 745 4920 mediate
790 4861 1137 4931 quaestiones
1184 4870 1492 4917 reverenter
1536 4865 1741 4932 primae
1785 4865 2092 4925 caelestium

509 4957 869 5021 essentiarum
895 4998 908 5020 ,
958 4964 1015 5015 et.
1040 4959 1442 5028 superemineat
1473 4968 1679 5013 tantum
1711 4959 1871 5017 simul
1907 4975 2096 5014 omnes

509 5049 836 5107 theareiiicis
874 5048 1374 5125 illuminationibUS:
1409 5050 1477 5105 Et
1520 5059 1605 5106 est
1643 5066 1832 5107 sensus
1862 5065 1876 5105 :
1908 5050 2095 5117 Miror,

2202 4770 2553 4839 sanctiﬁcata,
2582 4788 2683 4842 quo
2706 4774 2764 4826 in
2782 4788 2898 4826 eam
2921 4771 3221 4825 immediate
3246 4769 3543 4823 extenditur
3564 4768 3631 4832 ³⁸,
3666 4785 3790 4821 san-
3830 4836 3835 4845 '

2205 4865 2437 4919 clissima
2464 4869 2772 4938 purgatione
2820 4866 2985 4923 muIto
3027 4865 3221 4919 lumine
3254 4863 3636 4935 anteperfectae
3661 4877 3789 4915 con-

2205 4961 2566 5014 summationis
2583 5002 2596 5025 ,
2620 4959 3080 5031 proportionalitcr
3110 4975 3223 5012 eam
3250 4958 3489 5029 impleas,
3513 4963 3792 5028 purgatur,

2204 5063 2253 5106 et
2278 5052 2628 5117 iliuminatur,
2675 5063 2721 5105 et
2758 5053 3048 5123 perﬁcitur.
3072 5048 3217 5107 Ordo
3246 5050 3536 5104 verborum
3565 5066 3577 5101 :
3602 5046 3792 5102 Nonne

1802 5191 1891 5249 VA
1899 5191 2059 5248 RlAE
2101 5190 2501 5250 LECTIONES.

585 5315 604 5347 ¹
640 5313 684 5379 Β
710 5313 1074 5386 εειμάρηιὲηιιέ.
1157 5313 1194 5386 _'
1218 5310 1262 5386 Β
1291 5311 1456 5386 illius.
1561 5313 1582 5344 ³
1610 5313 1879 5386 Christum
1908 5331 2018 5377 om.
2048 5313 2112 5386 Ο,
2143 5329 2285 5369 vers.
2313 5322 2373 5386 et
2407 5321 2541 5377 text.
2579 5332 2661 5386 gr.
2756 5315 2778 5349 ι
2815 5312 2906 5374 Sic
2932 5312 3054 5383 AB;
3083 5329 3228 5378 vers.
3262 5324 3317 5377 et
3348 5322 3481 5377 text.
3512 5313 3795 5386 gnipsum

511 5386 714 5470 ﬁssum.
755 5466 764 5470 _
790 5382 814 5417 ⁸
847 5384 1002 5441 Cors.
1032 5383 1117 5470 β’,
1145 5384 1184 5443 A
1217 5384 1659 5470 inlnt‘edietatem,‘
1680 5382 2228 5470 Quintuwdietatem."
2379 5388 2473 5449 eis,
2549 5382 2643 5470 ξ”Β
2671 5382 3146 5470 ρταίιαξρὶθηιένιἉ
3173 5386 3194 5417 ⁸
3296 5385 3524 5470 quidem;
3555 5385 3623 5470 Γ]
3653 5384 3711 5470 An
3725 5391 3793 5470 cf:

517 5450 558 5488 ¹⁰
594 5455 682 5510 AB
711 5466 769 5508 ut
818 5463 1146 5510 reverenter.
1254 5454 1295 5485 ¹¹
1333 5455 1373 5508 Β
1403 5471 1535 5509 com.

513 5527 630 5592 rati.
661 5539 802 5579 corr.
834 5525 932 5588 B';
967 5525 1061 5587 ΑΒ
1083 5534 1405 5585 cunctanter.

513 5596 610 5668 ΑΒ
634 5593 1010 5668 deliberabant.
1128 5597 1169 5641 ιθ
1200 5596 1290 5662 Sig
1315 5595 1356 5653 C
1383 5605 1438 5650 et
1464 5612 1607 5668 corr.
1638 5598 1734 5662 ii‘;
1762 5598 1855 5655 AB
1876 5601 2003 5668 ipse.

517 5665 635 5738 nsi.
665 5679 808 5718 corr.
843 5664 1086 5738 deiﬁcum
1129 5667 1434 5738 scientiam;
1464 5666 1523 5738 VC
1564 5670 1839 5729 ostendens
1882 5664 2103 5738 quidem
2128 5686 2189 5738 (ι.
2229 5671 2284 5723 d.
2322 5676 2378 5729 et
2423 5668 2665 5738 deiﬁcum
2701 5670 2994 5730 scientiam.

1302 5736 1346 5767 ‘7
1380 5737 1603 5801 inditam
1644 5736 2108 5806 illumitttliianem.
2150 5736 2248 5803 hac
2276 5749 2351 5797 est
2392 5736 2600 5801 nonita
2638 5748 2815 5807 petunt
2846 5770 2916 5781 --
2944 5741 3327 5808 processionem
3366 5754 3475 5805 om.
3519 5737 3579 5790 Β.

516 5735 615 5801 rati
641 5748 789 5799 corr.
816 5752 870 5795 α.
945 5734 992 5767 ’⁸
1030 5736 1072 5793 Β
1096 5756 1207 5823 per.

1506 5404 1653 5451 Πιθηζ,
1680 5404 1721 5443 υ
2264 5404 2284 5417 ’”
2312 5404 2353 5438 D
2379 5404 2473 5449 618,
2554 5404 2564 5418 ⁸
2603 5404 2643 5443 ὕ
2671 5404 3096 5512 praetagiemef.
3173 5404 3194 5417 υ
3224 5404 3265 5449 Α

1506 5472 1535 5509 ι.
1617 5456 1659 5485 ³³
1699 5457 1760 5509 B'
1803 5473 1946 5512 corr.
1990 5467 2101 5509 tua.
2183 5456 2228 5487 ¹³
2265 5456 2325 5510 B'
2354 5471 2496 5512 corr.
2543 5466 2655 5510 tua.
2761 5455 2806 5487 “
2888 5475 3026 5520 orr.,
3058 5456 3148 5510 AB
3176 5458 3392 5526 seipsos.

1506 5526 1549 5559 ιϐ
1590 5527 1670 5559 In
1702 5529 1886 5559 anhnnl
1940 5527 1997 5559 η’
2031 5542 2193 5559 αλιι...
2218 5527 2382 5559 -Aan-
2435 5529 2658 5559 Ιικᾶιηοιο
2780 5529 2821 5559 ιτ
2863 5528 2922 5559 D'
2950 5544 3110 5559 (ιιι-ιιι...
3142 5529 3300 5559 αδοιηι
3349 5543 3392 5559 οι

1583 5527 1672 5581 AB
1700 5529 1911 5590 esitant,
1940 5527 1997 5580 B’
2031 5542 2195 5596 supra
2218 5527 2398 5582 adscr.
2431 5529 2676 5582 auitam.
2780 5529 2821 5560 ιτ
2861 5528 2922 5582 B‘
2950 5544 3113 5599 supra
3140 5529 3315 5584 adscr.
3347 5536 3442 5587 est.
3533 5527 3581 5569 '0
3617 5527 3794 5587 Cani,

1583 5616 1607 5653 ε.
1638 5598 1734 5662 ii“;
1762 5598 1855 5655 AB
1876 5601 2003 5668 ipse.
2105 5598 2149 5633 ²⁰
2173 5599 2220 5664 Α
2245 5598 2401 5653 velut.
2477 5598 2597 5669 “iB
2619 5615 2730 5659 nec.
2810 5598 2854 5629 “
2878 5599 2918 5653 Β
2944 5599 3217 5669 cherubin,
3249 5598 3329 5661 sit!
3356 5598 3623 5669 tti:_ique._
3652 5595 3697 5669 3f
3733 5593 3796 5669 B:

3475 5454 3519 5485 ’⁸
3555 5453 3647 5509 Sic
3673 5452 3713 5507 C
3745 5461 3796 5505 ct

2218 5527 2398 5599 adscr.
2431 5529 2676 5599 auitam.
2780 5529 2823 5599 ιτ
2861 5528 2922 5582 B‘
2950 5544 3113 5599 supra
3140 5522 3315 5584 adscr.
3347 5536 3442 5599 est.
3533 5525 3581 5569 '0
3617 5522 3794 5599 Cani,

3577 5662 3803 5795 "ag

3104 5668 3151 5700 "‘
3188 5666 3242 5725 se
3272 5684 3381 5727 om.
3418 5666 3479 5727 Β,

517 5832 730 5887 dicitur.
812 5833 857 5867 ’⁸
882 5832 922 5884 Β
948 5835 960 5849 ⁴
993 5816 1386 5887 corr."Nonne.
1465 5832 1509 5863 '°
1541 5836 1582 5886 Α
1612 5837 1858 5890 ἤνοπι-(Μ.
1940 5837 1983 5867 ἰ
2011 5838 2308 5893 extenditur
2331 5852 2440 5892 om.
2472 5836 2583 5903 ΑΒ,
2618 5836 2795 5892 addidi
2825 5852 2893 5892 ex
2924 5852 3067 5893 vers.
3094 5845 3151 5895 et
3178 5845 3312 5893 tant.
3340 5849 3523 5908 graec.
