  <div class='ocr_page' id='page_1' title='image "/cluster/home/n/w/nwhite01/storage/ocr_20150623/122/pst.000018028355/133.png"; bbox 0 0 4178 6266; ppageno 0'>
   <div class='ocr_carea' id='block_1_1' title="bbox 602 335 702 394">
    <p class='ocr_par' dir='ltr' id='par_1_1' title="bbox 602 335 702 394">
     <span class='ocr_line' id='line_1_1' title="bbox 602 335 702 394; baseline 0.02 -2"><span class='ocrx_word' id='word_1_1' title='bbox 602 335 702 394; x_wconf 67' lang='grc'><strong>191</strong></span> 
     </span>
    </p>
   </div>
   <div class='ocr_carea' id='block_1_2' title="bbox 1676 329 2737 435">
    <p class='ocr_par' dir='ltr' id='par_1_2' title="bbox 1676 329 2737 435">
     <span class='ocr_line' id='line_1_2' title="bbox 1676 329 2737 435; baseline -0.004 -38"><span class='ocrx_word' id='word_1_2' title='bbox 1676 329 2181 399; x_wconf 81' lang='lat' dir='ltr'><strong>EXPOSITIONES</strong></span> <span class='ocrx_word' id='word_1_3' title='bbox 2219 334 2504 398; x_wconf 75' lang='lat' dir='ltr'><strong>JOANNIS</strong></span> <span class='ocrx_word' id='word_1_4' title='bbox 2540 336 2737 395; x_wconf 85' lang='lat' dir='ltr'><strong>SCOTI</strong></span> 
     </span>
    </p>
   </div>
   <div class='ocr_carea' id='block_1_3' title="bbox 3767 340 3907 397">
    <p class='ocr_par' dir='ltr' id='par_1_3' title="bbox 3767 340 3907 397">
     <span class='ocr_line' id='line_1_3' title="bbox 3767 340 3907 397; baseline 0 0"><span class='ocrx_word' id='word_1_5' title='bbox 3767 340 3907 397; x_wconf 65' lang='grc'><strong>192³</strong></span> 
     </span>
    </p>
   </div>
   <div class='ocr_carea' id='block_1_4' title="bbox 599 432 3866 525">
    <p class='ocr_par' dir='ltr' id='par_1_4' title="bbox 599 432 3866 525">
     <span class='ocr_line' id='line_1_4' title="bbox 599 432 3866 525; baseline -0.001 -14"><span class='ocrx_word' id='word_1_6' title='bbox 599 452 787 511; x_wconf 78' lang='lat' dir='ltr'><strong>Ambit</strong></span> <span class='ocrx_word' id='word_1_7' title='bbox 814 460 994 510; x_wconf 88' lang='lat' dir='ltr'><strong>autem</strong></span> <span class='ocrx_word' id='word_1_8' title='bbox 1037 458 1313 509; x_wconf 75' lang='lat' dir='ltr'><strong>aeternam</strong></span> <span class='ocrx_word' id='word_1_9' title='bbox 1355 432 1670 521; x_wconf 72' lang='lat' dir='ltr'><strong>scientiam,</strong></span> <span class='ocrx_word' id='word_1_10' title='bbox 1699 469 1809 510; x_wconf 89' lang='lat' dir='ltr'><strong>non</strong></span> <span class='ocrx_word' id='word_1_11' title='bbox 1842 462 1903 509; x_wconf 92' lang='lat' dir='ltr'><strong>ut</strong></span> <span class='ocrx_word' id='word_1_12' title='bbox 1944 455 2182 510; x_wconf 83' lang='lat' dir='ltr'><strong>exterius</strong></span> <span class='ocrx_word' id='word_1_13' title='bbox 2282 450 2666 525; x_wconf 72' lang='lat' dir='ltr'><strong>excelsissimae</strong></span> <span class='ocrx_word' id='word_1_14' title='bbox 2687 450 2852 519; x_wconf 87' lang='lat' dir='ltr'><strong>ipsius</strong></span> <span class='ocrx_word' id='word_1_15' title='bbox 2880 447 3285 503; x_wconf 84' lang='lat' dir='ltr'><strong>illuminationis</strong></span> <span class='ocrx_word' id='word_1_16' title='bbox 3328 449 3635 504; x_wconf 82' lang='lat' dir='ltr'><strong>emmentia.</strong></span> <span class='ocrx_word' id='word_1_17' title='bbox 3659 449 3866 509; x_wconf 84' lang='lat' dir='ltr'><strong>Laudes</strong></span> 
     </span>
    </p>
   </div>
   <div class='ocr_carea' id='block_1_5' title="bbox 596 547 2176 615">
    <p class='ocr_par' dir='ltr' id='par_1_5' title="bbox 596 547 2176 615">
     <span class='ocr_line' id='line_1_5' title="bbox 596 547 2176 615; baseline -0.001 -11"><span class='ocrx_word' id='word_1_18' title='bbox 596 562 720 604; x_wconf 90' lang='lat' dir='ltr'><strong>eam</strong></span> <span class='ocrx_word' id='word_1_19' title='bbox 748 548 765 579; x_wconf 79' lang='grc'>³</span> <span class='ocrx_word' id='word_1_20' title='bbox 792 547 1226 615; x_wconf 69' lang='lat' dir='ltr'><strong>circumscribat,</strong></span> <span class='ocrx_word' id='word_1_21' title='bbox 1278 547 1373 603; x_wconf 91' lang='lat' dir='ltr'><strong>sed</strong></span> <span class='ocrx_word' id='word_1_22' title='bbox 1401 555 1462 602; x_wconf 89' lang='lat' dir='ltr'><strong>ut</strong></span> <span class='ocrx_word' id='word_1_23' title='bbox 1512 547 1741 604; x_wconf 90' lang='lat' dir='ltr'><strong>interius</strong></span> <span class='ocrx_word' id='word_1_24' title='bbox 1792 561 1911 603; x_wconf 83' lang='lat' dir='ltr'><strong>eam</strong></span> <span class='ocrx_word' id='word_1_25' title='bbox 1963 547 2176 603; x_wconf 75' lang='lat' dir='ltr'><strong>lustret.</strong></span> 
     </span>
    </p>
   </div>
   <div class='ocr_carea' id='block_1_6' title="bbox 595 635 2180 709">
    <p class='ocr_par' dir='ltr' id='par_1_6' title="bbox 595 635 2180 709">
     <span class='ocr_line' id='line_1_6' title="bbox 595 635 2180 709; baseline 0.002 -17"><span class='ocrx_word' id='word_1_26' title='bbox 595 635 874 705; x_wconf 80' lang='lat' dir='ltr'><strong>Quaenam</strong></span> <span class='ocrx_word' id='word_1_27' title='bbox 912 649 1159 695; x_wconf 76' lang='lat' dir='ltr'><strong>creatura</strong></span> <span class='ocrx_word' id='word_1_28' title='bbox 1191 639 1295 705; x_wconf 89' lang='lat' dir='ltr'><strong>sit,</strong></span> <span class='ocrx_word' id='word_1_29' title='bbox 1324 654 1461 709; x_wconf 90' lang='lat' dir='ltr'><strong>quae</strong></span> <span class='ocrx_word' id='word_1_30' title='bbox 1498 648 1773 695; x_wconf 83' lang='lat' dir='ltr'><strong>aeternam</strong></span> <span class='ocrx_word' id='word_1_31' title='bbox 1799 640 1883 695; x_wconf 90' lang='lat' dir='ltr'><strong>sui</strong></span> <span class='ocrx_word' id='word_1_32' title='bbox 1906 638 2180 696; x_wconf 79' lang='lat' dir='ltr'><strong>Creatoris</strong></span> 
     </span>
    </p>
   </div>
   <div class='ocr_carea' id='block_1_7' title="bbox 598 730 2178 813">
    <p class='ocr_par' dir='ltr' id='par_1_7' title="bbox 598 730 2178 813">
     <span class='ocr_line' id='line_1_7' title="bbox 598 730 2178 813; baseline 0.001 -26"><span class='ocrx_word' id='word_1_33' title='bbox 598 730 883 813; x_wconf 73' lang='lat' dir='ltr'><strong>scientiam</strong></span> <span class='ocrx_word' id='word_1_34' title='bbox 905 732 1114 787; x_wconf 87' lang='lat' dir='ltr'><strong>ambire</strong></span> <span class='ocrx_word' id='word_1_35' title='bbox 1136 732 1329 800; x_wconf 87' lang='lat' dir='ltr'><strong>possit,</strong></span> <span class='ocrx_word' id='word_1_36' title='bbox 1360 747 1500 802; x_wconf 90' lang='lat' dir='ltr'><strong>quae</strong></span> <span class='ocrx_word' id='word_1_37' title='bbox 1525 730 1705 788; x_wconf 83' lang='lat' dir='ltr'><strong>omnia</strong></span> <span class='ocrx_word' id='word_1_38' title='bbox 1729 732 1873 787; x_wconf 89' lang='lat' dir='ltr'><strong>intra</strong></span> <span class='ocrx_word' id='word_1_39' title='bbox 1902 748 1962 788; x_wconf 89' lang='lat' dir='ltr'><strong>se</strong></span> <span class='ocrx_word' id='word_1_40' title='bbox 1985 732 2009 762; x_wconf 78' lang='grc'>⁸</span> <span class='ocrx_word' id='word_1_41' title='bbox 2052 747 2178 788; x_wconf 91' lang='lat' dir='ltr'><strong>con-</strong></span> 
     </span>
    </p>
   </div>
   <div class='ocr_carea' id='block_1_8' title="bbox 599 823 2229 904">
    <p class='ocr_par' dir='ltr' id='par_1_8' title="bbox 599 823 2229 904">
     <span class='ocr_line' id='line_1_8' title="bbox 599 823 2229 904; baseline -0.001 -25"><span class='ocrx_word' id='word_1_42' title='bbox 599 825 735 881; x_wconf 83' lang='lat' dir='ltr'><strong>tinet</strong></span> <span class='ocrx_word' id='word_1_43' title='bbox 791 833 955 896; x_wconf 86' lang='lat' dir='ltr'><strong>atque</strong></span> <span class='ocrx_word' id='word_1_44' title='bbox 1001 823 1245 880; x_wconf 80' lang='lat' dir='ltr'><strong>coartat?</strong></span> <span class='ocrx_word' id='word_1_45' title='bbox 1293 825 1601 881; x_wconf 89' lang='lat' dir='ltr'><strong>Secundum</strong></span> <span class='ocrx_word' id='word_1_46' title='bbox 1646 824 2177 904; x_wconf 83' lang='lat' dir='ltr'><strong>excellentissimam,</strong></span> <span class='ocrx_word' id='word_1_47' title='bbox 2222 876 2229 885; x_wconf 80' lang='grc'><em>,</em></span> 
     </span>
    </p>
   </div>
   <div class='ocr_carea' id='block_1_9' title="bbox 595 914 2179 986">
    <p class='ocr_par' dir='ltr' id='par_1_9' title="bbox 595 914 2179 986">
     <span class='ocr_line' id='line_1_9' title="bbox 595 914 2179 986; baseline 0 -17"><span class='ocrx_word' id='word_1_48' title='bbox 595 924 860 984; x_wconf 86' lang='lat' dir='ltr'><strong>quantum</strong></span> <span class='ocrx_word' id='word_1_49' title='bbox 886 915 1090 985; x_wconf 86' lang='lat' dir='ltr'><strong>angelis</strong></span> <span class='ocrx_word' id='word_1_50' title='bbox 1118 915 1451 980; x_wconf 86' lang='lat' dir='ltr'><strong>conceditur,</strong></span> <span class='ocrx_word' id='word_1_51' title='bbox 1483 930 1700 986; x_wconf 84' lang='lat' dir='ltr'><strong>semper</strong></span> <span class='ocrx_word' id='word_1_52' title='bbox 1726 915 1978 969; x_wconf 86' lang='lat' dir='ltr'><strong>mobilem</strong></span> <span class='ocrx_word' id='word_1_53' title='bbox 2014 914 2179 970; x_wconf 86' lang='lat' dir='ltr'><strong>collo-</strong></span> 
     </span>
    </p>
   </div>
   <div class='ocr_carea' id='block_1_10' title="bbox 594 1004 2223 1079">
    <p class='ocr_par' dir='ltr' id='par_1_10' title="bbox 594 1004 2223 1079">
     <span class='ocr_line' id='line_1_10' title="bbox 594 1004 2223 1079; baseline 0.001 -19"><span class='ocrx_word' id='word_1_54' title='bbox 594 1005 897 1072; x_wconf 87' lang='lat' dir='ltr'><strong>cationem;</strong></span> <span class='ocrx_word' id='word_1_55' title='bbox 930 1020 1145 1075; x_wconf 83' lang='lat' dir='ltr'><strong>semper</strong></span> <span class='ocrx_word' id='word_1_56' title='bbox 1172 1006 1373 1076; x_wconf 86' lang='lat' dir='ltr'><strong>quippe</strong></span> <span class='ocrx_word' id='word_1_57' title='bbox 1422 1004 1707 1073; x_wconf 78' lang='lat' dir='ltr'><strong>collocatio</strong></span> <span class='ocrx_word' id='word_1_58' title='bbox 1747 1007 1895 1076; x_wconf 86' lang='lat' dir='ltr'><strong>ejus,</strong></span> <span class='ocrx_word' id='word_1_59' title='bbox 1938 1007 2040 1062; x_wconf 92' lang='lat' dir='ltr'><strong>hoc</strong></span> <span class='ocrx_word' id='word_1_60' title='bbox 2070 1015 2177 1073; x_wconf 90' lang='lat' dir='ltr'><strong>est,</strong></span> <span class='ocrx_word' id='word_1_61' title='bbox 2222 1076 2223 1079; x_wconf 18' lang='grc' dir='ltr'><strong>η</strong></span> 
     </span>
    </p>
   </div>
   <div class='ocr_carea' id='block_1_11' title="bbox 591 1097 2175 1164">
    <p class='ocr_par' dir='ltr' id='par_1_11' title="bbox 591 1097 2175 1164">
     <span class='ocr_line' id='line_1_11' title="bbox 591 1097 2175 1164; baseline -0.003 -8"><span class='ocrx_word' id='word_1_62' title='bbox 591 1106 768 1156; x_wconf 78' lang='lat' dir='ltr'><strong>status</strong></span> <span class='ocrx_word' id='word_1_63' title='bbox 796 1098 1016 1155; x_wconf 86' lang='lat' dir='ltr'><strong>mobilis</strong></span> <span class='ocrx_word' id='word_1_64' title='bbox 1040 1107 1142 1163; x_wconf 92' lang='lat' dir='ltr'><strong>est,</strong></span> <span class='ocrx_word' id='word_1_65' title='bbox 1166 1109 1223 1154; x_wconf 90' lang='lat' dir='ltr'><strong>et</strong></span> <span class='ocrx_word' id='word_1_66' title='bbox 1251 1098 1427 1154; x_wconf 83' lang='lat' dir='ltr'><strong>motus</strong></span> <span class='ocrx_word' id='word_1_67' title='bbox 1455 1098 1786 1155; x_wconf 85' lang='lat' dir='ltr'><strong>eollocabilis</strong></span> <span class='ocrx_word' id='word_1_68' title='bbox 1813 1097 2175 1164; x_wconf 87' lang='lat' dir='ltr'><strong>uniformiter,</strong></span> 
     </span>
    </p>
   </div>
   <div class='ocr_carea' id='block_1_12' title="bbox 588 1185 2175 1256">
    <p class='ocr_par' dir='ltr' id='par_1_12' title="bbox 588 1185 2175 1256">
     <span class='ocr_line' id='line_1_12' title="bbox 588 1185 2175 1256; baseline -0.001 -12"><span class='ocrx_word' id='word_1_69' title='bbox 588 1188 844 1245; x_wconf 78' lang='lat' dir='ltr'><strong>videlicet</strong></span> <span class='ocrx_word' id='word_1_70' title='bbox 868 1189 1101 1245; x_wconf 85' lang='lat' dir='ltr'><strong>stabilis.</strong></span> <span class='ocrx_word' id='word_1_71' title='bbox 1125 1186 1266 1256; x_wconf 84' lang='lat' dir='ltr'><strong>Quid</strong></span> <span class='ocrx_word' id='word_1_72' title='bbox 1294 1190 1511 1255; x_wconf 86' lang='lat' dir='ltr'><strong>mirum,</strong></span> <span class='ocrx_word' id='word_1_73' title='bbox 1547 1188 1675 1244; x_wconf 90' lang='lat' dir='ltr'><strong>dum</strong></span> <span class='ocrx_word' id='word_1_74' title='bbox 1709 1196 1764 1242; x_wconf 86' lang='lat' dir='ltr'><strong>et</strong></span> <span class='ocrx_word' id='word_1_75' title='bbox 1808 1185 1968 1256; x_wconf 86' lang='lat' dir='ltr'><strong>hujus</strong></span> <span class='ocrx_word' id='word_1_76' title='bbox 1997 1188 2175 1243; x_wconf 87' lang='lat' dir='ltr'><strong>sensi-</strong></span> 
     </span>
    </p>
   </div>
   <div class='ocr_carea' id='block_1_13' title="bbox 588 1275 2179 1350">
    <p class='ocr_par' dir='ltr' id='par_1_13' title="bbox 588 1275 2179 1350">
     <span class='ocr_line' id='line_1_13' title="bbox 588 1275 2179 1350; baseline -0.003 -15"><span class='ocrx_word' id='word_1_77' title='bbox 588 1277 715 1335; x_wconf 86' lang='lat' dir='ltr'><strong>bilis</strong></span> <span class='ocrx_word' id='word_1_78' title='bbox 742 1280 1005 1350; x_wconf 85' lang='lat' dir='ltr'><strong>sphaerae</strong></span> <span class='ocrx_word' id='word_1_79' title='bbox 1043 1279 1067 1311; x_wconf 86' lang='grc'>³</span> <span class='ocrx_word' id='word_1_80' title='bbox 1101 1279 1310 1335; x_wconf 88' lang='lat' dir='ltr'><strong>stabilis</strong></span> <span class='ocrx_word' id='word_1_81' title='bbox 1344 1288 1523 1334; x_wconf 90' lang='lat' dir='ltr'><strong>motus</strong></span> <span class='ocrx_word' id='word_1_82' title='bbox 1566 1280 1656 1346; x_wconf 85' lang='lat' dir='ltr'><strong>sit,</strong></span> <span class='ocrx_word' id='word_1_83' title='bbox 1686 1293 1941 1349; x_wconf 77' lang='lat' dir='ltr'><strong>quoniam</strong></span> <span class='ocrx_word' id='word_1_84' title='bbox 1973 1275 2179 1333; x_wconf 85' lang='lat' dir='ltr'><strong>unifor-</strong></span> 
     </span>
    </p>
   </div>
   <div class='ocr_carea' id='block_1_14' title="bbox 589 1370 2177 1441">
    <p class='ocr_par' dir='ltr' id='par_1_14' title="bbox 589 1370 2177 1441">
     <span class='ocr_line' id='line_1_14' title="bbox 589 1370 2177 1441; baseline -0.003 -13"><span class='ocrx_word' id='word_1_85' title='bbox 589 1372 754 1428; x_wconf 88' lang='lat' dir='ltr'><strong>miter</strong></span> <span class='ocrx_word' id='word_1_86' title='bbox 782 1380 1048 1440; x_wconf 86' lang='lat' dir='ltr'><strong>movetur,</strong></span> <span class='ocrx_word' id='word_1_87' title='bbox 1075 1380 1131 1427; x_wconf 89' lang='lat' dir='ltr'><strong>et</strong></span> <span class='ocrx_word' id='word_1_88' title='bbox 1169 1379 1343 1427; x_wconf 88' lang='lat' dir='ltr'><strong>status</strong></span> <span class='ocrx_word' id='word_1_89' title='bbox 1386 1371 1620 1438; x_wconf 87' lang='lat' dir='ltr'><strong>mobilis,</strong></span> <span class='ocrx_word' id='word_1_90' title='bbox 1665 1370 1918 1441; x_wconf 89' lang='lat' dir='ltr'><strong>quoniam</strong></span> <span class='ocrx_word' id='word_1_91' title='bbox 1963 1384 2177 1439; x_wconf 84' lang='lat' dir='ltr'><strong>semper</strong></span> 
     </span>
    </p>
   </div>
   <div class='ocr_carea' id='block_1_15' title="bbox 590 1464 2177 1539">
    <p class='ocr_par' dir='ltr' id='par_1_15' title="bbox 590 1464 2177 1539">
     <span class='ocr_line' id='line_1_15' title="bbox 590 1464 2177 1539; baseline -0.004 -18"><span class='ocrx_word' id='word_1_92' title='bbox 590 1474 841 1522; x_wconf 76' lang='lat' dir='ltr'><strong>movetur</strong></span> <span class='ocrx_word' id='word_1_93' title='bbox 882 1465 932 1519; x_wconf 67' lang='grc' dir='ltr'><strong>ιι</strong></span> <span class='ocrx_word' id='word_1_94' title='bbox 967 1464 1023 1522; x_wconf 74' lang='grc' dir='ltr'><em>Μ</em></span> <span class='ocrx_word' id='word_1_95' title='bbox 1029 1465 1167 1521; x_wconf 87' lang='lat' dir='ltr'><strong>ultas</strong></span> <span class='ocrx_word' id='word_1_96' title='bbox 1191 1464 1402 1539; x_wconf 79' lang='lat' dir='ltr'><strong>quidem</strong></span> <span class='ocrx_word' id='word_1_97' title='bbox 1431 1475 1478 1520; x_wconf 91' lang='lat' dir='ltr'><strong>et</strong></span> <span class='ocrx_word' id='word_1_98' title='bbox 1501 1465 1677 1520; x_wconf 87' lang='lat' dir='ltr'><strong>beatas</strong></span> <span class='ocrx_word' id='word_1_99' title='bbox 1700 1464 1877 1519; x_wconf 80' lang='lat' dir='ltr'><strong>videns</strong></span> <span class='ocrx_word' id='word_1_100' title='bbox 1901 1480 2030 1533; x_wconf 87' lang='lat' dir='ltr'><strong>pure</strong></span> <span class='ocrx_word' id='word_1_101' title='bbox 2053 1479 2177 1515; x_wconf 85' lang='lat' dir='ltr'><strong>con-</strong></span> 
     </span>
    </p>
   </div>
   <div class='ocr_carea' id='block_1_16' title="bbox 589 1546 2175 1628">
    <p class='ocr_par' dir='ltr' id='par_1_16' title="bbox 589 1546 2175 1628">
     <span class='ocr_line' id='line_1_16' title="bbox 589 1546 2175 1628; baseline -0.004 -16"><span class='ocrx_word' id='word_1_102' title='bbox 589 1557 951 1628; x_wconf 79' lang='lat' dir='ltr'><strong>temptationes</strong></span> <span class='ocrx_word' id='word_1_103' title='bbox 973 1598 989 1624; x_wconf 93' lang='lat'><strong>,</strong></span> <span class='ocrx_word' id='word_1_104' title='bbox 1039 1556 1251 1628; x_wconf 83' lang='lat' dir='ltr'><strong>simplos</strong></span> <span class='ocrx_word' id='word_1_105' title='bbox 1296 1558 1317 1589; x_wconf 84' lang='lat'><strong>&#39;</strong></span> <span class='ocrx_word' id='word_1_106' title='bbox 1356 1546 1476 1613; x_wconf 22' lang='lat' dir='ltr'><strong>vero.</strong></span> <span class='ocrx_word' id='word_1_107' title='bbox 1517 1566 1565 1611; x_wconf 88' lang='lat' dir='ltr'><strong>et</strong></span> <span class='ocrx_word' id='word_1_108' title='bbox 1610 1556 1907 1610; x_wconf 79' lang='lat' dir='ltr'><strong>immediate</strong></span> <span class='ocrx_word' id='word_1_109' title='bbox 1947 1553 2175 1624; x_wconf 76' lang='lat' dir='ltr'><strong>fulgores</strong></span> 
     </span>
    </p>
   </div>
   <div class='ocr_carea' id='block_1_17' title="bbox 586 1626 2223 1715">
    <p class='ocr_par' dir='ltr' id='par_1_17' title="bbox 586 1626 2223 1715">
     <span class='ocr_line' id='line_1_17' title="bbox 586 1626 2223 1715; baseline -0.002 -16"><span class='ocrx_word' id='word_1_110' title='bbox 586 1626 910 1714; x_wconf 83' lang='lat' dir='ltr'><strong>illuminata,</strong></span> <span class='ocrx_word' id='word_1_111' title='bbox 932 1655 981 1701; x_wconf 88' lang='lat' dir='ltr'><strong>et</strong></span> <span class='ocrx_word' id='word_1_112' title='bbox 1015 1626 1190 1701; x_wconf 82' lang='lat' dir='ltr'><strong>diuino</strong></span> <span class='ocrx_word' id='word_1_113' title='bbox 1218 1646 1464 1701; x_wconf 85' lang='lat' dir='ltr'><strong>alimento</strong></span> <span class='ocrx_word' id='word_1_114' title='bbox 1496 1645 1708 1715; x_wconf 86' lang='lat' dir='ltr'><strong>repleta.</strong></span> <span class='ocrx_word' id='word_1_115' title='bbox 1731 1644 1947 1708; x_wconf 85' lang='lat' dir='ltr'><strong>Multas,</strong></span> <span class='ocrx_word' id='word_1_116' title='bbox 1976 1642 2173 1712; x_wconf 87' lang='lat' dir='ltr'><strong>inquit,</strong></span> 
     </span>
    </p>
   </div>
   <div class='ocr_carea' id='block_1_18' title="bbox 586 1732 2219 1806">
    <p class='ocr_par' dir='ltr' id='par_1_18' title="bbox 586 1732 2219 1806">
     <span class='ocr_line' id='line_1_18' title="bbox 586 1732 2219 1806; baseline -0.001 -18"><span class='ocrx_word' id='word_1_117' title='bbox 586 1742 645 1789; x_wconf 92' lang='lat' dir='ltr'><strong>et</strong></span> <span class='ocrx_word' id='word_1_118' title='bbox 675 1736 866 1791; x_wconf 86' lang='lat' dir='ltr'><strong>beatas</strong></span> <span class='ocrx_word' id='word_1_119' title='bbox 896 1735 1131 1791; x_wconf 88' lang='lat' dir='ltr'><strong>theorias</strong></span> <span class='ocrx_word' id='word_1_120' title='bbox 1164 1736 1340 1806; x_wconf 87' lang='lat' dir='ltr'><strong>prima</strong></span> <span class='ocrx_word' id='word_1_121' title='bbox 1373 1735 1638 1792; x_wconf 88' lang='lat' dir='ltr'><strong>ierarchia</strong></span> <span class='ocrx_word' id='word_1_122' title='bbox 1669 1749 1803 1805; x_wconf 90' lang='lat' dir='ltr'><strong>pure</strong></span> <span class='ocrx_word' id='word_1_123' title='bbox 1845 1734 2009 1788; x_wconf 86' lang='lat' dir='ltr'><strong>videt.</strong></span> <span class='ocrx_word' id='word_1_124' title='bbox 2055 1732 2176 1802; x_wconf 88' lang='lat' dir='ltr'><strong>Ipsa</strong></span> <span class='ocrx_word' id='word_1_125' title='bbox 2210 1734 2219 1743; x_wconf 79' lang='lat'><strong><em>‘</em></strong></span> 
     </span>
    </p>
   </div>
   <div class='ocr_carea' id='block_1_19' title="bbox 2281 538 3864 613">
    <p class='ocr_par' dir='ltr' id='par_1_19' title="bbox 2281 538 3864 613">
     <span class='ocr_line' id='line_1_19' title="bbox 2281 538 3864 613; baseline 0.002 -16"><span class='ocrx_word' id='word_1_126' title='bbox 2281 541 2451 613; x_wconf 91' lang='lat' dir='ltr'><strong>ipsius</strong></span> <span class='ocrx_word' id='word_1_127' title='bbox 2480 538 2641 607; x_wconf 86' lang='lat' dir='ltr'><strong>dicit,</strong></span> <span class='ocrx_word' id='word_1_128' title='bbox 2680 540 2875 610; x_wconf 88' lang='lat' dir='ltr'><strong>quibus</strong></span> <span class='ocrx_word' id='word_1_129' title='bbox 2910 541 3077 595; x_wconf 92' lang='lat' dir='ltr'><strong>Deum</strong></span> <span class='ocrx_word' id='word_1_130' title='bbox 3120 538 3394 611; x_wconf 84' lang='lat' dir='ltr'><strong>gloriﬁcat</strong></span> <span class='ocrx_word' id='word_1_131' title='bbox 3431 540 3735 611; x_wconf 76' lang='lat' dir='ltr'><strong>theologia,</strong></span> <span class='ocrx_word' id='word_1_132' title='bbox 3771 544 3864 600; x_wconf 89' lang='lat' dir='ltr'><strong>ho-</strong></span> 
     </span>
    </p>
   </div>
   <div class='ocr_carea' id='block_1_20' title="bbox 2279 631 3867 707">
    <p class='ocr_par' dir='ltr' id='par_1_20' title="bbox 2279 631 3867 707">
     <span class='ocr_line' id='line_1_20' title="bbox 2279 631 3867 707; baseline 0.002 -17"><span class='ocrx_word' id='word_1_133' title='bbox 2279 634 2517 690; x_wconf 86' lang='lat' dir='ltr'><strong>minibus</strong></span> <span class='ocrx_word' id='word_1_134' title='bbox 2544 632 2767 689; x_wconf 88' lang='lat' dir='ltr'><strong>tradidit</strong></span> <span class='ocrx_word' id='word_1_135' title='bbox 2787 633 2852 707; x_wconf 57' lang='grc' dir='ltr'><strong>ξ’.</strong></span> <span class='ocrx_word' id='word_1_136' title='bbox 2877 631 2985 685; x_wconf 84' lang='lat' dir='ltr'><strong>Alii</strong></span> <span class='ocrx_word' id='word_1_137' title='bbox 3004 632 3213 699; x_wconf 77' lang='lat' dir='ltr'><strong>quidem</strong></span> <span class='ocrx_word' id='word_1_138' title='bbox 3231 634 3371 686; x_wconf 89' lang='lat' dir='ltr'><strong>enim</strong></span> <span class='ocrx_word' id='word_1_139' title='bbox 3393 633 3535 702; x_wconf 82' lang='lat' dir='ltr'><strong>ejus,</strong></span> <span class='ocrx_word' id='word_1_140' title='bbox 3560 635 3867 693; x_wconf 86' lang='lat' dir='ltr'><strong>sensibiliter</strong></span> 
     </span>
    </p>
   </div>
   <div class='ocr_carea' id='block_1_21' title="bbox 2276 721 3865 794">
    <p class='ocr_par' dir='ltr' id='par_1_21' title="bbox 2276 721 3865 794">
     <span class='ocr_line' id='line_1_21' title="bbox 2276 721 3865 794; baseline 0.003 -16"><span class='ocrx_word' id='word_1_141' title='bbox 2276 724 2447 778; x_wconf 82' lang='lat' dir='ltr'><strong>dicere</strong></span> <span class='ocrx_word' id='word_1_142' title='bbox 2464 724 2526 788; x_wconf 84' lang='grc'><strong>¹³,</strong></span> <span class='ocrx_word' id='word_1_143' title='bbox 2554 723 2659 778; x_wconf 91' lang='lat' dir='ltr'><strong>hoc</strong></span> <span class='ocrx_word' id='word_1_144' title='bbox 2678 731 2794 788; x_wconf 90' lang='lat' dir='ltr'><strong>est,</strong></span> <span class='ocrx_word' id='word_1_145' title='bbox 2818 721 2908 777; x_wconf 91' lang='lat' dir='ltr'><strong>alii</strong></span> <span class='ocrx_word' id='word_1_146' title='bbox 2924 722 3140 792; x_wconf 89' lang='lat' dir='ltr'><strong>quidem</strong></span> <span class='ocrx_word' id='word_1_147' title='bbox 3171 722 3464 792; x_wconf 88' lang='lat' dir='ltr'><strong>participes</strong></span> <span class='ocrx_word' id='word_1_148' title='bbox 3487 721 3629 791; x_wconf 85' lang='lat' dir='ltr'><strong>ejus,</strong></span> <span class='ocrx_word' id='word_1_149' title='bbox 3660 726 3865 794; x_wconf 78' lang='lat' dir='ltr'><strong>primae</strong></span> 
     </span>
    </p>
   </div>
   <div class='ocr_carea' id='block_1_22' title="bbox 2268 813 3869 899">
    <p class='ocr_par' dir='ltr' id='par_1_22' title="bbox 2268 813 3869 899">
     <span class='ocr_line' id='line_1_22' title="bbox 2268 813 3869 899; baseline 0.003 -30"><span class='ocrx_word' id='word_1_150' title='bbox 2268 814 2543 870; x_wconf 82' lang='lat' dir='ltr'><strong>videlicet</strong></span> <span class='ocrx_word' id='word_1_151' title='bbox 2573 814 2908 877; x_wconf 90' lang='lat' dir='ltr'><strong>ierarchiae,</strong></span> <span class='ocrx_word' id='word_1_152' title='bbox 2948 813 3283 869; x_wconf 84' lang='lat' dir='ltr'><strong>sensibiliter</strong></span> <span class='ocrx_word' id='word_1_153' title='bbox 3302 814 3479 869; x_wconf 87' lang='lat' dir='ltr'><strong>dicere</strong></span> <span class='ocrx_word' id='word_1_154' title='bbox 3517 815 3627 899; x_wconf 16' lang='lat' dir='ltr'><strong>“av</strong></span> <span class='ocrx_word' id='word_1_155' title='bbox 3648 816 3696 848; x_wconf 81' lang='lat'><strong>&quot;</strong></span> <span class='ocrx_word' id='word_1_156' title='bbox 3722 818 3869 874; x_wconf 77' lang='lat' dir='ltr'><strong>theo-</strong></span> 
     </span>
    </p>
   </div>
   <div class='ocr_carea' id='block_1_23' title="bbox 2277 909 3859 981">
    <p class='ocr_par' dir='ltr' id='par_1_23' title="bbox 2277 909 3859 981">
     <span class='ocr_line' id='line_1_23' title="bbox 2277 909 3859 981; baseline 0.003 -18"><span class='ocrx_word' id='word_1_157' title='bbox 2277 909 2414 980; x_wconf 83' lang='lat' dir='ltr'><strong>logis</strong></span> <span class='ocrx_word' id='word_1_158' title='bbox 2442 911 2747 975; x_wconf 86' lang='lat' dir='ltr'><strong>traduntur,</strong></span> <span class='ocrx_word' id='word_1_159' title='bbox 2776 920 3026 981; x_wconf 81' lang='lat' dir='ltr'><strong>tanquam</strong></span> <span class='ocrx_word' id='word_1_160' title='bbox 3056 925 3155 964; x_wconf 74' lang='lat' dir='ltr'><strong>uox</strong></span> <span class='ocrx_word' id='word_1_161' title='bbox 3197 926 3449 981; x_wconf 88' lang='lat' dir='ltr'><strong>aquarum</strong></span> <span class='ocrx_word' id='word_1_162' title='bbox 3478 910 3694 965; x_wconf 81' lang='lat' dir='ltr'><strong>reboant</strong></span> <span class='ocrx_word' id='word_1_163' title='bbox 3720 929 3739 966; x_wconf 89' lang='lat'><strong><em>:</em></strong></span> <span class='ocrx_word' id='word_1_164' title='bbox 3761 912 3859 968; x_wconf 87' lang='lat' dir='ltr'><strong>Be-</strong></span> 
     </span>
    </p>
   </div>
   <div class='ocr_carea' id='block_1_24' title="bbox 2277 998 3855 1070">
    <p class='ocr_par' dir='ltr' id='par_1_24' title="bbox 2277 998 3855 1070">
     <span class='ocr_line' id='line_1_24' title="bbox 2277 998 3855 1070; baseline 0.001 -14"><span class='ocrx_word' id='word_1_165' title='bbox 2277 1001 2482 1056; x_wconf 78' lang='lat' dir='ltr'><strong>nedicta</strong></span> <span class='ocrx_word' id='word_1_166' title='bbox 2523 999 2689 1070; x_wconf 79' lang='lat' dir='ltr'><strong>gloria</strong></span> <span class='ocrx_word' id='word_1_167' title='bbox 2716 998 2930 1054; x_wconf 80' lang='lat' dir='ltr'><strong>Domini</strong></span> <span class='ocrx_word' id='word_1_168' title='bbox 2967 1016 3032 1054; x_wconf 70' lang='lat' dir='ltr'><strong>ex</strong></span> <span class='ocrx_word' id='word_1_169' title='bbox 3056 998 3169 1053; x_wconf 89' lang='lat' dir='ltr'><strong>loco</strong></span> <span class='ocrx_word' id='word_1_170' title='bbox 3209 1016 3305 1054; x_wconf 91' lang='lat' dir='ltr'><strong>suo</strong></span> <span class='ocrx_word' id='word_1_171' title='bbox 3343 1000 3402 1051; x_wconf 81' lang='lat'><strong>&quot;.</strong></span> <span class='ocrx_word' id='word_1_172' title='bbox 3427 999 3530 1054; x_wconf 77' lang='lat' dir='ltr'><strong>Alii</strong></span> <span class='ocrx_word' id='word_1_173' title='bbox 3552 1019 3668 1056; x_wconf 82' lang='lat' dir='ltr'><strong>vero</strong></span> <span class='ocrx_word' id='word_1_174' title='bbox 3707 1003 3855 1058; x_wconf 84' lang='lat' dir='ltr'><strong>illam</strong></span> 
     </span>
    </p>
   </div>
   <div class='ocr_carea' id='block_1_25' title="bbox 2278 1090 3854 1163">
    <p class='ocr_par' dir='ltr' id='par_1_25' title="bbox 2278 1090 3854 1163">
     <span class='ocr_line' id='line_1_25' title="bbox 2278 1090 3854 1163; baseline 0.002 -17"><span class='ocrx_word' id='word_1_175' title='bbox 2278 1090 2427 1146; x_wconf 78' lang='lat' dir='ltr'><strong>ualde</strong></span> <span class='ocrx_word' id='word_1_176' title='bbox 2450 1090 2767 1146; x_wconf 83' lang='lat' dir='ltr'><strong>laudabilem</strong></span> <span class='ocrx_word' id='word_1_177' title='bbox 2789 1100 2837 1145; x_wconf 90' lang='lat' dir='ltr'><strong>et</strong></span> <span class='ocrx_word' id='word_1_178' title='bbox 2856 1090 3146 1160; x_wconf 88' lang='lat' dir='ltr'><strong>piissimam</strong></span> <span class='ocrx_word' id='word_1_179' title='bbox 3176 1092 3464 1146; x_wconf 83' lang='lat' dir='ltr'><strong>reclamant</strong></span> <span class='ocrx_word' id='word_1_180' title='bbox 3492 1092 3798 1163; x_wconf 77' lang='lat' dir='ltr'><strong>theologiam</strong></span> <span class='ocrx_word' id='word_1_181' title='bbox 3837 1112 3854 1149; x_wconf 93' lang='lat'><em>:</em></span> 
     </span>
    </p>
   </div>
   <div class='ocr_carea' id='block_1_26' title="bbox 2280 1179 3856 1249">
    <p class='ocr_par' dir='ltr' id='par_1_26' title="bbox 2280 1179 3856 1249">
     <span class='ocr_line' id='line_1_26' title="bbox 2280 1179 3856 1249; baseline 0.001 -12"><span class='ocrx_word' id='word_1_182' title='bbox 2280 1181 2507 1238; x_wconf 86' lang='lat' dir='ltr'><strong>Sanctus</strong></span> <span class='ocrx_word' id='word_1_183' title='bbox 2525 1222 2541 1249; x_wconf 93' lang='lat'><strong>,</strong></span> <span class='ocrx_word' id='word_1_184' title='bbox 2569 1181 2820 1248; x_wconf 84' lang='lat' dir='ltr'><strong>Sanctus,</strong></span> <span class='ocrx_word' id='word_1_185' title='bbox 2842 1179 3073 1237; x_wconf 89' lang='lat' dir='ltr'><strong>Sanctus</strong></span> <span class='ocrx_word' id='word_1_186' title='bbox 3097 1181 3353 1236; x_wconf 82' lang='lat' dir='ltr'><strong>Dominus</strong></span> <span class='ocrx_word' id='word_1_187' title='bbox 3379 1183 3518 1237; x_wconf 88' lang='lat' dir='ltr'><strong>Deus</strong></span> <span class='ocrx_word' id='word_1_188' title='bbox 3536 1183 3580 1216; x_wconf 81' lang='lat'><strong>&quot;</strong></span> <span class='ocrx_word' id='word_1_189' title='bbox 3609 1183 3856 1249; x_wconf 81' lang='lat' dir='ltr'><strong>Sabaoth,</strong></span> 
     </span>
    </p>
   </div>
   <div class='ocr_carea' id='block_1_27' title="bbox 2277 1271 3861 1345">
    <p class='ocr_par' dir='ltr' id='par_1_27' title="bbox 2277 1271 3861 1345">
     <span class='ocr_line' id='line_1_27' title="bbox 2277 1271 3861 1345; baseline 0.003 -21"><span class='ocrx_word' id='word_1_190' title='bbox 2277 1271 2431 1343; x_wconf 84' lang='lat' dir='ltr'><strong>plena</strong></span> <span class='ocrx_word' id='word_1_191' title='bbox 2454 1282 2528 1328; x_wconf 90' lang='lat' dir='ltr'><strong>est</strong></span> <span class='ocrx_word' id='word_1_192' title='bbox 2552 1273 2723 1327; x_wconf 87' lang='lat' dir='ltr'><strong>omnis</strong></span> <span class='ocrx_word' id='word_1_193' title='bbox 2745 1283 2886 1326; x_wconf 86' lang='lat' dir='ltr'><strong>terra</strong></span> <span class='ocrx_word' id='word_1_194' title='bbox 2906 1271 3106 1341; x_wconf 86' lang='lat' dir='ltr'><strong>gloriae</strong></span> <span class='ocrx_word' id='word_1_195' title='bbox 3133 1273 3268 1343; x_wconf 87' lang='lat' dir='ltr'><strong>ejus.</strong></span> <span class='ocrx_word' id='word_1_196' title='bbox 3306 1273 3407 1329; x_wconf 89' lang='lat' dir='ltr'><strong>Ubi</strong></span> <span class='ocrx_word' id='word_1_197' title='bbox 3438 1275 3716 1344; x_wconf 89' lang='lat' dir='ltr'><strong>posuimus</strong></span> <span class='ocrx_word' id='word_1_198' title='bbox 3737 1278 3861 1345; x_wconf 82' lang='lat' dir='ltr'><strong>piis-</strong></span> 
     </span>
    </p>
   </div>
   <div class='ocr_carea' id='block_1_28' title="bbox 2278 1363 3859 1431">
    <p class='ocr_par' dir='ltr' id='par_1_28' title="bbox 2278 1363 3859 1431">
     <span class='ocr_line' id='line_1_28' title="bbox 2278 1363 3859 1431; baseline 0.002 -13"><span class='ocrx_word' id='word_1_199' title='bbox 2278 1364 2501 1429; x_wconf 85' lang='lat' dir='ltr'><strong>simam,</strong></span> <span class='ocrx_word' id='word_1_200' title='bbox 2541 1365 2615 1419; x_wconf 91' lang='lat' dir='ltr'><strong>ibi</strong></span> <span class='ocrx_word' id='word_1_201' title='bbox 2640 1365 2808 1419; x_wconf 81' lang='lat' dir='ltr'><strong>etiam</strong></span> <span class='ocrx_word' id='word_1_202' title='bbox 2832 1363 3357 1420; x_wconf 83' lang='lat' dir='ltr'><strong>houorabilissimam</strong></span> <span class='ocrx_word' id='word_1_203' title='bbox 3378 1406 3392 1431; x_wconf 88' lang='lat'><strong>,</strong></span> <span class='ocrx_word' id='word_1_204' title='bbox 3422 1367 3508 1420; x_wconf 84' lang='lat' dir='ltr'><strong>vcl</strong></span> <span class='ocrx_word' id='word_1_205' title='bbox 3542 1367 3695 1421; x_wconf 84' lang='lat' dir='ltr'><strong>valde</strong></span> <span class='ocrx_word' id='word_1_206' title='bbox 3732 1368 3859 1422; x_wconf 82' lang='lat' dir='ltr'><strong>ado-</strong></span> 
     </span>
    </p>
   </div>
   <div class='ocr_carea' id='block_1_29' title="bbox 2278 1454 3860 1525">
    <p class='ocr_par' dir='ltr' id='par_1_29' title="bbox 2278 1454 3860 1525">
     <span class='ocr_line' id='line_1_29' title="bbox 2278 1454 3860 1525; baseline 0.004 -18"><span class='ocrx_word' id='word_1_207' title='bbox 2278 1454 2505 1508; x_wconf 86' lang='lat' dir='ltr'><strong>randam</strong></span> <span class='ocrx_word' id='word_1_208' title='bbox 2545 1454 2588 1485; x_wconf 83' lang='grc'><strong>¹⁸</strong></span> <span class='ocrx_word' id='word_1_209' title='bbox 2613 1462 2796 1525; x_wconf 89' lang='lat' dir='ltr'><strong>potest</strong></span> <span class='ocrx_word' id='word_1_210' title='bbox 2845 1455 3212 1525; x_wconf 87' lang='lat' dir='ltr'><strong>interpretari.</strong></span> <span class='ocrx_word' id='word_1_211' title='bbox 3264 1456 3419 1523; x_wconf 83' lang='lat' dir='ltr'><strong>Quod</strong></span> <span class='ocrx_word' id='word_1_212' title='bbox 3472 1466 3657 1514; x_wconf 88' lang='lat' dir='ltr'><strong>autem</strong></span> <span class='ocrx_word' id='word_1_213' title='bbox 3706 1459 3860 1524; x_wconf 87' lang='lat' dir='ltr'><strong>dicit,</strong></span> 
     </span>
    </p>
   </div>
   <div class='ocr_carea' id='block_1_30' title="bbox 2280 1545 3858 1618">
    <p class='ocr_par' dir='ltr' id='par_1_30' title="bbox 2280 1545 3858 1618">
     <span class='ocr_line' id='line_1_30' title="bbox 2280 1545 3858 1618; baseline 0.003 -18"><span class='ocrx_word' id='word_1_214' title='bbox 2280 1545 2611 1600; x_wconf 88' lang='lat' dir='ltr'><strong>sensibiliter</strong></span> <span class='ocrx_word' id='word_1_215' title='bbox 2646 1560 2741 1601; x_wconf 91' lang='lat' dir='ltr'><strong>eos</strong></span> <span class='ocrx_word' id='word_1_216' title='bbox 2774 1546 2958 1602; x_wconf 89' lang='lat' dir='ltr'><strong>dicere</strong></span> <span class='ocrx_word' id='word_1_217' title='bbox 2994 1545 3056 1611; x_wconf 76' lang='lat'><strong>“,</strong></span> <span class='ocrx_word' id='word_1_218' title='bbox 3091 1563 3199 1603; x_wconf 93' lang='lat' dir='ltr'><strong>non</strong></span> <span class='ocrx_word' id='word_1_219' title='bbox 3245 1547 3405 1604; x_wconf 78' lang='lat' dir='ltr'><strong>facile</strong></span> <span class='ocrx_word' id='word_1_220' title='bbox 3454 1558 3633 1618; x_wconf 90' lang='lat' dir='ltr'><strong>patet,</strong></span> <span class='ocrx_word' id='word_1_221' title='bbox 3683 1559 3858 1608; x_wconf 87' lang='lat' dir='ltr'><strong>utrum</strong></span> 
     </span>
    </p>
   </div>
   <div class='ocr_carea' id='block_1_31' title="bbox 2279 1638 3862 1711">
    <p class='ocr_par' dir='ltr' id='par_1_31' title="bbox 2279 1638 3862 1711">
     <span class='ocr_line' id='line_1_31' title="bbox 2279 1638 3862 1711; baseline 0.004 -19"><span class='ocrx_word' id='word_1_222' title='bbox 2279 1638 2443 1692; x_wconf 90' lang='lat' dir='ltr'><strong>veluti</strong></span> <span class='ocrx_word' id='word_1_223' title='bbox 2467 1651 2563 1708; x_wconf 89' lang='lat' dir='ltr'><strong>per</strong></span> <span class='ocrx_word' id='word_1_224' title='bbox 2593 1638 2857 1707; x_wconf 86' lang='lat' dir='ltr'><strong>quaedam</strong></span> <span class='ocrx_word' id='word_1_225' title='bbox 2885 1638 3185 1708; x_wconf 89' lang='lat' dir='ltr'><strong>spiritualia</strong></span> <span class='ocrx_word' id='word_1_226' title='bbox 3209 1654 3438 1711; x_wconf 88' lang='lat' dir='ltr'><strong>corpora</strong></span> <span class='ocrx_word' id='word_1_227' title='bbox 3462 1641 3506 1671; x_wconf 84' lang='grc'><strong>²⁰</strong></span> <span class='ocrx_word' id='word_1_228' title='bbox 3536 1641 3637 1696; x_wconf 86' lang='lat' dir='ltr'><strong>sibi</strong></span> <span class='ocrx_word' id='word_1_229' title='bbox 3661 1656 3862 1698; x_wconf 83' lang='lat' dir='ltr'><strong>conua-</strong></span> 
     </span>
    </p>
   </div>
   <div class='ocr_carea' id='block_1_32' title="bbox 2281 1725 3858 1798">
    <p class='ocr_par' dir='ltr' id='par_1_32' title="bbox 2281 1725 3858 1798">
     <span class='ocr_line' id='line_1_32' title="bbox 2281 1725 3858 1798; baseline 0.006 -19"><span class='ocrx_word' id='word_1_230' title='bbox 2281 1727 2528 1783; x_wconf 82' lang='lat' dir='ltr'><strong>turaliter</strong></span> <span class='ocrx_word' id='word_1_231' title='bbox 2553 1725 2838 1796; x_wconf 86' lang='lat' dir='ltr'><strong>adjuncta,</strong></span> <span class='ocrx_word' id='word_1_232' title='bbox 2874 1728 2927 1782; x_wconf 92' lang='lat' dir='ltr'><strong>in</strong></span> <span class='ocrx_word' id='word_1_233' title='bbox 2972 1730 3169 1798; x_wconf 89' lang='lat' dir='ltr'><strong>quibus</strong></span> <span class='ocrx_word' id='word_1_234' title='bbox 3195 1729 3361 1785; x_wconf 90' lang='lat' dir='ltr'><strong>etiam</strong></span> <span class='ocrx_word' id='word_1_235' title='bbox 3384 1730 3637 1786; x_wconf 86' lang='lat' dir='ltr'><strong>humanis</strong></span> <span class='ocrx_word' id='word_1_236' title='bbox 3655 1732 3858 1789; x_wconf 76' lang='lat' dir='ltr'><strong>visibus</strong></span> 
     </span>
    </p>
   </div>
   <div class='ocr_carea' id='block_1_33' title="bbox 589 1825 3861 1901">
    <p class='ocr_par' dir='ltr' id='par_1_33' title="bbox 589 1825 3861 1901">
     <span class='ocr_line' id='line_1_33' title="bbox 589 1825 3861 1901; baseline 0.002 -21"><span class='ocrx_word' id='word_1_237' title='bbox 589 1825 810 1895; x_wconf 83' lang='lat' dir='ltr'><strong>quidem</strong></span> <span class='ocrx_word' id='word_1_238' title='bbox 856 1826 1040 1882; x_wconf 88' lang='lat' dir='ltr'><strong>divina</strong></span> <span class='ocrx_word' id='word_1_239' title='bbox 1068 1827 1330 1897; x_wconf 83' lang='lat' dir='ltr'><strong>sapientia</strong></span> <span class='ocrx_word' id='word_1_240' title='bbox 1356 1867 1371 1894; x_wconf 95' lang='lat'><strong>,</strong></span> <span class='ocrx_word' id='word_1_241' title='bbox 1405 1842 1565 1898; x_wconf 88' lang='lat' dir='ltr'><strong>quam</strong></span> <span class='ocrx_word' id='word_1_242' title='bbox 1614 1825 1759 1881; x_wconf 90' lang='lat' dir='ltr'><strong>clare</strong></span> <span class='ocrx_word' id='word_1_243' title='bbox 1803 1826 2172 1894; x_wconf 85' lang='lat' dir='ltr'><strong>conspicatur,</strong></span> <span class='ocrx_word' id='word_1_244' title='bbox 2204 1825 2251 1885; x_wconf 90' lang='lat' dir='ltr'><strong>B</strong></span> <span class='ocrx_word' id='word_1_245' title='bbox 2278 1826 2595 1895; x_wconf 85' lang='lat' dir='ltr'><strong>apparuisse</strong></span> <span class='ocrx_word' id='word_1_246' title='bbox 2640 1825 2821 1880; x_wconf 88' lang='lat' dir='ltr'><strong>divina</strong></span> <span class='ocrx_word' id='word_1_247' title='bbox 2853 1826 3019 1891; x_wconf 77' lang='lat' dir='ltr'><strong>tradit</strong></span> <span class='ocrx_word' id='word_1_248' title='bbox 3067 1828 3324 1891; x_wconf 87' lang='lat' dir='ltr'><strong>historia,</strong></span> <span class='ocrx_word' id='word_1_249' title='bbox 3375 1830 3647 1901; x_wconf 77' lang='lat' dir='ltr'><strong>praefatus</strong></span> <span class='ocrx_word' id='word_1_250' title='bbox 3676 1831 3861 1888; x_wconf 84' lang='lat' dir='ltr'><strong>laudes</strong></span> 
     </span>
    </p>
   </div>
   <div class='ocr_carea' id='block_1_34' title="bbox 584 1916 2173 1988">
    <p class='ocr_par' dir='ltr' id='par_1_34' title="bbox 584 1916 2173 1988">
     <span class='ocr_line' id='line_1_34' title="bbox 584 1916 2173 1988; baseline 0.001 -16"><span class='ocrx_word' id='word_1_251' title='bbox 584 1916 869 1987; x_wconf 78' lang='lat' dir='ltr'><strong>multiplex</strong></span> <span class='ocrx_word' id='word_1_252' title='bbox 890 1926 1055 1975; x_wconf 88' lang='lat' dir='ltr'><strong>estet</strong></span> <span class='ocrx_word' id='word_1_253' title='bbox 1080 1919 1256 1973; x_wconf 86' lang='lat' dir='ltr'><strong>beata.</strong></span> <span class='ocrx_word' id='word_1_254' title='bbox 1298 1918 1563 1986; x_wconf 87' lang='lat' dir='ltr'><strong>Quoniam</strong></span> <span class='ocrx_word' id='word_1_255' title='bbox 1590 1932 1721 1973; x_wconf 92' lang='lat' dir='ltr'><strong>vero</strong></span> <span class='ocrx_word' id='word_1_256' title='bbox 1748 1918 1862 1988; x_wconf 85' lang='lat' dir='ltr'><strong>ipsa</strong></span> <span class='ocrx_word' id='word_1_257' title='bbox 1893 1917 2173 1987; x_wconf 78' lang='lat' dir='ltr'><strong>multiplex</strong></span> 
     </span>
    </p>
   </div>
   <div class='ocr_carea' id='block_1_35' title="bbox 584 2009 2221 2082">
    <p class='ocr_par' dir='ltr' id='par_1_35' title="bbox 584 2009 2221 2082">
     <span class='ocr_line' id='line_1_35' title="bbox 584 2009 2221 2082; baseline 0.003 -18"><span class='ocrx_word' id='word_1_258' title='bbox 584 2009 850 2080; x_wconf 85' lang='lat' dir='ltr'><strong>sapientia</strong></span> <span class='ocrx_word' id='word_1_259' title='bbox 885 2011 1078 2079; x_wconf 90' lang='lat' dir='ltr'><strong>simpla</strong></span> <span class='ocrx_word' id='word_1_260' title='bbox 1115 2019 1199 2066; x_wconf 91' lang='lat' dir='ltr'><strong>est</strong></span> <span class='ocrx_word' id='word_1_261' title='bbox 1247 2020 1302 2066; x_wconf 91' lang='lat' dir='ltr'><strong>et</strong></span> <span class='ocrx_word' id='word_1_262' title='bbox 1352 2012 1663 2078; x_wconf 85' lang='lat' dir='ltr'><strong>individua,</strong></span> <span class='ocrx_word' id='word_1_263' title='bbox 1714 2020 2000 2082; x_wconf 88' lang='lat' dir='ltr'><strong>propterea</strong></span> <span class='ocrx_word' id='word_1_264' title='bbox 2046 2013 2173 2067; x_wconf 87' lang='lat' dir='ltr'><strong>sim-</strong></span> <span class='ocrx_word' id='word_1_265' title='bbox 2214 2066 2221 2071; x_wconf 81' lang='grc'><strong>,</strong></span> 
     </span>
    </p>
   </div>
   <div class='ocr_carea' id='block_1_36' title="bbox 582 2101 2174 2175">
    <p class='ocr_par' dir='ltr' id='par_1_36' title="bbox 582 2101 2174 2175">
     <span class='ocr_line' id='line_1_36' title="bbox 582 2101 2174 2175; baseline 0.003 -21"><span class='ocrx_word' id='word_1_266' title='bbox 582 2101 756 2174; x_wconf 89' lang='lat' dir='ltr'><strong>plices</strong></span> <span class='ocrx_word' id='word_1_267' title='bbox 803 2116 931 2157; x_wconf 90' lang='lat' dir='ltr'><strong>suos</strong></span> <span class='ocrx_word' id='word_1_268' title='bbox 970 2102 1211 2173; x_wconf 76' lang='lat' dir='ltr'><strong>fulgores</strong></span> <span class='ocrx_word' id='word_1_269' title='bbox 1254 2103 1308 2156; x_wconf 90' lang='lat' dir='ltr'><strong>in</strong></span> <span class='ocrx_word' id='word_1_270' title='bbox 1358 2104 1587 2174; x_wconf 86' lang='lat' dir='ltr'><strong>primam</strong></span> <span class='ocrx_word' id='word_1_271' title='bbox 1629 2104 1882 2175; x_wconf 89' lang='lat' dir='ltr'><strong>primitus</strong></span> <span class='ocrx_word' id='word_1_272' title='bbox 1924 2104 2174 2161; x_wconf 84' lang='lat' dir='ltr'><strong>diffundit</strong></span> 
     </span>
    </p>
   </div>
   <div class='ocr_carea' id='block_1_37' title="bbox 584 2177 2173 2264">
    <p class='ocr_par' dir='ltr' id='par_1_37' title="bbox 584 2177 2173 2264">
     <span class='ocr_line' id='line_1_37' title="bbox 584 2177 2173 2264; baseline 0.003 -15"><span class='ocrx_word' id='word_1_273' title='bbox 584 2177 931 2260; x_wconf 48' lang='lat' dir='ltr'><strong>iebat-Chiam,</strong></span> <span class='ocrx_word' id='word_1_274' title='bbox 958 2194 1155 2264; x_wconf 89' lang='lat' dir='ltr'><strong>quibus</strong></span> <span class='ocrx_word' id='word_1_275' title='bbox 1185 2194 1272 2248; x_wconf 87' lang='lat' dir='ltr'><strong>illa</strong></span> <span class='ocrx_word' id='word_1_276' title='bbox 1302 2193 1653 2261; x_wconf 91' lang='lat' dir='ltr'><strong>illuminatur,</strong></span> <span class='ocrx_word' id='word_1_277' title='bbox 1682 2211 1746 2251; x_wconf 89' lang='lat' dir='ltr'><strong>ac</strong></span> <span class='ocrx_word' id='word_1_278' title='bbox 1788 2196 1951 2251; x_wconf 90' lang='lat' dir='ltr'><strong>veluti</strong></span> <span class='ocrx_word' id='word_1_279' title='bbox 1989 2198 2173 2253; x_wconf 90' lang='lat' dir='ltr'><strong>divino</strong></span> 
     </span>
    </p>
   </div>
   <div class='ocr_carea' id='block_1_38' title="bbox 584 2285 2173 2356">
    <p class='ocr_par' dir='ltr' id='par_1_38' title="bbox 584 2285 2173 2356">
     <span class='ocr_line' id='line_1_38' title="bbox 584 2285 2173 2356; baseline 0.001 -16"><span class='ocrx_word' id='word_1_280' title='bbox 584 2285 863 2350; x_wconf 86' lang='lat' dir='ltr'><strong>alimento,</strong></span> <span class='ocrx_word' id='word_1_281' title='bbox 893 2286 1028 2351; x_wconf 89' lang='lat' dir='ltr'><strong>sive,</strong></span> <span class='ocrx_word' id='word_1_282' title='bbox 1060 2295 1120 2341; x_wconf 92' lang='lat' dir='ltr'><strong>ut</strong></span> <span class='ocrx_word' id='word_1_283' title='bbox 1138 2285 1354 2356; x_wconf 88' lang='lat' dir='ltr'><strong>planius</strong></span> <span class='ocrx_word' id='word_1_284' title='bbox 1383 2286 1729 2352; x_wconf 83' lang='lat' dir='ltr'><strong>transfertur,</strong></span> <span class='ocrx_word' id='word_1_285' title='bbox 1751 2287 1935 2342; x_wconf 91' lang='lat' dir='ltr'><strong>divina</strong></span> <span class='ocrx_word' id='word_1_286' title='bbox 1964 2287 2173 2342; x_wconf 88' lang='lat' dir='ltr'><strong>laetitia</strong></span> 
     </span>
    </p>
   </div>
   <div class='ocr_carea' id='block_1_39' title="bbox 581 2379 2167 2450">
    <p class='ocr_par' dir='ltr' id='par_1_39' title="bbox 581 2379 2167 2450">
     <span class='ocr_line' id='line_1_39' title="bbox 581 2379 2167 2450; baseline 0 -16"><span class='ocrx_word' id='word_1_287' title='bbox 581 2380 778 2436; x_wconf 86' lang='lat' dir='ltr'><strong>satiata</strong></span> <span class='ocrx_word' id='word_1_288' title='bbox 814 2380 1071 2450; x_wconf 90' lang='lat' dir='ltr'><strong>repletur.</strong></span> <span class='ocrx_word' id='word_1_289' title='bbox 1122 2379 1297 2434; x_wconf 78' lang='lat' dir='ltr'><strong>Multa</strong></span> <span class='ocrx_word' id='word_1_290' title='bbox 1323 2380 1534 2450; x_wconf 85' lang='lat' dir='ltr'><strong>quidem</strong></span> <span class='ocrx_word' id='word_1_291' title='bbox 1575 2380 1744 2450; x_wconf 87' lang='lat' dir='ltr'><strong>primo</strong></span> <span class='ocrx_word' id='word_1_292' title='bbox 1783 2381 1908 2434; x_wconf 89' lang='lat' dir='ltr'><strong>data</strong></span> <span class='ocrx_word' id='word_1_293' title='bbox 1943 2380 2167 2450; x_wconf 77' lang='lat' dir='ltr'><strong>fusione,</strong></span> 
     </span>
    </p>
   </div>
   <div class='ocr_carea' id='block_1_40' title="bbox 580 2472 2211 2543">
    <p class='ocr_par' dir='ltr' id='par_1_40' title="bbox 580 2472 2211 2543">
     <span class='ocr_line' id='line_1_40' title="bbox 580 2472 2211 2543; baseline 0 -16"><span class='ocrx_word' id='word_1_294' title='bbox 580 2473 697 2527; x_wconf 87' lang='lat' dir='ltr'><strong>sola</strong></span> <span class='ocrx_word' id='word_1_295' title='bbox 740 2489 859 2527; x_wconf 78' lang='lat' dir='ltr'><strong>vero</strong></span> <span class='ocrx_word' id='word_1_296' title='bbox 898 2473 1181 2528; x_wconf 85' lang='lat' dir='ltr'><strong>domestica</strong></span> <span class='ocrx_word' id='word_1_297' title='bbox 1207 2481 1255 2527; x_wconf 87' lang='lat' dir='ltr'><strong>et</strong></span> <span class='ocrx_word' id='word_1_298' title='bbox 1279 2472 1474 2541; x_wconf 79' lang='lat' dir='ltr'><strong>uni/ica</strong></span> <span class='ocrx_word' id='word_1_299' title='bbox 1500 2474 1706 2527; x_wconf 86' lang='lat' dir='ltr'><strong>diuinae</strong></span> <span class='ocrx_word' id='word_1_300' title='bbox 1737 2474 2033 2543; x_wconf 85' lang='lat' dir='ltr'><strong>refectionis</strong></span> <span class='ocrx_word' id='word_1_301' title='bbox 2054 2473 2173 2529; x_wconf 35' lang='lat' dir='ltr'><strong>unis</strong></span> <span class='ocrx_word' id='word_1_302' title='bbox 2208 2530 2211 2535; x_wconf 70' lang='grc'><strong>,</strong></span> 
     </span>
    </p>
   </div>
   <div class='ocr_carea' id='block_1_41' title="bbox 579 2563 2169 2635">
    <p class='ocr_par' dir='ltr' id='par_1_41' title="bbox 579 2563 2169 2635">
     <span class='ocr_line' id='line_1_41' title="bbox 579 2563 2169 2635; baseline 0.002 -19"><span class='ocrx_word' id='word_1_303' title='bbox 579 2572 721 2629; x_wconf 86' lang='lat' dir='ltr'><strong>tate;</strong></span> <span class='ocrx_word' id='word_1_304' title='bbox 745 2563 1012 2634; x_wconf 86' lang='lat' dir='ltr'><strong>multaque</strong></span> <span class='ocrx_word' id='word_1_305' title='bbox 1041 2564 1405 2619; x_wconf 80' lang='lat' dir='ltr'><strong>communione</strong></span> <span class='ocrx_word' id='word_1_306' title='bbox 1426 2564 1521 2617; x_wconf 85' lang='lat' dir='ltr'><strong>Dei</strong></span> <span class='ocrx_word' id='word_1_307' title='bbox 1547 2574 1605 2618; x_wconf 83' lang='lat' dir='ltr'><strong>et</strong></span> <span class='ocrx_word' id='word_1_308' title='bbox 1627 2565 1992 2635; x_wconf 88' lang='lat' dir='ltr'><strong>cooperatione</strong></span> <span class='ocrx_word' id='word_1_309' title='bbox 2009 2566 2169 2634; x_wconf 85' lang='lat' dir='ltr'><strong>digna</strong></span> 
     </span>
    </p>
   </div>
   <div class='ocr_carea' id='block_1_42' title="bbox 576 2653 2169 2727">
    <p class='ocr_par' dir='ltr' id='par_1_42' title="bbox 576 2653 2169 2727">
     <span class='ocr_line' id='line_1_42' title="bbox 576 2653 2169 2727; baseline 0.002 -18"><span class='ocrx_word' id='word_1_310' title='bbox 576 2653 762 2723; x_wconf 59' lang='lat' dir='ltr'><strong>eiecta</strong></span> <span class='ocrx_word' id='word_1_311' title='bbox 789 2654 859 2709; x_wconf 88' lang='lat' dir='ltr'><strong>ad</strong></span> <span class='ocrx_word' id='word_1_312' title='bbox 881 2663 1016 2720; x_wconf 82' lang='lat' dir='ltr'><strong>eam,</strong></span> <span class='ocrx_word' id='word_1_313' title='bbox 1049 2667 1107 2711; x_wconf 89' lang='lat' dir='ltr'><strong>ut</strong></span> <span class='ocrx_word' id='word_1_314' title='bbox 1131 2655 1406 2727; x_wconf 82' lang='lat' dir='ltr'><strong>possibile,</strong></span> <span class='ocrx_word' id='word_1_315' title='bbox 1432 2656 1774 2710; x_wconf 80' lang='lat' dir='ltr'><strong>similitudine</strong></span> <span class='ocrx_word' id='word_1_316' title='bbox 1796 2657 2049 2712; x_wconf 82' lang='lat' dir='ltr'><strong>bonarum</strong></span> <span class='ocrx_word' id='word_1_317' title='bbox 2073 2658 2169 2712; x_wconf 82' lang='lat' dir='ltr'><strong>ha-</strong></span> 
     </span>
    </p>
   </div>
   <div class='ocr_carea' id='block_1_43' title="bbox 577 2742 2168 2802">
    <p class='ocr_par' dir='ltr' id='par_1_43' title="bbox 577 2742 2168 2802">
     <span class='ocr_line' id='line_1_43' title="bbox 577 2742 2168 2802; baseline 0.004 -6"><span class='ocrx_word' id='word_1_318' title='bbox 577 2742 872 2798; x_wconf 85' lang='lat' dir='ltr'><strong>bitudinum</strong></span> <span class='ocrx_word' id='word_1_319' title='bbox 917 2755 967 2798; x_wconf 90' lang='lat' dir='ltr'><strong>et</strong></span> <span class='ocrx_word' id='word_1_320' title='bbox 1014 2746 1297 2801; x_wconf 79' lang='lat' dir='ltr'><strong>actionum.</strong></span> <span class='ocrx_word' id='word_1_321' title='bbox 1336 2744 1638 2800; x_wconf 81' lang='lat' dir='ltr'><strong>Verborum</strong></span> <span class='ocrx_word' id='word_1_322' title='bbox 1675 2748 2009 2801; x_wconf 87' lang='lat' dir='ltr'><strong>constructio</strong></span> <span class='ocrx_word' id='word_1_323' title='bbox 2046 2747 2168 2802; x_wconf 91' lang='lat' dir='ltr'><strong>talis</strong></span> 
     </span>
    </p>
   </div>
   <div class='ocr_carea' id='block_1_44' title="bbox 576 2834 2163 2906">
    <p class='ocr_par' dir='ltr' id='par_1_44' title="bbox 576 2834 2163 2906">
     <span class='ocr_line' id='line_1_44' title="bbox 576 2834 2163 2906; baseline 0.002 -17"><span class='ocrx_word' id='word_1_324' title='bbox 576 2841 700 2889; x_wconf 89' lang='lat' dir='ltr'><strong>est:</strong></span> <span class='ocrx_word' id='word_1_325' title='bbox 733 2834 902 2906; x_wconf 84' lang='lat' dir='ltr'><strong>Digna</strong></span> <span class='ocrx_word' id='word_1_326' title='bbox 930 2834 1122 2891; x_wconf 77' lang='lat' dir='ltr'><strong>eﬂ‘ecta</strong></span> <span class='ocrx_word' id='word_1_327' title='bbox 1145 2844 1230 2892; x_wconf 88' lang='lat' dir='ltr'><strong>est</strong></span> <span class='ocrx_word' id='word_1_328' title='bbox 1259 2835 1426 2891; x_wconf 90' lang='lat' dir='ltr'><strong>multa</strong></span> <span class='ocrx_word' id='word_1_329' title='bbox 1459 2836 1636 2906; x_wconf 90' lang='lat' dir='ltr'><strong>primo</strong></span> <span class='ocrx_word' id='word_1_330' title='bbox 1670 2847 1798 2892; x_wconf 88' lang='lat' dir='ltr'><strong>ante</strong></span> <span class='ocrx_word' id='word_1_331' title='bbox 1831 2836 1966 2892; x_wconf 90' lang='lat' dir='ltr'><strong>alias</strong></span> <span class='ocrx_word' id='word_1_332' title='bbox 1990 2838 2163 2892; x_wconf 85' lang='lat' dir='ltr'><strong>ierar-</strong></span> 
     </span>
    </p>
   </div>
   <div class='ocr_carea' id='block_1_45' title="bbox 576 2927 2161 3005">
    <p class='ocr_par' dir='ltr' id='par_1_45' title="bbox 576 2927 2161 3005">
     <span class='ocr_line' id='line_1_45' title="bbox 576 2927 2161 3005; baseline 0.001 -23"><span class='ocrx_word' id='word_1_333' title='bbox 576 2927 727 2982; x_wconf 90' lang='lat' dir='ltr'><strong>cbias</strong></span> <span class='ocrx_word' id='word_1_334' title='bbox 747 2927 959 2985; x_wconf 83' lang='lat' dir='ltr'><strong>fusione</strong></span> <span class='ocrx_word' id='word_1_335' title='bbox 982 2929 1300 3000; x_wconf 85' lang='lat' dir='ltr'><strong>sapientiae,</strong></span> <span class='ocrx_word' id='word_1_336' title='bbox 1325 2928 1441 3005; x_wconf 75' lang='lat' dir='ltr'><strong>sola</strong></span> <span class='ocrx_word' id='word_1_337' title='bbox 1469 2944 1619 2994; x_wconf 88' lang='lat' dir='ltr'><strong>vero,</strong></span> <span class='ocrx_word' id='word_1_338' title='bbox 1651 2929 1756 2984; x_wconf 92' lang='lat' dir='ltr'><strong>hoc</strong></span> <span class='ocrx_word' id='word_1_339' title='bbox 1774 2938 1858 2983; x_wconf 90' lang='lat' dir='ltr'><strong>est</strong></span> <span class='ocrx_word' id='word_1_340' title='bbox 1882 2929 2161 3000; x_wconf 78' lang='lat' dir='ltr'><strong>singulari,</strong></span> 
     </span>
    </p>
   </div>
   <div class='ocr_carea' id='block_1_46' title="bbox 577 3018 2205 3101">
    <p class='ocr_par' dir='ltr' id='par_1_46' title="bbox 577 3018 2205 3101">
     <span class='ocr_line' id='line_1_46' title="bbox 577 3018 2205 3101; baseline -0.001 -25"><span class='ocrx_word' id='word_1_341' title='bbox 577 3021 893 3086; x_wconf 88' lang='lat' dir='ltr'><strong>domestica,</strong></span> <span class='ocrx_word' id='word_1_342' title='bbox 936 3023 1181 3089; x_wconf 80' lang='lat' dir='ltr'><strong>proxima</strong></span> <span class='ocrx_word' id='word_1_343' title='bbox 1212 3020 1393 3090; x_wconf 87' lang='lat' dir='ltr'><strong>plane,</strong></span> <span class='ocrx_word' id='word_1_344' title='bbox 1438 3027 1493 3074; x_wconf 91' lang='lat' dir='ltr'><strong>et</strong></span> <span class='ocrx_word' id='word_1_345' title='bbox 1531 3019 1728 3075; x_wconf 80' lang='lat' dir='ltr'><strong>unifica</strong></span> <span class='ocrx_word' id='word_1_346' title='bbox 1766 3018 1982 3074; x_wconf 89' lang='lat' dir='ltr'><strong>divinae</strong></span> <span class='ocrx_word' id='word_1_347' title='bbox 2027 3019 2164 3075; x_wconf 86' lang='lat' dir='ltr'><strong>refe-</strong></span> <span class='ocrx_word' id='word_1_348' title='bbox 2196 3084 2205 3101; x_wconf 37' lang='grc' dir='ltr'><em>Ι</em></span> 
     </span>
    </p>
   </div>
   <div class='ocr_carea' id='block_1_47' title="bbox 577 3110 2159 3177">
    <p class='ocr_par' dir='ltr' id='par_1_47' title="bbox 577 3110 2159 3177">
     <span class='ocr_line' id='line_1_47' title="bbox 577 3110 2159 3177; baseline -0.001 -11"><span class='ocrx_word' id='word_1_349' title='bbox 577 3111 776 3167; x_wconf 89' lang='lat' dir='ltr'><strong>ctionis</strong></span> <span class='ocrx_word' id='word_1_350' title='bbox 806 3112 1046 3177; x_wconf 89' lang='lat' dir='ltr'><strong>unitate;</strong></span> <span class='ocrx_word' id='word_1_351' title='bbox 1094 3126 1201 3165; x_wconf 88' lang='lat' dir='ltr'><strong>non</strong></span> <span class='ocrx_word' id='word_1_352' title='bbox 1231 3110 1378 3165; x_wconf 89' lang='lat' dir='ltr'><strong>enim</strong></span> <span class='ocrx_word' id='word_1_353' title='bbox 1404 3110 1581 3165; x_wconf 89' lang='lat' dir='ltr'><strong>omnis</strong></span> <span class='ocrx_word' id='word_1_354' title='bbox 1608 3112 1789 3165; x_wconf 84' lang='lat' dir='ltr'><strong>unitas</strong></span> <span class='ocrx_word' id='word_1_355' title='bbox 1818 3112 2015 3166; x_wconf 84' lang='lat' dir='ltr'><strong>unifica</strong></span> <span class='ocrx_word' id='word_1_356' title='bbox 2044 3119 2159 3177; x_wconf 90' lang='lat' dir='ltr'><strong>est,</strong></span> 
     </span>
    </p>
   </div>
   <div class='ocr_carea' id='block_1_48' title="bbox 2277 1916 3859 1995">
    <p class='ocr_par' dir='ltr' id='par_1_48' title="bbox 2277 1916 3859 1995">
     <span class='ocr_line' id='line_1_48' title="bbox 2277 1916 3859 1995; baseline 0.004 -23"><span class='ocrx_word' id='word_1_357' title='bbox 2277 1916 2554 1989; x_wconf 73' lang='lat' dir='ltr'><strong>eorpdreis</strong></span> <span class='ocrx_word' id='word_1_358' title='bbox 2582 1919 2833 1975; x_wconf 90' lang='lat' dir='ltr'><strong>sensibus</strong></span> <span class='ocrx_word' id='word_1_359' title='bbox 2861 1920 3105 1975; x_wconf 90' lang='lat' dir='ltr'><strong>sensibili</strong></span> <span class='ocrx_word' id='word_1_360' title='bbox 3151 1936 3285 1977; x_wconf 91' lang='lat' dir='ltr'><strong>voce</strong></span> <span class='ocrx_word' id='word_1_361' title='bbox 3332 1932 3613 1991; x_wconf 86' lang='lat' dir='ltr'><strong>coaptatas</strong></span> <span class='ocrx_word' id='word_1_362' title='bbox 3653 1924 3859 1995; x_wconf 85' lang='lat' dir='ltr'><strong>hymni-</strong></span> 
     </span>
    </p>
   </div>
   <div class='ocr_carea' id='block_1_49' title="bbox 2278 2008 3862 2084">
    <p class='ocr_par' dir='ltr' id='par_1_49' title="bbox 2278 2008 3862 2084">
     <span class='ocr_line' id='line_1_49' title="bbox 2278 2008 3862 2084; baseline 0.004 -21"><span class='ocrx_word' id='word_1_363' title='bbox 2278 2011 2488 2076; x_wconf 82' lang='lat' dir='ltr'><strong>zant“,</strong></span> <span class='ocrx_word' id='word_1_364' title='bbox 2526 2026 2595 2064; x_wconf 89' lang='lat' dir='ltr'><strong>an</strong></span> <span class='ocrx_word' id='word_1_365' title='bbox 2622 2010 2749 2081; x_wconf 90' lang='lat' dir='ltr'><strong>quia</strong></span> <span class='ocrx_word' id='word_1_366' title='bbox 2779 2010 3109 2081; x_wconf 87' lang='lat' dir='ltr'><strong>propheticis</strong></span> <span class='ocrx_word' id='word_1_367' title='bbox 3134 2008 3430 2068; x_wconf 81' lang='lat' dir='ltr'><strong>visionibus</strong></span> <span class='ocrx_word' id='word_1_368' title='bbox 3459 2014 3533 2068; x_wconf 89' lang='lat' dir='ltr'><strong>ita</strong></span> <span class='ocrx_word' id='word_1_369' title='bbox 3561 2028 3862 2084; x_wconf 86' lang='lat' dir='ltr'><strong>apparuere</strong></span> 
     </span>
    </p>
   </div>
   <div class='ocr_carea' id='block_1_50' title="bbox 2275 2101 3856 2167">
    <p class='ocr_par' dir='ltr' id='par_1_50' title="bbox 2275 2101 3856 2167">
     <span class='ocr_line' id='line_1_50' title="bbox 2275 2101 3856 2167; baseline 0.004 -12"><span class='ocrx_word' id='word_1_370' title='bbox 2275 2102 2439 2157; x_wconf 91' lang='lat' dir='ltr'><strong>veluti</strong></span> <span class='ocrx_word' id='word_1_371' title='bbox 2473 2103 2777 2167; x_wconf 89' lang='lat' dir='ltr'><strong>sensibiles,</strong></span> <span class='ocrx_word' id='word_1_372' title='bbox 2803 2103 2858 2158; x_wconf 91' lang='lat' dir='ltr'><strong>in</strong></span> <span class='ocrx_word' id='word_1_373' title='bbox 2881 2101 3229 2160; x_wconf 87' lang='lat' dir='ltr'><strong>similitudine</strong></span> <span class='ocrx_word' id='word_1_374' title='bbox 3248 2104 3495 2159; x_wconf 86' lang='lat' dir='ltr'><strong>videlicet</strong></span> <span class='ocrx_word' id='word_1_375' title='bbox 3521 2105 3856 2161; x_wconf 89' lang='lat' dir='ltr'><strong>sensibilium</strong></span> 
     </span>
    </p>
   </div>
   <div class='ocr_carea' id='block_1_51' title="bbox 2274 2193 3857 2267">
    <p class='ocr_par' dir='ltr' id='par_1_51' title="bbox 2274 2193 3857 2267">
     <span class='ocr_line' id='line_1_51' title="bbox 2274 2193 3857 2267; baseline 0.001 -19"><span class='ocrx_word' id='word_1_376' title='bbox 2274 2208 2464 2249; x_wconf 89' lang='lat' dir='ltr'><strong>vocum</strong></span> <span class='ocrx_word' id='word_1_377' title='bbox 2512 2193 2774 2263; x_wconf 87' lang='lat' dir='ltr'><strong>prolatae.</strong></span> <span class='ocrx_word' id='word_1_378' title='bbox 2835 2194 3212 2250; x_wconf 83' lang='lat' dir='ltr'><strong>Verumtamen</strong></span> <span class='ocrx_word' id='word_1_379' title='bbox 3281 2196 3659 2265; x_wconf 90' lang='lat' dir='ltr'><strong>quoquomodo</strong></span> <span class='ocrx_word' id='word_1_380' title='bbox 3711 2196 3857 2267; x_wconf 90' lang='lat' dir='ltr'><strong>sint,</strong></span> 
     </span>
    </p>
   </div>
   <div class='ocr_carea' id='block_1_52' title="bbox 2274 2286 3859 2357">
    <p class='ocr_par' dir='ltr' id='par_1_52' title="bbox 2274 2286 3859 2357">
     <span class='ocr_line' id='line_1_52' title="bbox 2274 2286 3859 2357; baseline 0.004 -18"><span class='ocrx_word' id='word_1_381' title='bbox 2274 2288 2343 2342; x_wconf 88' lang='lat' dir='ltr'><strong>ab</strong></span> <span class='ocrx_word' id='word_1_382' title='bbox 2367 2286 2751 2342; x_wconf 73' lang='lat' dir='ltr'><strong>excelsissimis</strong></span> <span class='ocrx_word' id='word_1_383' title='bbox 2773 2287 2979 2357; x_wconf 91' lang='lat' dir='ltr'><strong>primae</strong></span> <span class='ocrx_word' id='word_1_384' title='bbox 3020 2287 3318 2343; x_wconf 89' lang='lat' dir='ltr'><strong>ierarchiae</strong></span> <span class='ocrx_word' id='word_1_385' title='bbox 3346 2290 3597 2344; x_wconf 85' lang='lat' dir='ltr'><strong>essentiis</strong></span> <span class='ocrx_word' id='word_1_386' title='bbox 3621 2304 3717 2345; x_wconf 88' lang='lat' dir='ltr'><strong>eas</strong></span> <span class='ocrx_word' id='word_1_387' title='bbox 3741 2290 3859 2346; x_wconf 83' lang='lat' dir='ltr'><strong>ﬁeri</strong></span> 
     </span>
    </p>
   </div>
   <div class='ocr_carea' id='block_1_53' title="bbox 2274 2377 3860 2449">
    <p class='ocr_par' dir='ltr' id='par_1_53' title="bbox 2274 2377 3860 2449">
     <span class='ocr_line' id='line_1_53' title="bbox 2274 2377 3860 2449; baseline 0.003 -17"><span class='ocrx_word' id='word_1_388' title='bbox 2274 2377 2555 2449; x_wconf 79' lang='lat' dir='ltr'><strong>theologus</strong></span> <span class='ocrx_word' id='word_1_389' title='bbox 2586 2380 2688 2434; x_wconf 90' lang='lat' dir='ltr'><strong>iste</strong></span> <span class='ocrx_word' id='word_1_390' title='bbox 2715 2387 2966 2434; x_wconf 83' lang='lat' dir='ltr'><strong>testatur.</strong></span> <span class='ocrx_word' id='word_1_391' title='bbox 3008 2379 3096 2434; x_wconf 83' lang='lat' dir='ltr'><strong>Ait</strong></span> <span class='ocrx_word' id='word_1_392' title='bbox 3121 2380 3264 2434; x_wconf 90' lang='lat' dir='ltr'><strong>enim</strong></span> <span class='ocrx_word' id='word_1_393' title='bbox 3294 2398 3308 2433; x_wconf 90' lang='lat'><strong>:</strong></span> <span class='ocrx_word' id='word_1_394' title='bbox 3348 2379 3460 2435; x_wconf 81' lang='lat' dir='ltr'><strong>Has</strong></span> <span class='ocrx_word' id='word_1_395' title='bbox 3488 2394 3664 2436; x_wconf 86' lang='lat' dir='ltr'><strong>autem</strong></span> <span class='ocrx_word' id='word_1_396' title='bbox 3700 2382 3860 2436; x_wconf 73' lang='lat' dir='ltr'><strong>excet-</strong></span> 
     </span>
    </p>
   </div>
   <div class='ocr_carea' id='block_1_54' title="bbox 2271 2472 3857 2546">
    <p class='ocr_par' dir='ltr' id='par_1_54' title="bbox 2271 2472 3857 2546">
     <span class='ocr_line' id='line_1_54' title="bbox 2271 2472 3857 2546; baseline 0.001 -20"><span class='ocrx_word' id='word_1_397' title='bbox 2271 2473 2512 2527; x_wconf 85' lang='lat' dir='ltr'><strong>sissimas</strong></span> <span class='ocrx_word' id='word_1_398' title='bbox 2544 2472 2845 2527; x_wconf 84' lang='lat' dir='ltr'><strong>caelestium</strong></span> <span class='ocrx_word' id='word_1_399' title='bbox 2891 2473 3188 2527; x_wconf 87' lang='lat' dir='ltr'><strong>animorum</strong></span> <span class='ocrx_word' id='word_1_400' title='bbox 3216 2474 3581 2545; x_wconf 80' lang='lat' dir='ltr'><strong>hymnologias</strong></span> <span class='ocrx_word' id='word_1_401' title='bbox 3607 2477 3723 2544; x_wconf 81' lang='lat' dir='ltr'><strong>jam</strong></span> <span class='ocrx_word' id='word_1_402' title='bbox 3745 2476 3857 2546; x_wconf 77' lang='lat' dir='ltr'><strong>qui-</strong></span> 
     </span>
    </p>
   </div>
   <div class='ocr_carea' id='block_1_55' title="bbox 2272 2562 3851 2636">
    <p class='ocr_par' dir='ltr' id='par_1_55' title="bbox 2272 2562 3851 2636">
     <span class='ocr_line' id='line_1_55' title="bbox 2272 2562 3851 2636; baseline 0.003 -21"><span class='ocrx_word' id='word_1_403' title='bbox 2272 2562 2388 2616; x_wconf 88' lang='lat' dir='ltr'><strong>dem</strong></span> <span class='ocrx_word' id='word_1_404' title='bbox 2412 2563 2570 2617; x_wconf 82' lang='lat' dir='ltr'><strong>inhis</strong></span> <span class='ocrx_word' id='word_1_405' title='bbox 2609 2580 2746 2634; x_wconf 90' lang='lat' dir='ltr'><strong>quae</strong></span> <span class='ocrx_word' id='word_1_406' title='bbox 2785 2573 2907 2618; x_wconf 88' lang='lat' dir='ltr'><strong>sunt</strong></span> <span class='ocrx_word' id='word_1_407' title='bbox 2950 2563 3014 2617; x_wconf 84' lang='lat' dir='ltr'><strong>de</strong></span> <span class='ocrx_word' id='word_1_408' title='bbox 3063 2564 3253 2618; x_wconf 84' lang='lat' dir='ltr'><strong>divinis</strong></span> <span class='ocrx_word' id='word_1_409' title='bbox 3300 2562 3575 2630; x_wconf 83' lang='lat' dir='ltr'><strong>laudibus,</strong></span> <span class='ocrx_word' id='word_1_410' title='bbox 3603 2576 3851 2636; x_wconf 86' lang='lat' dir='ltr'><strong>quantum</strong></span> 
     </span>
    </p>
   </div>
   <div class='ocr_carea' id='block_1_56' title="bbox 2269 2652 3847 2724">
    <p class='ocr_par' dir='ltr' id='par_1_56' title="bbox 2269 2652 3847 2724">
     <span class='ocr_line' id='line_1_56' title="bbox 2269 2652 3847 2724; baseline 0.001 -17"><span class='ocrx_word' id='word_1_411' title='bbox 2269 2652 2547 2723; x_wconf 87' lang='lat' dir='ltr'><strong>possibile,</strong></span> <span class='ocrx_word' id='word_1_412' title='bbox 2587 2654 2919 2724; x_wconf 83' lang='lat' dir='ltr'><strong>aperuimus,</strong></span> <span class='ocrx_word' id='word_1_413' title='bbox 2965 2663 3014 2708; x_wconf 91' lang='lat' dir='ltr'><strong>et</strong></span> <span class='ocrx_word' id='word_1_414' title='bbox 3057 2654 3254 2708; x_wconf 86' lang='lat' dir='ltr'><strong>dictum</strong></span> <span class='ocrx_word' id='word_1_415' title='bbox 3296 2664 3370 2709; x_wconf 87' lang='lat' dir='ltr'><strong>est</strong></span> <span class='ocrx_word' id='word_1_416' title='bbox 3412 2655 3485 2710; x_wconf 77' lang='lat' dir='ltr'><strong>de.</strong></span> <span class='ocrx_word' id='word_1_417' title='bbox 3511 2655 3593 2709; x_wconf 68' lang='lat' dir='ltr'><strong>his</strong></span> <span class='ocrx_word' id='word_1_418' title='bbox 3616 2657 3670 2709; x_wconf 87' lang='lat' dir='ltr'><strong>in</strong></span> <span class='ocrx_word' id='word_1_419' title='bbox 3707 2656 3847 2723; x_wconf 83' lang='lat' dir='ltr'><strong>illis,</strong></span> 
     </span>
    </p>
   </div>
   <div class='ocr_carea' id='block_1_57' title="bbox 2269 2746 3856 2816">
    <p class='ocr_par' dir='ltr' id='par_1_57' title="bbox 2269 2746 3856 2816">
     <span class='ocr_line' id='line_1_57' title="bbox 2269 2746 3856 2816; baseline 0.003 -20"><span class='ocrx_word' id='word_1_420' title='bbox 2269 2755 2523 2814; x_wconf 85' lang='lat' dir='ltr'><strong>quantum</strong></span> <span class='ocrx_word' id='word_1_421' title='bbox 2544 2748 2612 2799; x_wconf 89' lang='lat' dir='ltr'><strong>ad</strong></span> <span class='ocrx_word' id='word_1_422' title='bbox 2640 2762 2732 2799; x_wconf 85' lang='lat' dir='ltr'><strong>nos</strong></span> <span class='ocrx_word' id='word_1_423' title='bbox 2751 2786 2765 2811; x_wconf 93' lang='lat'><strong>,</strong></span> <span class='ocrx_word' id='word_1_424' title='bbox 2794 2746 3141 2815; x_wconf 66' lang='lat' dir='ltr'><strong>sufﬁcienter;</strong></span> <span class='ocrx_word' id='word_1_425' title='bbox 3164 2762 3229 2800; x_wconf 76' lang='lat' dir='ltr'><strong>ea;</strong></span> <span class='ocrx_word' id='word_1_426' title='bbox 3245 2747 3430 2816; x_wconf 87' lang='lat' dir='ltr'><strong>quibus</strong></span> <span class='ocrx_word' id='word_1_427' title='bbox 3454 2746 3510 2798; x_wconf 67' lang='lat' dir='ltr'><strong>in</strong></span> <span class='ocrx_word' id='word_1_428' title='bbox 3541 2746 3856 2800; x_wconf 86' lang='lat' dir='ltr'><strong>admonitio-</strong></span> 
     </span>
    </p>
   </div>
   <div class='ocr_carea' id='block_1_58' title="bbox 2271 2836 3852 2908">
    <p class='ocr_par' dir='ltr' id='par_1_58' title="bbox 2271 2836 3852 2908">
     <span class='ocr_line' id='line_1_58' title="bbox 2271 2836 3852 2908; baseline 0.002 -21"><span class='ocrx_word' id='word_1_429' title='bbox 2271 2851 2385 2888; x_wconf 87' lang='lat' dir='ltr'><strong>nem</strong></span> <span class='ocrx_word' id='word_1_430' title='bbox 2417 2836 2598 2908; x_wconf 72' lang='lat' dir='ltr'><strong>suﬁicit</strong></span> <span class='ocrx_word' id='word_1_431' title='bbox 2629 2836 2801 2890; x_wconf 85' lang='lat' dir='ltr'><strong>dicere</strong></span> <span class='ocrx_word' id='word_1_432' title='bbox 2824 2846 3028 2890; x_wconf 89' lang='lat' dir='ltr'><strong>tantum</strong></span> <span class='ocrx_word' id='word_1_433' title='bbox 3052 2837 3335 2891; x_wconf 86' lang='lat' dir='ltr'><strong>secundum</strong></span> <span class='ocrx_word' id='word_1_434' title='bbox 3370 2852 3612 2905; x_wconf 87' lang='lat' dir='ltr'><strong>praesens</strong></span> <span class='ocrx_word' id='word_1_435' title='bbox 3635 2848 3852 2904; x_wconf 81' lang='lat' dir='ltr'><strong>tempus.</strong></span> 
     </span>
    </p>
   </div>
   <div class='ocr_carea' id='block_1_59' title="bbox 2268 2925 3857 2999">
    <p class='ocr_par' dir='ltr' id='par_1_59' title="bbox 2268 2925 3857 2999">
     <span class='ocr_line' id='line_1_59' title="bbox 2268 2925 3857 2999; baseline 0.003 -19"><span class='ocrx_word' id='word_1_436' title='bbox 2268 2925 2348 2980; x_wconf 81' lang='lat' dir='ltr'><strong>Ex</strong></span> <span class='ocrx_word' id='word_1_437' title='bbox 2396 2927 2497 2981; x_wconf 83' lang='lat' dir='ltr'><strong>hac</strong></span> <span class='ocrx_word' id='word_1_438' title='bbox 2540 2929 2804 2983; x_wconf 83' lang='lat' dir='ltr'><strong>sententia</strong></span> <span class='ocrx_word' id='word_1_439' title='bbox 2846 2944 3132 2999; x_wconf 89' lang='lat' dir='ltr'><strong>possumus</strong></span> <span class='ocrx_word' id='word_1_440' title='bbox 3169 2943 3531 2999; x_wconf 82' lang='lat' dir='ltr'><strong>cognoscere,</strong></span> <span class='ocrx_word' id='word_1_441' title='bbox 3566 2929 3633 2983; x_wconf 89' lang='lat' dir='ltr'><strong>de</strong></span> <span class='ocrx_word' id='word_1_442' title='bbox 3657 2929 3857 2984; x_wconf 85' lang='lat' dir='ltr'><strong>divinis</strong></span> 
     </span>
    </p>
   </div>
   <div class='ocr_carea' id='block_1_60' title="bbox 2267 3016 3858 3088">
    <p class='ocr_par' dir='ltr' id='par_1_60' title="bbox 2267 3016 3858 3088">
     <span class='ocr_line' id='line_1_60' title="bbox 2267 3016 3858 3088; baseline 0.003 -17"><span class='ocrx_word' id='word_1_443' title='bbox 2267 3016 2515 3073; x_wconf 84' lang='lat' dir='ltr'><strong>laudibus</strong></span> <span class='ocrx_word' id='word_1_444' title='bbox 2543 3018 2716 3088; x_wconf 90' lang='lat' dir='ltr'><strong>ipsum</strong></span> <span class='ocrx_word' id='word_1_445' title='bbox 2735 3017 3040 3088; x_wconf 87' lang='lat' dir='ltr'><strong>scripsisse,</strong></span> <span class='ocrx_word' id='word_1_446' title='bbox 3060 3018 3314 3088; x_wconf 90' lang='lat' dir='ltr'><strong>quoniam</strong></span> <span class='ocrx_word' id='word_1_447' title='bbox 3344 3019 3398 3073; x_wconf 92' lang='lat' dir='ltr'><strong>in</strong></span> <span class='ocrx_word' id='word_1_448' title='bbox 3422 3018 3561 3074; x_wconf 92' lang='lat' dir='ltr'><strong>libro</strong></span> <span class='ocrx_word' id='word_1_449' title='bbox 3583 3020 3650 3075; x_wconf 92' lang='lat' dir='ltr'><strong>de</strong></span> <span class='ocrx_word' id='word_1_450' title='bbox 3665 3019 3858 3076; x_wconf 78' lang='lat' dir='ltr'><strong>divinis</strong></span> 
     </span>
    </p>
   </div>
   <div class='ocr_carea' id='block_1_61' title="bbox 2267 3109 3859 3182">
    <p class='ocr_par' dir='ltr' id='par_1_61' title="bbox 2267 3109 3859 3182">
     <span class='ocr_line' id='line_1_61' title="bbox 2267 3109 3859 3182; baseline 0.002 -18"><span class='ocrx_word' id='word_1_451' title='bbox 2267 3109 2577 3164; x_wconf 89' lang='lat' dir='ltr'><strong>nominibus</strong></span> <span class='ocrx_word' id='word_1_452' title='bbox 2600 3124 2668 3164; x_wconf 80' lang='lat' dir='ltr'><strong>ex</strong></span> <span class='ocrx_word' id='word_1_453' title='bbox 2696 3109 2976 3166; x_wconf 86' lang='lat' dir='ltr'><strong>amatoriis</strong></span> <span class='ocrx_word' id='word_1_454' title='bbox 3000 3110 3215 3182; x_wconf 86' lang='lat' dir='ltr'><strong>hymnis</strong></span> <span class='ocrx_word' id='word_1_455' title='bbox 3243 3112 3416 3166; x_wconf 88' lang='lat' dir='ltr'><strong>sancti</strong></span> <span class='ocrx_word' id='word_1_456' title='bbox 3434 3110 3671 3171; x_wconf 83' lang='lat' dir='ltr'><strong>Jerotbei</strong></span> <span class='ocrx_word' id='word_1_457' title='bbox 3700 3126 3859 3182; x_wconf 71' lang='lat' dir='ltr'><strong>quae~</strong></span> 
     </span>
    </p>
   </div>
   <div class='ocr_carea' id='block_1_62' title="bbox 580 3200 3861 3285">
    <p class='ocr_par' dir='ltr' id='par_1_62' title="bbox 580 3200 3861 3285">
     <span class='ocr_line' id='line_1_62' title="bbox 580 3200 3861 3285; baseline -0.002 -22"><span class='ocrx_word' id='word_1_458' title='bbox 580 3208 688 3277; x_wconf 57' lang='lat' dir='ltr'><strong>sed,</strong></span> <span class='ocrx_word' id='word_1_459' title='bbox 701 3206 814 3262; x_wconf 90' lang='lat' dir='ltr'><strong>sola</strong></span> <span class='ocrx_word' id='word_1_460' title='bbox 840 3206 1052 3271; x_wconf 88' lang='lat' dir='ltr'><strong>divina;</strong></span> <span class='ocrx_word' id='word_1_461' title='bbox 1086 3204 1364 3285; x_wconf 78' lang='lat' dir='ltr'><strong>multaque</strong></span> <span class='ocrx_word' id='word_1_462' title='bbox 1386 3207 1767 3277; x_wconf 88' lang='lat' dir='ltr'><strong>communione</strong></span> <span class='ocrx_word' id='word_1_463' title='bbox 1787 3206 1883 3262; x_wconf 90' lang='lat' dir='ltr'><strong>Dei</strong></span> <span class='ocrx_word' id='word_1_464' title='bbox 1904 3215 1959 3260; x_wconf 91' lang='lat' dir='ltr'><strong>et</strong></span> <span class='ocrx_word' id='word_1_465' title='bbox 1983 3221 2168 3276; x_wconf 86' lang='lat' dir='ltr'><strong>coope-</strong></span> <span class='ocrx_word' id='word_1_466' title='bbox 2273 3204 2398 3257; x_wconf 88' lang='lat' dir='ltr'><strong>dam</strong></span> <span class='ocrx_word' id='word_1_467' title='bbox 2429 3201 2758 3265; x_wconf 80' lang='lat' dir='ltr'><strong>introduxit,</strong></span> <span class='ocrx_word' id='word_1_468' title='bbox 2790 3202 2844 3256; x_wconf 92' lang='lat' dir='ltr'><strong>in</strong></span> <span class='ocrx_word' id='word_1_469' title='bbox 2872 3202 3071 3271; x_wconf 88' lang='lat' dir='ltr'><strong>quibus</strong></span> <span class='ocrx_word' id='word_1_470' title='bbox 3093 3200 3158 3258; x_wconf 90' lang='lat' dir='ltr'><strong>de</strong></span> <span class='ocrx_word' id='word_1_471' title='bbox 3187 3203 3482 3273; x_wconf 88' lang='lat' dir='ltr'><strong>praedictis</strong></span> <span class='ocrx_word' id='word_1_472' title='bbox 3509 3202 3757 3258; x_wconf 88' lang='lat' dir='ltr'><strong>laudibus</strong></span> <span class='ocrx_word' id='word_1_473' title='bbox 3783 3203 3861 3257; x_wconf 85' lang='lat' dir='ltr'><strong>ni-</strong></span> 
     </span>
    </p>
   </div>
   <div class='ocr_carea' id='block_1_63' title="bbox 578 3283 2197 3373">
    <p class='ocr_par' dir='ltr' id='par_1_63' title="bbox 578 3283 2197 3373">
     <span class='ocr_line' id='line_1_63' title="bbox 578 3283 2197 3373; baseline -0.001 -19"><span class='ocrx_word' id='word_1_474' title='bbox 578 3299 791 3355; x_wconf 86' lang='lat' dir='ltr'><strong>ratione</strong></span> <span class='ocrx_word' id='word_1_475' title='bbox 846 3297 1006 3367; x_wconf 83' lang='lat' dir='ltr'><strong>digna</strong></span> <span class='ocrx_word' id='word_1_476' title='bbox 1060 3296 1223 3351; x_wconf 89' lang='lat' dir='ltr'><strong>facta.</strong></span> <span class='ocrx_word' id='word_1_477' title='bbox 1278 3283 1412 3350; x_wconf 81' lang='lat' dir='ltr'><strong>Eum</strong></span> <span class='ocrx_word' id='word_1_478' title='bbox 1453 3296 1650 3366; x_wconf 87' lang='lat' dir='ltr'><strong>quippe</strong></span> <span class='ocrx_word' id='word_1_479' title='bbox 1700 3297 1875 3366; x_wconf 90' lang='lat' dir='ltr'><strong>primo</strong></span> <span class='ocrx_word' id='word_1_480' title='bbox 1927 3299 2197 3373; x_wconf 27' lang='lat' dir='ltr'><strong>omnium‘</strong></span> 
     </span>
    </p>
   </div>
   <div class='ocr_carea' id='block_1_64' title="bbox 579 3386 2173 3462">
    <p class='ocr_par' dir='ltr' id='par_1_64' title="bbox 579 3386 2173 3462">
     <span class='ocr_line' id='line_1_64' title="bbox 579 3386 2173 3462; baseline -0.001 -17"><span class='ocrx_word' id='word_1_481' title='bbox 579 3389 976 3451; x_wconf 86' lang='lat' dir='ltr'><strong>communicat,</strong></span> <span class='ocrx_word' id='word_1_482' title='bbox 1001 3387 1104 3442; x_wconf 90' lang='lat' dir='ltr'><strong>hoc</strong></span> <span class='ocrx_word' id='word_1_483' title='bbox 1131 3396 1213 3443; x_wconf 86' lang='lat' dir='ltr'><strong>est</strong></span> <span class='ocrx_word' id='word_1_484' title='bbox 1270 3386 1577 3458; x_wconf 87' lang='lat' dir='ltr'><strong>participat,</strong></span> <span class='ocrx_word' id='word_1_485' title='bbox 1612 3387 1772 3457; x_wconf 86' lang='lat' dir='ltr'><strong>eique</strong></span> <span class='ocrx_word' id='word_1_486' title='bbox 1804 3387 1827 3418; x_wconf 82' lang='grc'>⁸</span> <span class='ocrx_word' id='word_1_487' title='bbox 1852 3399 2173 3462; x_wconf 88' lang='lat' dir='ltr'><strong>cooperatur</strong></span> 
     </span>
    </p>
   </div>
   <div class='ocr_carea' id='block_1_65' title="bbox 577 3478 2166 3537">
    <p class='ocr_par' dir='ltr' id='par_1_65' title="bbox 577 3478 2166 3537">
     <span class='ocr_line' id='line_1_65' title="bbox 577 3478 2166 3537; baseline 0.001 -3"><span class='ocrx_word' id='word_1_488' title='bbox 577 3481 631 3534; x_wconf 90' lang='lat' dir='ltr'><strong>in</strong></span> <span class='ocrx_word' id='word_1_489' title='bbox 678 3479 1144 3537; x_wconf 87' lang='lat' dir='ltr'><strong>administratione</strong></span> <span class='ocrx_word' id='word_1_490' title='bbox 1190 3479 1564 3534; x_wconf 88' lang='lat' dir='ltr'><strong>univcrsitatis</strong></span> <span class='ocrx_word' id='word_1_491' title='bbox 1612 3478 1751 3533; x_wconf 87' lang='lat' dir='ltr'><strong>infra</strong></span> <span class='ocrx_word' id='word_1_492' title='bbox 1797 3494 1856 3534; x_wconf 92' lang='lat' dir='ltr'><strong>se</strong></span> <span class='ocrx_word' id='word_1_493' title='bbox 1899 3481 2166 3536; x_wconf 87' lang='lat' dir='ltr'><strong>conditae.</strong></span> 
     </span>
    </p>
   </div>
   <div class='ocr_carea' id='block_1_66' title="bbox 575 3561 2170 3641">
    <p class='ocr_par' dir='ltr' id='par_1_66' title="bbox 575 3561 2170 3641">
     <span class='ocr_line' id='line_1_66' title="bbox 575 3561 2170 3641; baseline 0.001 -16"><span class='ocrx_word' id='word_1_494' title='bbox 575 3571 855 3639; x_wconf 86' lang='lat' dir='ltr'><strong>Quomodo</strong></span> <span class='ocrx_word' id='word_1_495' title='bbox 898 3572 1264 3626; x_wconf 87' lang='lat' dir='ltr'><strong>communicat</strong></span> <span class='ocrx_word' id='word_1_496' title='bbox 1307 3579 1363 3624; x_wconf 92' lang='lat' dir='ltr'><strong>et</strong></span> <span class='ocrx_word' id='word_1_497' title='bbox 1406 3561 1771 3641; x_wconf 80' lang='lat' dir='ltr'><strong>cooperatur?</strong></span> <span class='ocrx_word' id='word_1_498' title='bbox 1808 3569 1864 3625; x_wconf 93' lang='lat' dir='ltr'><strong>ln</strong></span> <span class='ocrx_word' id='word_1_499' title='bbox 1924 3571 2170 3627; x_wconf 88' lang='lat' dir='ltr'><strong>similitu-</strong></span> 
     </span>
    </p>
   </div>
   <div class='ocr_carea' id='block_1_67' title="bbox 577 3662 2171 3733">
    <p class='ocr_par' dir='ltr' id='par_1_67' title="bbox 577 3662 2171 3733">
     <span class='ocr_line' id='line_1_67' title="bbox 577 3662 2171 3733; baseline -0.001 -14"><span class='ocrx_word' id='word_1_500' title='bbox 577 3664 737 3729; x_wconf 86' lang='lat' dir='ltr'><strong>dine,</strong></span> <span class='ocrx_word' id='word_1_501' title='bbox 783 3663 1032 3718; x_wconf 85' lang='lat' dir='ltr'><strong>videlicet</strong></span> <span class='ocrx_word' id='word_1_502' title='bbox 1078 3662 1145 3717; x_wconf 87' lang='lat' dir='ltr'><strong>ad</strong></span> <span class='ocrx_word' id='word_1_503' title='bbox 1195 3679 1338 3727; x_wconf 90' lang='lat' dir='ltr'><strong>eam,</strong></span> <span class='ocrx_word' id='word_1_504' title='bbox 1384 3663 1818 3720; x_wconf 86' lang='lat' dir='ltr'><strong>communionem</strong></span> <span class='ocrx_word' id='word_1_505' title='bbox 1865 3664 2062 3733; x_wconf 90' lang='lat' dir='ltr'><strong>plane,</strong></span> <span class='ocrx_word' id='word_1_506' title='bbox 2115 3672 2171 3718; x_wconf 91' lang='lat' dir='ltr'><strong>et</strong></span> 
     </span>
    </p>
   </div>
   <div class='ocr_carea' id='block_1_68' title="bbox 580 3740 2187 3825">
    <p class='ocr_par' dir='ltr' id='par_1_68' title="bbox 580 3740 2187 3825">
     <span class='ocr_line' id='line_1_68' title="bbox 580 3740 2187 3825; baseline -0.001 -14"><span class='ocrx_word' id='word_1_507' title='bbox 580 3756 962 3825; x_wconf 83' lang='lat' dir='ltr'><strong>cooperatione</strong></span> <span class='ocrx_word' id='word_1_508' title='bbox 1006 3756 1268 3811; x_wconf 90' lang='lat' dir='ltr'><strong>bonarum</strong></span> <span class='ocrx_word' id='word_1_509' title='bbox 1318 3754 1693 3811; x_wconf 87' lang='lat' dir='ltr'><strong>habitudinum</strong></span> <span class='ocrx_word' id='word_1_510' title='bbox 1746 3764 1801 3810; x_wconf 85' lang='lat' dir='ltr'><strong>et</strong></span> <span class='ocrx_word' id='word_1_511' title='bbox 1852 3756 2123 3811; x_wconf 89' lang='lat' dir='ltr'><strong>actionum</strong></span> <span class='ocrx_word' id='word_1_512' title='bbox 2152 3740 2187 3823; x_wconf 6' lang='lat' dir='ltr'><strong>,i</strong></span> 
     </span>
    </p>
   </div>
   <div class='ocr_carea' id='block_1_69' title="bbox 577 3843 2170 3916">
    <p class='ocr_par' dir='ltr' id='par_1_69' title="bbox 577 3843 2170 3916">
     <span class='ocr_line' id='line_1_69' title="bbox 577 3843 2170 3916; baseline 0 -17"><span class='ocrx_word' id='word_1_513' title='bbox 577 3855 844 3916; x_wconf 88' lang='lat' dir='ltr'><strong>quantum</strong></span> <span class='ocrx_word' id='word_1_514' title='bbox 876 3853 1056 3914; x_wconf 84' lang='lat' dir='ltr'><strong>potest</strong></span> <span class='ocrx_word' id='word_1_515' title='bbox 1086 3845 1224 3899; x_wconf 82' lang='lat' dir='ltr'><strong>fieri.</strong></span> <span class='ocrx_word' id='word_1_516' title='bbox 1274 3843 1331 3900; x_wconf 86' lang='lat' dir='ltr'><strong>In</strong></span> <span class='ocrx_word' id='word_1_517' title='bbox 1391 3843 1747 3900; x_wconf 88' lang='lat' dir='ltr'><strong>similitudine</strong></span> <span class='ocrx_word' id='word_1_518' title='bbox 1780 3844 1966 3913; x_wconf 89' lang='lat' dir='ltr'><strong>itaque</strong></span> <span class='ocrx_word' id='word_1_519' title='bbox 2003 3845 2170 3899; x_wconf 91' lang='lat' dir='ltr'><strong>bona-</strong></span> 
     </span>
    </p>
   </div>
   <div class='ocr_carea' id='block_1_70' title="bbox 577 3934 2169 4002">
    <p class='ocr_par' dir='ltr' id='par_1_70' title="bbox 577 3934 2169 4002">
     <span class='ocr_line' id='line_1_70' title="bbox 577 3934 2169 4002; baseline -0.003 -11"><span class='ocrx_word' id='word_1_520' title='bbox 577 3950 700 3991; x_wconf 91' lang='lat' dir='ltr'><strong>rum</strong></span> <span class='ocrx_word' id='word_1_521' title='bbox 744 3934 1162 4002; x_wconf 88' lang='lat' dir='ltr'><strong>habitudinum,</strong></span> <span class='ocrx_word' id='word_1_522' title='bbox 1204 3934 1307 3988; x_wconf 89' lang='lat' dir='ltr'><strong>hoc</strong></span> <span class='ocrx_word' id='word_1_523' title='bbox 1351 3943 1435 3988; x_wconf 89' lang='lat' dir='ltr'><strong>est</strong></span> <span class='ocrx_word' id='word_1_524' title='bbox 1475 3935 1763 3997; x_wconf 87' lang='lat' dir='ltr'><strong>virtutum,</strong></span> <span class='ocrx_word' id='word_1_525' title='bbox 1797 3935 1972 3988; x_wconf 89' lang='lat' dir='ltr'><strong>virtus</strong></span> <span class='ocrx_word' id='word_1_526' title='bbox 2024 3934 2169 3988; x_wconf 88' lang='lat' dir='ltr'><strong>enim</strong></span> 
     </span>
    </p>
   </div>
   <div class='ocr_carea' id='block_1_71' title="bbox 573 4023 2171 4090">
    <p class='ocr_par' dir='ltr' id='par_1_71' title="bbox 573 4023 2171 4090">
     <span class='ocr_line' id='line_1_71' title="bbox 573 4023 2171 4090; baseline -0.001 -9"><span class='ocrx_word' id='word_1_527' title='bbox 573 4033 659 4081; x_wconf 87' lang='lat' dir='ltr'><strong>est</strong></span> <span class='ocrx_word' id='word_1_528' title='bbox 684 4024 906 4080; x_wconf 84' lang='lat' dir='ltr'><strong>habitus</strong></span> <span class='ocrx_word' id='word_1_529' title='bbox 942 4023 1225 4079; x_wconf 87' lang='lat' dir='ltr'><strong>rationalis</strong></span> <span class='ocrx_word' id='word_1_530' title='bbox 1251 4033 1345 4079; x_wconf 87' lang='lat' dir='ltr'><strong>aut</strong></span> <span class='ocrx_word' id='word_1_531' title='bbox 1370 4023 1755 4080; x_wconf 88' lang='lat' dir='ltr'><strong>intellectualis</strong></span> <span class='ocrx_word' id='word_1_532' title='bbox 1796 4023 1993 4090; x_wconf 88' lang='lat' dir='ltr'><strong>animi,</strong></span> <span class='ocrx_word' id='word_1_533' title='bbox 2027 4030 2082 4077; x_wconf 90' lang='lat' dir='ltr'><strong>et</strong></span> <span class='ocrx_word' id='word_1_534' title='bbox 2111 4023 2171 4079; x_wconf 90' lang='lat' dir='ltr'><strong>in</strong></span> 
     </span>
    </p>
   </div>
   <div class='ocr_carea' id='block_1_72' title="bbox 575 4114 2164 4195">
    <p class='ocr_par' dir='ltr' id='par_1_72' title="bbox 575 4114 2164 4195">
     <span class='ocr_line' id='line_1_72' title="bbox 575 4114 2164 4195; baseline -0.002 -23"><span class='ocrx_word' id='word_1_535' title='bbox 575 4116 928 4173; x_wconf 87' lang='lat' dir='ltr'><strong>similitudine</strong></span> <span class='ocrx_word' id='word_1_536' title='bbox 976 4117 1240 4171; x_wconf 87' lang='lat' dir='ltr'><strong>bonarum</strong></span> <span class='ocrx_word' id='word_1_537' title='bbox 1282 4116 1561 4195; x_wconf 87' lang='lat' dir='ltr'><strong>actionum</strong></span> <span class='ocrx_word' id='word_1_538' title='bbox 1608 4115 1976 4171; x_wconf 85' lang='lat' dir='ltr'><strong>communicat</strong></span> <span class='ocrx_word' id='word_1_539' title='bbox 2024 4114 2164 4185; x_wconf 89' lang='lat' dir='ltr'><strong>Deo,</strong></span> 
     </span>
    </p>
   </div>
   <div class='ocr_carea' id='block_1_73' title="bbox 572 4193 2168 4280">
    <p class='ocr_par' dir='ltr' id='par_1_73' title="bbox 572 4193 2168 4280">
     <span class='ocr_line' id='line_1_73' title="bbox 572 4193 2168 4280; baseline -0.003 -16"><span class='ocrx_word' id='word_1_540' title='bbox 572 4208 732 4278; x_wconf 89' lang='lat' dir='ltr'><strong>eique</strong></span> <span class='ocrx_word' id='word_1_541' title='bbox 779 4216 1124 4280; x_wconf 85' lang='lat' dir='ltr'><strong>cooperatur.</strong></span> <span class='ocrx_word' id='word_1_542' title='bbox 1184 4193 1458 4280; x_wconf 80' lang='lat' dir='ltr'><strong>Multaque</strong></span> <span class='ocrx_word' id='word_1_543' title='bbox 1500 4208 1798 4263; x_wconf 85' lang='lat' dir='ltr'><strong>divinorum</strong></span> <span class='ocrx_word' id='word_1_544' title='bbox 1847 4208 2168 4278; x_wconf 86' lang='lat' dir='ltr'><strong>superposite</strong></span> 
     </span>
    </p>
   </div>
   <div class='ocr_carea' id='block_1_74' title="bbox 572 4299 2163 4373">
    <p class='ocr_par' dir='ltr' id='par_1_74' title="bbox 572 4299 2163 4373">
     <span class='ocr_line' id='line_1_74' title="bbox 572 4299 2163 4373; baseline -0.002 -18"><span class='ocrx_word' id='word_1_545' title='bbox 572 4318 884 4373; x_wconf 87' lang='lat' dir='ltr'><strong>cognoscens</strong></span> <span class='ocrx_word' id='word_1_546' title='bbox 902 4341 918 4366; x_wconf 92' lang='lat'><strong>,</strong></span> <span class='ocrx_word' id='word_1_547' title='bbox 952 4310 1001 4356; x_wconf 89' lang='lat' dir='ltr'><strong>et</strong></span> <span class='ocrx_word' id='word_1_548' title='bbox 1025 4301 1234 4356; x_wconf 82' lang='lat' dir='ltr'><strong>diuinae</strong></span> <span class='ocrx_word' id='word_1_549' title='bbox 1262 4302 1511 4355; x_wconf 81' lang='lat' dir='ltr'><strong>scientiae</strong></span> <span class='ocrx_word' id='word_1_550' title='bbox 1537 4309 1587 4355; x_wconf 88' lang='lat' dir='ltr'><strong>et</strong></span> <span class='ocrx_word' id='word_1_551' title='bbox 1611 4300 1923 4370; x_wconf 86' lang='lat' dir='ltr'><strong>cognitionis</strong></span> <span class='ocrx_word' id='word_1_552' title='bbox 1949 4299 2006 4353; x_wconf 88' lang='lat' dir='ltr'><strong>in</strong></span> <span class='ocrx_word' id='word_1_553' title='bbox 2035 4314 2163 4369; x_wconf 87' lang='lat' dir='ltr'><strong>par-</strong></span> 
     </span>
    </p>
   </div>
   <div class='ocr_carea' id='block_1_75' title="bbox 570 4378 2167 4461">
    <p class='ocr_par' dir='ltr' id='par_1_75' title="bbox 570 4378 2167 4461">
     <span class='ocr_line' id='line_1_75' title="bbox 570 4378 2167 4461; baseline -0.002 -15"><span class='ocrx_word' id='word_1_554' title='bbox 570 4391 896 4461; x_wconf 85' lang='lat' dir='ltr'><strong>ticipatione,</strong></span> <span class='ocrx_word' id='word_1_555' title='bbox 914 4392 1203 4445; x_wconf 86' lang='lat' dir='ltr'><strong>secundum</strong></span> <span class='ocrx_word' id='word_1_556' title='bbox 1219 4391 1358 4456; x_wconf 89' lang='lat' dir='ltr'><strong>quod</strong></span> <span class='ocrx_word' id='word_1_557' title='bbox 1382 4389 1464 4457; x_wconf 88' lang='lat' dir='ltr'><strong>fas</strong></span> <span class='ocrx_word' id='word_1_558' title='bbox 1484 4399 1582 4453; x_wconf 86' lang='lat' dir='ltr'><strong>est,</strong></span> <span class='ocrx_word' id='word_1_559' title='bbox 1601 4390 1761 4458; x_wconf 87' lang='lat' dir='ltr'><strong>facta.</strong></span> <span class='ocrx_word' id='word_1_560' title='bbox 1784 4378 2055 4458; x_wconf 69' lang='lat' dir='ltr'><strong>Famaque</strong></span> <span class='ocrx_word' id='word_1_561' title='bbox 2081 4397 2167 4444; x_wconf 89' lang='lat' dir='ltr'><strong>est</strong></span> 
     </span>
    </p>
   </div>
   <div class='ocr_carea' id='block_1_76' title="bbox 570 4475 2162 4548">
    <p class='ocr_par' dir='ltr' id='par_1_76' title="bbox 570 4475 2162 4548">
     <span class='ocr_line' id='line_1_76' title="bbox 570 4475 2162 4548; baseline -0.003 -12"><span class='ocrx_word' id='word_1_562' title='bbox 570 4479 867 4543; x_wconf 75' lang='lat' dir='ltr'><strong>secundum</strong></span> <span class='ocrx_word' id='word_1_563' title='bbox 915 4480 1058 4548; x_wconf 91' lang='lat' dir='ltr'><strong>quod</strong></span> <span class='ocrx_word' id='word_1_564' title='bbox 1078 4479 1184 4543; x_wconf 88' lang='lat' dir='ltr'><strong>fas,</strong></span> <span class='ocrx_word' id='word_1_565' title='bbox 1210 4480 1314 4533; x_wconf 87' lang='lat' dir='ltr'><strong>hoc</strong></span> <span class='ocrx_word' id='word_1_566' title='bbox 1345 4486 1431 4533; x_wconf 88' lang='lat' dir='ltr'><strong>est</strong></span> <span class='ocrx_word' id='word_1_567' title='bbox 1457 4478 1505 4543; x_wconf 82' lang='lat'><strong>&#39;,</strong></span> <span class='ocrx_word' id='word_1_568' title='bbox 1533 4477 1680 4543; x_wconf 88' lang='lat' dir='ltr'><strong>licet,</strong></span> <span class='ocrx_word' id='word_1_569' title='bbox 1716 4486 1799 4532; x_wconf 90' lang='lat' dir='ltr'><strong>est</strong></span> <span class='ocrx_word' id='word_1_570' title='bbox 1823 4477 1845 4508; x_wconf 80' lang='grc'>⁸</span> <span class='ocrx_word' id='word_1_571' title='bbox 1872 4475 2081 4546; x_wconf 90' lang='lat' dir='ltr'><strong>justum</strong></span> <span class='ocrx_word' id='word_1_572' title='bbox 2115 4482 2162 4545; x_wconf 80' lang='lat'><strong>&#39;,</strong></span> 
     </span>
    </p>
   </div>
   <div class='ocr_carea' id='block_1_77' title="bbox 2274 3288 3853 3362">
    <p class='ocr_par' dir='ltr' id='par_1_77' title="bbox 2274 3288 3853 3362">
     <span class='ocr_line' id='line_1_77' title="bbox 2274 3288 3853 3362; baseline 0 -16"><span class='ocrx_word' id='word_1_573' title='bbox 2274 3291 2350 3346; x_wconf 91' lang='lat' dir='ltr'><strong>hil</strong></span> <span class='ocrx_word' id='word_1_574' title='bbox 2397 3299 2678 3346; x_wconf 87' lang='lat' dir='ltr'><strong>tractatur.</strong></span> <span class='ocrx_word' id='word_1_575' title='bbox 2739 3288 2841 3347; x_wconf 91' lang='lat' dir='ltr'><strong>Ubi</strong></span> <span class='ocrx_word' id='word_1_576' title='bbox 2886 3291 3167 3362; x_wconf 88' lang='lat' dir='ltr'><strong>posuimus</strong></span> <span class='ocrx_word' id='word_1_577' title='bbox 3231 3292 3650 3348; x_wconf 90' lang='lat' dir='ltr'><strong>admonitionem</strong></span> <span class='ocrx_word' id='word_1_578' title='bbox 3679 3292 3752 3355; x_wconf 77' lang='lat'><strong>,“,</strong></span> <span class='ocrx_word' id='word_1_579' title='bbox 3784 3292 3853 3346; x_wconf 88' lang='lat' dir='ltr'><strong>ibi</strong></span> 
     </span>
    </p>
   </div>
   <div class='ocr_carea' id='block_1_78' title="bbox 2272 3381 3855 3456">
    <p class='ocr_par' dir='ltr' id='par_1_78' title="bbox 2272 3381 3855 3456">
     <span class='ocr_line' id='line_1_78' title="bbox 2272 3381 3855 3456; baseline -0.001 -17"><span class='ocrx_word' id='word_1_580' title='bbox 2272 3385 2559 3456; x_wconf 76' lang='grc' dir='ltr'><strong>ὑπόμνησιν</strong></span> <span class='ocrx_word' id='word_1_581' title='bbox 2584 3383 2640 3437; x_wconf 88' lang='lat' dir='ltr'><strong>in</strong></span> <span class='ocrx_word' id='word_1_582' title='bbox 2670 3382 2879 3437; x_wconf 88' lang='lat' dir='ltr'><strong>Graeco</strong></span> <span class='ocrx_word' id='word_1_583' title='bbox 2898 3425 2912 3449; x_wconf 92' lang='lat'><strong>,</strong></span> <span class='ocrx_word' id='word_1_584' title='bbox 2936 3383 3040 3438; x_wconf 88' lang='lat' dir='ltr'><strong>hoc</strong></span> <span class='ocrx_word' id='word_1_585' title='bbox 3066 3392 3149 3439; x_wconf 86' lang='lat' dir='ltr'><strong>est</strong></span> <span class='ocrx_word' id='word_1_586' title='bbox 3167 3424 3182 3449; x_wconf 95' lang='lat'><strong>,</strong></span> <span class='ocrx_word' id='word_1_587' title='bbox 3212 3383 3629 3439; x_wconf 87' lang='lat' dir='ltr'><strong>admonitionem</strong></span> <span class='ocrx_word' id='word_1_588' title='bbox 3658 3381 3745 3437; x_wconf 91' lang='lat' dir='ltr'><strong>vel</strong></span> <span class='ocrx_word' id='word_1_589' title='bbox 3764 3396 3855 3437; x_wconf 89' lang='lat' dir='ltr'><strong>re-</strong></span> 
     </span>
    </p>
   </div>
   <div class='ocr_carea' id='block_1_79' title="bbox 2273 3472 3858 3544">
    <p class='ocr_par' dir='ltr' id='par_1_79' title="bbox 2273 3472 3858 3544">
     <span class='ocr_line' id='line_1_79' title="bbox 2273 3472 3858 3544; baseline 0 -15"><span class='ocrx_word' id='word_1_590' title='bbox 2273 3475 2669 3529; x_wconf 88' lang='lat' dir='ltr'><strong>cordationem.</strong></span> <span class='ocrx_word' id='word_1_591' title='bbox 2701 3472 2948 3539; x_wconf 82' lang='lat' dir='ltr'><strong>Sufficit,</strong></span> <span class='ocrx_word' id='word_1_592' title='bbox 2971 3474 3175 3543; x_wconf 88' lang='lat' dir='ltr'><strong>inquit,</strong></span> <span class='ocrx_word' id='word_1_593' title='bbox 3205 3475 3339 3529; x_wconf 84' lang='lat' dir='ltr'><strong>haec</strong></span> <span class='ocrx_word' id='word_1_594' title='bbox 3367 3490 3533 3544; x_wconf 85' lang='lat' dir='ltr'><strong>pauca</strong></span> <span class='ocrx_word' id='word_1_595' title='bbox 3564 3490 3629 3530; x_wconf 79' lang='lat' dir='ltr'><strong>ex</strong></span> <span class='ocrx_word' id='word_1_596' title='bbox 3659 3472 3858 3529; x_wconf 85' lang='lat' dir='ltr'><strong>divinis</strong></span> 
     </span>
    </p>
   </div>
   <div class='ocr_carea' id='block_1_80' title="bbox 2274 3564 3858 3636">
    <p class='ocr_par' dir='ltr' id='par_1_80' title="bbox 2274 3564 3858 3636">
     <span class='ocr_line' id='line_1_80' title="bbox 2274 3564 3858 3636; baseline -0.001 -17"><span class='ocrx_word' id='word_1_597' title='bbox 2274 3565 2524 3621; x_wconf 88' lang='lat' dir='ltr'><strong>laudibus</strong></span> <span class='ocrx_word' id='word_1_598' title='bbox 2559 3567 2625 3621; x_wconf 90' lang='lat' dir='ltr'><strong>ad</strong></span> <span class='ocrx_word' id='word_1_599' title='bbox 2654 3580 2910 3636; x_wconf 89' lang='lat' dir='ltr'><strong>praesens</strong></span> <span class='ocrx_word' id='word_1_600' title='bbox 2953 3574 3165 3635; x_wconf 85' lang='lat' dir='ltr'><strong>tempus</strong></span> <span class='ocrx_word' id='word_1_601' title='bbox 3216 3566 3271 3620; x_wconf 90' lang='lat' dir='ltr'><strong>in</strong></span> <span class='ocrx_word' id='word_1_602' title='bbox 3321 3566 3742 3621; x_wconf 85' lang='lat' dir='ltr'><strong>admonitionem</strong></span> <span class='ocrx_word' id='word_1_603' title='bbox 3776 3564 3858 3618; x_wconf 89' lang='lat' dir='ltr'><strong>vel</strong></span> 
     </span>
    </p>
   </div>
   <div class='ocr_carea' id='block_1_81' title="bbox 2274 3655 3860 3729">
    <p class='ocr_par' dir='ltr' id='par_1_81' title="bbox 2274 3655 3860 3729">
     <span class='ocr_line' id='line_1_81' title="bbox 2274 3655 3860 3729; baseline -0.003 -16"><span class='ocrx_word' id='word_1_604' title='bbox 2274 3659 2709 3715; x_wconf 81' lang='lat' dir='ltr'><strong>recordationem</strong></span> <span class='ocrx_word' id='word_1_605' title='bbox 2755 3660 2957 3714; x_wconf 85' lang='lat' dir='ltr'><strong>dicere.</strong></span> <span class='ocrx_word' id='word_1_606' title='bbox 2991 3657 3131 3724; x_wconf 81' lang='lat' dir='ltr'><strong>Quia</strong></span> <span class='ocrx_word' id='word_1_607' title='bbox 3163 3657 3506 3729; x_wconf 81' lang='lat' dir='ltr'><strong>theologicam</strong></span> <span class='ocrx_word' id='word_1_608' title='bbox 3519 3657 3567 3689; x_wconf 80' lang='grc'><strong><em>³³</em></strong></span> <span class='ocrx_word' id='word_1_609' title='bbox 3593 3655 3860 3711; x_wconf 86' lang='lat' dir='ltr'><strong>scientiam</strong></span> 
     </span>
    </p>
   </div>
   <div class='ocr_carea' id='block_1_82' title="bbox 2271 3749 3857 3823">
    <p class='ocr_par' dir='ltr' id='par_1_82' title="bbox 2271 3749 3857 3823">
     <span class='ocr_line' id='line_1_82' title="bbox 2271 3749 3857 3823; baseline -0.002 -19"><span class='ocrx_word' id='word_1_610' title='bbox 2271 3752 2387 3823; x_wconf 85' lang='lat' dir='ltr'><strong>ipsa</strong></span> <span class='ocrx_word' id='word_1_611' title='bbox 2416 3752 2587 3822; x_wconf 87' lang='lat' dir='ltr'><strong>prima</strong></span> <span class='ocrx_word' id='word_1_612' title='bbox 2633 3751 2907 3822; x_wconf 86' lang='lat' dir='ltr'><strong>dispositio</strong></span> <span class='ocrx_word' id='word_1_613' title='bbox 2920 3750 2992 3815; x_wconf 77' lang='lat'><strong>&quot;‘,</strong></span> <span class='ocrx_word' id='word_1_614' title='bbox 3022 3762 3277 3821; x_wconf 86' lang='lat' dir='ltr'><strong>quantum</strong></span> <span class='ocrx_word' id='word_1_615' title='bbox 3301 3750 3385 3819; x_wconf 90' lang='lat' dir='ltr'><strong>fas</strong></span> <span class='ocrx_word' id='word_1_616' title='bbox 3406 3792 3422 3815; x_wconf 88' lang='lat'><strong>,</strong></span> <span class='ocrx_word' id='word_1_617' title='bbox 3460 3749 3756 3803; x_wconf 87' lang='lat' dir='ltr'><strong>illuminata</strong></span> <span class='ocrx_word' id='word_1_618' title='bbox 3784 3758 3857 3801; x_wconf 87' lang='lat' dir='ltr'><strong>est</strong></span> 
     </span>
    </p>
   </div>
   <div class='ocr_carea' id='block_1_83' title="bbox 2271 3826 3861 3917">
    <p class='ocr_par' dir='ltr' id='par_1_83' title="bbox 2271 3826 3861 3917">
     <span class='ocr_line' id='line_1_83' title="bbox 2271 3826 3861 3917; baseline -0.004 -19"><span class='ocrx_word' id='word_1_619' title='bbox 2271 3862 2306 3898; x_wconf 91' lang='lat' dir='ltr'><strong>a</strong></span> <span class='ocrx_word' id='word_1_620' title='bbox 2319 3844 2615 3917; x_wconf 69' lang='lat' dir='ltr'><strong>thearcliica</strong></span> <span class='ocrx_word' id='word_1_621' title='bbox 2633 3826 2998 3908; x_wconf 86' lang='lat' dir='ltr'><strong>bonitate,hoc</strong></span> <span class='ocrx_word' id='word_1_622' title='bbox 3009 3852 3110 3907; x_wconf 88' lang='lat' dir='ltr'><strong>est,</strong></span> <span class='ocrx_word' id='word_1_623' title='bbox 3130 3843 3257 3911; x_wconf 89' lang='lat' dir='ltr'><strong>quia</strong></span> <span class='ocrx_word' id='word_1_624' title='bbox 3271 3842 3443 3912; x_wconf 83' lang='lat' dir='ltr'><strong>prima</strong></span> <span class='ocrx_word' id='word_1_625' title='bbox 3462 3842 3727 3897; x_wconf 83' lang='lat' dir='ltr'><strong>ierarchia</strong></span> <span class='ocrx_word' id='word_1_626' title='bbox 3747 3840 3861 3894; x_wconf 79' lang='lat' dir='ltr'><strong>illa--</strong></span> 
     </span>
    </p>
   </div>
   <div class='ocr_carea' id='block_1_84' title="bbox 2271 3931 3858 4006">
    <p class='ocr_par' dir='ltr' id='par_1_84' title="bbox 2271 3931 3858 4006">
     <span class='ocr_line' id='line_1_84' title="bbox 2271 3931 3858 4006; baseline -0.006 -15"><span class='ocrx_word' id='word_1_627' title='bbox 2271 3938 2477 3992; x_wconf 90' lang='lat' dir='ltr'><strong>minata</strong></span> <span class='ocrx_word' id='word_1_628' title='bbox 2507 3946 2592 3991; x_wconf 89' lang='lat' dir='ltr'><strong>est</strong></span> <span class='ocrx_word' id='word_1_629' title='bbox 2620 3937 2675 3989; x_wconf 89' lang='lat' dir='ltr'><strong>in</strong></span> <span class='ocrx_word' id='word_1_630' title='bbox 2706 3934 3068 4006; x_wconf 86' lang='lat' dir='ltr'><strong>theologicam</strong></span> <span class='ocrx_word' id='word_1_631' title='bbox 3102 3934 3401 3988; x_wconf 86' lang='lat' dir='ltr'><strong>scientiam</strong></span> <span class='ocrx_word' id='word_1_632' title='bbox 3431 3934 3501 3987; x_wconf 88' lang='lat' dir='ltr'><strong>ab</strong></span> <span class='ocrx_word' id='word_1_633' title='bbox 3538 3934 3651 4003; x_wconf 87' lang='lat' dir='ltr'><strong>ipsa</strong></span> <span class='ocrx_word' id='word_1_634' title='bbox 3681 3931 3858 3986; x_wconf 80' lang='lat' dir='ltr'><strong>divina</strong></span> 
     </span>
    </p>
   </div>
   <div class='ocr_carea' id='block_1_85' title="bbox 2270 4025 3856 4084">
    <p class='ocr_par' dir='ltr' id='par_1_85' title="bbox 2270 4025 3856 4084">
     <span class='ocr_line' id='line_1_85' title="bbox 2270 4025 3856 4084; baseline -0.004 0"><span class='ocrx_word' id='word_1_635' title='bbox 2270 4029 2533 4084; x_wconf 88' lang='lat' dir='ltr'><strong>bonitate.</strong></span> <span class='ocrx_word' id='word_1_636' title='bbox 2563 4030 2632 4083; x_wconf 88' lang='lat' dir='ltr'><strong>Et</strong></span> <span class='ocrx_word' id='word_1_637' title='bbox 2655 4043 2725 4083; x_wconf 90' lang='lat' dir='ltr'><strong>ne</strong></span> <span class='ocrx_word' id='word_1_638' title='bbox 2755 4028 2972 4083; x_wconf 90' lang='lat' dir='ltr'><strong>mireris</strong></span> <span class='ocrx_word' id='word_1_639' title='bbox 3000 4027 3462 4083; x_wconf 89' lang='lat' dir='ltr'><strong>constructionem</strong></span> <span class='ocrx_word' id='word_1_640' title='bbox 3500 4040 3518 4078; x_wconf 90' lang='lat'><strong>:</strong></span> <span class='ocrx_word' id='word_1_641' title='bbox 3558 4025 3856 4079; x_wconf 86' lang='lat' dir='ltr'><strong>illuminata</strong></span> 
     </span>
    </p>
   </div>
   <div class='ocr_carea' id='block_1_86' title="bbox 2250 4117 3857 4191">
    <p class='ocr_par' dir='ltr' id='par_1_86' title="bbox 2250 4117 3857 4191">
     <span class='ocr_line' id='line_1_86' title="bbox 2250 4117 3857 4191; baseline -0.002 -18"><span class='ocrx_word' id='word_1_642' title='bbox 2250 4119 2631 4191; x_wconf 32' lang='lat' dir='ltr'><strong>itheologicam</strong></span> <span class='ocrx_word' id='word_1_643' title='bbox 2688 4119 3007 4186; x_wconf 89' lang='lat' dir='ltr'><strong>scientiam;</strong></span> <span class='ocrx_word' id='word_1_644' title='bbox 3071 4126 3154 4174; x_wconf 88' lang='lat' dir='ltr'><strong>est</strong></span> <span class='ocrx_word' id='word_1_645' title='bbox 3211 4117 3357 4171; x_wconf 90' lang='lat' dir='ltr'><strong>enim</strong></span> <span class='ocrx_word' id='word_1_646' title='bbox 3422 4127 3569 4181; x_wconf 80' lang='lat' dir='ltr'><strong>rata,</strong></span> <span class='ocrx_word' id='word_1_647' title='bbox 3628 4117 3857 4170; x_wconf 68' lang='lat' dir='ltr'><strong>dicimur</strong></span> 
     </span>
    </p>
   </div>
   <div class='ocr_carea' id='block_1_87' title="bbox 2269 4206 3850 4282">
    <p class='ocr_par' dir='ltr' id='par_1_87' title="bbox 2269 4206 3850 4282">
     <span class='ocr_line' id='line_1_87' title="bbox 2269 4206 3850 4282; baseline -0.004 -17"><span class='ocrx_word' id='word_1_648' title='bbox 2269 4211 2469 4282; x_wconf 89' lang='lat' dir='ltr'><strong>quippe</strong></span> <span class='ocrx_word' id='word_1_649' title='bbox 2494 4210 2769 4265; x_wconf 90' lang='lat' dir='ltr'><strong>illuminor</strong></span> <span class='ocrx_word' id='word_1_650' title='bbox 2793 4210 2842 4241; x_wconf 79' lang='grc'><strong>³⁸</strong></span> <span class='ocrx_word' id='word_1_651' title='bbox 2863 4225 2893 4265; x_wconf 92' lang='lat' dir='ltr'><strong>a</strong></span> <span class='ocrx_word' id='word_1_652' title='bbox 2920 4218 2975 4266; x_wconf 91' lang='lat' dir='ltr'><strong>te</strong></span> <span class='ocrx_word' id='word_1_653' title='bbox 3002 4218 3197 4275; x_wconf 89' lang='lat' dir='ltr'><strong>artem,</strong></span> <span class='ocrx_word' id='word_1_654' title='bbox 3221 4209 3391 4263; x_wconf 88' lang='lat' dir='ltr'><strong>doceo</strong></span> <span class='ocrx_word' id='word_1_655' title='bbox 3418 4216 3471 4263; x_wconf 91' lang='lat' dir='ltr'><strong>te</strong></span> <span class='ocrx_word' id='word_1_656' title='bbox 3494 4206 3850 4277; x_wconf 85' lang='lat' dir='ltr'><strong>disciplinam.</strong></span> 
     </span>
    </p>
   </div>
   <div class='ocr_carea' id='block_1_88' title="bbox 2271 4290 3849 4371">
    <p class='ocr_par' dir='ltr' id='par_1_88' title="bbox 2271 4290 3849 4371">
     <span class='ocr_line' id='line_1_88' title="bbox 2271 4290 3849 4371; baseline -0.003 -16"><span class='ocrx_word' id='word_1_657' title='bbox 2271 4299 2391 4366; x_wconf 80' lang='lat' dir='ltr'><strong>Qua</strong></span> <span class='ocrx_word' id='word_1_658' title='bbox 2414 4310 2666 4371; x_wconf 88' lang='lat' dir='ltr'><strong>tanquam</strong></span> <span class='ocrx_word' id='word_1_659' title='bbox 2694 4300 2964 4371; x_wconf 85' lang='lat' dir='ltr'><strong>deiformis</strong></span> <span class='ocrx_word' id='word_1_660' title='bbox 2990 4301 3252 4355; x_wconf 77' lang='lat' dir='ltr'><strong>ierarchia</strong></span> <span class='ocrx_word' id='word_1_661' title='bbox 3279 4308 3327 4354; x_wconf 89' lang='lat' dir='ltr'><strong>et</strong></span> <span class='ocrx_word' id='word_1_662' title='bbox 3357 4290 3476 4354; x_wconf 87' lang='lat' dir='ltr'><strong>aliis</strong></span> <span class='ocrx_word' id='word_1_663' title='bbox 3497 4299 3705 4371; x_wconf 86' lang='lat' dir='ltr'><strong>quidem</strong></span> <span class='ocrx_word' id='word_1_664' title='bbox 3736 4313 3849 4352; x_wconf 56' lang='lat' dir='ltr'><strong>eane</strong></span> 
     </span>
    </p>
   </div>
   <div class='ocr_carea' id='block_1_89' title="bbox 2268 4393 3860 4466">
    <p class='ocr_par' dir='ltr' id='par_1_89' title="bbox 2268 4393 3860 4466">
     <span class='ocr_line' id='line_1_89' title="bbox 2268 4393 3860 4466; baseline -0.001 -19"><span class='ocrx_word' id='word_1_665' title='bbox 2268 4393 2386 4448; x_wconf 88' lang='lat' dir='ltr'><strong>dem</strong></span> <span class='ocrx_word' id='word_1_666' title='bbox 2408 4395 2592 4449; x_wconf 86' lang='lat' dir='ltr'><strong>deinde</strong></span> <span class='ocrx_word' id='word_1_667' title='bbox 2611 4394 2865 4460; x_wconf 86' lang='lat' dir='ltr'><strong>tradidit;</strong></span> <span class='ocrx_word' id='word_1_668' title='bbox 2892 4396 2996 4451; x_wconf 87' lang='lat' dir='ltr'><strong>hoc</strong></span> <span class='ocrx_word' id='word_1_669' title='bbox 3017 4404 3102 4450; x_wconf 85' lang='lat' dir='ltr'><strong>est</strong></span> <span class='ocrx_word' id='word_1_670' title='bbox 3126 4412 3139 4448; x_wconf 92' lang='lat'><strong>:</strong></span> <span class='ocrx_word' id='word_1_671' title='bbox 3164 4411 3233 4450; x_wconf 82' lang='lat' dir='ltr'><strong>ex</strong></span> <span class='ocrx_word' id='word_1_672' title='bbox 3259 4408 3364 4466; x_wconf 86' lang='lat' dir='ltr'><strong>qua</strong></span> <span class='ocrx_word' id='word_1_673' title='bbox 3388 4395 3570 4451; x_wconf 88' lang='lat' dir='ltr'><strong>divina</strong></span> <span class='ocrx_word' id='word_1_674' title='bbox 3589 4395 3826 4449; x_wconf 82' lang='lat' dir='ltr'><strong>bonitate</strong></span> <span class='ocrx_word' id='word_1_675' title='bbox 3845 4433 3860 4459; x_wconf 91' lang='lat'><strong>,</strong></span> 
     </span>
    </p>
   </div>
   <div class='ocr_carea' id='block_1_90' title="bbox 2268 4485 3860 4555">
    <p class='ocr_par' dir='ltr' id='par_1_90' title="bbox 2268 4485 3860 4555">
     <span class='ocr_line' id='line_1_90' title="bbox 2268 4485 3860 4555; baseline -0.001 -16"><span class='ocrx_word' id='word_1_676' title='bbox 2268 4485 2355 4540; x_wconf 90' lang='lat' dir='ltr'><strong>vel</strong></span> <span class='ocrx_word' id='word_1_677' title='bbox 2376 4494 2435 4539; x_wconf 91' lang='lat' dir='ltr'><strong>ut</strong></span> <span class='ocrx_word' id='word_1_678' title='bbox 2456 4485 2670 4555; x_wconf 90' lang='lat' dir='ltr'><strong>planius</strong></span> <span class='ocrx_word' id='word_1_679' title='bbox 2693 4485 3043 4553; x_wconf 81' lang='lat' dir='ltr'><strong>transfertur,</strong></span> <span class='ocrx_word' id='word_1_680' title='bbox 3072 4500 3141 4540; x_wconf 81' lang='lat' dir='ltr'><strong>ex</strong></span> <span class='ocrx_word' id='word_1_681' title='bbox 3167 4488 3355 4541; x_wconf 88' lang='lat' dir='ltr'><strong>eadem</strong></span> <span class='ocrx_word' id='word_1_682' title='bbox 3380 4487 3561 4540; x_wconf 86' lang='lat' dir='ltr'><strong>divina</strong></span> <span class='ocrx_word' id='word_1_683' title='bbox 3584 4486 3860 4550; x_wconf 88' lang='lat' dir='ltr'><strong>bonitate;</strong></span> 
     </span>
    </p>
   </div>
   <div class='ocr_carea' id='block_1_91' title="bbox 574 4557 3864 4649">
    <p class='ocr_par' dir='ltr' id='par_1_91' title="bbox 574 4557 3864 4649">
     <span class='ocr_line' id='line_1_91' title="bbox 574 4557 3864 4649; baseline 0 -21"><span class='ocrx_word' id='word_1_684' title='bbox 574 4572 632 4628; x_wconf 92' lang='lat' dir='ltr'><strong>in</strong></span> <span class='ocrx_word' id='word_1_685' title='bbox 678 4571 1092 4642; x_wconf 87' lang='lat' dir='ltr'><strong>participatione</strong></span> <span class='ocrx_word' id='word_1_686' title='bbox 1139 4570 1354 4624; x_wconf 87' lang='lat' dir='ltr'><strong>divinae</strong></span> <span class='ocrx_word' id='word_1_687' title='bbox 1394 4569 1663 4626; x_wconf 84' lang='lat' dir='ltr'><strong>scientiae</strong></span> <span class='ocrx_word' id='word_1_688' title='bbox 1709 4578 1766 4624; x_wconf 89' lang='lat' dir='ltr'><strong>et</strong></span> <span class='ocrx_word' id='word_1_689' title='bbox 1806 4570 2160 4640; x_wconf 83' lang='lat' dir='ltr'><strong>cognitionis,</strong></span> <span class='ocrx_word' id='word_1_690' title='bbox 2191 4557 2242 4617; x_wconf 83' lang='lat' dir='ltr'><strong>D</strong></span> <span class='ocrx_word' id='word_1_691' title='bbox 2270 4585 2527 4648; x_wconf 89' lang='lat' dir='ltr'><strong>tanquam</strong></span> <span class='ocrx_word' id='word_1_692' title='bbox 2579 4576 2890 4643; x_wconf 89' lang='lat' dir='ltr'><strong>deiformis;</strong></span> <span class='ocrx_word' id='word_1_693' title='bbox 2934 4577 3387 4649; x_wconf 90' lang='lat' dir='ltr'><strong>quemadmodum</strong></span> <span class='ocrx_word' id='word_1_694' title='bbox 3434 4577 3633 4646; x_wconf 87' lang='lat' dir='ltr'><strong>quippe</strong></span> <span class='ocrx_word' id='word_1_695' title='bbox 3676 4574 3864 4629; x_wconf 84' lang='lat' dir='ltr'><strong>divina</strong></span> 
     </span>
    </p>
   </div>
   <div class='ocr_carea' id='block_1_92' title="bbox 573 4658 2161 4732">
    <p class='ocr_par' dir='ltr' id='par_1_92' title="bbox 573 4658 2161 4732">
     <span class='ocr_line' id='line_1_92' title="bbox 573 4658 2161 4732; baseline -0.002 -13"><span class='ocrx_word' id='word_1_696' title='bbox 573 4675 938 4732; x_wconf 81' lang='lat' dir='ltr'><strong>cognoscens,</strong></span> <span class='ocrx_word' id='word_1_697' title='bbox 973 4659 1100 4713; x_wconf 90' lang='lat' dir='ltr'><strong>dum</strong></span> <span class='ocrx_word' id='word_1_698' title='bbox 1121 4659 1419 4731; x_wconf 82' lang='lat' dir='ltr'><strong>cognoscit,</strong></span> <span class='ocrx_word' id='word_1_699' title='bbox 1445 4660 1915 4730; x_wconf 88' lang='lat' dir='ltr'><strong>supereminenter</strong></span> <span class='ocrx_word' id='word_1_700' title='bbox 1934 4658 2101 4716; x_wconf 91' lang='lat' dir='ltr'><strong>multa</strong></span> <span class='ocrx_word' id='word_1_701' title='bbox 2116 4661 2161 4694; x_wconf 71' lang='grc' dir='ltr'>ι’</span> 
     </span>
    </p>
   </div>
   <div class='ocr_carea' id='block_1_93' title="bbox 572 4750 2162 4822">
    <p class='ocr_par' dir='ltr' id='par_1_93' title="bbox 572 4750 2162 4822">
     <span class='ocr_line' id='line_1_93' title="bbox 572 4750 2162 4822; baseline -0.001 -12"><span class='ocrx_word' id='word_1_702' title='bbox 572 4751 1244 4819; x_wconf 86' lang='lat' dir='ltr'><strong>divinorum,subauditur</strong></span> <span class='ocrx_word' id='word_1_703' title='bbox 1269 4750 1661 4806; x_wconf 89' lang='lat' dir='ltr'><strong>intellectuum.</strong></span> <span class='ocrx_word' id='word_1_704' title='bbox 1689 4751 1947 4822; x_wconf 86' lang='lat' dir='ltr'><strong>Sequitur</strong></span> <span class='ocrx_word' id='word_1_705' title='bbox 1980 4770 1993 4807; x_wconf 88' lang='lat'><strong>:</strong></span> <span class='ocrx_word' id='word_1_706' title='bbox 2026 4752 2162 4808; x_wconf 89' lang='lat' dir='ltr'><strong>Pro-</strong></span> 
     </span>
    </p>
   </div>
   <div class='ocr_carea' id='block_1_94' title="bbox 571 4839 2157 4918">
    <p class='ocr_par' dir='ltr' id='par_1_94' title="bbox 571 4839 2157 4918">
     <span class='ocr_line' id='line_1_94' title="bbox 571 4839 2157 4918; baseline -0.003 -18"><span class='ocrx_word' id='word_1_707' title='bbox 571 4856 749 4918; x_wconf 87' lang='lat' dir='ltr'><strong>pterea</strong></span> <span class='ocrx_word' id='word_1_708' title='bbox 772 4851 821 4898; x_wconf 90' lang='lat' dir='ltr'><strong>et</strong></span> <span class='ocrx_word' id='word_1_709' title='bbox 864 4842 1049 4898; x_wconf 85' lang='lat' dir='ltr'><strong>laudes</strong></span> <span class='ocrx_word' id='word_1_710' title='bbox 1069 4841 1234 4914; x_wconf 86' lang='lat' dir='ltr'><strong>ipsius</strong></span> <span class='ocrx_word' id='word_1_711' title='bbox 1274 4839 1533 4911; x_wconf 76' lang='lat' dir='ltr'><strong>theologia</strong></span> <span class='ocrx_word' id='word_1_712' title='bbox 1574 4841 1687 4905; x_wconf 77' lang='lat' dir='ltr'><strong>his,</strong></span> <span class='ocrx_word' id='word_1_713' title='bbox 1736 4841 1825 4912; x_wconf 87' lang='lat' dir='ltr'><strong>qui</strong></span> <span class='ocrx_word' id='word_1_714' title='bbox 1856 4842 1912 4895; x_wconf 89' lang='lat' dir='ltr'><strong>in</strong></span> <span class='ocrx_word' id='word_1_715' title='bbox 1955 4849 2095 4896; x_wconf 88' lang='lat' dir='ltr'><strong>terra</strong></span> <span class='ocrx_word' id='word_1_716' title='bbox 2115 4842 2157 4873; x_wconf 83' lang='grc'>¹¹</span> 
     </span>
    </p>
   </div>
   <div class='ocr_carea' id='block_1_95' title="bbox 575 4931 2161 5007">
    <p class='ocr_par' dir='ltr' id='par_1_95' title="bbox 575 4931 2161 5007">
     <span class='ocr_line' id='line_1_95' title="bbox 575 4931 2161 5007; baseline -0.003 -14"><span class='ocrx_word' id='word_1_717' title='bbox 575 4946 733 5004; x_wconf 71' lang='lat' dir='ltr'><strong>sunt,</strong></span> <span class='ocrx_word' id='word_1_718' title='bbox 776 4934 1031 5004; x_wconf 79' lang='lat' dir='ltr'><strong>tradidit,</strong></span> <span class='ocrx_word' id='word_1_719' title='bbox 1093 4936 1152 4990; x_wconf 87' lang='lat' dir='ltr'><strong>in</strong></span> <span class='ocrx_word' id='word_1_720' title='bbox 1208 4933 1395 5007; x_wconf 88' lang='lat' dir='ltr'><strong>quibus</strong></span> <span class='ocrx_word' id='word_1_721' title='bbox 1440 4931 1752 4989; x_wconf 85' lang='lat' dir='ltr'><strong>mirabiliter</strong></span> <span class='ocrx_word' id='word_1_722' title='bbox 1789 4932 2161 5003; x_wconf 79' lang='lat' dir='ltr'><strong>manifestatur</strong></span> 
     </span>
    </p>
   </div>
   <div class='ocr_carea' id='block_1_96' title="bbox 2267 4665 3863 4739">
    <p class='ocr_par' dir='ltr' id='par_1_96' title="bbox 2267 4665 3863 4739">
     <span class='ocr_line' id='line_1_96' title="bbox 2267 4665 3863 4739; baseline -0.003 -16"><span class='ocrx_word' id='word_1_723' title='bbox 2267 4667 2485 4723; x_wconf 88' lang='lat' dir='ltr'><strong>bonitas</strong></span> <span class='ocrx_word' id='word_1_724' title='bbox 2513 4665 2819 4724; x_wconf 88' lang='lat' dir='ltr'><strong>conformat</strong></span> <span class='ocrx_word' id='word_1_725' title='bbox 2838 4668 3019 4723; x_wconf 91' lang='lat' dir='ltr'><strong>omnia</strong></span> <span class='ocrx_word' id='word_1_726' title='bbox 3039 4709 3056 4736; x_wconf 92' lang='lat'><strong>,</strong></span> <span class='ocrx_word' id='word_1_727' title='bbox 3080 4669 3154 4723; x_wconf 91' lang='lat' dir='ltr'><strong>ita</strong></span> <span class='ocrx_word' id='word_1_728' title='bbox 3175 4677 3230 4724; x_wconf 90' lang='lat' dir='ltr'><strong>et</strong></span> <span class='ocrx_word' id='word_1_729' title='bbox 3253 4669 3365 4739; x_wconf 88' lang='lat' dir='ltr'><strong>ipsa</strong></span> <span class='ocrx_word' id='word_1_730' title='bbox 3388 4668 3564 4738; x_wconf 88' lang='lat' dir='ltr'><strong>prima</strong></span> <span class='ocrx_word' id='word_1_731' title='bbox 3590 4666 3863 4722; x_wconf 86' lang='lat' dir='ltr'><strong>ierarchia</strong></span> 
     </span>
    </p>
   </div>
   <div class='ocr_carea' id='block_1_97' title="bbox 2268 4759 3861 4829">
    <p class='ocr_par' dir='ltr' id='par_1_97' title="bbox 2268 4759 3861 4829">
     <span class='ocr_line' id='line_1_97' title="bbox 2268 4759 3861 4829; baseline -0.002 -16"><span class='ocrx_word' id='word_1_732' title='bbox 2268 4767 2576 4813; x_wconf 89' lang='lat' dir='ltr'><strong>ceterarum</strong></span> <span class='ocrx_word' id='word_1_733' title='bbox 2600 4760 2942 4829; x_wconf 82' lang='lat' dir='ltr'><strong>sequentium</strong></span> <span class='ocrx_word' id='word_1_734' title='bbox 2966 4776 3025 4817; x_wconf 90' lang='lat' dir='ltr'><strong>se</strong></span> <span class='ocrx_word' id='word_1_735' title='bbox 3052 4759 3332 4816; x_wconf 89' lang='lat' dir='ltr'><strong>deiformis</strong></span> <span class='ocrx_word' id='word_1_736' title='bbox 3356 4767 3442 4815; x_wconf 87' lang='lat' dir='ltr'><strong>est</strong></span> <span class='ocrx_word' id='word_1_737' title='bbox 3460 4800 3477 4825; x_wconf 95' lang='lat'><strong>,</strong></span> <span class='ocrx_word' id='word_1_738' title='bbox 3500 4759 3603 4815; x_wconf 88' lang='lat' dir='ltr'><strong>hoc</strong></span> <span class='ocrx_word' id='word_1_739' title='bbox 3623 4767 3706 4812; x_wconf 85' lang='lat' dir='ltr'><strong>est</strong></span> <span class='ocrx_word' id='word_1_740' title='bbox 3723 4799 3738 4824; x_wconf 94' lang='lat'><strong>,</strong></span> <span class='ocrx_word' id='word_1_741' title='bbox 3765 4772 3861 4812; x_wconf 88' lang='lat' dir='ltr'><strong>eas</strong></span> 
     </span>
    </p>
   </div>
   <div class='ocr_carea' id='block_1_98' title="bbox 2266 4847 3865 4921">
    <p class='ocr_par' dir='ltr' id='par_1_98' title="bbox 2266 4847 3865 4921">
     <span class='ocr_line' id='line_1_98' title="bbox 2266 4847 3865 4921; baseline -0.002 -16"><span class='ocrx_word' id='word_1_742' title='bbox 2266 4850 2407 4906; x_wconf 90' lang='lat' dir='ltr'><strong>sicut</strong></span> <span class='ocrx_word' id='word_1_743' title='bbox 2441 4849 2585 4907; x_wconf 88' lang='lat' dir='ltr'><strong>Deus</strong></span> <span class='ocrx_word' id='word_1_744' title='bbox 2615 4850 2844 4919; x_wconf 89' lang='lat' dir='ltr'><strong>format;</strong></span> <span class='ocrx_word' id='word_1_745' title='bbox 2893 4860 2951 4907; x_wconf 91' lang='lat' dir='ltr'><strong>et</strong></span> <span class='ocrx_word' id='word_1_746' title='bbox 2996 4850 3119 4907; x_wconf 86' lang='lat' dir='ltr'><strong>aliis</strong></span> <span class='ocrx_word' id='word_1_747' title='bbox 3148 4852 3366 4921; x_wconf 90' lang='lat' dir='ltr'><strong>quidem</strong></span> <span class='ocrx_word' id='word_1_748' title='bbox 3413 4850 3639 4906; x_wconf 84' lang='lat' dir='ltr'><strong>eandem</strong></span> <span class='ocrx_word' id='word_1_749' title='bbox 3670 4847 3865 4902; x_wconf 87' lang='lat' dir='ltr'><strong>deinde</strong></span> 
     </span>
    </p>
   </div>
   <div class='ocr_carea' id='block_1_99' title="bbox 2267 4942 3863 5011">
    <p class='ocr_par' dir='ltr' id='par_1_99' title="bbox 2267 4942 3863 5011">
     <span class='ocr_line' id='line_1_99' title="bbox 2267 4942 3863 5011; baseline -0.003 -15"><span class='ocrx_word' id='word_1_750' title='bbox 2267 4942 2520 5005; x_wconf 85' lang='lat' dir='ltr'><strong>tradidit,</strong></span> <span class='ocrx_word' id='word_1_751' title='bbox 2571 4942 2628 4998; x_wconf 90' lang='lat' dir='ltr'><strong>id</strong></span> <span class='ocrx_word' id='word_1_752' title='bbox 2673 4952 2793 5011; x_wconf 89' lang='lat' dir='ltr'><strong>est,</strong></span> <span class='ocrx_word' id='word_1_753' title='bbox 2839 4944 3070 5000; x_wconf 89' lang='lat' dir='ltr'><strong>eandem</strong></span> <span class='ocrx_word' id='word_1_754' title='bbox 3117 4942 3359 4999; x_wconf 86' lang='lat' dir='ltr'><strong>divinam</strong></span> <span class='ocrx_word' id='word_1_755' title='bbox 3388 4943 3727 5006; x_wconf 88' lang='lat' dir='ltr'><strong>bonitatem,</strong></span> <span class='ocrx_word' id='word_1_756' title='bbox 3754 4954 3863 5010; x_wconf 89' lang='lat' dir='ltr'><strong>qua</strong></span> 
     </span>
    </p>
   </div>
   <div class='ocr_carea' id='block_1_100' title="bbox 1863 5043 2568 5110">
    <p class='ocr_par' dir='ltr' id='par_1_100' title="bbox 1863 5043 2568 5110">
     <span class='ocr_line' id='line_1_100' title="bbox 1863 5043 2568 5110; baseline 0.011 -10"><span class='ocrx_word' id='word_1_757' title='bbox 1863 5043 2124 5101; x_wconf 76' lang='lat' dir='ltr'><strong>VARIAE</strong></span> <span class='ocrx_word' id='word_1_758' title='bbox 2161 5047 2568 5110; x_wconf 83' lang='lat' dir='ltr'><strong>LECTIONES.</strong></span> 
     </span>
    </p>
   </div>
   <div class='ocr_carea' id='block_1_101' title="bbox 648 5126 1725 5213">
    <p class='ocr_par' dir='ltr' id='par_1_101' title="bbox 648 5126 1725 5213">
     <span class='ocr_line' id='line_1_101' title="bbox 648 5126 1725 5213; baseline -0.004 -14"><span class='ocrx_word' id='word_1_759' title='bbox 648 5144 667 5176; x_wconf 80' lang='grc'>³</span> <span class='ocrx_word' id='word_1_760' title='bbox 688 5142 736 5199; x_wconf 83' lang='lat' dir='ltr'><strong>A</strong></span> <span class='ocrx_word' id='word_1_761' title='bbox 757 5158 897 5198; x_wconf 78' lang='lat' dir='ltr'><strong>eum.</strong></span> <span class='ocrx_word' id='word_1_762' title='bbox 970 5139 1078 5213; x_wconf 64' lang='grc' dir='ltr'><strong>ἰε</strong></span> <span class='ocrx_word' id='word_1_763' title='bbox 1096 5156 1207 5198; x_wconf 92' lang='lat' dir='ltr'><strong>om.</strong></span> <span class='ocrx_word' id='word_1_764' title='bbox 1230 5139 1300 5213; x_wconf 19' lang='lat' dir='ltr'><strong>AB.</strong></span> <span class='ocrx_word' id='word_1_765' title='bbox 1391 5126 1429 5213; x_wconf 51' lang='grc' dir='ltr'><strong>ί⁸</strong></span> <span class='ocrx_word' id='word_1_766' title='bbox 1447 5139 1541 5197; x_wconf 85' lang='lat' dir='ltr'><strong>AB</strong></span> <span class='ocrx_word' id='word_1_767' title='bbox 1558 5156 1725 5213; x_wconf 70' lang='lat' dir='ltr'><strong>spere.</strong></span> 
     </span>
    </p>
   </div>
   <div class='ocr_carea' id='block_1_102' title="bbox 570 5211 2625 5303">
    <p class='ocr_par' dir='ltr' id='par_1_102' title="bbox 570 5211 2625 5303">
     <span class='ocr_line' id='line_1_102' title="bbox 570 5211 2625 5303; baseline -0.001 -31"><span class='ocrx_word' id='word_1_768' title='bbox 570 5231 714 5273; x_wconf 89' lang='lat' dir='ltr'><strong>corr.</strong></span> <span class='ocrx_word' id='word_1_769' title='bbox 738 5224 911 5286; x_wconf 86' lang='lat' dir='ltr'><strong>atque.</strong></span> <span class='ocrx_word' id='word_1_770' title='bbox 987 5212 1008 5245; x_wconf 91' lang='lat'><strong><em>&quot;</em></strong></span> <span class='ocrx_word' id='word_1_771' title='bbox 1036 5211 1079 5266; x_wconf 99' lang='grc' dir='ltr'><strong>Β</strong></span> <span class='ocrx_word' id='word_1_772' title='bbox 1099 5211 1239 5283; x_wconf 84' lang='lat' dir='ltr'><strong>quod</strong></span> <span class='ocrx_word' id='word_1_773' title='bbox 1264 5212 1360 5266; x_wconf 81' lang='lat' dir='ltr'><strong>hoc</strong></span> <span class='ocrx_word' id='word_1_774' title='bbox 1382 5211 1464 5282; x_wconf 86' lang='lat' dir='ltr'><strong>fas</strong></span> <span class='ocrx_word' id='word_1_775' title='bbox 1487 5211 1591 5275; x_wconf 72' lang='lat' dir='ltr'><strong>est,</strong></span> <span class='ocrx_word' id='word_1_776' title='bbox 1611 5212 1674 5265; x_wconf 86' lang='grc' dir='ltr'>Β·</span> <span class='ocrx_word' id='word_1_777' title='bbox 1695 5211 1874 5267; x_wconf 87' lang='lat' dir='ltr'><strong>adscr.</strong></span> <span class='ocrx_word' id='word_1_778' title='bbox 1896 5223 2041 5281; x_wconf 86' lang='lat' dir='ltr'><strong>corr.</strong></span> <span class='ocrx_word' id='word_1_779' title='bbox 2062 5211 2200 5280; x_wconf 83' lang='lat' dir='ltr'><strong>quod</strong></span> <span class='ocrx_word' id='word_1_780' title='bbox 2223 5213 2306 5282; x_wconf 86' lang='lat' dir='ltr'><strong>fas</strong></span> <span class='ocrx_word' id='word_1_781' title='bbox 2329 5211 2402 5269; x_wconf 79' lang='lat' dir='ltr'><strong>est</strong></span> <span class='ocrx_word' id='word_1_782' title='bbox 2528 5224 2625 5271; x_wconf 88' lang='lat' dir='ltr'><strong>est.</strong></span> 
     </span>
    </p>
   </div>
   <div class='ocr_carea' id='block_1_103' title="bbox 567 5293 3150 5384">
    <p class='ocr_par' dir='ltr' id='par_1_103' title="bbox 567 5293 3150 5384">
     <span class='ocr_line' id='line_1_103' title="bbox 567 5293 3150 5384; baseline -0.002 -17"><span class='ocrx_word' id='word_1_783' title='bbox 567 5313 967 5384; x_wconf 85' lang='lat' dir='ltr'><strong>participatione</strong></span> <span class='ocrx_word' id='word_1_784' title='bbox 1008 5302 1298 5384; x_wconf 73' lang='lat' dir='ltr'><strong>secundum</strong></span> <span class='ocrx_word' id='word_1_785' title='bbox 1321 5309 1459 5384; x_wconf 85' lang='lat' dir='ltr'><strong>quod</strong></span> <span class='ocrx_word' id='word_1_786' title='bbox 1490 5307 1570 5376; x_wconf 87' lang='lat' dir='ltr'><strong>fas</strong></span> <span class='ocrx_word' id='word_1_787' title='bbox 1589 5298 1975 5384; x_wconf 46' lang='lat' dir='ltr'><strong>&#39;est,&quot;-_hoc.:est</strong></span> <span class='ocrx_word' id='word_1_788' title='bbox 2007 5304 2127 5384; x_wconf 78' lang='lat' dir='ltr'><strong>licet</strong></span> <span class='ocrx_word' id='word_1_789' title='bbox 2154 5293 3019 5384; x_wconf 62' lang='lat' dir='ltr'><strong>etinjustuminparticipatione</strong></span> <span class='ocrx_word' id='word_1_790' title='bbox 3032 5316 3150 5384; x_wconf 87' lang='lat' dir='ltr'><strong>_ce_t_.</strong></span> 
     </span>
    </p>
   </div>
   <div class='ocr_carea' id='block_1_104' title="bbox 1806 5375 2901 5445">
    <p class='ocr_par' dir='ltr' id='par_1_104' title="bbox 1806 5375 2901 5445">
     <span class='ocr_line' id='line_1_104' title="bbox 1806 5375 2901 5445; baseline 0.002 -16"><span class='ocrx_word' id='word_1_791' title='bbox 1806 5375 1993 5445; x_wconf 83' lang='lat' dir='ltr'><strong>quibus</strong></span> <span class='ocrx_word' id='word_1_792' title='bbox 2016 5375 2329 5429; x_wconf 83' lang='lat' dir='ltr'><strong>mirabiliter</strong></span> <span class='ocrx_word' id='word_1_793' title='bbox 2359 5406 2431 5416; x_wconf 90' lang='lat'>—</span> <span class='ocrx_word' id='word_1_794' title='bbox 2454 5375 2672 5433; x_wconf 81' lang='lat' dir='ltr'><strong>tradidit</strong></span> <span class='ocrx_word' id='word_1_795' title='bbox 2693 5375 2804 5434; x_wconf 73' lang='lat' dir='ltr'><strong>om.</strong></span> <span class='ocrx_word' id='word_1_796' title='bbox 2840 5376 2901 5431; x_wconf 88' lang='grc' dir='ltr'>Β.</span> 
     </span>
    </p>
   </div>
   <div class='ocr_carea' id='block_1_105' title="bbox 912 5445 3865 5517">
    <p class='ocr_par' dir='ltr' id='par_1_105' title="bbox 912 5445 3865 5517">
     <span class='ocr_line' id='line_1_105' title="bbox 912 5445 3865 5517; baseline -0.003 -12"><span class='ocrx_word' id='word_1_797' title='bbox 912 5450 958 5484; x_wconf 76' lang='grc'><strong><em>⁸⁸</em></strong></span> <span class='ocrx_word' id='word_1_798' title='bbox 986 5450 1028 5505; x_wconf 92' lang='grc' dir='ltr'><strong>Β</strong></span> <span class='ocrx_word' id='word_1_799' title='bbox 1049 5451 1145 5505; x_wconf 81' lang='lat' dir='ltr'><strong>hoc</strong></span> <span class='ocrx_word' id='word_1_800' title='bbox 1165 5460 1241 5505; x_wconf 90' lang='lat' dir='ltr'><strong>est</strong></span> <span class='ocrx_word' id='word_1_801' title='bbox 1270 5467 1323 5504; x_wconf 90' lang='lat' dir='ltr'><strong>a.</strong></span> <span class='ocrx_word' id='word_1_802' title='bbox 1358 5486 1361 5499; x_wconf 86' lang='lat'><strong>.</strong></span> <span class='ocrx_word' id='word_1_803' title='bbox 1425 5447 1674 5507; x_wconf 78' lang='lat' dir='ltr'><strong>“,Verba</strong></span> <span class='ocrx_word' id='word_1_804' title='bbox 1699 5459 1862 5515; x_wconf 88' lang='lat' dir='ltr'><strong>supra</strong></span> <span class='ocrx_word' id='word_1_805' title='bbox 1899 5446 2101 5500; x_wconf 80' lang='lat' dir='ltr'><strong>omissa</strong></span> <span class='ocrx_word' id='word_1_806' title='bbox 2134 5462 2148 5500; x_wconf 89' lang='lat'>:</span> <span class='ocrx_word' id='word_1_807' title='bbox 2181 5446 2238 5500; x_wconf 86' lang='lat' dir='ltr'><strong>in</strong></span> <span class='ocrx_word' id='word_1_808' title='bbox 2261 5448 2449 5515; x_wconf 86' lang='lat' dir='ltr'><strong>quibus</strong></span> <span class='ocrx_word' id='word_1_809' title='bbox 2485 5448 2795 5503; x_wconf 84' lang='lat' dir='ltr'><strong>mirabiliter</strong></span> <span class='ocrx_word' id='word_1_810' title='bbox 2843 5478 2912 5487; x_wconf 92' lang='lat'><strong>—</strong></span> <span class='ocrx_word' id='word_1_811' title='bbox 2940 5449 3225 5504; x_wconf 85' lang='lat' dir='ltr'><strong>eminentia</strong></span> <span class='ocrx_word' id='word_1_812' title='bbox 3266 5448 3310 5503; x_wconf 88' lang='grc' dir='ltr'>Β</span> <span class='ocrx_word' id='word_1_813' title='bbox 3353 5448 3419 5503; x_wconf 89' lang='lat' dir='ltr'><strong>ad</strong></span> <span class='ocrx_word' id='word_1_814' title='bbox 3452 5461 3626 5517; x_wconf 85' lang='lat' dir='ltr'><strong>marg.</strong></span> <span class='ocrx_word' id='word_1_815' title='bbox 3656 5445 3865 5506; x_wconf 89' lang='lat' dir='ltr'><strong>adscr.,</strong></span> 
     </span>
    </p>
   </div>
   <div class='ocr_carea' id='block_1_106' title="bbox 1800 5539 2766 5604">
    <p class='ocr_par' dir='ltr' id='par_1_106' title="bbox 1800 5539 2766 5604">
     <span class='ocr_line' id='line_1_106' title="bbox 1800 5539 2766 5604; baseline 0.004 -9"><span class='ocrx_word' id='word_1_816' title='bbox 1800 5542 1843 5574; x_wconf 86' lang='grc'><strong>¹⁷</strong></span> <span class='ocrx_word' id='word_1_817' title='bbox 1868 5539 1962 5596; x_wconf 89' lang='lat' dir='ltr'><strong>Sic</strong></span> <span class='ocrx_word' id='word_1_818' title='bbox 1979 5540 2089 5604; x_wconf 80' lang='lat' dir='ltr'><strong>AB,</strong></span> <span class='ocrx_word' id='word_1_819' title='bbox 2123 5542 2177 5596; x_wconf 92' lang='lat' dir='ltr'><strong>in</strong></span> <span class='ocrx_word' id='word_1_820' title='bbox 2203 5541 2413 5600; x_wconf 85' lang='lat' dir='ltr'><strong>Graeco</strong></span> <span class='ocrx_word' id='word_1_821' title='bbox 2440 5543 2562 5604; x_wconf 75' lang='grc' dir='ltr'><strong>θιός</strong></span> <span class='ocrx_word' id='word_1_822' title='bbox 2594 5545 2766 5601; x_wconf 88' lang='lat' dir='ltr'><strong>deest.</strong></span> 
     </span>
    </p>
   </div>
   <div class='ocr_carea' id='block_1_107' title="bbox 568 5377 1781 5436">
    <p class='ocr_par' dir='ltr' id='par_1_107' title="bbox 568 5377 1781 5436">
     <span class='ocr_line' id='line_1_107' title="bbox 568 5377 1781 5436; baseline -0.005 -1"><span class='ocrx_word' id='word_1_823' title='bbox 568 5377 875 5436; x_wconf 73' lang='lat' dir='ltr'><strong>eminentem</strong></span> <span class='ocrx_word' id='word_1_824' title='bbox 906 5379 1148 5435; x_wconf 83' lang='lat' dir='ltr'><strong>multam.</strong></span> <span class='ocrx_word' id='word_1_825' title='bbox 1224 5424 1229 5431; x_wconf 94' lang='lat'><strong>.</strong></span> <span class='ocrx_word' id='word_1_826' title='bbox 1259 5378 1301 5411; x_wconf 80' lang='lat'>“</span> <span class='ocrx_word' id='word_1_827' title='bbox 1323 5377 1371 5433; x_wconf 74' lang='grc' dir='ltr'><strong>Α</strong></span> <span class='ocrx_word' id='word_1_828' title='bbox 1392 5381 1558 5434; x_wconf 87' lang='lat' dir='ltr'><strong>intra.</strong></span> <span class='ocrx_word' id='word_1_829' title='bbox 1620 5398 1633 5417; x_wconf 77' lang='grc' dir='ltr'>ι-</span> <span class='ocrx_word' id='word_1_830' title='bbox 1658 5378 1702 5408; x_wconf 76' lang='grc'>²²</span> <span class='ocrx_word' id='word_1_831' title='bbox 1725 5377 1781 5430; x_wconf 87' lang='lat' dir='ltr'><strong>in</strong></span> 
     </span>
    </p>
   </div>
   <div class='ocr_carea' id='block_1_108' title="bbox 569 5451 807 5505">
    <p class='ocr_par' dir='ltr' id='par_1_108' title="bbox 569 5451 807 5505">
     <span class='ocr_line' id='line_1_108' title="bbox 569 5451 807 5505; baseline 0.013 -3"><span class='ocrx_word' id='word_1_832' title='bbox 569 5451 807 5505; x_wconf 85' lang='lat' dir='ltr'><strong>dicendo.</strong></span> 
     </span>
    </p>
   </div>
   <div class='ocr_carea' id='block_1_109' title="bbox 569 5524 1707 5601">
    <p class='ocr_par' dir='ltr' id='par_1_109' title="bbox 569 5524 1707 5601">
     <span class='ocr_line' id='line_1_109' title="bbox 569 5524 1707 5601; baseline -0.004 0"><span class='ocrx_word' id='word_1_833' title='bbox 569 5545 663 5601; x_wconf 86' lang='lat' dir='ltr'><strong>sed</strong></span> <span class='ocrx_word' id='word_1_834' title='bbox 690 5544 823 5601; x_wconf 81' lang='lat' dir='ltr'><strong>falso</strong></span> <span class='ocrx_word' id='word_1_835' title='bbox 848 5545 955 5600; x_wconf 90' lang='lat' dir='ltr'><strong>huc</strong></span> <span class='ocrx_word' id='word_1_836' title='bbox 978 5524 1263 5601; x_wconf 69' lang='lat' dir='ltr'><strong>inserenda</strong></span> <span class='ocrx_word' id='word_1_837' title='bbox 1282 5560 1405 5601; x_wconf 86' lang='lat' dir='ltr'><strong>esse</strong></span> <span class='ocrx_word' id='word_1_838' title='bbox 1428 5542 1707 5600; x_wconf 89' lang='lat' dir='ltr'><strong>indicavit.</strong></span> 
     </span>
    </p>
   </div>
   <div class='ocr_carea' id='block_1_110' title="bbox 1827 5137 3655 5215">
    <p class='ocr_par' dir='ltr' id='par_1_110' title="bbox 1827 5137 3655 5215">
     <span class='ocr_line' id='line_1_110' title="bbox 1827 5137 3655 5215; baseline 0.002 -23"><span class='ocrx_word' id='word_1_839' title='bbox 1827 5137 1849 5170; x_wconf 73' lang='grc'><strong>⁵</strong></span> <span class='ocrx_word' id='word_1_840' title='bbox 1874 5148 1924 5192; x_wconf 90' lang='lat' dir='ltr'><strong>et</strong></span> <span class='ocrx_word' id='word_1_841' title='bbox 1951 5149 2120 5193; x_wconf 85' lang='lat' dir='ltr'><strong>status</strong></span> <span class='ocrx_word' id='word_1_842' title='bbox 2134 5141 2340 5215; x_wconf 78' lang='lat' dir='ltr'><strong>mobilis</strong></span> <span class='ocrx_word' id='word_1_843' title='bbox 2354 5146 2601 5215; x_wconf 87' lang='lat' dir='ltr'><strong>quoniam</strong></span> <span class='ocrx_word' id='word_1_844' title='bbox 2619 5159 2821 5215; x_wconf 70' lang='lat' dir='ltr'><strong>seniper</strong></span> <span class='ocrx_word' id='word_1_845' title='bbox 2845 5151 3081 5215; x_wconf 58' lang='lat' dir='ltr'><strong>movetur</strong></span> <span class='ocrx_word' id='word_1_846' title='bbox 3109 5157 3221 5197; x_wconf 92' lang='lat' dir='ltr'><strong>om.</strong></span> <span class='ocrx_word' id='word_1_847' title='bbox 3240 5143 3302 5198; x_wconf 92' lang='lat' dir='ltr'><strong>B.</strong></span> <span class='ocrx_word' id='word_1_848' title='bbox 3320 5211 3349 5215; x_wconf 89' lang='lat'><strong>_</strong></span> <span class='ocrx_word' id='word_1_849' title='bbox 3382 5142 3404 5175; x_wconf 81' lang='lat'>&#39;</span> <span class='ocrx_word' id='word_1_850' title='bbox 3429 5141 3522 5198; x_wconf 87' lang='lat' dir='ltr'><strong>Sic</strong></span> <span class='ocrx_word' id='word_1_851' title='bbox 3549 5141 3655 5196; x_wconf 78' lang='grc' dir='ltr'><strong>ΑΒ.</strong></span> 
     </span>
    </p>
   </div>
   <div class='ocr_carea' id='block_1_111' title="bbox 3758 5140 3863 5170">
    <p class='ocr_par' dir='ltr' id='par_1_111' title="bbox 3758 5140 3863 5170">
     <span class='ocr_line' id='line_1_111' title="bbox 3758 5140 3863 5170; baseline 0 0"><span class='ocrx_word' id='word_1_852' title='bbox 3758 5140 3863 5170; x_wconf 56' lang='lat' dir='ltr'><strong>ID‘</strong></span> 
     </span>
    </p>
   </div>
   <div class='ocr_carea' id='block_1_112' title="bbox 3266 5140 3866 5269">
    <p class='ocr_par' dir='ltr' id='par_1_112' title="bbox 3266 5140 3866 5269">
     <span class='ocr_line' id='line_1_112' title="bbox 3266 5140 3863 5198; baseline -0.003 -2"><span class='ocrx_word' id='word_1_853' title='bbox 3266 5144 3302 5196; x_wconf 74' lang='grc' dir='ltr'>ι.</span> <span class='ocrx_word' id='word_1_854' title='bbox 3382 5142 3404 5175; x_wconf 80' lang='grc'>⁸</span> <span class='ocrx_word' id='word_1_855' title='bbox 3429 5141 3522 5198; x_wconf 88' lang='lat' dir='ltr'><strong>Sic</strong></span> <span class='ocrx_word' id='word_1_856' title='bbox 3549 5141 3655 5196; x_wconf 78' lang='grc' dir='ltr'><strong>ΑΒ.</strong></span> <span class='ocrx_word' id='word_1_857' title='bbox 3758 5140 3779 5170; x_wconf 83' lang='grc'>⁸</span> <span class='ocrx_word' id='word_1_858' title='bbox 3799 5140 3863 5194; x_wconf 64' lang='grc' dir='ltr'>Β*</span> 
     </span>
     <span class='ocr_line' id='line_1_113' title="bbox 3266 5211 3866 5269; baseline -0.005 -3"><span class='ocrx_word' id='word_1_859' title='bbox 3266 5215 3293 5249; x_wconf 76' lang='grc'><strong>⁸</strong></span> <span class='ocrx_word' id='word_1_860' title='bbox 3316 5211 3379 5266; x_wconf 69' lang='grc' dir='ltr'>Β¹</span> <span class='ocrx_word' id='word_1_861' title='bbox 3410 5216 3588 5269; x_wconf 88' lang='lat' dir='ltr'><strong>adscr.</strong></span> <span class='ocrx_word' id='word_1_862' title='bbox 3615 5219 3709 5266; x_wconf 89' lang='lat' dir='ltr'><strong>est.</strong></span> <span class='ocrx_word' id='word_1_863' title='bbox 3738 5211 3779 5266; x_wconf 85' lang='lat' dir='ltr'>C</span> <span class='ocrx_word' id='word_1_864' title='bbox 3810 5212 3866 5263; x_wconf 83' lang='lat' dir='ltr'><strong>in</strong></span> 
     </span>
    </p>
   </div>
   <div class='ocr_carea' id='block_1_113' title="bbox 3248 5300 3865 5371">
    <p class='ocr_par' dir='ltr' id='par_1_113' title="bbox 3248 5300 3865 5371">
     <span class='ocr_line' id='line_1_114' title="bbox 3248 5300 3865 5371; baseline -0.01 -11"><span class='ocrx_word' id='word_1_865' title='bbox 3248 5300 3312 5338; x_wconf 73' lang='grc'><strong>’³⁸</strong></span> <span class='ocrx_word' id='word_1_866' title='bbox 3343 5305 3439 5360; x_wconf 88' lang='lat' dir='ltr'><strong>Sic</strong></span> <span class='ocrx_word' id='word_1_867' title='bbox 3466 5304 3528 5369; x_wconf 89' lang='lat' dir='ltr'><strong>C,</strong></span> <span class='ocrx_word' id='word_1_868' title='bbox 3562 5304 3652 5359; x_wconf 84' lang='lat' dir='ltr'><strong>AB</strong></span> <span class='ocrx_word' id='word_1_869' title='bbox 3678 5319 3865 5371; x_wconf 83' lang='lat' dir='ltr'><strong>super-</strong></span> 
     </span>
    </p>
   </div>
   <div class='ocr_carea' id='block_1_114' title="bbox 2757 5212 3181 5286">
    <p class='ocr_par' dir='ltr' id='par_1_114' title="bbox 2757 5212 3181 5286">
     <span class='ocr_line' id='line_1_115' title="bbox 2757 5212 3181 5286; baseline -0.009 -15"><span class='ocrx_word' id='word_1_870' title='bbox 2757 5213 2923 5286; x_wconf 77' lang='lat' dir='ltr'><strong>.Conj.</strong></span> <span class='ocrx_word' id='word_1_871' title='bbox 2936 5254 2951 5279; x_wconf 94' lang='lat'><strong>,</strong></span> <span class='ocrx_word' id='word_1_872' title='bbox 2995 5212 3086 5268; x_wconf 85' lang='lat' dir='ltr'><strong>AB</strong></span> <span class='ocrx_word' id='word_1_873' title='bbox 3110 5224 3181 5267; x_wconf 89' lang='lat' dir='ltr'><strong>et.</strong></span> 
     </span>
    </p>
   </div>
   <div class='ocr_carea' id='block_1_115' title="bbox 3006 5373 3861 5433">
    <p class='ocr_par' dir='ltr' id='par_1_115' title="bbox 3006 5373 3861 5433">
     <span class='ocr_line' id='line_1_116' title="bbox 3006 5373 3861 5433; baseline -0.002 -2"><span class='ocrx_word' id='word_1_874' title='bbox 3006 5378 3052 5410; x_wconf 77' lang='lat'>“</span> <span class='ocrx_word' id='word_1_875' title='bbox 3081 5380 3254 5433; x_wconf 86' lang='lat' dir='ltr'><strong>dicere</strong></span> <span class='ocrx_word' id='word_1_876' title='bbox 3278 5393 3388 5432; x_wconf 94' lang='lat' dir='ltr'><strong>om.</strong></span> <span class='ocrx_word' id='word_1_877' title='bbox 3424 5375 3487 5431; x_wconf 89' lang='grc' dir='ltr'>Β.</span> <span class='ocrx_word' id='word_1_878' title='bbox 3566 5373 3609 5405; x_wconf 68' lang='grc'><strong>¹⁵</strong></span> <span class='ocrx_word' id='word_1_879' title='bbox 3635 5373 3693 5426; x_wconf 79' lang='lat' dir='ltr'><strong>B‘</strong></span> <span class='ocrx_word' id='word_1_880' title='bbox 3717 5389 3861 5429; x_wconf 65' lang='lat' dir='ltr'><strong>conr-</strong></span> 
     </span>
    </p>
   </div>
   <div class='ocr_carea' id='block_1_116' title="bbox 2865 5541 3870 5611">
    <p class='ocr_par' dir='ltr' id='par_1_116' title="bbox 2865 5541 3870 5611">
     <span class='ocr_line' id='line_1_117' title="bbox 2865 5541 3870 5611; baseline -0.004 -12"><span class='ocrx_word' id='word_1_881' title='bbox 2865 5545 2909 5577; x_wconf 79' lang='lat'><strong>“’</strong></span> <span class='ocrx_word' id='word_1_882' title='bbox 2936 5545 3116 5611; x_wconf 87' lang='lat' dir='ltr'><strong>SicC,</strong></span> <span class='ocrx_word' id='word_1_883' title='bbox 3143 5553 3198 5601; x_wconf 90' lang='lat' dir='ltr'><strong>et</strong></span> <span class='ocrx_word' id='word_1_884' title='bbox 3225 5561 3371 5601; x_wconf 88' lang='lat' dir='ltr'><strong>corr.</strong></span> <span class='ocrx_word' id='word_1_885' title='bbox 3400 5542 3488 5606; x_wconf 81' lang='lat' dir='ltr'><strong>B‘,</strong></span> <span class='ocrx_word' id='word_1_886' title='bbox 3518 5542 3609 5597; x_wconf 85' lang='lat' dir='ltr'><strong>AB</strong></span> <span class='ocrx_word' id='word_1_887' title='bbox 3637 5541 3870 5611; x_wconf 56' lang='lat' dir='ltr'><strong>adorem;</strong></span> 
     </span>
    </p>
   </div>
   <div class='ocr_carea' id='block_1_117' title="bbox 569 5609 3870 5701">
    <p class='ocr_par' dir='ltr' id='par_1_117' title="bbox 569 5609 3870 5701">
     <span class='ocr_line' id='line_1_118' title="bbox 569 5609 3870 5701; baseline -0.002 -33"><span class='ocrx_word' id='word_1_888' title='bbox 569 5625 691 5694; x_wconf 81' lang='lat' dir='ltr'><strong>tem.</strong></span> <span class='ocrx_word' id='word_1_889' title='bbox 736 5684 748 5696; x_wconf 45' lang='lat'><em>.</em></span> <span class='ocrx_word' id='word_1_890' title='bbox 771 5615 812 5647; x_wconf 78' lang='grc' dir='ltr'>ι’</span> <span class='ocrx_word' id='word_1_891' title='bbox 834 5613 875 5667; x_wconf 91' lang='grc' dir='ltr'><strong>Β</strong></span> <span class='ocrx_word' id='word_1_892' title='bbox 905 5615 1079 5701; x_wconf 59' lang='grc' dir='ltr'>άξοετς</span> <span class='ocrx_word' id='word_1_893' title='bbox 1097 5630 1207 5695; x_wconf 80' lang='lat' dir='ltr'><strong>eos.</strong></span> <span class='ocrx_word' id='word_1_894' title='bbox 1281 5616 1327 5701; x_wconf 53' lang='lat' dir='ltr'><strong>’l&quot;</strong></span> <span class='ocrx_word' id='word_1_895' title='bbox 1348 5616 1626 5701; x_wconf 54' lang='lat' dir='ltr'><strong>BcorptLrtz</strong></span> <span class='ocrx_word' id='word_1_896' title='bbox 1645 5612 1965 5701; x_wconf 53' lang='lat' dir='ltr'><strong>sgirituqlia.</strong></span> <span class='ocrx_word' id='word_1_897' title='bbox 1989 5681 2003 5701; x_wconf 29' lang='grc' dir='ltr'>ἱ</span> <span class='ocrx_word' id='word_1_898' title='bbox 2048 5612 2093 5644; x_wconf 83' lang='grc'><strong>²¹</strong></span> <span class='ocrx_word' id='word_1_899' title='bbox 2114 5613 2504 5701; x_wconf 53' lang='grc' dir='ltr'><strong>ᾼβὲρπηξιαηι,</strong></span> <span class='ocrx_word' id='word_1_900' title='bbox 2523 5615 2600 5670; x_wconf 89' lang='lat' dir='ltr'><strong>sic</strong></span> <span class='ocrx_word' id='word_1_901' title='bbox 2615 5618 2845 5701; x_wconf 50' lang='lat' dir='ltr'><strong>ubique.1</strong></span> <span class='ocrx_word' id='word_1_902' title='bbox 2897 5618 2956 5701; x_wconf 53' lang='grc' dir='ltr'><strong>ξ’</strong></span> <span class='ocrx_word' id='word_1_903' title='bbox 2976 5609 3204 5701; x_wconf 81' lang='lat' dir='ltr'><strong>B&#39;_corr.</strong></span> <span class='ocrx_word' id='word_1_904' title='bbox 3227 5614 3698 5701; x_wconf 46' lang='lat' dir='ltr'><strong>qutmonitignem&#39;.‘</strong></span> <span class='ocrx_word' id='word_1_905' title='bbox 3822 5609 3870 5663; x_wconf 90' lang='lat' dir='ltr'><strong>B</strong></span> 
     </span>
    </p>
   </div>
   <div class='ocr_carea' id='block_1_118' title="bbox 567 5680 2028 5760">
    <p class='ocr_par' dir='ltr' id='par_1_118' title="bbox 567 5680 2028 5760">
     <span class='ocr_line' id='line_1_119' title="bbox 567 5680 2028 5760; baseline 0 -23"><span class='ocrx_word' id='word_1_906' title='bbox 567 5684 694 5755; x_wconf 76' lang='lat' dir='ltr'><strong>quia</strong></span> <span class='ocrx_word' id='word_1_907' title='bbox 728 5684 898 5760; x_wconf 62' lang='lat' dir='ltr'><strong>ipsum</strong></span> <span class='ocrx_word' id='word_1_908' title='bbox 926 5683 1267 5754; x_wconf 79' lang='lat' dir='ltr'><strong>theologicam</strong></span> <span class='ocrx_word' id='word_1_909' title='bbox 1292 5680 1517 5756; x_wconf 79' lang='lat' dir='ltr'><strong>(puncta</strong></span> <span class='ocrx_word' id='word_1_910' title='bbox 1542 5682 1604 5738; x_wconf 81' lang='grc' dir='ltr'>Β⁶</span> <span class='ocrx_word' id='word_1_911' title='bbox 1629 5680 1735 5754; x_wconf 82' lang='lat' dir='ltr'><strong>adj.</strong></span> <span class='ocrx_word' id='word_1_912' title='bbox 1766 5681 2028 5755; x_wconf 58' lang='lat' dir='ltr'><strong>videtur).</strong></span> 
     </span>
    </p>
   </div>
   <div class='ocr_carea' id='block_1_119' title="bbox 2132 5682 3152 5758">
    <p class='ocr_par' dir='ltr' id='par_1_119' title="bbox 2132 5682 3152 5758">
     <span class='ocr_line' id='line_1_120' title="bbox 2132 5682 3152 5758; baseline 0.004 -19"><span class='ocrx_word' id='word_1_913' title='bbox 2132 5682 2179 5714; x_wconf 72' lang='lat'><strong>&quot;‘</strong></span> <span class='ocrx_word' id='word_1_914' title='bbox 2205 5682 2299 5740; x_wconf 90' lang='lat' dir='ltr'><strong>Sic</strong></span> <span class='ocrx_word' id='word_1_915' title='bbox 2323 5683 2367 5739; x_wconf 75' lang='grc' dir='ltr'><strong>Ο</strong></span> <span class='ocrx_word' id='word_1_916' title='bbox 2390 5693 2444 5740; x_wconf 90' lang='grc' dir='ltr'><strong>ει</strong></span> <span class='ocrx_word' id='word_1_917' title='bbox 2472 5699 2617 5741; x_wconf 91' lang='lat' dir='ltr'><strong>corr.</strong></span> <span class='ocrx_word' id='word_1_918' title='bbox 2644 5682 2741 5754; x_wconf 47' lang='lat' dir='ltr'><strong>B‘,‘</strong></span> <span class='ocrx_word' id='word_1_919' title='bbox 2757 5686 2848 5742; x_wconf 84' lang='lat' dir='ltr'><strong>AB</strong></span> <span class='ocrx_word' id='word_1_920' title='bbox 2875 5688 3152 5758; x_wconf 84' lang='lat' dir='ltr'><strong>depositio.</strong></span> 
     </span>
    </p>
   </div>
   <div class='ocr_carea' id='block_1_120' title="bbox 3238 5680 3867 5750">
    <p class='ocr_par' dir='ltr' id='par_1_120' title="bbox 3238 5680 3867 5750">
     <span class='ocr_line' id='line_1_121' title="bbox 3238 5680 3867 5750; baseline -0.014 -7"><span class='ocrx_word' id='word_1_921' title='bbox 3238 5686 3285 5718; x_wconf 71' lang='grc'><strong>’⁵</strong></span> <span class='ocrx_word' id='word_1_922' title='bbox 3310 5686 3465 5742; x_wconf 87' lang='lat' dir='ltr'><strong>Corr.</strong></span> <span class='ocrx_word' id='word_1_923' title='bbox 3498 5683 3587 5750; x_wconf 84' lang='lat' dir='ltr'><strong>B&#39;,</strong></span> <span class='ocrx_word' id='word_1_924' title='bbox 3609 5680 3698 5737; x_wconf 87' lang='lat' dir='ltr'><strong>AB</strong></span> <span class='ocrx_word' id='word_1_925' title='bbox 3732 5680 3867 5737; x_wconf 81' lang='lat' dir='ltr'><strong>illu-</strong></span> 
     </span>
    </p>
   </div>
   <div class='ocr_carea' id='block_1_121' title="bbox 571 5778 2287 5853">
    <p class='ocr_par' dir='ltr' id='par_1_121' title="bbox 571 5778 2287 5853">
     <span class='ocr_line' id='line_1_122' title="bbox 571 5778 2287 5853; baseline 0.001 -22"><span class='ocrx_word' id='word_1_926' title='bbox 571 5778 734 5845; x_wconf 81' lang='lat' dir='ltr'><strong>miuo,</strong></span> <span class='ocrx_word' id='word_1_927' title='bbox 761 5778 822 5832; x_wconf 70' lang='grc' dir='ltr'>Β*</span> <span class='ocrx_word' id='word_1_928' title='bbox 856 5794 1027 5849; x_wconf 83' lang='lat' dir='ltr'><strong>marg.</strong></span> <span class='ocrx_word' id='word_1_929' title='bbox 1061 5779 1241 5835; x_wconf 87' lang='lat' dir='ltr'><strong>adscr.</strong></span> <span class='ocrx_word' id='word_1_930' title='bbox 1272 5779 1352 5836; x_wconf 81' lang='lat' dir='ltr'><strong>uel</strong></span> <span class='ocrx_word' id='word_1_931' title='bbox 1389 5779 1624 5853; x_wconf 70' lang='lat' dir='ltr'><strong>erudipr.</strong></span> <span class='ocrx_word' id='word_1_932' title='bbox 1655 5781 1699 5837; x_wconf 89' lang='lat' dir='ltr'><strong><em>C</em></strong></span> <span class='ocrx_word' id='word_1_933' title='bbox 1724 5778 1965 5836; x_wconf 86' lang='lat' dir='ltr'><strong>illumino</strong></span> <span class='ocrx_word' id='word_1_934' title='bbox 2013 5788 2062 5835; x_wconf 91' lang='lat' dir='ltr'><strong>te</strong></span> <span class='ocrx_word' id='word_1_935' title='bbox 2102 5787 2287 5835; x_wconf 84' lang='lat' dir='ltr'><strong>artem.</strong></span> 
     </span>
    </p>
   </div>
   <div class='ocr_carea' id='block_1_122' title="bbox 2438 5890 2461 5917">
    <p class='ocr_par' dir='ltr' id='par_1_122' title="bbox 2438 5890 2461 5917">
     <span class='ocr_line' id='line_1_123' title="bbox 2438 5890 2461 5917; baseline 0 -17"><span class='ocrx_word' id='word_1_936' title='bbox 2438 5890 2461 5917; x_wconf 66' lang='grc' dir='ltr'><em>ν</em></span> 
     </span>
    </p>
   </div>
  </div>
