4178 6266
304 413 411 473 195

1165 412 1389 468 SUPER
1430 408 1854 470 IERARCHIAM
1890 408 2297 469 CAELESTEM
2337 416 2394 471 S.
2441 413 2753 475 DlONYSll.

3470 425 3568 485 IM

305 536 493 604 primo
530 532 886 595 illuminatur,
933 531 1050 585 aliis
1086 530 1311 593 deinde,
1343 530 1696 599 sequentibus
1744 529 1892 583 vide-
1919 528 1974 585 Α
2001 526 2257 586 feminino
2282 532 2486 598 διεῑσα,
2516 537 2659 604 quod
2707 537 2947 592 nascitur
2987 553 3015 593 a
3051 538 3214 594 verbo
3248 551 3433 613 όιειμι,
3466 545 3570 600 hoc

312 627 447 680 licet
472 638 533 680 se
552 664 568 689 ,
606 621 894 677 distribuit.
921 620 1068 674 Illud
1089 636 1182 688 per
1211 620 1509 674 brevitatem
1551 619 1728 673 dicere
1767 619 1891 673 sub—

312 715 678 775 introdutens,
709 712 808 766 hoc
834 719 920 765 est
938 751 953 774 ,
982 709 1111 764 illud
1139 710 1373 764 breviter
1403 709 1584 762 dicere
1613 707 1889 762 subintro-

313 804 462 858 ducit
489 804 600 871 ipsa
636 800 896 855 ierarchia
915 840 930 863 ,
962 800 1132 867 ipsam
1165 798 1184 831 ⁸
1216 799 1506 868 piissimam
1527 807 1572 850 et
1594 796 1708 868 plus
1730 811 1889 866 quam

311 891 629 945 laudabilem
657 901 705 945 et
742 889 1220 945 laudabilissimam
1260 888 1579 943 thearcltiam
1603 888 1684 957 [as
1705 900 1778 941 est
1804 885 1891 940 be-

310 980 606 1033 nedictam'
648 995 756 1033 esse
794 996 828 1032 a
880 978 1182 1031 theodochis
1198 976 1242 1040 ³,
1291 984 1545 1046 quantum
1588 973 1884 1045 possibile‘,

309 1072 548 1140 cognosci
575 1080 624 1123 et
651 1068 862 1122 laudari
883 1107 899 1132 ,
921 1067 1299 1130 intellectibus;
1340 1066 1441 1133 ipsi
1462 1067 1599 1120 enim
1625 1076 1741 1119 sunt
1772 1076 1890 1119 tan-

308 1179 470 1231 quam
511 1160 795 1230 deiformes
841 1159 1004 1212 divini
1048 1159 1148 1212 loci
1189 1159 1544 1223 tltearclticae,
1584 1167 1641 1211 ut
1686 1157 1891 1227 eloquia

312 1252 489 1315 aiunt,
514 1249 725 1320 quietis.
759 1248 870 1303 Hoc
895 1258 972 1303 est
996 1287 1012 1312 ,
1042 1247 1236 1316 inquit,
1280 1247 1421 1315 quod
1448 1248 1680 1302 breviter
1708 1248 1892 1301 subin-

319 1342 563 1395 troducit
592 1340 759 1411 prima
787 1339 1083 1402 ierarcbia,
1114 1339 1258 1409 quod
1296 1338 1377 1393 fas
1402 1348 1485 1394 est
1521 1348 1573 1393 et
1598 1339 1683 1394 lex
1713 1348 1769 1394 et
1808 1340 1892 1408 ju-

314 1438 486 1485 stum.
532 1432 704 1500 Ipsam
740 1431 1056 1500 piissimam.
1103 1429 1186 1484 vel
1235 1429 1776 1496 honorabilissimam,
1806 1428 1892 1485 vel

313 1519 824 1574 valde'adorandam
844 1559 859 1583 ,
883 1525 939 1572 et
981 1517 1464 1586 superlaudabilem
1498 1527 1553 1574 et
1578 1518 1892 1575 laudabilis-

309 1608 504 1662 simam
532 1607 878 1661 Divinitatem
895 1606 979 1661 fas
1021 1614 1106 1661 est
1134 1605 1515 1661 benedictam'
1534 1622 1653 1663 esse
1677 1623 1709 1662 a
1745 1609 1895 1663 theo-

305 1699 496 1754 docbis
534 1698 922 1762 intellectibus,
946 1714 1009 1752 ex
1033 1698 1420 1768 recipientibus
1446 1698 1698 1754 videlicet
1726 1700 1890 1754 Deum

306 1788 694 1844 iutellectibus.
731 1788 837 1857 lpsi
866 1788 1011 1842 enim
1039 1787 1378 1854 intellectus,
1415 1791 1508 1859 qui
1555 1788 1722 1844 Deum
1756 1791 1891 1846 reci-

1996 628 2078 672 est
2117 623 2376 690 pervenio
2401 623 2445 656 "
2467 626 2548 678 Vel
2564 635 2814 695 penetro;
2848 628 2950 683 hoc
2978 630 3122 683 enim
3151 640 3372 700 propter
3397 632 3570 687 facili-

1997 720 2163 767 tatem
2191 713 2576 785 intelligentiae
2612 716 2712 771 feci
2731 719 2794 771 “.
2825 720 2932 775 Sed
2962 722 3007 775 si
3033 723 3156 791 quis
3180 724 3568 793 proprietatem

1997 805 2461 874 interpretationis
2483 809 2633 877 sequi
2663 810 2926 877 voluerit,
2954 828 3051 882 pro
3072 816 3369 869 extendens
3394 804 3571 885 potest

1995 894 2177 949 dicere
2204 899 2547 965 pervenire“
2575 899 2655 953 vel
2683 909 2964 969 penetrare
2994 901 3197 957 faciens
3218 945 3234 968 ,
3265 914 3323 959 ut
3351 906 3475 961 talis
3500 906 3573 960 sit

1995 998 2218 1040 sensus:
2242 986 2289 1039 Α
2315 988 2799 1055 supercaelestibus
2822 992 3072 1048 essentiis
3095 1009 3265 1063 usque
3291 998 3358 1050 ad
3387 990 3567 1053 novis-

1994 1075 2131 1128 sima
2164 1084 2341 1131 terrae
2363 1079 2661 1133 bonitatem
2682 1096 2853 1146 suam,
2897 1083 3001 1139 hoc
3040 1094 3124 1140 est
3154 1089 3571 1156 providentiam,

1992 1167 2197 1233 omnia,
2224 1184 2365 1238 quae
2392 1179 2535 1236 sunt,
2581 1184 2869 1241 penetrare
2910 1173 3058 1230 facit.
3089 1175 3362 1248 Tanquam
3404 1182 3574 1235 omnis

1992 1259 2245 1313 essentiae
2271 1262 2708 1331 superprincipale
2734 1265 3046 1336 principium
3081 1276 3130 1321 et
3160 1284 3320 1322 causa
3338 1311 3353 1335 ,
3398 1274 3573 1326 omnia

1992 1351 2494 1419 superessentialiter
2544 1353 2957 1409 immensurabili
2991 1358 3308 1412 continentia
3350 1361 3599 1415 circum--

1994 1438 2185 1507 ligans.
2208 1438 2325 1494 Non
2350 1441 2624 1505 inmerito,
2647 1442 2844 1512 inquit,
2868 1446 3203 1514 providentia
3247 1449 3362 1518 ejus
3385 1460 3572 1505 exten-

1994 1529 2142 1584 ditur
2171 1530 2223 1584 in
2246 1531 2425 1585 omnia
2449 1573 2463 1597 ,
2496 1534 2579 1587 vel
2609 1544 2858 1603 penetrat
2877 1538 3079 1593 omnia.
3104 1540 3198 1594 Est
3221 1542 3366 1596 enim
3395 1544 3572 1597 omnis

1995 1622 2266 1676 essentiae
2356 1626 2807 1692 supercssentiale
2891 1629 3248 1698 principium,
3315 1640 3373 1685 et
3451 1647 3568 1687 om-

1996 1711 2083 1765 nia
2143 1715 2666 1780 superessentialiter
2744 1718 3165 1775 immensurabili
3242 1722 3572 1777 continentia

1995 1796 2355 1873 circumligat.
2405 1803 2507 1859 Ubi
2553 1806 2823 1873 simﬂiter,
2874 1817 2933 1862 ut
2989 1810 3200 1865 facilius
3252 1811 3573 1882 intelligere-

305 1880 488 1947 piunt,
532 1886 794 1948 tanquam
846 1877 1137 1932 deiformes
1180 1878 1348 1933 divini
1379 1878 1484 1935 loci
1515 1888 1641 1933 sunt
1676 1880 1893 1937 divinae

1997 1901 2102 1957 tur,
2162 1893 2542 1965 circumligans
2595 1897 2844 1951 transtuli
2896 1914 2995 1969 pro
3039 1914 3239 1970 graeco
3287 1902 3572 1972 participio

302 1966 503 2035 quietis
523 2006 538 2030 ,
573 1974 631 2020 ut
656 1975 847 2020 sancta
879 1973 1148 2020 testantur
1174 1966 1412 2035 eloquia.
1457 1966 1515 2022 In
1560 1968 1696 2037 ipsis
1721 1968 1890 2038 siqui-

302 2060 424 2112 dem
455 2057 595 2112 Deus
620 2058 872 2126 quiescit.
903 2056 1257 2113 Theodocbos
1282 2065 1464 2113 autem
1498 2059 1700 2115 dicitur
1729 2061 1889 2130 quasi

300 2152 418 2206 θιοῦ
440 2149 620 2221 δοχός,
648 2151 750 2204 hoc
772 2157 875 2214 est,
898 2148 991 2203 Dei
1021 2158 1290 2220 receptor.
1314 2150 1433 2218 Quo
1461 2152 1683 2207 nomine
1706 2152 1889 2208 omnis

306 2256 477 2309 purus
510 2242 721 2295 animus
755 2241 869 2295 sive
908 2241 1177 2296 humanus
1219 2242 1337 2296 sive
1381 2240 1659 2312 angelicas
1705 2251 1890 2313 potest

310 2332 518 2387 vocari.
542 2332 601 2385 tu
627 2332 759 2401 ipsis
794 2333 939 2386 enim
965 2332 1173 2387 duobus
1203 2333 1346 2388 Deus
1369 2334 1622 2403 quiescit.
1657 2334 1724 2388 Et
1757 2336 1888 2406 quia

311 2438 507 2476 manas
527 2432 599 2474 est
625 2432 669 2475 et
687 2422 710 2452 ⁸
729 2422 929 2486 unitas,
948 2432 1049 2476 tres
1072 2423 1505 2477 substantialiter.
1527 2423 1644 2481 Hoc
1670 2440 1887 2496 quoque

309 2509 716 2565 subintrotiucit
736 2509 755 2540 ⁷
783 2510 1129 2578 sequentibus
1154 2524 1214 2566 se
1229 2511 1517 2566 ierarcbiis
1534 2514 1709 2582 prima
1725 2516 1887 2570 ierar-

308 2604 435 2658 cbia
465 2602 749 2666 caelestis,
776 2601 919 2671 quod
948 2601 1258 2664 thearchia,
1288 2601 1342 2657 id
1373 2602 1755 2671 estDivinitas,
1786 2622 1893 2662 mo-

306 2702 482 2766 nas”,~
503 2701 617 2761 .boc
646 2709 731 2755 est
758 2699 968 2764 unitas;
999 2707 1110 2753 tres
1159 2697 1609 2763 substantialiter,
1633 2699 1891 2755 Divinitas

308 2794 509 2863 quippe
535 2792 716 2847 unitas
743 2800 828 2846 est
848 2792 902 2846 in
929 2791 1166 2846 essentia
1186 2831 1201 2854 ,
1226 2791 1447 2847 trinitas
1473 2793 1524 2846 in
1549 2791 1879 2848 substantiis.

310 2883 459 2936 tuter
491 2884 723 2937 monada
765 2892 942 2937 autem
982 2891 1036 2937 et
1082 2882 1289 2947 enada,
1320 2882 1565 2952 quamvis
1604 2885 1742 2952 apud
1787 2900 1886 2939 nos

316 2986 483 3025 unam
511 2972 748 3025 habeant
783 2972 1322 3041 interpretationem,
1356 2987 1543 3027 monas
1582 2974 1720 3027 enim
1750 2973 1883 3029 diei-

314 3069 409 3115 tur
454 3061 671 3126 unitas,
712 3062 962 3116 similiter
999 3076 1129 3117 enas
1176 3062 1383 3127 unitas,
1425 3063 1543 3118 talis
1582 3063 1881 3120 diﬂ'erentia

309 3153 532 3207 videtur
561 3153 851 3217 interesse,
884 3155 1027 3223 quod
1056 3169 1240 3209 monas
1264 3154 1335 3210 sit
1362 3156 1574 3225 proprie
1602 3156 1717 3227 ipsa
1757 3158 1880 3211 uni-

308 3252 423 3307 tas,
473 3257 541 3297 ex
585 3258 687 3313 qua
735 3257 922 3297 omnes
950 3245 1154 3299 numeri
1198 3245 1523 3314 procedunt,
1553 3247 1894 3319 principium

300 3333 502 3402 quippe
530 3339 586 3385 et
611 3347 771 3386 causa
798 3342 881 3387 est
904 3333 1065 3387 totius
1089 3334 1513 3400 numerositatis,
1541 3349 1673 3391 enas
1693 3335 1716 3366 ⁹
1750 3350 1884 3392 vero

300 3430 378 3475 e51
398 3422 511 3489 ipsa
534 3421 717 3476 unitas
736 3422 1161 3477 substantiarum
1176 3423 1292 3478 sive
1306 3424 1359 3478 in
1374 3426 1818 3494 superessentiali
1834 3427 1881 3460 "

299 3513 533 3570 essentia
557 3554 571 3578 ,
598 3528 739 3581 quae
768 3514 911 3568 Deus
938 3523 1054 3581 est,
1085 3514 1200 3571 sive
1234 3516 1290 3570 in
1320 3518 1642 3586 generibus,
1683 3518 1797 3574 sive
1828 3521 1881 3573 in

298 3605 516 3669 formis,
545 3613 599 3657 et
623 3604 945 3675 simpliciter
974 3606 1029 3659 in
1059 3606 1310 3662 omnibus
1330 3646 1345 3672 ,
1388 3621 1530 3677 quae
1555 3621 1718 3661 unam
1748 3621 1880 3662 ean-

296 3696 526 3768 demque
552 3697 884 3767 participant
904 3698 1214 3753 essentiam.
1241 3698 1432 3753 Divina
1458 3699 1641 3768 itaque
1666 3700 1881 3756 bonitas

296 3804 489 3843 monas
509 3796 615 3852 est,
637 3789 895 3858 quoniam
918 3789 1240 3858 principium
1263 3798 1319 3844 et
1344 3803 1508 3844 causa
1533 3797 1616 3845 est
1636 3790 1878 3845 omnium

295 3895 438 3950 quae
488 3888 645 3944 sunt,
681 3880 871 3934 eoas“
917 3891 1096 3934 autem
1117 3922 1131 3945 ,
1162 3880 1417 3950 quoniam
1445 3881 1628 3937 unitas
1652 3882 1793 3937 est“
1824 3883 1877 3936 in

297 3971 477 4025 tribus
502 3970 820 4024 substantiis
838 4010 853 4034 ,
883 3979 939 4024 et
971 3978 1081 4025 tres
1104 3970 1440 4025 substantiae
1470 3970 1524 4025 in
1553 3971 1761 4027 unitate
1786 3987 1880 4027 es-

296 4059 527 4114 sentiae.
554 4059 599 4110 Α
625 4058 1085 4128 supercaelestibus
1123 4061 1360 4113 essentiis
1407 4075 1569 4129 usque
1602 4062 1672 4115 ad
1709 4063 1879 4117 novis-

288 4150 429 4224 sima
447 4149 493 4183 ⁸³
514 4159 686 4203 terrae
705 4150 983 4204 extendens
1007 4150 1283 4203 bonitatem
1305 4166 1455 4204 suam
1475 4151 1532 4205 in
1549 4152 1724 4207 omnia
1745 4170 1879 4223 quae

296 4250 419 4295 sunt
441 4241 838 4310 providentiam.
869 4240 981 4294 Hoc
1010 4239 1136 4293 item
1164 4240 1336 4310 prima
1372 4240 1642 4297 ierarcbia
1672 4243 1727 4297 in
1760 4242 1880 4298 lau-

298 4330 424 4384 dem
453 4327 762 4383 Divinitatis
790 4327 1209 4393 subintroducit,
1238 4329 1380 4399 quod
1409 4344 1441 4383 a
1471 4330 1876 4388 sublimissimis

298 4419 632 4473 caelestibus
658 4421 903 4474 essentiis
934 4433 1105 4488 usque
1150 4419 1219 4473 ad
1263 4419 1553 4474 novissima
1585 4429 1763 4477 terrae
1795 4423 1876 4476 in-

296 4498 475 4562 tendit
487 4509 783 4564 bonitatem
798 4524 970 4573 suam,
988 4508 1241 4564 videlicet
1267 4509 1320 4563 in
1335 4510 1538 4574 omnia,
1558 4525 1699 4580 quae
1721 4522 1871 4578 sunt,

300 4601 715 4669 providentiam.
744 4598 811 4655 Et
837 4615 997 4654 nemo
1024 4599 1340 4666 arbitretur,
1367 4615 1453 4655 me
1482 4616 1578 4671 per
1619 4604 1877 4672 ignoran-

301 4693 425 4746 tiam
450 4692 799 4749 transtulisse
826 4710 840 4749 :
865 4691 1182 4759 extendens,
1210 4705 1311 4762 pro
1353 4706 1551 4762 graeco
1592 4696 1876 4767 participio

1992 1980 2457 2058 περιδεδραγμὲνη,
2508 1985 2653 2054 quod
2700 1989 2917 2057 proprie
2962 1990 3346 2062 interpretatur
3388 1992 3572 2064 palmo

1990 2072 2077 2128 vel
2097 2089 2277 2146 pugno
2291 2090 2408 2130 com
2417 2079 2774 2145 prehendens.
2797 2078 2944 2136 Finit
2960 2083 3247 2154 capitulum
3270 2087 3565 2157 septimum;

1992 2163 2185 2234 Incipit
2214 2175 2470 2221 octavum.

2438 2280 2924 2342 CAPITULUM
2963 2286 3124 2345 VIII.

2466 2395 2631 2467 Cujus
2658 2399 2922 2469 praefatio
2946 2413 3030 2459 est
3069 2422 3084 2461 :

1988 2503 2066 2559 De
2091 2503 2545 2579 Dominationibus
2567 2519 2616 2563 et
2649 2508 2940 2567 Virtutibus
2967 2524 3016 2568 et
3041 2514 3399 2577 Potestatibus
3432 2531 3482 2577 et
3501 2522 3570 2579 de

2411 2578 2587 2632 media
2607 2596 2789 2635 earum
2815 2583 3075 2637 ierarcltia
3092 2599 3143 2641 ι.

2059 2691 2088 2761 §
2120 2692 2172 2745 1.
2215 2689 2614 2746 Transeundum
2656 2710 2794 2748 nunc
2839 2696 2986 2751 nobis
3026 2698 3081 2751 in
3109 2699 3150 2732 "
3190 2702 3417 2758 mediam
3444 2720 3567 2760 cae-

1985 2781 2194 2836 lestium
2214 2781 2568 2836 intellectum
2597 2783 2970 2852 expositionem
2985 2825 3001 2851 ,
3027 2787 3422 2847 Dominationes
3444 2794 3566 2849 illas

1984 2873 2424 2940 supermundanis
2472 2870 2656 2936 oculis,
2695 2881 2953 2942 quantum
2993 2878 3240 2945 possibile
3264 2889 3366 2946 est,
3389 2884 3568 2952 explo-

1984 2961 2247 3025 rantibus,
2268 2970 2318 3014 et
2343 2977 2458 3015 vere
2485 2962 2718 3031 potentia
2743 2962 3104 3030 speculamina
3127 2965 3431 3025 divinarum
3454 2971 3564 3028 Po-

1984 3058 2230 3103 testatum
2275 3058 2326 3103 et
2375 3046 2659 3103 Virtutum.
2689 3048 2817 3105 Post
2851 3051 3313 3122 explanationem,-
3365 3058 3559 3130 inquit,

1983 3138 2194 3206 primae
2217 3146 2272 3191 et
2293 3138 2636 3194 sublissimae
2672 3139 2975 3197 ierarcbiae
3006 3147 3395 3202 transeundum
3416 3166 3563 3208 nunc

1986 3231 2038 3283 in
2064 3230 2295 3285 mediam
2319 3231 2666 3297 ierarchiam,
2696 3247 2838 3303 quae
2861 3235 3027 3291 etiam
3066 3239 3304 3295 secunda
3331 3251 3434 3309 est,
3461 3258 3560 3300 no-

1988 3323 2072 3378 bis
2098 3323 2525 3394 explorantibus,
2561 3326 2647 3382 vel
2667 3328 2809 3384 sicut
2832 3330 3050 3399 proprie
3075 3331 3421 3402 transfertur,
3455 3351 3559 3393 no-

1986 3410 2070 3465 bis
2095 3412 2432 3469 intuentibus
2462 3415 2868 3473 Dominationes
2884 3418 2928 3451 ¹⁸
2956 3419 3079 3475 illas
3103 3420 3559 3484 intellectualibus

1985 3503 2157 3559 oculis
2184 3507 2479 3562 secundum
2519 3515 2759 3563 nostram
2789 3511 3225 3580 possibilitatem,
3253 3522 3312 3571 et
3351 3516 3408 3573 in
3432 3532 3561 3575 vero

1984 3594 2280 3663 potentia"
2331 3597 2697 3668 speculamina
2765 3599 3072 3658 divinarum
3126 3602 3463 3663 Potestatum
3505 3619 3563 3663 et

1985 3682 2276 3750 Virtutum,
2312 3686 2562 3741 similiter
2605 3687 2864 3745 subaudis
2908 3693 3317 3749 transeundum.
3346 3693 3557 3750 Etenim

1984 3786 2326 3844 unaquaeque
2351 3793 2508 3846 super
2530 3795 2623 3833 nos
2654 3778 3000 3837 essentiarunt
3031 3784 3415 3853 cognominatio
3433 3802 3558 3855 pro-

1981 3864 2098 3931 pria
2125 3881 2309 3920 earum
2329 3867 2589 3936 signiﬁcat
2610 3871 2822 3926 virtutes
2836 3871 2902 3926 '°.
2932 3871 3110 3943 Igitur
3126 3884 3431 3930 sanctarum
3445 3875 3556 3932 Do-

1982 3963 2328 4018 minationum
2373 3961 2811 4030 manifestativam
2881 3964 3289 4019 nominationem
3342 3967 3560 4021 aestimo

1981 4056 2248 4111 declarare
2268 4052 2560 4106 absolutam
2584 4054 2850 4123 quandam
2891 4066 2939 4107 et
2969 4056 3110 4109 omni
3136 4056 3425 4124 ignominia
3460 4061 3561 4110 mi.

1982 4145 2271 4201 norationis
2297 4142 2513 4195 liberant
2555 4158 2840 4211 auagogen.
2873 4143 3025 4209 Quod
3059 4145 3224 4198 etiam
3251 4144 3330 4198 sic
3364 4161 3526 4215 passu
3548 4178 3561 4190 .

1983 4253 2104 4295 mus
2148 4231 2513 4301 interpretari,
2552 4245 2658 4286 non
2692 4231 2942 4285 servilem
2983 4235 3257 4301 quandam
3308 4244 3366 4288 et
3403 4242 3553 4295 omni

1982 4323 2321 4399 subpedestri
2376 4321 2739 4377 minoratione
2795 4320 3023 4377 liberam
3073 4337 3375 4395 anagogen.
3436 4329 3556 4384 Hoc

1980 4434 2196 4492 quoque
2235 4418 2287 4471 in
2324 4413 2573 4469 laudibus
2616 4411 2960 4467 Thronorum
2997 4413 3195 4483 posuit.
3237 4414 3557 4486 Ignominia-

1981 4529 2100 4570 sum
2123 4510 2319 4581 quippe
2368 4512 2452 4561 est
2479 4513 2536 4559 et
2573 4502 2953 4559 minorationis
2997 4514 3055 4560 et
3095 4501 3466 4577 subiectionis,
3497 4510 3553 4570 id

1985 4611 2086 4669 est,
2116 4597 2395 4658 servitutis
2424 4594 2705 4659 indicium,
2732 4591 2868 4662 pede
2900 4592 3134 4667 ingredi,
3163 4611 3229 4652 ex
3252 4613 3358 4668 qua
3380 4598 3551 4658 libera

1980 4708 2036 4754 et
2061 4693 2307 4750 absoluta
2339 4695 2423 4745 est
2464 4685 2776 4743 caelestium
2805 4685 3242 4745 Dominationum
3286 4705 3551 4766 anagoge,

1572 4812 1825 4875 VADIAE
1864 4813 2263 4875 LECTIONES.

360 4930 380 4963 ⁸
402 4930 574 4998 ipsam
598 4940 712 4998 om.
729 4925 1012 4998 gA‘BLadd.
1042 4941 1108 4980 ex
1149 4939 1294 4998 vers.
1338 4932 1571 4998 ethtext.
1606 4976 1609 4977 ν

285 5001 467 5056 adscr.
499 5006 597 5051 est.

1720 4945 1803 4985 ec.
1879 4932 1900 4962 ¹
1944 4929 2037 4983 Sic
2073 4927 2146 4989 C,
2187 4924 2276 4978 AB
2320 4923 2605 4978 benedicta.
2697 4923 2716 4954 ³
2742 4921 2803 4976 B‘
2864 4937 3009 4978 corr.
3058 4923 3361 4978 theotochis.
3442 4922 3551 4978 ‘B'

677 4996 707 5066 ξ
723 4995 816 5050 Sic
853 4995 895 5051 C
940 5004 996 5050 et
1035 5010 1178 5050 corr.
1228 4995 1311 5058 B‘,
1359 4995 1450 5066 AB
1494 4991 1777 5053 benedicta.
1855 5000 1943 5053 “et
1985 5014 2095 5053 om.
2128 4994 2277 5066 AD._
2310 4992 2432 5066 add.
2470 5008 2552 5066 ex
2610 5010 2751 5049 vers.
2810 5000 3269 5066 et_tc‘xt._graec.
3345 4993 3367 5026 ⁷
3398 4991 3550 5049 Bin-

289 5070 536 5122 troducit.
614 5066 637 5098 ⁸
679 5064 743 5118 B'
802 5080 963 5136 supra
1004 5066 1182 5136 adscr.
1228 5076 1323 5119 est.
1399 5064 1421 5096 °
1468 5065 1514 5136 ᾼ
1551 5068 1732 5136 εηηρε.
1758 5065 1799 5122 Β
1833 5069 2016 5136 enalts.
2091 5067 2136 5136 Ψ
2164 5065 2210 5118 A
2248 5064 2291 5136 Β
2316 5062 2419 5136 sive
2464 5063 2519 5115 in
2552 5061 3003 5136 sliperessentiali,
3040 5060 3186 5136 ῼξξτῖ
3220 5079 3550 5136 superesscn:

283 5141 424 5193 tinli.
500 5138 545 5195 ’ἓ
572 5137 613 5191 Α
644 5136 804 5190 enalts
835 5128 882 5189 B-
899 5135 1081 5201 enalts.
1158 5135 1210 5167 “'
1235 5144 1309 5189 est
1333 5150 1442 5189 om.
1470 5134 1531 5189 Β.
1608 5129 1976 5192 ¹³“[ὶει‹ί.εοι“ι².
2009 5137 2078 5201 B;
2109 5135 2155 5188 Α
2177 5133 2537 5197 novissimum,
2563 5128 2980 5201 B'novissimam.
3060 5128 3363 5201 {fEmen'dq
3386 5131 3431 5201 AA
3452 5131 3545 5183 BC

279 5208 582 5280 praeconio.
666 5207 712 5238 ¹⁸
742 5197 1120 5280 B_{acili_tdtem
1163 5205 1262 5273 feci
1284 5204 1675 5280 intelligentiae.
1703 5207 1794 5280 _”
1823 5197 2094 5280 SichBCi.

2195 5204 2236 5235 "
2272 5202 2330 5258 Β·
2361 5196 2527 5282 supr.
2560 5202 2737 5282 adscr.
2772 5208 2866 5281 ,σεξ
2912 5200 2987 5250 in.
3009 5266 3020 5277 .
3067 5196 3110 5227 ¹⁸
3136 5197 3181 5250 A
3212 5197 3542 5282 donationes.

286 5265 329 5308 θ’
351 5279 445 5333 Sic
477 5278 520 5333 C
545 5286 602 5330 et
620 5265 868 5338 corr;B",
897 5274 984 5328 AB
1014 5290 1127 5328 vere
1153 5265 1395 5343 poten'ie.
1450 5265 1516 5307 ⁷ὀ
1543 5274 1633 5329 Sic
1653 5276 1760 5340 AB,
1792 5277 1970 5332 versio
1997 5277 2156 5330 habet
2181 5291 2194 5325 :
2229 5265 2630 5341 cngnmninatio
2655 5271 2748 5324 Dei
2767 5266 3080 5321 imitatorias
3110 5277 3299 5320 earum
3339 5265 3543 5332 signi/io

281 5361 361 5402 cat
386 5348 674 5417 deiformes
698 5343 1062 5415 proprietates,
1083 5359 1223 5412 quae
1242 5358 1363 5397 cum
1389 5353 1535 5398 textu
1559 5362 1754 5415 graeco
1783 5348 1850 5402 ad
1870 5348 2093 5403 verbum
2123 5344 2466 5399 conveniunt.

1807 5466 1987 5521 ΝΟΤΛ
1997 5467 2038 5520 Ε

342 5587 437 5637 Ἀ
474 5581 684 5637 litteris
723 5579 965 5653 miniatis
1004 5598 1018 5633 :
1052 5579 1196 5653 init
1237 5580 1523 5653 capitulum
1558 5585 1850 5653 septimum.

279 5652 467 5719 Incipit
489 5661 756 5712 octavum,
766 5650 924 5719 cujus
943 5651 1200 5719 praefatio
1221 5650 1382 5706 estde
1402 5650 1853 5706 Dominationibus

276 5733 321 5773 et
354 5718 656 5775 Virtutibus
679 5729 727 5772 et
754 5718 1104 5773 Potestatibus
1124 5732 1173 5774 et
1198 5729 1263 5775 de
1284 5723 1458 5775 media
1482 5738 1664 5775 earum
1695 5724 1859 5774 ierar—

278 5792 405 5846 clu'a.
437 5792 480 5846 Β
516 5789 719 5843 litteris
762 5789 996 5843 tniniatis
1022 5804 1037 5841 :
1070 5788 1372 5861 Capitulum
1405 5808 1597 5846 nonum
1616 5790 1679 5844 de
1706 5787 1858 5844 Prin-

592 5880 872 5940 PATROL.
912 5878 1174 5965 CXXll.

1965 5578 2164 5639 ciuibus
2193 5586 2239 5630 et
2265 5575 2682 5645 ArcltangelisAet
2704 5566 2915 5637 Angelis
2954 5575 3000 5619 et
3041 5563 3119 5645 de
3150 5562 3334 5618 ultima
3362 5581 3541 5645 eorum

1962 5635 2254 5711 iei'archia;
2302 5648 2362 5700 Β*
2436 5635 2501 5699 id
2539 5635 2914 5711 inlituapat‘te
2944 5635 3306 5711 membranae
3360 5638 3539 5711 adscr.

1965 5698 2264 5784 capitulum
2302 5698 2471 5784 *VIIil
2513 5717 2576 5764 de
2599 5698 3053 5784 Domiuatiortibus
3080 5714 3142 5784 et
3183 5698 3467 5761 Virtutibus
3491 5719 3540 5763 et

1973 5776 2321 5839 Potestatibus
2347 5783 2480 5836 etde
2501 5777 2669 5834 media
2698 5792 2876 5831 eorum
2901 5776 3182 5830 icrarcliia.

3108 5866 3147 5924 ’1
