4178 6266
546 376 667 433 ’195

1686 371 2183 431 EXPOSITIONES
2214 365 2498 425 JOANNIS
2537 366 2735 424 SCOTl

3724 376 3823 432 I96

564 489 669 544 hoc
696 492 803 553 est,
820 500 1033 542 sursum
1065 501 1254 540 versus
1275 484 1536 550 attuudo;
1566 486 1642 540 nil
1668 487 1812 541 enim
1838 495 2135 556 terrenum,
2165 491 2215 549 Λ
2241 480 2524 547 membris,
2553 478 2874 534 subauditur
2898 493 2928 533 a
2951 481 3362 549 superioribus:
3391 485 3622 542 aestimo
3646 488 3826 545 decla-

567 583 639 637 nil
665 582 793 640 vile.
839 581 910 636 nil
964 579 1157 633 servile
1209 580 1444 648 ipsarum
1497 578 1834 635 altitudinem
1863 582 2133 652 deprimit.

570 673 692 728 Non
728 671 989 726 assimilat
1042 669 1438 739 tyrannicarum
1476 670 1962 726 dissimilitudinum
1988 674 2001 703 '
2029 672 2136 726 ullo

565 764 742 827 modo,
760 762 865 816 hoc
886 769 988 824 est,
1022 774 1085 813 se
1107 759 1299 828 tingit’
1320 758 1401 813 vel
1425 759 1636 815 colorat
1658 761 1869 816 illarum
1889 761 2134 826 altitudo,

566 868 729 906 unam
777 866 897 906 esse
929 850 1328 921 tyrannicarum
1358 849 1881 905 dissimilitudinum.
1928 851 2137 922 Tyran-

567 944 687 998 nica
714 944 912 1013 quippe
938 940 1233 997 dominatio
1250 955 1413 995 verae
1436 941 1799 997 Dominationi
1824 941 2136 997 dissimilis'

563 1042 666 1086 est.
692 1031 963 1087 Caelestes
1009 1040 1188 1085 autem
1216 1029 1621 1107 Dominationes
1667 1046 1772 1085 non
1819 1032 2097 1102 tyrannice
2119 1071 2134 1095 ,

566 1137 671 1176 non
727 1122 981 1190 superbe,
1036 1120 1130 1173 sed
1180 1121 1421 1175 modeste
1449 1127 1506 1174 et
1534 1119 1810 1175 lmmiliter
1850 1120 1904 1173 in
1953 1135 2140 1175 amore

565 1213 659 1267 Dei
702 1220 759 1268 et
809 1211 1147 1267 subditorum
1197 1210 1299 1265 sibi
1347 1209 1708 1265 dominantur.
1772 1206 2140 1265 Universaliter

565 1320 683 1358 eam
735 1302 1043 1356 inclinatam
1074 1300 1392 1356 liberaliter‘
1437 1316 1665 1354 severam
1707 1299 2138 1366 dominationem,

566 1397 708 1449 omni
734 1395 1013 1448 minutivae
1027 1393 1048 1424 ⁵
1060 1392 1292 1447 servituti
1306 1391 1704 1461 superpositam,
1727 1405 1756 1445 a
1772 1390 2141 1460 superioribus

566 1486 902 1550 subauditur,
934 1485 1148 1538 aestimo
1180 1482 1470 1547 declarare,
1492 1481 1872 1536 universaliter
1916 1480 2135 1536 inclina-

566 1586 677 1635 tam
700 1576 941 1631 modeste
968 1584 1021 1628 et
1046 1573 1320 1628 humiliter
1340 1580 1395 1627 et
1418 1570 1712 1627 liberaliter
1732 1584 2002 1635 severam,
2028 1569 2142 1624 sive

565 1677 625 1721 ut
645 1674 823 1737 potest
849 1664 1155 1728 transferri,
1203 1660 1730 1732 irreprehensibilem
1762 1659 1784 1691 ⁸
1816 1658 2140 1715 dominatio-

569 1772 694 1812 nem
726 1754 1120 1826 superpositam
1152 1753 1298 1808 omni
1325 1752 1681 1807 niinorativae
1701 1748 1970 1806 servituti.
2014 1748 2138 1807 Non

2246 585 2389 625 rare.
2418 569 2644 640 Pr0prie
2665 565 2718 625 ὂν
2744 569 3069 635 universale,
3098 570 3275 640 ipsum
3323 589 3597 630 summum
3626 578 3825 635 bonum

2243 660 2395 724 dicit,
2426 659 2569 729 quod
2619 659 2836 729 preprie
2882 669 2986 724 est,
3027 669 3083 714 et
3128 663 3440 721 universale
3483 669 3686 723 bonum
3722 680 3823 726 est.

2243 751 2437 807 Omnia
2464 752 2729 821 siquidem
2754 753 2893 807 bona
2930 768 3038 808 non
3067 770 3166 824 per
3195 771 3255 811 se
3292 758 3454 823 bona.
3486 763 3580 816 sed
3601 765 3828 832 partici-

2242 842 2460 911 patione
2507 841 2827 897 universalis
2863 841 3022 908 boui,
3069 846 3214 914 quod
3242 861 3367 902 vere
3386 849 3433 879 ⁸³
3468 850 3667 905 bonum
3717 863 3821 916 est,

2242 935 2383 989 bona
2412 943 2557 989 sunt.
2583 934 2812 1003 Ideoque
2837 936 2969 990 dixit
2996 953 3009 989 :
3033 937 3101 991 ad
3122 938 3323 994 nullum
3347 957 3479 995 vana
3495 944 3819 1011 videntium,

2244 1025 2350 1081 hoc
2373 1033 2479 1091 est,
2511 1025 2575 1079 ad
2591 1025 2794 1079 nullum
2818 1026 3246 1096 corum“,quae
3274 1045 3370 1100 per
3398 1046 3454 1085 se
3480 1034 3821 1089 considerata

2244 1131 2384 1171 vana
2400 1116 2980 1172 videntur.Videntium
2999 1118 3145 1172 enim
3162 1120 3293 1173 dicit
3312 1136 3409 1189 pro
3435 1121 3693 1187 visorum,
3718 1124 3824 1179 hoc

2244 1216 2348 1273 est,
2384 1223 2525 1275 quae
2553 1208 2822 1272 videntur,
2849 1208 3202 1264 usitatissimo
3231 1212 3278 1242 "
3300 1210 3630 1268 Graecorum
3651 1230 3817 1276 more,

2244 1310 2301 1355 et
2334 1300 2457 1369 quia
2481 1315 2511 1353 a
2535 1299 2698 1354 verbo
2728 1298 2999 1371 discum“
3018 1341 3033 1364 ,
3062 1302 3166 1355 hoc
3191 1310 3275 1356 est
3298 1303 3455 1358 video
3478 1311 3532 1357 et
3545 1305 3588 1336 "'
3616 1305 3822 1369 videor,

2245 1389 2560 1452 derivatur,
2594 1389 2848 1457 quoniam
2889 1404 3175 1446 commune
3221 1399 3345 1457 est;
3390 1401 3450 1447 ut
3492 1393 3564 1448 sit
3586 1409 3821 1448 sensus:

2245 1481 2340 1536 sed
2361 1480 2411 1512 ’⁸
2442 1479 2671 1535 aestimo
2699 1478 2976 1535 declarare
2997 1494 3318 1535 conversam
3363 1497 3470 1537 non
3511 1484 3578 1538 ad
3623 1484 3826 1554 aliquid

2244 1588 2455 1637 eorum,
2478 1585 2616 1642 quae
2660 1585 2801 1625 vana
2848 1572 3119 1635 videntur,
3180 1573 3304 1642 quia
3334 1588 3432 1642 per
3456 1588 3515 1628 sc
3552 1588 3661 1627 non
3695 1574 3825 1629 sub-

2245 1662 2467 1726 sistunt,
2504 1660 2597 1715 sed
2644 1660 2711 1714 ad
2753 1662 2827 1724 id,
2854 1661 2996 1730 quod
3031 1663 3251 1730 proprie
3282 1670 3366 1716 est
3395 1670 3450 1716 et
3489 1662 3816 1718 universale.

2244 1751 2812 1816 Animadvertendum,
2862 1750 3006 1821 quod
3050 1749 3240 1806 Graeci
3285 1751 3452 1806 Deum
3497 1759 3691 1806 vocant
3717 1752 3819 1807 ali-

563 1848 878 1918 indigentem
929 1844 1264 1913 subiectionis
1306 1842 1471 1896 omnis
1523 1852 1572 1894 et
1619 1850 1871 1895 remotam
1917 1839 1981 1894 ab
2023 1837 2139 1892 uni-
2168 1827 2215 1887 Β
2246 1847 2461 1916 quando
2483 1843 2805 1900 neutraliter
2830 1840 2887 1899 ὃν
2913 1883 2928 1908 ,
2959 1843 3101 1912 quod
3152 1850 3254 1906 est,
3281 1842 3571 1911 aliquando
3612 1858 3822 1898 masc“-

564 1952 715 1993 versa
749 1933 1175 1989 dissimilitudine
1208 1941 1254 1984 et
1283 1931 1608 1999 kyriarcltiae
1629 1930 1647 1960 ⁷
1685 1931 2005 1983 incessanter
2048 1944 2142 1997 ap-

565 2034 841 2096 petentem.
889 2022 1129 2078 Aestimo
1176 2019 1451 2075 declarare
1477 2017 1713 2073 t'nullius
1756 2014 2139 2086 subjeclionis'

569 2114 935 2183 indigentem,
975 2109 1077 2163 nisi
1112 2108 1269 2163 soli‘o
1314 2108 1424 2162 Deo
1469 2107 1584 2161 et“
1630 2106 1970 2176 praecedenti
1995 2106 2037 2138 ¹²
2085 2120 2143 2159 se

568 2203 902 2267 ierarchiae;
929 2209 982 2255 et
998 2207 1259 2255 remotam
1282 2198 1350 2252 ab
1363 2197 1510 2252 omni
1534 2196 1987 2260 dissimilitudine,
2003 2209 2142 2263 quae

566 2311 686 2351 eam
702 2294 995 2350 deformem
1013 2291 1436 2360 dissimilemque
1449 2288 1688 2345 Creatori
1706 2288 1851 2344 “suo
1866 2287 2062 2343 elliciat
2076 2287 2140 2352 ω,

567 2394 624 2440 et
646 2383 1012 2455 kyriarcltiam
1030 2382 1075 2415 ¹⁸
1101 2422 1117 2447 ,
1140 2381 1244 2436 hoc
1273 2389 1377 2445 est,
1413 2379 1584 2449 ipsam
1612 2379 1978 2444 Divinitatem,
2006 2392 2144 2448 quae

564 2474 874 2547 ityriarchia
893 2474 935 2505 ¹⁶
962 2472 1179 2537 dicitur,
1203 2470 1457 2540 quoniam
1486 2470 1737 2539 princeps
1755 2478 1839 2525 est
1863 2478 1918 2524 et
1945 2468 2145 2538 princi-

569 2572 715 2643 pium
740 2571 904 2625 totius
918 2565 1321 2629 dominationis,
1360 2565 1727 2619 indesinenter
1750 2563 2040 2618 desiderat.
2075 2560 2145 2615 Et

567 2664 637 2718 ad
680 2666 849 2734 ipsam
878 2662 1023 2715 illius
1051 2661 1211 2731 ipsius
1243 2657 1559 2712 naturaliter
1583 2655 1908 2709 subsistentia
1937 2655 2143 2708 virtutis

554 2754 998 2817 similitudinem,
1045 2759 1300 2822 quantum
1364 2745 1645 2816 possibile,
1708 2754 1756 2799 et
1804 2744 2052 2814 seipsam,
2098 2750 2145 2796 et

565 2854 836 2918 quaesitost
858 2859 974 2898 eam
1009 2850 1153 2903 sunt,
1174 2837 1501 2907 deiformiter
1536 2833 1974 2903 conformantem.
1998 2832 2147 2885 lianc

565 2936 889 2995 sententiam
918 2940 1204 3004 propterea
1230 2929 1309 2984 sic
1334 2924 1673 2995 interpretati
1700 2938 1888 2979 sumus
1912 2936 2009 2992 per
2033 2936 2147 2975 am-

566 3029 761 3090 bitum,
781 3024 1035 3094 quoniam
1054 3020 1210 3095 κυρια
1234 3018 1273 3049 "
1303 3017 1357 3069 in
1377 3015 1585 3070 Graeco
1599 3020 1686 3069 est
1706 3013 1964 3082 positum,
1994 3010 2148 3081 cujus

566 3113 948 3183 interpretatio
975 3109 1191 3178 propria
1219 3120 1327 3160 uno
1354 3119 1459 3159 non
1497 3103 1818 3174 exprimitur
1839 3102 2022 3165 verbo,
2051 3101 2145 3155 sed

567 3207 649 3261 sic
676 3218 691 3258 :
713 3179 1042 3257 naturaliter
1066 3196 1367 3253 subsistens
1391 3194 1582 3255 virtus,
1614 3199 1682 3245 ut
1698 3192 1771 3246 sit
1793 3204 1984 3245 sensus
2013 3206 2028 3243 :
2058 3187 2144 3243 ln-
2172 3179 2217 3240 C

569 3297 884 3352 desinenter
902 3288 1107 3359 appetit
1138 3284 1544 3343 similitudinem
1574 3282 1642 3335 ad
1671 3282 1841 3350 ipsam
1868 3278 2144 3350 kyrian",

569 3389 673 3442 hoc
697 3392 782 3441 est
804 3384 1081 3442 virtutem,
1114 3391 1254 3447 quae
1291 3373 1616 3429 naturaliter
1639 3386 1737 3441 per
1777 3385 1836 3425 se
1880 3369 2146 3435 subsistit,

570 3486 627 3531 et
653 3489 795 3546 quae
812 3471 946 3527 nihil
992 3469 1137 3524 aliud
1164 3477 1268 3533 est,
1302 3466 1405 3521 nisi
1444 3464 1559 3535 ipsa
1598 3477 1696 3532 per
1740 3461 1973 3530 seipsam
2020 3462 2148 3517 sub-

570 3568 771 3623 sistens
817 3560 1100 3624 Divinitas,
1150 3571 1289 3627 quae
1311 3597 1326 3620 ,
1357 3563 1615 3626 quantum
1662 3552 1935 3622 possibile,
1963 3560 2068 3619 est,
2096 3560 2153 3606 et

571 3660 770 3727 ipsam,
819 3651 1244 3708 dominationem
1279 3646 1549 3710 videlicet,
1585 3652 1640 3700 et
1684 3658 1825 3714 quae
1866 3652 1989 3714 post
2029 3657 2149 3697 eam

571 3756 720 3812 sunt,
754 3746 813 3800 in
850 3741 1199 3798 inferioribus
1244 3737 1525 3794 ordinibus
1565 3736 1890 3791 conformat.
1925 3735 2153 3790 Videtur

572 3839 718 3895 enim
754 3851 913 3909 posse
962 3835 1042 3890 sic
1078 3832 1314 3888 breviter
1334 3829 1379 3863 “
1421 3826 1740 3883 transferri:
1770 3826 1839 3882 Et
1880 3828 1948 3881 ad
1979 3827 2151 3897 ipsam

574 3929 816 3999 eiusdem
852 3922 1189 3997 propriam“
1222 3918 1651 3983 similitudinem,
1675 3926 1935 3987 quantum
1979 3918 2153 3987 possi-

570 4022 681 4077 bile
700 4021 770 4084 ³⁸,
809 4027 865 4073 et
893 4031 951 4071 se
996 4015 1190 4085 ipsam,
1218 4020 1433 4079 etquae
1459 4017 1583 4078 post
1608 4023 1726 4063 eam
1767 4015 1912 4071 sunt,
1943 4008 2153 4063 confor-

581 4122 846 4175 mantetn,
876 4117 940 4164 ut
962 4121 1155 4163 sensus
1179 4105 1251 4159 sit
1280 4121 1293 4157 :
1326 4102 1393 4157 Et
1419 4102 1650 4157 aestimo
1672 4101 1953 4157 declarare
1988 4117 2153 4172 appe-

574 4212 781 4260 tentem
829 4200 899 4255 ad
943 4198 1112 4267 ipsam
1158 4193 1431 4266 propriam
1460 4190 1868 4247 similitudinem
1890 4189 2153 4259 ejusdem,

573 4293 914 4370 kyriarehiae
967 4290 1144 4361 plane,
1186 4294 1446 4357 quantum
1482 4283 1754 4353 possibile,
1804 4291 1858 4336 et
1901 4283 2149 4351 seipsam,

582 4387 1009 4443 dominationem
1052 4381 1278 4441 scilicet,
1310 4388 1367 4433 et
1403 4391 1544 4444 quae
1571 4385 1692 4445 post
1721 4390 1838 4429 eam
1866 4384 2015 4440 sunt,
2043 4375 2156 4430 dei-

576 4475 827 4530 formiter
851 4470 1278 4526 eonformantem
1310 4475 1364 4521 et
1387 4464 1744 4533 etlingentem.
1767 4463 1833 4516 Et
1855 4466 1923 4518 ad
1952 4465 2152 4520 nullum

2241 1936 2350 1991 line
2372 1932 2458 2001 ὧν,
2480 1936 2571 2004 qui
2590 1942 2694 1990 est.
2711 1933 2779 1987 Et
2793 1933 3146 2003 kyriarclticae
3169 1932 3213 1964 ”
3231 1949 3433 2001 semper
3455 1933 3823 2002 deiformitatis

2240 2028 2296 2081 in
2320 2025 2717 2096 participatione
2737 2025 3019 2078 secundum
3040 2022 3177 2093 quod
3205 2022 3450 2091 possibile
3475 2023 3577 2091 ipsi
3602 2022 3815 2091 factum.

2244 2118 2357 2174 Hoc
2384 2118 2631 2173 ultimum
2658 2118 2878 2171 omnino
2899 2124 3063 2186 patet.
3104 2114 3255 2182 Quod
3284 2114 3430 2169 enim
3460 2114 3590 2171 dicit
3620 2115 3673 2168 in
3692 2130 3821 2184 par-

2244 2209 2552 2281 ticipatione
2612 2207 2948 2277 kyriarcbiae
2975 2206 3019 2237 ⁸ο
3089 2190 3467 2260 deiformitatis
3512 2202 3711 2257 factam
3729 2202 3773 2235 “
3800 2244 3817 2268 ,

2244 2314 2530 2356 commune
2550 2306 2637 2355 est
2662 2298 2905 2353 omnium
2926 2296 3246 2357 caelestium
3269 2293 3653 2349 essentiarum.
3686 2292 3821 2349 0m-

2243 2392 2328 2448 nis
2365 2391 2566 2463 quippe
2588 2390 2767 2446 virtus
2810 2403 2994 2444 earum
3036 2387 3091 2441 in
3139 2384 3553 2456 participatione
3597 2382 3825 2437 Deitatis

2243 2484 2405 2550 est”,
2429 2496 2571 2553 quae
2591 2481 2636 2513 ³³
2659 2489 2746 2536 est
2774 2478 3215 2534 Dominationum
3261 2477 3533 2545 princeps.
3575 2472 3753 2544 Ipsam
3776 2472 3825 2504 “

2242 2590 2362 2629 vero
2382 2581 2684 2627 sanctarum
2722 2568 3009 2632 Virtutum,
3039 2565 3358 2620 subauditur
3394 2563 3619 2618 aestimo
3651 2562 3820 2616 decla-

2247 2680 2367 2720 rare
2395 2663 2838 2727 nominationem,
2877 2661 3066 2728 fortem
3089 2657 3351 2728 quandam
3388 2665 3436 2709 et
3476 2656 3822 2707 incommuta-

2246 2755 2399 2809 bilem
2430 2753 2735 2809 oirilitatem
2763 2751 2817 2806 in
2848 2765 3024 2804 omnes
3065 2747 3350 2802 secundum
3397 2760 3577 2798 earum
3618 2743 3820 2813 deifor—

2244 2848 2478 2901 mitalem
2498 2845 2843 2915 operationes,
2868 2842 2936 2894 ad
2967 2837 3168 2895 nullam
3215 2838 3592 2908 susceptionem
3621 2837 3820 2893 indita-

2246 2952 2363 2990 rum
2396 2937 2443 2990 ei
2494 2935 2795 2988 divinarum
2841 2930 3286 2985 illuminationum
3324 2928 3646 2982 imbecilliter
3676 2927 3827 2996 inﬁr-

2246 3034 2443 3079 matam
2460 3063 2476 3089 ,
2501 3032 2735 3093 potenter
2756 3022 2809 3075 in
2834 3020 3176 3074 imitationem
3212 3018 3257 3049 ³⁵
3284 3017 3380 3073 Dei
3408 3018 3691 3081 reductam,
3723 3033 3824 3070 non

2248 3113 2619 3182 relinquentem
2660 3111 2849 3164 suimet
2878 3108 3229 3162 imbecillitate
3258 3106 3567 3175 deiformem
3597 3116 3816 3169 motum,

2248 3201 2338 3256 sed
2377 3201 2597 3270 ﬁrmiter
2623 3200 2871 3270 ferentem
2894 3200 2947 3252 in
2970 3196 3453 3263 superesscntialcm
3476 3206 3524 3250 et
3567 3195 3829 3265 potenti/i-

2250 3307 2365 3345 cam
2380 3291 2426 3323 ³⁸
2442 3292 2700 3355 virtutem,
2715 3290 2940 3359 et-ipsius
2956 3288 3233 3358 imaginem
3249 3287 3426 3341 virtuti
3444 3286 3662 3341 similem
3666 3286 3826 3354 juxta

2250 3382 2388 3453 quod
2415 3381 2532 3436 licet
2576 3382 2770 3452 factam
2793 3381 2863 3445 ⁸⁷,
2891 3389 2940 3433 et
2975 3379 3043 3433 ad
3066 3380 3233 3448 ipsam
3254 3377 3457 3449 quidem
3478 3385 3533 3430 ut
3562 3376 3829 3446 principa—

2250 3475 2348 3529 lem
2385 3475 2627 3528 virtutem
2666 3480 2900 3543 potenter
2946 3485 3280 3535 conversam,
3322 3467 3390 3521 ad
3429 3465 3655 3523 secunda
3704 3481 3824 3518 vero

2251 3565 2454 3619 virtutis
2473 3565 2725 3619 datricem
2764 3573 2811 3618 et
2851 3562 3177 3633 deiformiter
3205 3560 3610 3633 provenientem.
3648 3557 3830 3614 Nomi-

2251 3656 2426 3721 natio,
2461 3655 2657 3725 inquit,
2700 3654 2971 3710 Virtutum
3000 3652 3196 3708 fortem
3234 3660 3291 3707 et
3338 3650 3831 3707 incommutabilem

2252 3759 2442 3805 earum
2479 3746 2794 3801 virilitatem
2837 3745 2923 3800 vel
2954 3745 3193 3815 vigorem
3225 3744 3309 3798 vel
3354 3743 3729 3799 strenuitatem
3774 3740 3829 3794 in

2253 3852 2442 3892 omnes
2473 3835 2762 3893 deiformes
2789 3836 3133 3907 operatioues
3154 3835 3418 3899 declarat,
3442 3848 3582 3903 quae
3608 3830 3831 3886 virilitas

2253 3929 2397 3984 nulla
2438 3929 2802 3983 imbecillitate
2839 3928 3148 3983 infirmatur
3182 3929 3237 3982 in
3275 3927 3615 3998 susceptione
3652 3924 3832 3979 insita-

2257 4035 2376 4076 rum
2396 4020 2497 4076 sibi
2520 4020 2821 4074 divinarum
2850 4018 3320 4081 illuminationum,
3340 4030 3480 4083 quae
3509 4023 3755 4084 potenter
3778 4012 3832 4067 in

2255 4110 2613 4165 imitationem
2643 4108 2737 4165 Dei
2774 4109 3065 4173 reducitur,
3093 4108 3194 4161 hoc
3223 4114 3306 4161 est
3343 4120 3560 4160 sursum
3590 4103 3832 4167 ducitur,

2254 4215 2392 4270 quae
2429 4215 2535 4254 non
2570 4198 2885 4268 relinquit”
2913 4213 3011 4252 sua
3045 4195 3340 4259 debilitate,
3389 4193 3517 4262 quia
3557 4205 3836 4260 nunquam

2255 4291 2585 4355 debilitatur,
2611 4287 3177 4352 deiformenrmotum,
3203 4285 3297 4342 sed
3321 4285 3551 4338 firmiter
3578 4297 3640 4337 se
3662 4282 3834 4350 ipsam

2262 4382 2389 4448 fert,
2421 4383 2523 4438 hoc
2577 4390 2692 4447 est,
2724 4381 2951 4436 ﬁrmiter
2997 4380 3169 4434 tendit
3210 4380 3264 4433 in
3301 4370 3834 4448 superessentialem,

2262 4471 2503 4525 divinam
2530 4470 2686 4540 plane
2708 4472 2982 4533 virtutem,
3011 4482 3151 4538 quae
3172 4468 3217 4499 ³⁸
3243 4482 3302 4522 se
3324 4474 3594 4535 potentem
3625 4458 3836 4526 facit",

581 4582 718 4620 uana
744 4564 1046 4620 videntium.
1070 4560 1158 4614 sed
1179 4561 1249 4611 ad
1272 4557 1479 4626 proprie
1501 4554 1601 4630 *Otv
1627 4555 1914 4610 universale
1943 4572 2157 4610 conrer-
2190 4543 2237 4599 ι)
2265 4571 2319 4617 et
2346 4578 2485 4633 quae
2506 4562 2548 4594 ⁸⁸
2578 4561 2719 4618 facta
2745 4572 2830 4619 est
2851 4564 3029 4633 imago
3054 4561 3225 4632 ipsius
3248 4555 3708 4633 superessentialis
3722 4553 3837 4608 vir-

578 4671 733 4720 mm;
768 4654 825 4707 in
871 4652 1121 4707 omnibus
1163 4647 1329 4729 hujus
1364 4645 1670 4699 sententiae
1699 4645 1910 4711 colis",
1948 4646 2046 4701 hoc
2077 4656 2160 4702 est

2269 4652 2416 4715 tutis,
2450 4653 2578 4707 dum
2600 4653 2673 4707 sit
2694 4653 2880 4708 virtuti
2903 4652 3117 4717 similis,
3141 4661 3198 4706 et
3231 4662 3368 4719 quae
3394 4643 3725 4705 convertitur
3742 4655 3843 4714 po-

1857 4737 1944 4793 VA
1953 4737 2112 4794 BIAE
2149 4739 2552 4798 LECTIONES.

655 4840 672 4870 ¹
696 4834 878 4897 Corr.,
914 4831 1005 4886 AB
1039 4819 1536 4897 dissimilitudinem.

1631 4826 1773 4904 ’§_ic
1809 4827 1870 4892 C,
1909 4827 1948 4880 A
1990 4839 2061 4904 set
2101 4833 2231 4904 ingit
2255 4874 2270 4898 ,
2310 4831 2353 4885 B
2379 4835 2594 4904 fringit,
2628 4836 2742 4889 rad.
2788 4851 2929 4890 corr.

3228 4835 3249 4866 ³
3275 4834 3321 4887 Α
3345 4830 3550 4886 similis.
3652 4829 3676 4860 ⁸
3698 4826 3741 4881 Β
3771 4827 3840 4881 li-

655 4840 672 4870 ¹
696 4836 878 4913 Coi",
914 4836 1005 4886 ΑΒ
1039 4836 1536 4908 ἀίεδίηηιίζιιαιηεηι.
1631 4836 1652 4856 ³
1682 4836 1773 4881 διο
1809 4836 1870 4892 υ,
1909 4836 1948 4880 A
1990 4839 2061 4882 set
2101 4836 2231 4901 ingit
2255 4874 2270 4898 ,
2310 4836 2353 4885 Β
2379 4836 2594 4904 fringit,
2628 4836 2742 4889 rad.
2788 4851 2929 4890 corr.
2999 4836 3125 4903 nqit.
3228 4836 3249 4866 ³
3275 4836 3321 4887 Α
3345 4836 3550 4886 similis.
3652 4836 3676 4860 '
3698 4836 3741 4881 Β
3771 4836 3840 4881 ti-

585 4903 873 4979 beratiltler
893 4900 1100 4975 (punet.
1123 4900 1184 4954 B‘
1224 4898 1331 4968 ad].
1375 4893 1643 4965 videtur);
1672 4894 1736 4947 B'
1757 4910 1916 4966 supra
1939 4900 2118 4954 adscr.
2144 4912 2191 4955 et
2215 4903 2528 4959 liberaliter.
2605 4906 2628 4938 ⁵
2652 4906 2694 4958 Β
2715 4906 2924 4959 minuti.
3033 4892 3211 4975 'supra
3240 4904 3525 4959 adeon-se.
3599 4898 3620 4930 ⁸
3643 4898 3686 4953 Β
3710 4898 3843 4951 irre-

581 4981 979 5089 ρτεῖξςῑιεεῡίιεηι
1002 5003 1209 5077 (Ρυηθῑι
1233 5001 1339 5072 adl-
1382 5009 1437 5055 θι
1462 5017 1487 5054 ³
1516 5014 1677 5069 supra
1707 5001 1884 5056 adscr.
1910 5001 1997 5067 B‘,
2026 5012 2082 5059 tlt
2121 5003 2265 5078 legas
2291 5009 2761 5082 irrepressibilem).
2835 5012 2856 5042 "
2881 5009 3035 5089 Corr:
3070 5008 3151 5075 B‘,
3179 5008 3223 5062 A
3246 5006 3566 5079 kyiarchiae,
3589 5002 3632 5057 B
3656 5001 3841 5072 kgrar-

840 5115 862 5146 ⁸
888 5110 979 5168 Sic
1012 5110 1116 5178 BC,
1153 5111 1213 5165 B’
1240 5122 1382 5164 corr.
1418 5105 1700 5175 declinare,
1740 5107 1784 5161 A
1807 5107 2090 5224 decligare.

1168 5216 1226 5224 _.
1309 5214 1320 5224 .
1341 5213 1380 5224 ..ι
1567 5215 1576 5224 .
1605 5214 1615 5224 .
1712 5215 1723 5224 .
1820 5214 1862 5224 ..
1890 5190 1943 5224 ον

1890 5191 1917 5225 ο

584 5117 752 5173 'chiae.

2190 5115 2211 5146 ⁹
2239 5113 2283 5167 A
2313 5114 2677 5189 subvectionis.

2788 5118 2830 5149 ὀ
2851 5115 2895 5169 Β
2927 5081 3105 5187 solita
3131 5130 3279 5185 supr.
3311 5109 3543 5181 scr.B‘).
3619 5109 3657 5139 “
3684 5107 3732 5175 A
3758 5121 3842 5161 ex.

584 5226 630 5258 “
661 5223 753 5279 Sic
790 5221 833 5277 C
885 5228 941 5276 et
970 5232 1115 5274 corr.
1166 5216 1252 5282 B‘,
1294 5213 1383 5269 AB
1404 5214 1744 5284 praecidenti.
1820 5214 1863 5244 ⁸³
1890 5212 2110 5291 ’ρῖῖαιοή
2157 5216 2363 5287 (punct.
2411 5220 2515 5288 adj.
2548 5230 2603 5277 et
2631 5238 2714 5279 cre
2743 5236 2903 5292 supra
2932 5236 3039 5278 scr.
3068 5222 3282 5275 videtur
3306 5216 3414 5279 B‘).
3492 5214 3535 5246 ”
3562 5213 3734 5292 corrc
3756 5212 3846 5276 B',

584 5304 718 5406 {tuo
744 5303 967 5385 inliciat.
1045 5298 1200 5352 "Sic
1226 5279 1345 5359 Ac;
1388 5279 1428 5348 Β
1451 5293 1825 5373 κυνίηηειιξαηι,
1901 5279 1961 5326 ’ίο
1989 5294 2080 5351 Sic
2105 5294 2145 5352 c
2165 5279 2225 5352 ’ἐι
2255 5312 2401 5354 corr.
2431 5279 2518 5365 B‘,
2541 5300 2630 5354 AB
2650 5279 2945 5371 ltyrarcltia.
3023 5301 3063 5332 ιτ
3094 5301 3184 5355 AB
3207 5302 3407 5377 nupp'ta.
3484 5292 3601 5373 “"B
3622 5290 3843 5369 ἀντίστη-

660 5373 701 5406 n
728 5390 799 5406 ..ρ
827 5372 1042 5406 Ιινιιηιον
1067 5383 1214 5406 sanun
1309 5366 1355 5397 ³ο
1386 5363 1425 5406 Il
1453 5379 1714 5406 nrnnrmm
1760 5363 2006 5406 etruriam,
2089 5366 2128 5396 ίί
2153 5366 2212 5406 Π·
2240 5384 2399 5406 annm
2434 5371 2591 5406 orlenr
2637 5381 2711 5406 ρει
2807 5372 2852 5404 It
2882 5371 2970 5406 Qin
2992 5369 3033 5406 [ἵ
3102 5373 3130 5406 Δ
3173 5371 3317 5406 ρηιοιι
3366 5368 3404 5406 R
3442 5361 3606 5406 rnhm-
3681 5358 3730 5390 ³³
3757 5357 3843 5406 Slc

660 5357 704 5425 B
725 5357 1042 5426 sic'breviler
1067 5383 1233 5439 posse.
1276 5357 1355 5439 A“
1385 5363 1425 5417 Β
1453 5357 1714 5439 propriam
1760 5363 2027 5439 ejusdcnn
2089 5366 2128 5396 ²¹
2152 5366 2212 5439 Β·
2239 5384 2401 5439 supra
2434 5357 2609 5425 λαξον,
2636 5357 2727 5424 eg},
2807 5372 2852 5404 si
2874 5362 2972 5424 sic
2992 5369 3055 5436 ρ,
3094 5373 3135 5423 Α
3172 5357 3338 5434 τοιάέ,
3364 5368 3404 5421 Β
3439 5361 3607 5439 coliis.
3655 5357 3851 5439 ’ᾖε-ξιξ

587 5442 629 5495 C
662 5451 716 5494 et
747 5457 891 5495 corr:
926 5442 1007 5503 B‘,
1037 5434 1125 5510 AB
1157 5436 1284 5508 quid
1327 5450 1482 5510 vero;
1509 5434 1589 5510 _’f
1638 5447 1816 5485 eorum
1841 5437 2077 5510 _omA._A__,
2096 5438 2164 5491 ad
2191 5434 2363 5510 mar'g.
2403 5440 2581 5495 adscr.
2606 5442 2666 5495 B.
2714 5441 2790 5478 ο³⁶
2818 5442 2970 5496 Corr.
3002 5434 3083 5505 B',
3112 5441 3243 5495 ABG
3269 5434 3624 5510 usitatissimi)t

3703 5428 3749 5459 ιι
3783 5426 3849 5479 Β⁶

586 5513 973 5583 πηνα-,ναάερντ
994 5497 1403 5583 ἀρεΙιοξιξαυιη.“
1598 5516 1741 5582 corr.
1764 5501 1869 5583 _v_el.
1938 5505 1994 5583 :3
2111 5523 2255 5583 cprr.
2286 5497 2355 5563 εἴ.
2434 5510 2480 5583 ff
2510 5511 2585 5583 Es
2602 5527 2759 5583 _\'ers.
2790 5521 2845 5565 et
2871 5520 3004 5565 text.
3042 5497 3244 5583 graec“
3270 5511 3310 5563 A
3344 5497 3747 5583 cltiriarcltiﬁ,
3772 5497 3853 5583 lii;

589 5579 834 5641 riarchfe,
872 5578 914 5632 C
955 5576 1266 5641 Lgriarcltie.

591 5654 647 5697 ει
673 5660 814 5699 00"-
844 5645 931 5710 θ’,
950 5641 1037 5697 ΑΒ
1065 5646 1172 5713 qui.
1249 5644 1294 5716 ³²ξ
1317 5642 1377 5716 B‘
1398 5658 1581 5716 marg.
1611 5643 1787 5716 adscr.
1815 5641 1894 5716 ρο
1921 5644 2210 5702 virtutibus.
2287 5649 2333 5680 "
2355 5657 2394 5702 Α
2418 5641 2723 5704 imitatione.
2803 5648 2850 5682 ³⁸
2874 5650 3030 5705 Corr.
3064 5651 3148 5714 B',
3180 5649 3269 5701 AB
3300 5643 3620 5716 pontiﬁcum.

1360 5574 1404 5651 f°
1431 5571 1520 5626 AB
1548 5570 1860 5651 Ιᾳινὶςιιϊήἱε-Ζ
1935 5573 1978 5651 ⁸Δ¹
2008 5574 2165 5651 Sic_C
2191 5587 2245 5634 et
2270 5593 2412 5651 corr.
2439 5577 2524 5651 B',
2552 5580 2639 5634 AB
2679 5582 2925 5651 formam.
3004 5565 3168 5635 "cSic
3196 5565 3259 5651 C'_.
3290 5578 3378 5631 ΑΒ
3402 5583 3543 5651 ειεξιτ·
3618 5568 3666 5600 ³³

3697 5636 3740 5667 ³⁷
3771 5635 3852 5689 Es

589 5727 736 5766 vers.
771 5726 827 5768 et
865 5710 1232 5791 testugr‘aec”
1270 5713 1363 5791 AB
1385 5710 1573 5791 ructat"
1625 5711 1670 5741 ³⁸
1698 5711 1787 5765 Sic
1815 5710 1857 5765 C
1892 5722 1945 5767 et
1982 5728 2131 5771 corr.
2155 5719 2345 5779 B‘,AB
2390 5719 2613 5789 reliquit.
2690 5720 2739 5752 ³⁸
2774 5720 2835 5772 Β·
2861 5721 2987 5775 voci
3013 5710 3147 5790 quae
3176 5710 3372 5791 puncta
3408 5710 3569 5780 subj.,
3599 5715 3657 5763 et
3684 5719 3856 5774 supra

595 5796 705 5836 scr.
737 5799 845 5837 uer.
921 5782 966 5811 "°
1001 5780 1145 5834 facit.
1186 5796 1293 5835 om.
1325 5782 1383 5833 Β.
1460 5781 1502 5810 ⁸³
1535 5780 1575 5832 Β
1602 5797 1735 5841 quae
1760 5797 1830 5838 se.
