4178 6266
369 398 464 464 ινπ

1189 389 1412 470 SUPER
1449 389 1876 447 IERARCHIAM
1914 384 2322 446 CAELESTEM
2364 388 2423 444 S.
2464 381 2783 442 DIONYSII.

3532 382 3631 442 ὶθὸ

374 497 626 574 tenterad
640 513 811 584 ipsam
825 508 1074 563 virtutem
1089 505 1286 561 merito
1303 503 1942 574 principalem,qnoniam
1975 508 2020 566 Α
2047 521 2138 572 per
2176 505 2402 558 mediam
2433 503 2578 556 illam
2613 503 2654 534 "
2698 501 2927 557 secunda
2967 501 3384 571 ntanifestatione
3416 504 3632 559 delatis.

375 607 610 663 omnium
628 603 880 658 virtutum
895 607 948 652 et
970 597 1224 669 princeps
1250 606 1305 650 et
1331 594 1654 664 principium
1681 603 1783 660 est,
1807 609 1946 663 quae

378 699 535 752 etiam
562 694 627 748 ad
652 690 886 746 secunda
915 689 1172 742 virtutem
1199 686 1290 741 dat
1311 695 1366 739 et
1391 683 1730 740 deiformiter
1753 699 1948 754 prove-

380 787 472 850 nit,
493 785 589 838 hoc
607 791 711 845 est,
741 781 912 834 instar
932 777 1149 832 divinae
1168 774 1547 845 processionis.
1562 775 1629 828 Et
1651 774 1948 830 notandum

376 875 526 945 quod,
556 873 649 927 ubi
669 871 949 942 posuimus
980 869 998 900 ¹
1044 867 1234 921 virtuti
1264 866 1497 920 similem
1525 874 1582 919 et
1604 865 1825 919 virtutis
1853 864 1952 920 da-

373 966 578 1028 trieem,
610 964 686 1017 ibi
729 964 784 1016 in
833 960 1044 1017 Graeco
1068 958 1370 1028 composita
1412 965 1541 1011 sunt
1581 957 1772 1019 verba,
1807 970 1948 1024 quae

371 1053 721 1122 compositive
774 1065 882 1105 non
925 1063 1213 1116 possumus
1261 1046 1579 1110 transferre,
1634 1047 1736 1101 nisi
1783 1043 1944 1108 forte,

373 1144 619 1216 quamvis
646 1142 926 1203 inusitate,
970 1139 1211 1193 dicamus
1257 1133 1560 1207 δνναμοειδὴ
1600 1136 1621 1166 ¹
1653 1134 1952 1189 virtutil'or-

376 1251 552 1299 mem;
578 1229 935 1303 δνναμοδότως
970 1229 991 1260 ³
1027 1244 1174 1292 vero,
1207 1227 1332 1281 dum
1372 1227 1678 1281 adverbium
1720 1226 1976 1288 videtur,

381 1323 614 1379 nonnisi
643 1321 943 1376 nominibus
963 1327 1138 1388 potest
1179 1316 1484 1381 transferri,
1525 1333 1592 1372 ne
1617 1317 1838 1371 nimium
1875 1318 1954 1371 in-

385 1413 580 1468 usitate
619 1420 884 1466 vertatur.
933 1408 1230 1478 Propterea
1283 1408 1517 1462 diximus
1548 1425 1561 1459 :
1591 1407 1776 1461 vir-tuti
1803 1407 1953 1461 simi-

379 1504 485 1560 lem
503 1514 557 1559 et
575 1504 789 1557 virtutis
802 1502 1080 1556 datrieem.
1100 1499 1284 1568 Ipsam
1299 1499 1320 1530 *
1338 1509 1509 1553 autem
1521 1510 1823 1554 sanctarum
1842 1499 1951 1553 Po-

380 1602 641 1656 testatum,
670 1593 770 1646 hoc
801 1601 904 1657 est,
959 1591 1135 1660 ipsam
1177 1590 1604 1645 nominationem
1642 1600 1951 1645 sanctarum

372 1684 702 1739 Potestatum
731 1683 962 1737 aestimo
977 1682 1000 1714 ⁸
1025 1682 1305 1762 declarare
1335 1683 1748 1753 aequipotentem
1772 1681 1792 1712 ⁸
1815 1681 1952 1735 divi-

368 1789 552 1828 narum
577 1772 1008 1826 Dominationum
1051 1781 1101 1826 et
1157 1770 1420 1825 Virtutum
1465 1773 1591 1826 bene
1635 1779 1950 1825 ornatamet

2050 598 2176 660 llas,
2214 596 2408 664 inquit,
2443 595 2692 664 proprias
2734 594 2962 648 virtutes
3009 609 3074 647 ac
3115 592 3404 648 deiformes
3424 595 3636 650 medius

2049 687 2363 744 caelestium
2393 687 2696 740 animorum
2727 693 2949 738 ornatus
2973 685 3157 749 habet,
3185 685 3411 753 ideoque
3435 699 3637 755 purga—

2049 765 2140 837 tur
2191 791 2248 836 et
2306 781 2640 835 illuminatur
2699 786 2755 834 et
2807 781 3124 848 perficitur,
3177 779 3660 848 quemadmodum.

2049 870 2250 926 dictum
2282 879 2366 926 est
2391 869 2444 923 in
2475 869 2740 932 superiori
2769 869 3015 937 Capitulo
3037 868 3102 922 de
3140 867 3312 935 prima
3343 867 3634 922 ierareliia.

2049 960 2161 1014 Nec
2187 957 2405 1013 aliunde
2435 966 2694 1026 purgatur
2738 965 2797 1010 et
2854 955 3190 1014 illuminatur
3237 965 3292 1009 et
3337 956 3636 1026 perficitur,

2051 1048 2154 1102 nisi
2185 1062 2214 1099 a
2242 1045 2439 1100 divinis
2467 1045 2974 1107 illuminationibus,
3019 1045 3205 1100 inditis
3249 1045 3349 1098 sibi
3377 1046 3636 1106 secundo.

2049 1138 2362 1193 adverbium
2377 1137 2426 1168 “
2449 1145 2530 1189 est
2544 1136 2800 1198 secunde,
2831 1149 2927 1203 per
2948 1134 3177 1204 primam
3204 1135 3566 1190 ierarchieam
3590 1134 3639 1166 ⁸³

2052 1229 2483 1298 dispositionem,
2535 1226 2791 1295 quoniam
2854 1225 2942 1279 illa
2981 1226 3194 1294 primo,
3238 1226 3338 1280 ista
3384 1238 3515 1280 vero
3551 1242 3663 1282 ses

2050 1320 2229 1375 cumdo
2254 1334 2354 1388 per
2407 1318 2552 1372 illam
2598 1318 2809 1372 divinas
2857 1318 3148 1386 participat
3191 1317 3635 1382 illuminationes,

2047 1423 2108 1469 et
2134 1428 2233 1482 per
2265 1411 2498 1466 mediam
2531 1410 2674 1463 illam
2709 1410 2904 1465 iterum
2935 1409 3167 1465 secunda
3199 1408 3637 1464 manifestatioue

2055 1507 2106 1559 in
2132 1505 2345 1560 tertiam
2367 1502 2690 1558 ierarchiam
2706 1501 2871 1556 veluti
2901 1517 2998 1571 per
3026 1503 3316 1558 secundam
3334 1503 3385 1535 ³⁵
3409 1502 3638 1557 manife-

2054 1595 2338 1650 stationem
2369 1593 2503 1662 ipsis
2528 1593 2725 1646 divinis
2752 1589 3236 1648 illuminationibus
3271 1593 3494 1658 delatis,
3525 1594 3644 1648 sive

2051 1695 2114 1741 ut
2140 1685 2357 1756 proprie
2389 1683 2742 1749 transfertur,
2765 1684 3098 1738 distributis.

2106 1775 2136 1848 ᾗ
2152 1776 2399 1845 2.]ιαᾳιιε
2410 1790 2502 1844 per
2512 1773 2672 1827 aliam
2687 1773 2961 1827 dictionem
2977 1774 3146 1827 venire
3158 1773 3212 1826 in
3224 1772 3296 1826 ali
3303 1786 3388 1826 nm
3401 1774 3642 1843 angelum

367 1868 694 1936 inconfusam
728 1867 870 1920 circa
909 1867 1113 1920 divinas
1143 1867 1490 1935 susceptiones
1543 1866 1948 1930 ordinationem,
1979 1843 2026 1900 Β
2053 1843 2623 1934 auditum,syntbolum
2651 1863 2699 1896 ³⁸
2721 1863 2973 1932 faciemus
3002 1881 3034 1916 a
3060 1862 3210 1931 longe
3231 1863 3642 1932 superperfeetae

367 1969 414 2012 et
456 1959 756 2012 ordinatum
789 1956 808 1989 ⁷
837 1956 1293 2026 supennundanae
1330 1965 1379 2010 et
1413 1955 1782 2010 intellectualis
1809 1964 1953 2024 pote.-

369 2049 531 2111 statis,
558 2064 659 2101 non
682 2047 951 2117 tyrannice
975 2048 1028 2099 in
1043 2063 1124 2106 ea.
1154 2063 1290 2116 quae
1311 2045 1566 2114 inferiora
1589 2045 1778 2109 sunt“,
1806 2053 1951 2114 pote-

368 2139 562 2193 stativis
584 2139 859 2192 virtutibus
887 2136 1286 2207 praecipitatae,
1310 2135 1402 2188 sed
1429 2143 1668 2203 potenter
1687 2135 1742 2186 in
1771 2133 1951 2186 divina

369 2240 477 2300 post
515 2232 638 2282 bene
677 2229 946 2282 ordinatas
982 2227 1252 2291 reductae,
1297 2235 1493 2296 etpost
1537 2242 1592 2280 se
1622 2225 1954 2294 deiformiter

371 2322 683 2386 reducentis,
714 2330 761 2373 et
803 2319 1155 2388 potentiﬁcam
1187 2319 1208 2350 ’
1259 2316 1735 2388 exusiarcliiam",
1773 2332 1951 2386 quan-

371 2423 483 2465 tum
521 2412 600 2480 fas
627 2421 724 2476 est,
763 2410 1104 2472 assimilatae,
1128 2418 1175 2462 et
1207 2425 1346 2472 eam,
1376 2417 1430 2461 ut
1457 2408 1727 2476 possibile,
1749 2407 1952 2477 angelis

376 2501 652 2555 revelantis
678 2501 731 2553 in
755 2500 879 2552 bene
897 2500 1098 2552 ornatis
1126 2514 1218 2566 per
1239 2499 1407 2567 ipsum
1427 2498 1701 2551 ordinibus
1724 2507 1951 2567 potesta-

369 2592 476 2645 tioa
502 2592 706 2644 virtute.
728 2590 933 2659 ipsa".
965 2589 1164 2658 inquit,
1199 2588 1496 2642 nominatio
1513 2597 1824 2643 sanctarum
1851 2589 1951 2644 Po-

366 2689 623 2735 testatum
661 2679 903 2734 declarat
957 2675 1467 2747 aequepoteutem“
1515 2676 1598 2730 vel
1642 2677 1951 2746 acqueerdi-

371 2777 549 2821 natam
569 2767 617 2799 ¹³
669 2767 1064 2822 ordinationem
1120 2767 1323 2821 divinis
1387 2765 1846 2821 Dominationibus
1896 2776 1950 2822 et

373 2858 700 2923 Virtutibus,
743 2866 803 2911 et
837 2857 976 2911 bene
1008 2865 1282 2919 ornatam,
1330 2865 1385 2911 et
1425 2855 1781 2922 inconfusam,
1811 2873 1949 2926 quae

382 2962 491 2999 non
520 2948 821 3015 tyrannica,
855 2949 958 3001 hoc
983 2957 1090 3011 est,
1113 2964 1221 3004 non
1245 2947 1462 3002 abusiva
1503 2955 1764 3016 potestate
1786 2947 1839 3000 in
1858 2961 1942 3010 ea,

380 3051 523 3105 quae
546 3036 650 3090 sibi
673 3038 884 3091 subdita
927 3047 1073 3101 sunt,
1114 3039 1170 3093 in
1222 3038 1344 3092 licta
1384 3038 1429 3069 "
1485 3037 1834 3092 similitudine
1854 3052 1950 3107 po-

376 3129 754 3182 testativarum
805 3130 1061 3182 virtutum
1091 3129 1493 3198 praecipitatur,
1536 3127 1631 3183 sed
1668 3136 1945 3197 potenter,

371 3217 494 3272 sive
543 3226 600 3271 ut
645 3218 859 3286 proprie
912 3218 1252 3282 transfertur,
1278 3216 1654 3286 potentissime
1679 3217 1733 3270 in
1761 3217 1946 3271 divina

364 3308 646 3362 reducitur
664 3317 784 3377 post
813 3307 947 3362 bene
969 3308 1264 3372 ordinatas,
1304 3309 1405 3362 hoc
1436 3316 1543 3374 est,
1578 3317 1701 3377 post
1735 3308 1949 3376 primae

359 3398 666 3453 ierarcliiae
718 3397 943 3468 pulchre
988 3399 1266 3453 ordinatas
1321 3399 1594 3464 virtutes,
1649 3411 1790 3467 quae
1827 3414 1948 3453 eam

356 3490 714 3559 praecedunt,
744 3498 800 3544 et
841 3497 966 3559 post
981 3505 1062 3553 se,
1090 3489 1143 3543 id
1173 3498 1261 3544 est
1301 3491 1368 3555 ³³,
1392 3489 1534 3544 infra
1572 3504 1632 3544 se
1670 3490 1949 3545 ordinatas

357 3579 590 3634 virtutes
633 3577 972 3635 deiformiter
997 3581 1210 3636 reducit
1229 3581 1302 3646 “,
1335 3596 1552 3636 sursum
1579 3581 1741 3651 plane
1771 3581 1940 3646 ducit,

355 3676 414 3722 et
467 3669 816 3736 potentilicae
863 3671 1262 3734 exusiarchiae,
1319 3670 1420 3724 boe
1471 3679 1558 3725 est
1602 3669 1942 3737 Divinitatis,

358 3773 498 3826 quae
524 3760 954 3823 ἕξουσωποιόςίτ,
1001 3760 1127 3828 quia
1164 3769 1462 3828 potestates
1498 3759 1644 3824 facit,
1679 3762 1946 3834 ἐξουσιαρ-

361 3849 521 3921 χιαιε
546 3866 692 3913 vero,
725 3851 853 3920 quia
901 3859 1227 3919 potestatum
1257 3851 1511 3919 princeps
1556 3859 1639 3905 est
1667 3859 1721 3905 et
1740 3853 1944 3921 princi-

358 3939 536 4006 pium,
567 3940 896 4002 nominatur,
927 3947 1189 4008 quantum
1224 3939 1373 4003 licet,
1417 3938 1612 3994 similis
1661 3939 1804 3994 facta
1839 3951 1940 4004 est,

354 4039 421 4084 et
443 4046 565 4085 eam
607 4033 1059 4109 ὶξονσιαρχὶανίθ,
1104 4041 1362 4100 quantum
1407 4033 1688 4101 possibile,
1741 4033 1946 4106 angelis

363 4119 571 4175 revelat
596 4124 916 4190 potestativa
944 4123 1143 4177 virtute
1173 4124 1226 4176 in
1263 4123 1400 4178 bene
1424 4125 1636 4180 omatis
1663 4127 1944 4183 ordinibus

361 4225 466 4280 per
487 4213 682 4280 ipsam,
717 4229 870 4268 suam
900 4214 1152 4269 videlicet
1203 4214 1624 4280 ordinationem,
1657 4232 1756 4286 per
1780 4234 1942 4287 quam

363 4299 660 4357 inferiores
699 4305 915 4360 ordines
959 4315 1244 4361 ornantur.
1289 4306 1404 4360 Bas
1436 4309 1631 4364 habens
1665 4310 1943 4381 deiformes

361 4393 709 4460 praprietates
722 4396 890 4448 media
903 4395 1204 4450 caelestium
1216 4398 1511 4456 animorum
1521 4399 1796 4469 dispositio
1827 4418 1947 4471 pur-

2052 1967 2102 2012 et
2123 1972 2215 2027 per
2233 1957 2610 2026 processionem
2627 1953 2861 2008 occultae
2885 1955 2938 2006 in
2965 1955 3285 2024 sequentium
3303 1953 3349 1986 "
3369 1953 3644 2023 perfectio-

2056 2049 2156 2102 nis.
2223 2047 2390 2111 Haec,
2441 2046 2635 2114 inquit,
2689 2059 3045 2114 supernorum
3087 2045 3289 2098 civium
3339 2044 3638 2114 colloquia,

2052 2141 2252 2209 quibus
2275 2137 2520 2193 videmus
2547 2151 2644 2206 per
2670 2136 2836 2190 alium
2866 2136 3116 2207 angelum
3139 2135 3428 2191 dictionem
3454 2135 3641 2189 venire

2056 2233 2111 2286 in
2141 2230 2305 2284 alium
2339 2228 2610 2299 angelum,
2644 2229 2697 2282 iu
2726 2243 2833 2298 quo
2861 2237 2945 2281 est
2970 2228 3204 2290 auditus,
3235 2225 3641 2297 signum‘faeie—

2056 2336 2177 2376 mus
2198 2337 2230 2376 a
2254 2321 2411 2391 longe
2435 2319 2894 2389 superperfeetae,
2917 2320 3020 2375 hoc
3045 2328 3149 2384 est,
3179 2318 3298 2389 plus
3323 2333 3484 2387 quam
3514 2332 3639 2387 per-

2058 2410 2230 2466 fectae
2254 2410 2604 2481 perfectionis
2622 2451 2637 2474 ,
2661 2418 2718 2465 et
2746 2424 2847 2479 per
2880 2410 3280 2478 processionem
3306 2408 3554 2463 occultae
3581 2408 3638 2463 in

2055 2505 2391 2576 sequentiam
2417 2504 2484 2556 ’⁷.
2511 2503 2591 2557 Ae
2618 2502 2664 2556 si
2704 2510 2888 2570 aperte
2934 2502 3140 2557 diceret
3171 2519 3184 2554 :
3213 2498 3323 2555 Nos
3369 2501 3642 2566 homines,

2055 2596 2144 2665 qui
2180 2609 2284 2650 non
2313 2594 2709 2663 experimento,
2738 2592 2830 2646 scd
2862 2600 3182 2660 argumento
3207 2589 3419 2646 divinos
3451 2591 3638 2660 explo-

2055 2700 2240 2739 ramus
2267 2697 2478 2744 sensus,
2509 2680 2770 2734 faciemus
2798 2680 2845 2711 ’³
2877 2689 3249 2748 argumentum
3281 2689 3336 2732 et
3361 2681 3642 2748 apertissi-

2055 2789 2202 2828 mum
2231 2774 2464 2843 signum,
2491 2769 2622 2838 quid
2648 2770 2715 2822 dc
2745 2769 2922 2835 longe,
2967 2769 3070 2822 hoc
3106 2776 3208 2830 est,
3238 2769 3306 2821 ab
3334 2769 3449 2836 ipsa
3474 2768 3638 2822 celsi-

2055 2863 2242 2917 tudine
2295 2861 2509 2916 divinae
2564 2856 2952 2920 sublimitatis,
3007 2871 3150 2926 quae
3201 2856 3516 2925 longissime
3571 2859 3642 2913 ab

2053 2954 2324 3017 erunibus,
2357 2966 2496 3020 quae
2517 2958 2664 3016 sunt,
2699 2956 3028 3013 removetur,
3059 2947 3179 3017 plus
3204 2963 3368 3017 quam
3394 2947 3637 3017 perfecta

2051 3055 2228 3115 et'per
2253 3059 2507 3098 arcanam
2541 3042 2938 3112 processionem
2969 3041 3178 3097 occulta
3215 3040 3546 3110 perfectione
3589 3041 3637 3074 ”
3677 3076 3685 3084 ι

2054 3134 2319 3206 gradatim
2351 3143 2405 3188 et
2423 3132 2671 3188 ordinate
2697 3134 2750 3187 in
2780 3132 3198 3202 sequeutiam“,
3222 3132 3275 3186 in
3320 3132 3635 3187 caelestium

2055 3226 2315 3279 virtutum
2347 3223 2602 3278 videlicet
2647 3232 3066 3292 eonsequentem
3110 3224 3509 3279 ordinationem
3542 3223 3637 3278 de-

2052 3315 2280 3371 scendit.
2311 3314 2378 3369 Et
2404 3315 2505 3369 hoc
2533 3321 2614 3369 est
2641 3313 2771 3368 illud
2801 3324 3176 3386 argumentum
3192 3323 3248 3368 et
3274 3315 3509 3385 signum,
3532 3329 3634 3384 per

2052 3411 2215 3466 alium
2239 3410 2482 3481 angelum
2507 3407 2747 3477 profecto
2771 3408 2815 3441 ³¹
2839 3409 3022 3464 venire
3042 3408 3334 3464 dictionem
3362 3423 3392 3462 a
3423 3421 3633 3462 summa

2051 3501 2341 3556 Divinitate
2363 3501 2414 3553 in
2449 3499 2612 3554 alium
2642 3499 2915 3570 angelum,
2947 3501 3000 3554 in
3029 3515 3136 3570 quo
3165 3499 3294 3553 illud
3323 3500 3552 3554 vertitur
3578 3501 3626 3534 “

2049 3593 2254 3648 dictum
2285 3592 2338 3646 in
2363 3591 2638 3656 auditum;
2673 3606 2777 3646 non
2799 3591 2946 3660 quod
2971 3591 3022 3644 in
3053 3591 3134 3646 eis
3161 3592 3406 3662 corporei
3439 3606 3630 3645 sensus

2049 3685 2180 3748 sint,
2221 3683 2316 3739 sed
2365 3683 2511 3752 quod
2555 3683 2634 3737 sic
2675 3683 2812 3737 visio
2843 3683 3154 3751 prophetica
3187 3683 3414 3737 formata
3447 3683 3537 3735 sit.
3570 3680 3630 3738 Si

2047 3773 2356 3843 ergo,quod
2384 3787 2592 3826 summa
2631 3772 2842 3827 bonitas
2871 3773 3149 3842 praecipit,
3178 3772 3352 3841 pn‘ma
3384 3772 3429 3804 ³³
3460 3773 3632 3826 ierar-

2046 3865 2168 3920 cbia
2198 3865 2252 3918 in
2301 3863 2461 3918 aliam
2514 3871 2675 3933 atque
2727 3865 2890 3917 aliam
2947 3863 3287 3926 ierarchiam,
3347 3862 3515 3917 veluti
3579 3863 3635 3916 in

2046 3953 2210 4006 alium
2243 3960 2405 4020 atque
2431 3950 2594 4005 alium
2645 3951 2934 4022 angelum,
2977 3951 3031 4003 in
3081 3950 3277 4016 quibus
3329 3950 3417 4002 illa
3467 3951 3633 4005 dictio

2046 4041 2283 4102 auditur,
2312 4041 2611 4104 descendit,
2632 4041 2848 4110 signum
2899 4047 2982 4092 est
3027 4039 3073 4070 ”
3117 4039 3499 4091 incunctanter
3543 4039 3632 4091 di-

2045 4133 2201 4185 vinae
2227 4129 2593 4200 processionis
2635 4145 2733 4197 per
2769 4131 3049 4184 ordinatos
3096 4129 3296 4194 gradus
3342 4142 3371 4179 a
3421 4143 3636 4183 summo

2046 4234 2217 4289 usque
2242 4219 2514 4280 deorsum,
2536 4217 2641 4270 boc
2686 4225 2788 4279 est,
2827 4217 2895 4269 ab
2945 4214 3420 4268 excellentissimis
3468 4217 3636 4270 caele-

2046 4311 2220 4366 stibus
2245 4304 2500 4362 essentiis
2530 4319 2700 4374 usque
2731 4303 2797 4356 ad
2830 4302 3078 4357 homines
3097 4343 3112 4365 ,
3139 4301 3235 4370 qui
3264 4301 3428 4355 etiam
3458 4303 3634 4372 angeli

2047 4401 2320 4462 dicuntur,
2354 4396 2572 4465 quando
2600 4395 2840 4449 divinum
2879 4391 3196 4459 consilium,
3221 4392 3366 4463 quod
3395 4406 3493 4462 per
3543 4407 3634 4446 su-

357 4490 527 4547 qatur
547 4484 750 4550 quidem
771 4495 817 4539 et
845 4486 1179 4539 illuminatur
1198 4496 1248 4541 et
1268 4488 1558 4556 perﬁcitur,
1598 4491 1942 4560 quemadmo-
1973 4519 2022 4577 ι)
2045 4493 2287 4564 perieres
2301 4487 2517 4557 angelos
2538 4486 2826 4556 accipiunt,
2852 4482 3201 4540 inferioribus
3221 4499 3279 4540 se
3294 4484 3635 4539 auuuntiant.

356 4572 490 4623 dum
507 4573 703 4626 dictum
717 4584 811 4638 est,
839 4593 872 4630 a
901 4575 1597 4644 diuinisilluminationibus,
1626 4581 1809 4635 inditis
1841 4584 1941 4636 sibi

359 4662 590 4714 secundo
614 4679 711 4732 per
733 4666 958 4731 primam
986 4664 1386 4720 ierarclticam”
1423 4667 1841 4739 dispositionem,
1894 4686 1942 4730 et

2048 4585 2164 4640 Hoc
2207 4592 2387 4636 autem
2417 4579 2567 4642 dicit,
2617 4587 2678 4632 ut
2725 4577 3086 4645 intelligamus
3123 4578 3424 4633 mirabilem
3451 4595 3632 4633 rerum

2043 4675 2470 4746 dispositionem,
2500 4687 2598 4741 per
2637 4685 2799 4740 quam
2832 4669 3010 4725 divina
3041 4670 3386 4729 Providentia
3419 4674 3637 4730 univer-

1645 4792 1731 4847 VA
1741 4794 1899 4852 RIAE
1937 4794 2336 4853 LECTIONES.

439 4916 635 4993 ‘_Corr.
656 4917 742 4980 B‘,
767 4932 866 4987 pro
885 4917 1130 4993 quotlubi
1159 4917 1427 4993 ppsuimus
1503 4917 1544 4970 Β
1576 4921 1664 4993 ubi
1690 4926 1958 4990 posuimus
1980 4924 2138 4993 quod,
2166 4923 2227 4986 Ο,
2253 4920 2392 4992 quod
2415 4935 2532 4993 non_
2549 4919 2841 4993 posuimus.
2888 4919 2936 4993 _'
2967 4916 3272 4993 damnandis
3297 4919 3350 4993 in
3377 4917 3534 4993 codd.
3561 4917 3636 4972 ita

356 4987 624 5062 scriptum
654 4986 859 5062 astant
896 4986 1165 5062 facillime
1191 4987 1339 5062 legas
1396 4987 1530 5041 falso
1577 4986 1914 5062 δυνάμοσίαν,
1968 4986 2136 5062 quare
2174 4993 2234 5044 B'
2264 4986 2437 5062 marg.
2468 4986 2646 5062 adscr.
2687 4989 2724 5039 i.
2763 5005 2812 5040 e.
2864 4986 3231 5057 dynamosian.
3309 4987 3330 5018 ³
3359 4986 3634 5062 _B't_narg.

357 5057 544 5130 adscr.
590 5058 731 5130 i._e._
764 5057 1147 5110 dinamodotos.
1224 5055 1544 5130 ‘_B‘_marg.
1601 5055 1776 5130 adscr.
1811 5055 2273 5130 De’polestntibus.

2349 5055 2441 5110 VA
2484 5059 2580 5125 ips.
2623 5072 2762 5110 nom.
2803 5055 2968 5109 sanet.
3013 5065 3198 5124 potest.
3229 5055 3636 5125 nominationem

355 5126 603 5188 aestimo,
637 5124 679 5177 Β
713 5127 812 5194 ips.
847 5143 898 5179 n.
937 5142 982 5178 s.
1023 5144 1075 5192 p.
1118 5123 1521 5211 nominatipneni
1544 5129 1778 5182 aestimo.
1853 5131 1874 5161 ⁰
1914 5123 2005 5197 Sic
2031 5129 2181 5184 ΑΒΕ.
2256 5130 2277 5161 ⁷
2314 5127 2374 5181 Β*
2413 5123 2590 5179 adscr.
2621 5127 2720 5178 i.e.
2751 5123 3152 5178 ordinationem.
3238 5124 3259 5153 ⁸
3289 5123 3328 5174 Β
3355 5133 3472 5174 sunt
3496 5123 3634 5188 infe-

353 5213 527 5286 riora.
605 5213 626 5244 ’
657 5213 811 5268 Corr.
842 5215 960 5286 B',_
981 5216 1066 5268 AB
1115 5218 1434 5286 pontiﬁcum.

354 5349 422 5400 B'
437 5349 596 5405 corr.
640 5353 911 5407 reducens.

1514 5219 1555 5249 ³ο
1583 5217 1642 5269 Β·
1692 5236 1851 5288 Supra
1883 5237 1988 5276 ser.
2018 5220 2172 5273 aliter
2199 5217 2461 5272 causalem
2488 5217 2790 5288 potentiam.

349 5285 798 5357 genuipotentem.
874 5286 919 5316 "
941 5284 1033 5357 Sic
1057 5285 1207 5357 ABG.
1259 5283 1330 5318 ’⁸³
1363 5288 1452 5341 Sic
1473 5286 1513 5341 C
1537 5327 1553 5350 ,
1587 5287 1676 5357 ᾼΒ
1721 5283 1919 5357 iii/icta.
1996 5291 2039 5322 ³⁸
2070 5288 2162 5344 Sic
2200 5288 2239 5342 C
2265 5299 2318 5342 et
2344 5288 2457 5340 rad.
2488 5283 2642 5340 'corr.
2693 5283 2757 5338 B'
2777 5324 2792 5349 ,
2838 5283 3126 5357 anguem.

991 5354 1033 5384 ³⁷
1074 5355 1117 5406 Α
1156 5373 1248 5425 ego
1273 5377 1551 5416 ουσωποιε,
1599 5355 1641 5408 Β
1669 5354 2114 5426 εθοήουσιοποιοςο

2868 5216 2912 5284 ¹ξ
2945 5216 2984 5269 Α
3017 5217 3244 5284 ipsttm._
3280 5213 3323 5284 ί]
3348 5210 3634 5284 Sic‘AllJl

3203 5281 3246 5311 ¹⁶
3287 5280 3324 5332 Β
3369 5280 3630 5341 reducme,

2217 5357 2260 5389 ¹⁸
2285 5357 2325 5410 Α
2379 5357 2418 5408 Β
2468 5373 2560 5424 ego
2595 5375 2899 5424 ουσιαρχια,
2938 5355 2995 5406 Β·
3039 5368 3180 5424 corr.
3217 5351 3396 5424 ἔκυρσα
3543 5349 3630 5403 ΑΒ

351 5436 458 5498 ἴξινίῖ
476 5441 814 5498 ουςιριρχιᾳν,
835 5424 1057 5498 Βερνι-ἐ
1079 5419 1277 5498 suae}.
1311 5425 1522 5498 “Corp
1543 5425 1635 5498 _B',
1659 5419 1746 5498 ΑΒ
1772 5429 2102 5498 ierarchiam.
2179 5419 2678 5498 “B'rnarg.atlser.
2713 5419 2858 5475 illam
2898 5424 2934 5475 i.
2961 5439 3007 5474 e.
3044 5419 3629 5498 primumier‘archium.

349 5492 399 5518 "
430 5491 477 5542 Α
523 5492 607 5543 Ad
632 5491 863 5545 'verbum
935 5492 981 5522 ²³
1019 5491 1170 5547 Corr.
1223 5497 1306 5559 B‘,
1365 5494 1494 5548 ΑΒΕ
1536 5495 1866 5549 ierarchiam.
1941 5497 1989 5529 ”
2039 5497 2079 5549 Β
2132 5507 2388 5558 sanctam,

346 5560 543 5632 adscr.
570 5560 848 5614 simbolum
881 5562 1012 5632 i._e.
1040 5562 1340 5632 exemplum
1377 5564 1481 5632 sive
1519 5564 2027 5632 demonstrationem.
2103 5567 2148 5598 ²⁶¹
2186 5566 2224 5618 Β
2260 5565 2544 5632 sequentia.

1035 5631 1170 5686 Rad.
1200 5631 1354 5687 corr.
1383 5631 1447 5695 B,
1494 5631 1583 5684 AB
1615 5634 1998 5702 perfectionem.

347 5623 413 5674 Β·
454 5628 638 5682 adscr.
669 5646 837 5684 -mus.
910 5630 955 5661 '°

2469 5501 2480 5514 '
2537 5506 2699 5560 supra
2751 5505 2856 5543 scr.
2897 5485 3197 5544 secundum.
3271 5489 3319 5520 ³⁵
3339 5487 3401 5540 Β”
3458 5485 3632 5562 marg.

2473 5565 2544 5613 ia.
2621 5561 2661 5590 "’
2692 5559 2752 5612 B'
2786 5573 2927 5612 corr.
2961 5558 3245 5613 sequentia.
3321 5562 3366 5590 ’³
3391 5559 3432 5613 Β
3476 5559 3630 5613 facie.

2103 5567 2148 5598 ²⁶¹
2186 5566 2224 5618 Β
2260 5565 2544 5632 sequentia.
2606 5559 2661 5590 7"
2692 5559 2752 5612 B'
2786 5573 2927 5612 corr.
2961 5559 3245 5627 sequentia.
3321 5562 3366 5590 ’³
3391 5559 3432 5613 Β
3476 5559 3630 5628 facie,

2103 5635 2147 5665 ³⁸
2177 5634 2215 5685 Β
2241 5633 2558 5700 sequentium
2593 5631 2795 5698 (punct.
2843 5629 2926 5698 adj
2963 5630 3068 5697 B').
3144 5627 3184 5658 ³¹
3227 5628 3380 5684 Corr.
3439 5629 3520 5695 3‘,
3547 5629 3632 5686 AB

341 5715 610 5784 auferto.
690 5715 735 5750 ³³
771 5717 815 5770 Β
842 5719 1058 5774 uertitur
1084 5719 1235 5774 illud.
1314 5720 1361 5752 ³³
1386 5721 1430 5772 Α
1453 5735 1548 5789 per
1566 5723 1758 5790 prima.
1795 5721 1838 5779 Β
1865 5739 1958 5792 per
1976 5723 2170 5792 prima.
2202 5721 2409 5789 (punct.
2440 5704 2546 5787 adj:
2576 5720 2683 5789 B'.)
2756 5716 2802 5748 "
2838 5715 2990 5774 Corr.
3025 5717 3082 5769 Β⁴
3104 5757 3116 5781 ,
3157 5718 3243 5770 ΑΒ
3268 5721 3377 5787 ejus
