4178 6266
496 412 601 475 um

1598 386 2097 467 EX‘POSITIONES
2135 397 2415 463 JOA‘NNIS
2456 398 2651 460 scen

3648 398 3751 456 200

493 508 671 566 sitatis
699 505 948 564 conditae
987 503 1375 576 plenitudinem
1421 500 1676 557 ineffabili
1726 500 2069 571 processionc
2097 502 2142 560 Α
2173 498 2369 565 cipium
2410 496 2676 557 omnium,
2724 492 2867 562 quod
2926 490 3380 562 superessentiale
3425 499 3530 557 est,
3584 493 3753 548 Deum

492 599 747 670 tliSpOlllt.
778 597 933 650 Enim
968 597 1224 666 sapientes
1256 595 1396 647 circa
1424 608 1602 646 sacras
1658 601 1861 645 nostras
1908 590 1926 621 ¹
1972 590 2072 640 im-

490 692 799 746 mclationes
827 694 846 722 ⁸
877 692 1059 753 aiunt,
1110 704 1203 758 per
1245 687 1440 754 seipsas
1489 684 1715 737 lucentes
1776 682 2071 734 divinorum

490 780 862 847 plenitudines,
884 792 977 847 per
1006 776 1199 829 alteras
1251 772 1769 842 contemplativarum
1811 770 1831 800 ⁸
1859 768 2073 837 partici-

488 867 791 927 pationem,
848 878 958 916 esse
1009 862 1362 931 perfectiores.
1403 859 1554 926 Quod
1613 857 1912 927 praedixit,
1974 870 2073 923 per

492 967 825 1006 summorum
902 952 1246 1005 sacerdotum
1341 948 1607 1018 approbat
1680 945 2064 1001 testimonium.

491 1042 774 1111 Sapiemes
808 1041 986 1104 enim,
1032 1040 1224 1108 inquit,
1271 1038 1364 1107 qui
1409 1050 1593 1091 sacras
1619 1043 1834 1089 nostras
1868 1035 2072 1088 hostias

489 1137 546 1180 (ει
575 1127 971 1183 imntolationes
998 1127 1020 1157 δ
1045 1125 1300 1196 mysticae
1361 1125 1600 1195 perfecte
1636 1121 1963 1192 intelligunt,
1986 1122 2072 1174 di-

490 1224 640 1279 cunt.
666 1232 766 1285 per
790 1231 847 1271 se
883 1216 1028 1285 ipsas
1072 1214 1380 1269 immediate
1423 1214 1668 1269 lucentes
1713 1210 2074 1280 plenitudines

491 1308 795 1362 divinorum
818 1306 1212 1368 intellecturum,
1242 1305 1344 1361 hoc
1367 1312 1470 1366 est,
1503 1303 1716 1357 divinos
1743 1301 2070 1362 intellectus,
2102 1322 2107 1327 ν

491 1401 582 1468 qui
609 1414 707 1470 per
730 1414 789 1454 se
818 1400 962 1469 ipsos
993 1398 1303 1452 immediate
1348 1396 1660 1465 plenissime
1706 1397 1918 1455 lucent,
1951 1406 2071 1461 per-

491 1488 744 1542 fectiores
771 1500 911 1551 esse,
940 1500 1103 1554 quam
1134 1485 1588 1554 contemplativae
1606 1481 2069 1552 partieipationes,

491 1575 938 1644 ‘contemplativi
972 1573 994 1604 ‘
1028 1572 1248 1628 .scilicet
1314 1573 1638 1637 intellectus,
1691 1572 1784 1640 qui
1834 1570 2071 1631 divinam

490 1662 995 1731 contemplationem
1057 1676 1155 1731 per
1198 1661 1396 1715 alteras
1442 1660 1674 1714 virtutes
1723 1657 2069 1728 participant.

489 1751 640 1814 Quod
670 1751 907 1805 breviter
936 1748 1189 1820 colligere
1218 1762 1522 1818 possumus.
1555 1746 1918 1802 Perfectiores
1945 1753 2073 1799 sunt

2173 585 2446 646 videlicet,
2474 584 2825 649 reducuntur,
2852 589 2909 634 et
2936 595 2966 633 a
2996 581 3040 612 ιθ
3068 581 3491 650 participatione
3538 581 3760 637 teletar-

2172 674 2471 737 chicarum,
2500 672 2805 727 divinarum
2833 670 3114 733 videlicet,
3138 671 3523 739 pnrgationum
3554 680 3609 727 et
3638 671 3761 728 illu-

2173 762 2527 815 minationnm
2550 770 2599 815 et
2630 759 3047 828 perfectionum,
3064 769 3328 828 quantum
3352 760 3500 824 licet,
3523 760 3760 817 efﬁciun-

2172 861 2280 903 tur.
2308 849 2569 903 Divinitas
2620 849 2666 880 ¹⁰
2703 857 2904 912 autem,
2936 856 2995 901 ut
3035 863 3200 917 saepe
3241 846 3350 915 jam
3398 849 3601 904 dictum
3665 852 3709 883 ἰ
3736 889 3757 914 ,

2175 940 2485 995 tcletarchis
2512 939 2712 992 dicitur
2730 939 2846 993 sive
2871 937 3208 999 teletarchia,
3238 938 3495 1007 quoniam
3544 938 3782 994 hostia-t

2174 1043 2296 1084 rum
2322 1028 2649 1099 principium
2672 1035 2838 1081 estet
2880 1026 3153 1096 princeps.
3184 1028 3253 1080 Et
3290 1028 3424 1096 haec
3465 1028 3511 1059 ⁸¹
3558 1027 3642 1082 lex
3682 1042 3754 1081 ex

2173 1122 2352 1175 divina
2376 1119 2700 1182 taxiarchia,
2726 1118 2830 1172 hoc
2856 1126 2940 1170 est
2961 1117 3031 1182 ³³,
3058 1132 3125 1172 ex
3148 1116 3202 1159 -”
3238 1117 3353 1186 ipsa
3375 1117 3590 1178 deitate,
3613 1131 3755 1185 quae

2171 1219 2456 1280 propterea
2490 1208 2787 1263 taxiarchia
2825 1208 3048 1269 dicitur,
3080 1207 3210 1276 quia
3244 1207 3414 1286 totius
3459 1208 3761 1262 ordinatio-.

2173 1301 2258 1354 nis
2282 1298 2607 1369 principium
2643 1305 2799 1351 estet
2816 1296 3085 1365 princeps,
3118 1297 3271 1365 quasi
3293 1298 3488 1361 τάξεων
3513 1298 3659 1373 ἀρχή
3685 1296 3756 1359 ¹⁸ν

2172 1390 2317 1461 quod
2341 1400 2429 1443 est
2468 1389 2718 1442 ordinum
2772 1387 3118 1457 principium,
3161 1388 3357 1441 tradita
3379 1396 3486 1451 est,
3516 1388 3755 1442 secunda

2172 1479 2382 1533 sciliCet
2426 1477 2790 1545 speculamine
2838 1491 2935 1545 per
2968 1476 3143 1544 prima
3185 1476 3399 1531 divinas
3425 1476 3761 1545 participare

2174 1569 2610 1625 illuminationes.
2653 1567 2893 1622 Invenies
2918 1576 3095 1622 autem
3132 1568 3230 1621 hoc
3257 1577 3323 1623 .et
3364 1566 3662 1623 multotiens
3711 1565 3761 1603 ⁸⁸

2173 1662 2424 1731 theologis
2471 1662 2515 1694 ³⁷
2564 1676 2884 1720 expressum.
2913 1661 2991 1714 Ac
3025 1660 3074 1717 si
3103 1662 3344 1715 diceret:
3373 1675 3477 1715 non
3510 1659 3683 1719 solum
3721 1672 3777 1713 a-

2173 1753 2493 1809 sacerdotali
2522 1753 2831 1816 traditione,
2867 1740 3052 1807 verum
3087 1753 3347 1807 etiamab
3370 1753 3503 1821 ipsis
3527 1751 3760 1820 prophe-

488 1842 655 1897 divini
682 1841 1110 1911 intellectus,qtn
1139 1856 1236 1910 per
1258 1841 1478 1910 seipsos
1498 1840 1807 1895 immediate
1832 1838 2067 1893 divinam
2100 1848 2149 1906 Β·
2174 1846 2243 1900 tis
2271 1845 2591 1915 saepissime
2610 1842 2910 1911 praefatam
2936 1842 3760 1914 legeminveniesinculcatam.

486 1931 814 2001 participant
833 1931 1360 2001 contemplationem,
1385 1944 1546 1999 quam
1568 1929 1758 1992 ceteri,
1803 1928 1893 1996 qui
1919 1929 1939 1959 "
1972 1942 2070 1996 per

491 2020 837 2076 medietatem
865 2021 1119 2076 altiorem
1154 2035 1212 2075 se
1241 2020 1466 2075 eandem
1509 2019 2015 2088 contemplationem
2047 2018 2069 2049 ⁸

491 2112 850 2184 suscipiunt“.
885 2112 1131 2176 Intuere,
1179 2112 1270 2165 ubi
1296 2111 1577 2180 posuimus
1600 2110 1892 2180 sapientes,
1921 2109 1991 2164 ibi
2016 2109 2070 2162 in

490 2209 700 2262 Graeco
723 2205 898 2268 δεινοί,
926 2220 1026 2273 pro
1048 2220 1159 2273 quo
1182 2214 1360 2274 potest
1388 2205 1432 2235 ιο
1457 2205 1580 2274 quis
1622 2203 1806 2259 dicere
1852 2222 1867 2258 :
1920 2216 2070 2256 reve-

491 2298 643 2355 rendi
672 2297 756 2352 vel
789 2297 947 2365 periti
978 2296 1059 2350 vel
1083 2297 1375 2367 sapientes.
1407 2295 1498 2351 Sic
1525 2297 1762 2359 aestimo,
1787 2304 1834 2350 et
1872 2294 2073 2366 angeli-

490 2402 667 2442 corum
701 2387 947 2440 ordinum
994 2387 1351 2440 immediatam
1397 2386 1847 2456 participationem
1899 2386 2070 2453 primo

488 2479 547 2531 in
578 2476 742 2530 Deum
771 2484 1097 2531 externorum
1122 2476 1475 2545 perfectiorem
1498 2491 1606 2530 esse
1632 2488 1725 2545 per
1744 2476 2071 2529 medietatem

490 2567 858 2638 perfecturum.
886 2565 1368 2633 Quemadmodum,
1395 2566 1588 2634 inquit,
1622 2578 1718 2634 per
1742 2579 1801 2619 se
1826 2564 2072 2619 lucentes

476 2658 839 2729 perfectiores
865 2665 990 2711 sunt
1020 2658 1138 2719 bis,
1166 2657 1256 2727 qni
1291 2671 1386 2726 per
1414 2656 1548 2711 alios
1574 2656 1744 2710 lucem
1777 2654 2069 2724 accipiunt,

488 2752 561 2805 ita
591 2749 826 2804 arbitror
851 2748 1121 2818 angelicos
1145 2747 1390 2810 ordines,
1418 2747 1508 2816 qui
1538 2745 1846 2802 immediate
1886 2744 2075 2814 primi-

489 2850 577 2893 tus
602 2839 655 2893 in
688 2838 1159 2908 participationem
1188 2837 1281 2893 Dei
1312 2837 1695 2900 extenduntur,
1720 2834 2074 2905 perfectiores

486 2944 610 2984 esse
632 2928 993 2997 perfecturum
1024 2929 1089 2993 εί,
1117 2943 1305 2984 eorum
1337 2926 1609 2988 videlicet,
1632 2925 1724 2994 qui
1762 2924 1947 2994 aliqua
1960 2939 2073 2979 me-

489 3020 687 3074 dictale
718 3019 1033 3087 interposita
1060 3018 1283 3086 perfecti
1334 3026 1480 3072 sunt.
1528 3017 1627 3072 Ubi
1672 3017 1827 3085 posui
1857 3034 1869 3068 :
1899 3015 2074 3085 perfe-

487 3110 733 3170 ctiorem,
759 3108 831 3163 ibi
873 3108 925 3160 in
958 3107 1167 3163 Graeco
1202 3109 1570 3181 ivap'ytorépcrv
1602 3108 1667 3170 “,
1701 3107 1842 3175 quod
1887 3120 2074 3174 possu-

486 3212 610 3251 mus
642 3197 824 3251 dicere
872 3213 885 3247 :

486 3293 635 3340 certe
660 3284 1038 3341 ellicaciorem.
1079 3282 1300 3353 Propter
1339 3284 1477 3353 quod
1503 3293 1549 3337 et
1574 3301 1609 3338 α
1627 3293 1806 3338 nostra
1826 3285 2076 3339 sacerdo-

487 3373 584 3427 tali
600 3375 885 3428 traditione
914 3372 1223 3443 perfectione
1257 3383 1305 3427 et
1333 3373 1379 3406 ⁸³
1414 3372 1651 3440 luciﬁcae
1687 3381 1733 3426 et
1775 3372 2076 3442 purgativac

488 3462 702 3516 virtutes
739 3463 893 3531 primi
926 3462 970 3493 “
1013 3461 1304 3518 intellectus
1338 3463 1682 3517 nominantur
1721 3463 2031 3532 inferiorum
2057 3503 2073 3528 ,

489 3559 738 3622 tanquam
764 3567 853 3621 per
874 3568 927 3605 se
944 3551 989 3584 ³⁸
1008 3552 1059 3605 in
1073 3551 1750 3621 omniumsnperessentiale
1761 3554 2075 3622 principium

490 3640 842 3705 reductornm,
865 3651 911 3695 et
941 3640 1425 3695 tlteletarclricarum
1454 3642 1826 3711 purgationem
1871 3651 1918 3699 et
1949 3642 2072 3695 illu-

490 3731 833 3787 minationum
863 3742 911 3785 et
951 3730 1331 3801 perfectionum
1355 3732 1410 3785 in
1434 3733 1860 3802 participatione,
1886 3750 2074 3787 secun—

491 3820 617 3873 dum
661 3821 735 3874 eis
778 3821 881 3889 fas,
912 3821 1200 3890 factorum.
1242 3820 1352 3875 Hoc
1377 3823 1516 3876 enim
1536 3830 1611 3876 est
1637 3823 1848 3877 omnino
1896 3824 2076 3878 divina

498 3910 793 3971 laniare/tia
834 3911 877 3941 ¹⁶
899 3912 1150 3965 divinitus
1171 3910 1556 3982 promulgatum
1590 3914 1653 3976 ‘7,
1688 3929 1782 3984 per
1800 3914 1973 3982 prima
1989 3929 2076 3967 se-

498 4000 672 4057 cunda
700 4000 891 4055 divinis
914 4002 1231 4071 participare
1270 4001 1759 4057 illuminationibus.
1794 4003 1925 4065 illac
1971 4019 2074 4058 una

495 4089 753 4161 pet-plana
782 4089 825 4120 ²⁸
855 4089 1291 4161 lucMissinmque
1319 4091 1585 4147 sententia
1625 4092 1868 4147 ordinem
1901 4094 2077 4148 caele-

491 4175 654 4235 stium
669 4180 1027 4235 essentiarum
1042 4181 1464 4250 dignitatemque
1477 4182 1714 4238 breviter
1729 4185 1901 4254 aperit
1916 4194 2078 4256 atque

490 4268 778 4329 concludit.
788 4269 1101 4342 Propterea,
1113 4274 1314 4343 inquit,
1328 4283 1512 4329 nostra
1529 4276 1763 4331 humana
1776 4278 2079 4334 sacerdota-

492 4358 560 4413 lis
576 4359 819 4414 doctrina
836 4371 946 4415 tres
958 4362 1162 4431 primos
1173 4364 1393 4423 ordines
1404 4364 1616 4431 primae
1640 4365 1889 4420 caelestis
1913 4366 2079 4422 ierar.

496 4447 653 4502 chiae
682 4449 1009 4516 perfectivas
1037 4461 1092 4504 et
1118 4452 1361 4509 lucilicas
1385 4463 1441 4507 et
1479 4455 1791 4522 purgativas
1834 4456 2080 4512 nominat

2172 1935 2397 2000 Quando
2423 1935 2560 1988 enim
2584 1934 2763 1987 divina
2786 1942 2833 1986 et
2876 1942 3121 2001 paterna.
3146 1932 3450 1987 humanitas
3499 1932 3546 1962 ⁸⁸
3586 1925 3788 1985 Israel.

2171 2023 2575 2079 con'versibiliter
2601 2024 2648 2055 “
2683 2039 2795 2091 pro
2822 2038 2975 2076 sacra
3022 2024 3135 2091 ejus
3183 2020 3352 2074 salute
3390 2020 3662 2084 erudiens,
3707 2025 3761 2075 et

2171 2117 2536 2172 ulciscentibus
2556 2127 2609 2170 et
2640 2114 2925 2170 immitibus
2952 2112 3253 2167 nationibus
3293 2112 3346 2164 in
3387 2110 3762 2165 correctith

2173 2210 2403 2274 tradens,
2434 2207 2709 2277 omnigena
2734 2206 3058 2274 provison
3078 2204 3134 2256 in
3168 2201 3353 2255 melius
3400 2201 3753 2260 traductione.

2172 2309 2220 2352 et
2244 2298 2594 2368 captivitatem
2622 2295 2845 2355 dimisit,
2874 2303 2922 2346 et
2950 2292 3025 2345 ad
3048 2293 3271 2360 priorem
3300 2290 3587 2344 clementer
3604 2290 3759 2343 redu-

2171 2391 2248 2444 xit
2277 2389 2645 2450 constantiam,
2694 2386 2830 2438 videt
2871 2384 3227 2453 theologorum
3262 2398 3419 2436 unus
3470 2381 3762 2435 Zacharias

2172 2492 2336 2534 unum
2360 2479 2670 2547 primorum,
2700 2485 2756 2528 ut
2796 2475 3033 2534 aestimo,
3061 2484 3125 2550 ‘et
3167 2473 3306 2529 circa
3341 2471 3509 2525 Deum
3551 2471 3765 2541 angelo-

2175 2587 2324 2635 rum;
2360 2584 2632 2624 commune
2654 2566 2697 2598 ³ο
2729 2566 2866 2621 enim
2892 2574 2969 2618 est
3019 2565 3064 2596 ⁸¹
3109 2564 3349 2618 omnibus
3391 2565 3488 2616 hoc
3527 2560 3761 2632 angelica

2174 2659 2628 2731 cognominatione
2644 2657 2710 2721 ⁸²,
2738 2659 2803 2710 ab
2831 2657 2943 2725 ipso
2962 2655 3008 2687 ³³
3046 2654 3155 2708 Deo
3180 2655 3458 2708 discentem
3490 2653 3555 2705 de
3581 2651 3628 2682 ”
3663 2653 3760 2704 hoc

2173 2751 2615 2814 consolatoria,ut
2641 2750 2836 2803 dictant
2863 2756 2963 2812 est,
2985 2746 3155 2802 verba.
3185 2744 3328 2800 Ordo
3349 2745 3635 2799 verborum
3666 2743 3714 2775 ⁸⁸
3740 2760 3757 2801 :

2175 2843 2333 2898 Videt
2394 2844 2538 2897 enim
2587 2841 2632 2873 ³⁸
2694 2840 3105 2909 theologorum,
3142 2837 3525 2907 prophetarum
3575 2833 3759 2902 plane,

2174 2947 2316 2986 unus
2348 2931 2565 2985 nomine
2592 2929 2882 2983 Zacharias
2911 2943 3079 2983 unum
3102 2927 3398 2996 primorum
3421 2923 3761 2997 angelorum,

2174 3021 2553 3092 principalium
2587 3021 2838 3075 videlicet
2867 3019 3164 3080 Virtutum,
3211 3030 3352 3084 artae
3401 3016 3548 3070 circa
3592 3015 3784 3068 Deum.

2179 3119 2323 3173 sunt,
2355 3118 2419 3164 ut
2444 3108 2701 3173 aestimo;
2755 3107 2860 3162 hoc
2886 3107 3030 3162 enim
3060 3120 3278 3168 nomen,
3312 3105 3459 3173 quod
3484 3112 3569 3158 est
3595 3118 3761 3184 auge:

945 3195 1350 3265 perfectiorem,
1414 3196 1496 3249 vel
1553 3196 1934 3263 potentiorem,
1988 3197 2072 3250 vel
2104 3182 2146 3240 C
2182 3200 2285 3264 lus,
2313 3206 2370 3252 ut
2405 3197 2672 3268 praedixi,
2712 3210 3003 3251 commune
3042 3203 3128 3248 est
3149 3193 3402 3247 omnibus
3438 3182 3764 3247 caelestibus

2177 3291 2465 3345 virtutibus
2488 3297 2710 3358 propter
2738 3286 3056 3357 angelicam,
3082 3286 3185 3341 hoc
3208 3292 3312 3348 est,
3328 3284 3754 3341 annuntiativam

2175 3379 2735 3450 cognominationem;
2785 3379 2855 3430 ab
2906 3378 3022 3446 ipso
3060 3378 3171 3431 Deo
3221 3377 3540 3440 discentem,
3568 3374 3758 3428 didicit

2175 3472 2321 3526 enim
2361 3471 2477 3540 ipse
2504 3484 2644 3524 unus
2686 3469 2988 3539 primorum
3021 3468 3331 3538 angelorum
3366 3467 3434 3519 ab
3482 3466 3597 3534 ipso
3642 3464 3755 3519 Deo

2176 3562 2487 3616 immediate
2513 3561 2579 3616 de
2608 3560 2729 3621 hoe,
2762 3560 2830 3613 de
2858 3559 3034 3613 reditu
3072 3558 3229 3626 plane
3251 3557 3440 3620 Israel,
3458 3554 3759 3610 consolato-

2176 3654 2259 3707 ria
2290 3653 2473 3715 verba,
2506 3651 2648 3706 sicut
2695 3651 2900 3705 dictum
2935 3657 3038 3713 est,
3074 3649 3126 3702 in
3190 3649 3505 3719 prophetica
3553 3646 3759 3703 scilicet

2174 3744 2402 3807 visione,
2427 3742 2644 3810 quando
2688 3741 2869 3795 divina
2919 3748 2974 3794 et
3020 3747 3245 3808 paterna
3298 3740 3625 3802 Innnanitas,
3658 3739 3761 3792 hoc

2175 3839 2259 3888 est
2288 3829 2830 3894 clementia,dimisit
2875 3828 3261 3898 captivitatem,
3307 3836 3364 3882 et
3404 3827 3473 3881 ad
3525 3828 3757 3896 priorem

2175 3921 2392 3976 reduxit
2460 3917 2804 3987 indulgenter
2860 3916 3244 3978 constantiam,
3294 3917 3548 3971 erudiens
3596 3916 3779 3971 Israel.

2175 4008 2631 4071 conversibiliter,
2662 4007 2763 4060 hoc
2807 4014 2908 4068 est,
2937 4015 2996 4058 ut
3032 4014 3461 4069 converteretur,
3482 4019 3580 4075 pro
3605 4019 3760 4058 sacra

2175 4100 2293 4169 ejus
2315 4099 2522 4162 salute;
2557 4096 2728 4150 noluit
2754 4095 2897 4149 enim
2922 4110 3047 4148 eum
3093 4095 3337 4149 hostibus
3382 4095 3498 4147 suis
3544 4093 3761 4147 tradere

2174 4190 2467 4260 asperitate
2492 4188 2780 4249 vindictae,
2813 4187 2906 4240 sed
2935 4185 3101 4239 voluit
3138 4184 3410 4254 corrigere
3447 4193 3503 4239 et
3545 4183 3763 4238 salvare

2176 4279 2588 4341 mansuetudine
2629 4276 2982 4340 clementiae;
3032 4283 3085 4328 et
3125 4274 3531 4338 ulciscentibus,
3560 4274 3673 4327 sive
3701 4283 3760 4325 nt

2177 4370 2561 4441 congruentius
2590 4370 2716 4423 huic
2743 4368 2859 4422 loco
2890 4365 3241 4429 transfertur,
3268 4367 3671 4427 coercentibus,
3702 4373 3761 4417 et

2180 4460 2494 4523 immitibus,
2517 4458 2600 4512 vel
2631 4458 2838 4526 asperis
2863 4457 2918 4510 in
2940 4455 3329 4510 correctionem
3357 4454 3402 4486 "
3428 4455 3665 4515 tradens,
3689 4452 3756 4505 ad

493 4536 744 4602 virtutes,
765 4541 1018 4607 quoniam
1040 4541 1324 4605 inferiores
1345 4544 1562 4600 ordines
1596 4559 1693 4613 per
1713 4561 1810 4601 eos
1831 4548 1899 4599 ad
1923 4548 2073 4615 prin-
2102 4535 2150 4592 ι)
2177 4549 2572 4619 corrigendum,
2600 4548 2885 4617 omnigena
2915 4546 2960 4578 ⁸⁸
3002 4546 3337 4616 provisorum
3395 4544 3755 4607 traductione,

1792 4675 2047 4734 VARIAE
2082 4676 2486 4737 LECTIONES.

569 4808 646 4889 :B
661 4817 866 4889 nostras
886 4824 1084 4889 sacras.
1124 4888 1127 4889 ν
1160 4810 1257 4889 "B‘
1284 4810 1666 4889 marg._ad_§cr.
1688 4815 1787 4889 ire.
1817 4816 2080 4886 sacrificia
2108 4817 2212 4873 sive
2249 4821 2595 4889 sacramenta.

560 4877 604 4935 Β
654 4879 1034 4933 immolationes
1078 4888 1129 4935 et
1173 4877 1427 4933 hostiasf
1468 4880 1489 4912 ⁸
1538 4881 1581 4934 Β
1617 4877 1968 4972 perfectiones
2015 4888 2461 4957 participationes.
2538 4884 2558 4913 ⁸
2601 4885 2733 4938 Rad.
2789 4877 2934 4939 corr:
3004 4884 3064 4935 Β·
3101 4924 3115 4947 .

2674 4813 2768 4867 ³Β⁶
2785 4829 2958 4884 marg.
2984 4814 3161 4869 adscr.
3186 4816 3224 4867 i.
3249 4831 3298 4867 e.
3325 4811 3757 4884 contemplativis.

3180 4884 3272 4940 AB
3323 4880 3755 4952 eontentplativis.

2590 4966 2671 5002 8118
2714 4988 2724 5000 .

426 5055 432 5063 ⁸
497 4983 521 5015 '
554 4985 646 5063 qui
705 4997 813 5037 om.
862 4982 925 5047 B,
971 4984 1037 5036 ad
1077 4998 1247 5056 marg.
1280 4983 1456 5038 adscr.
1483 4985 1567 5039 Β“.
1642 4987 1665 5018 ⁸
1695 4991 2176 5060 contemplationem
2201 5006 2311 5045 om.
2342 4990 2383 5042 B
2431 4989 2473 5030 ρ⁹
2513 4982 2895 5065 Βᾷᾅῇεἱρὶηηι.
2973 4989 3018 5020 ¹⁰
3054 4997 3221 5058 potest
3245 5001 3357 5040 om.
3386 4987 3446 5051 Β,
3470 4986 3539 5042 ad
3579 5001 3754 5065 marg.

424 5076 427 5079 “
501 5060 678 5161 adscr.
706 5075 790 5161 B’.
869 5075 1220 5161 “MBI‘hmarg.
1252 5077 1429 5161 adscr.
1483 5079 1521 5134 i.
1554 5094 1600 5159 e.
1630 5081 1922 5161 .perfectis.
2000 5086 2047 5161 ’ξ
2070 5082 2187 5161 AB”
2213 5060 2707 5161 ξγξγχεστερονξυυ
2744 5089 2790 5131 et
2835 5095 2944 5134 om.
2987 5081 3094 5161 ᾼΙὶ,
3118 5080 3258 5140 ,add.
3291 5095 3355 5133 ex
3399 5081 3540 5161 copi.
3591 5060 3755 5161 eheu

500 5154 630 5221 test.
661 5158 835 5221 graec.
867 5215 878 5221 _
914 5146 1037 5221 “l3_‘
1072 5146 1240 5221 tnarg.
1269 5148 1450 5221 adscr.
1489 5150 1640 5221 primi
1662 5146 1701 5203 ἰ.
1743 5168 1789 5203 e.
1821 5153 2066 5221 supremi.

500 5218 670 5287 clticu,
698 5216 738 5287 ιξ
769 5215 1110 5287 tao'iarcltica.
1188 5219 1229 5249 "
1269 5216 1310 5268 B
1360 5215 1739 5287 permulgatnm
1769 5261 1784 5283 ,
1833 5215 1973 5275 corr.

500 5234 670 5273 amca,
698 5234 738 5268 υ
769 5234 1110 5283 tazrrarcmca.
1189 5234 1226 5249 "
1270 5234 1310 5268 ra
1395 5234 1413 5269 ε

499 5287 544 5318 ’³
584 5285 676 5340 Sic
703 5285 776 5350 C;
813 5285 901 5338 AB
927 5286 1195 5341 divinitus.
1270 5288 1313 5319 ’ί

498 5354 604 5422 quit
631 5362 724 5405 est.
797 5356 844 5386 ’³
869 5366 943 5407 est
971 5369 1079 5408 oni.
1121 5356 1231 5420 ΑΒ,
1262 5356 1426 5409 habet
1450 5356 1491 5408 C
1519 5365 1574 5407 et
1600 5371 1759 5422 supra
1790 5358 1964 5411 adscr.
1997 5360 2078 5412 Β“.

2143 5152 2187 5184 ⁸⁸
2219 5151 2490 5220 Β“ἰίιειγεξ
2536 5153 2710 5204 adscr.
2760 5166 2850 5215 per
2887 5166 2940 5202 se
2989 5151 3026 5201 i.
3062 5166 3108 5203 e.
3137 5165 3232 5248 per
3258 5166 3365 5202 eos.

2143 5222 2406 5248 -..Ιηηιηηι
2483 5219 2525 5248 υι
2573 5219 2692 5248 Αιιρ
2725 5233 2814 5248 ηρ.-
2856 5219 3015 5248 nl..-
3113 5218 3131 5248 ί
3209 5218 3266 5248 D'
3312 5232 3365 5248 um

2023 5218 2445 5291 promulgatnnf
2483 5219 2525 5250 ¹⁸
2564 5219 2693 5272 ABC
2723 5233 2829 5291 per_
2854 5219 3033 5291 plana.
3085 5218 3131 5291 _‘

1444 5300 1603 5353 supra
1635 5290 1812 5343 adscr.
1869 5301 1963 5343 est.
2024 5290 2083 5322 7“
2125 5292 2183 5342 Β*
2221 5291 2340 5343 voci
2373 5290 2498 5341 haec

2154 5360 2201 5391 “
2232 5360 2324 5411 Sic
2366 5359 2449 5419 C.,
2480 5359 2568 5410 AB
2597 5359 2683 5409 ad.

3444 5149 3486 5181 ¹⁶
3500 5151 3539 5202 Α
3559 5151 3761 5203 taxiar—

3206 5218 3266 5272 B‘
3312 5218 3427 5272 rad.
3483 5233 3626 5272 corr.
3679 5222 3755 5274 in.

2572 5300 2717 5341 unct.
2751 5286 2914 5353 subj.,
2945 5296 3000 5339 ct
3031 5288 3096 5340 ad
3126 5301 3296 5356 marg.
3322 5286 3503 5341 adscr.
3526 5289 3652 5340 haec
3673 5290 3759 5340 in-

2760 5356 2819 5425 ”,
2840 5357 2899 5407 B'
2945 5372 3117 5425 marg.
3169 5358 3348 5410 adscr.
3368 5424 3375 5425 ί
3395 5358 3758 5409 ταωεοηατριιὶ.

498 5421 661 5498 ξξλδίο
891 5424 1009 5476 ¹²Β⁶
1040 5439 1203 5494 supra
1228 5426 1405 5498 adscr.
1427 5442 1466 5498 ρ
1491 5421 1759 5498 theologis.
1831 5428 1879 5498 ξε
1914 5426 1976 5479 Β⁶
2009 5443 2167 5498 supra
2199 5443 2309 5481 scr.
2337 5429 2372 5478 i.
2417 5443 2464 5478 e.
2496 5428 2703 5498 pietas.
2779 5424 2988 5498 “llud.
3019 5421 3162 5498 corr.
3195 5426 3279 5498 B'A,
3311 5424 3757 5498 AB__conversab_i-

500 5490 637 5539 liter.
712 5489 755 5519 ³⁸)
784 5492 841 5542 B'
873 5508 1015 5545 corr.
1040 5489 1346 5546 communis.

500 5556 1114 5654 eruistis-

576 5623 616 5675 B
632 5624 769 5711 enim
806 5628 1009 5697 (punct.
1036 5623 1272 5701 atlj.'B‘).

502 5729 753 5772 omnium.

1383 5631 1425 5663 ³⁷
1449 5622 1497 5687 Ε
1509 5622 1521 5635 ’
1545 5622 1910 5702 coreptionem.

880 5561 924 5591 ³¹
974 5563 1034 5614 Β.
1087 5563 1535 5633 cognominationc
1583 5561 1786 5630 (punct.
1838 5565 1947 5631 adj.
1994 5567 2096 5633 B‘).

1426 5494 1464 5567 ξ’
1500 5492 1559 5543 Β·
1589 5508 1758 5567 marg.
1784 5495 1959 5567 adscr.
2001 5515 2045 5549 s.
2074 5492 2275 5567 negotio
2306 5492 2713 5567 rcaptivitutisget
2748 5494 3065 5567 redu‘clipnis
3095 5494 3271 5567 Israel
3294 5494 3574 5567 n_t_dict_um
3598 5504 3671 5545 est
3702 5496 3757 5547 in

2176 5566 2222 5598 ³³
2254 5566 2342 5618 AB
2381 5562 2494 5615 'hoc
2534 5563 2596 5615 ab
2637 5565 2767 5629 ipso.
2843 5562 2890 5592 "*
2924 5562 2966 5613 Β
2989 5572 3037 5615 et
3062 5568 3145 5615 de.
3224 5562 3271 5594 ³⁸
3314 5562 3375 5614 Β·
3433 5562 3612 5614 adscr.
3656 5572 3756 5615 est.

2015 5630 2150 5688 aa'B‘
2177 5650 2345 5704 marg.
2399 5633 2578 5686 adscr.
2624 5632 2700 5686 vel
2743 5632 3015 5700 omnigena
3061 5633 3099 5685 i.
3144 5649 3190 5685 e.
3250 5632 3481 5685 videlicet
3525 5630 3762 5696 generali
