4178 6266
438 291 539 347 90!

1288 286 1510 347 SUPER
1546 280 1972 367 lERARCHlAM
2011 278 2422 340 CAELESTEM
2461 278 2524 336 S.
2562 276 2878 336 DlONYSIl.

3598 281 3715 355 #92;

442 415 551 469 hoc
576 421 681 479 est,
709 410 1015 469 omnimodo
1057 424 1267 475 eorum,
1315 410 1407 479 qui
1457 407 1637 471 divina
1683 401 2020 476 providentia
2050 403 2094 460 A
2123 406 2328 462 ctuose,
2351 395 2609 450 intellexit
2638 395 2986 465 multiplicem
3008 393 3283 479 redeuntis
3304 394 3369 449 de
3395 394 3707 464 captivitate

444 512 710 574 reguntur
732 512 789 558 et
815 503 1151 573 corriguntur
1175 500 1219 564 ',
1251 497 1669 553 manuductione
1723 495 1776 549 in
1807 491 2017 546 melius.

450 594 553 649 Ubi
585 595 817 651 diximus
846 591 1221 653 constantiam.
1248 589 1320 644 ibi
1365 590 1418 643 in
1447 587 1662 644 Graeco
1689 580 1957 641 εὐπάθειαν
1978 583 2022 644 ⁸,

430 685 588 755 .quod
631 685 815 741 Cicero
856 682 1017 738 voluit
1048 679 1340 735 transferre
1364 676 1721 734 constantiam
1748 691 1776 740 ;.
1801 673 1900 743 ipsi
1926 687 2025 725 au-

432 782 557 837 ‘tcm
601 769 785 827 Graeci
815 771 1079 827 causam»
1124 767 1145 798 ⁸
1199 767 1387 821 dicunt
1427 765 1723 840 εὐεργεσίαν
1750 761 1796 820 ’⁵.
1844 761 1895 813 id
1920 767 2024 823 est,

448 844 903 915 benefacieutiatn.
932 856 1242 923 Εὐπάθιιαι³
1270 864 1450 909 autem
1466 863 1575 907 tres
1592 848 2026 906 suntsecuudum

442 943 672 1010 Stoicos,
713 945 985 1019 voluntas,
1030 944 1302 1016 gaudium,
1340 941 1536 1004 cautio,
1588 947 1645 994 et
1704 934 1915 994 nonnisi
1971 951 2025 988 ut

439 1036 617 1089 animo
642 1022 904 1105 sapientis
929 1034 1357 1103 constituuntur;
1380 1030 1709 1085 voluntatem
1731 1028 1850 1083 dico
1871 1040 2023 1080 amo-

441 1139 557 1179 rem
614 1124 777 1187 boni,
817 1108 1071 1193 gaudium
1116 1136 1246 1177 vero
1288 1120 1357 1175 de
1392 1120 1639 1174 veritatis
1687 1116 2023 1181 inventione,

428 1216 632 1293 Icautio
680 1215 910 1285 diligens
966 1229 1144 1267 rerum
1192 1211 1551 1266 consideratio
1593 1210 1635 1263 °.
1687 1207 1793 1263 Nos
1846 1216 2024 1262 autem

457 1305 689 1359 dicimus
736 1305 1001 1367 a‘meuy;
1037 1303 1057 1333 ⁷
1111 1302 1365 1372 gaudium
1415 1301 1460 1366 ",
1510 1314 1766 1364 amorem,
1823 1299 2023 1362 odium,

454 1394 771 1459 tristitiam,
826 1393 1039 1463 quando
1100 1391 1153 1444 in
1228 1391 1409 1445 animo
1474 1388 1728 1458 sapientis
1783 1391 1803 1421 ⁹
1859 1390 2025 1442 virtu-

454 1493 534 1538 tes
554 1493 692 1549 sunt,
729 1492 785 1536 ut
809 1500 823 1537 :
852 1503 870 1535 ι
894 1482 1133 1538 Gaudete
1158 1490 1212 1535 et
1242 1481 1500 1547 exultate,
1537 1480 1787 1550 quoniam
1822 1494 2030 1534 merces

448 1584 625 1629 vestra
657 1574 866 1643 copiosa
888 1574 1039 1628 estin
1066 1573 1230 1628 caelis
1264 1590 1311 1638 i;
1337 1573 1463 1627 item
1493 1591 1505 1626 :
1536 1592 1555 1623 ι
1586 1571 1686 1638 Qui
1726 1571 1898 1641 diligit
1922 1586 2026 1636 me,

443 1667 693 1739 diligetur
712 1682 743 1722 a
772 1666 934 1722 Patre
955 1681 1076 1719 meo
1098 1686 1116 1718 ι
1147 1683 1162 1731 ;
1193 1674 1249 1720 et
1279 1665 1406 1719 alibi
1436 1683 1449 1718 :
1484 1684 1501 1718 ι
1536 1664 1614 1719 Tu
1642 1663 1767 1727 seis,
1786 1663 2026 1728 Domine,

440 1757 565 1829 quia
596 1772 719 1812 amo
749 1765 799 1810 te
827 1772 873 1820 i;
908 1774 926 1806 ι
954 1755 1168 1824 iniquos
1197 1754 1325 1821 odio
1344 1754 1506 1809 habui
1526 1754 1569 1786 ¹⁰
1592 1772 1637 1818 s;
1664 1740 1694 1804 ἰ
1734 1753 1926 1808 Tristis
1946 1761 2030 1809 est

426 1846 618 1900 anima
641 1859 759 1900 mea
780 1845 1028 1914 usque'ad
1054 1851 1280 1898 mortem
1297 1864 1340 1895 ›.
1362 1843 1417 1898 In
1435 1843 1615 1898 animo
1630 1858 1758 1898 vero
1781 1843 2029 1912 insipien-
2056 1842 2061 1845 ’

410 1968 417 1975 ο
441 1933 510 1988 tis
539 1935 663 1987 dum
695 1933 1126 1997 considerantur,
1149 1936 1470 2007 κακοπάθριαι
1503 1931 1568 2000 “,
1599 1933 1702 1988 hoc
1726 1942 1832 1999 cst,
1857 1932 2030 1989 malae

441 2007 717 2092 passiones
766 2030 915 2077 recte
962 2013 1215 2077 dicdntur
1248 2025 1313 2086 “,
1355 2024 1398 2078 si
1450 2032 1627 2077 tamen
1660 2023 1918 2092 gaudium
1975 2022 2029 2077 in

442 2107 619 2161 anima
660 2107 929 2177 insipienti
961 2117 1137 2176 potest
1167 2108 1389 2180 intelligi
1418 2127 1432 2163 :
1463 2119 1546 2164 est
1569 2110 1713 2163 enim
1750 2109 2029 2181 gaudium,

439 2199 663 2264 laetitia,
699 2215 857 2272 quam
890 2216 1167 2271 nunquam
1212 2201 1459 2269 sequitur
1488 2201 1732 2263 tristitia,
1764 2203 1906 2270 quod
1951 2198 2033 2254 in-

444 2288 758 2364 sipientibus
783 2290 1003 2345 evenire
1039 2305 1141 2344 non
1172 2298 1369 2360 potest.
1411 2288 1649 2343 Alterum
1694 2306 1815 2343 vero
1851 2289 2033 2359 subje-

452 2387 646 2431 ctorum
684 2379 1004 2449 angelorum,
1044 2382 1099 2433 in
1132 2396 1404 2433 occursum
1428 2380 1583 2449 primi
1624 2378 2029 2451 provenientem,

454 2476 703 2537 tanquam
744 2469 810 2521 ad
858 2468 1252 2523 illuminationis
1297 2462 1672 2540 susceptionem
1719 2480 1765 2523 et
1814 2469 2030 2523 metale-

451 2555 571 2622 psin
604 2555 663 2606 ¹³.
699 2555 842 2611 Vidit
868 2573 997 2611 vero
1026 2558 1137 2628 ipse
1178 2556 1472 2613 Zacharias
1507 2559 1667 2613 alium
1698 2559 1937 2630 angelum
1966 2560 2031 2616 de

452 2644 748 2699 minoribus
774 2644 990 2700 obviam
1005 2646 1163 2717 primi
1183 2645 1226 2678 ³⁵
1252 2648 1539 2717 provenire
1558 2647 1623 2700 ad
1647 2649 2028 2718 susceptionem

449 2728 880 2797 illuminationis,
925 2733 1271 2789 revelationis
1322 2734 1573 2789 videlicet
1622 2735 1850 2800 divinae,
1897 2751 2030 2805 quae

452 2822 602 2890 prius
648 2839 858 2878 summo
928 2824 1120 2895 angelo
1168 2824 1235 2878 ab
1285 2824 1402 2894 ipso
1456 2822 1565 2878 Deo
1615 2824 1754 2879 dicta
1810 2834 1907 2880 est.
1963 2825 2055 2883 Et.

460 2911 763 2981 metalepsin
792 2912 861 2978 ",
885 2912 938 2967 id
994 2921 1079 2968 est
1120 2914 1543 2984 perceptionem,
1566 2913 2027 2984 participationem

2126 485 2304 554 populi
2338 484 2773 555 propagationem
2818 481 2895 548 ἰ;
2928 478 3017 550 qui
3067 495 3211 535 vero
3246 481 3563 538 transtulit:
3593 483 3709 537 sine

2127 588 2304 636 muro,
2354 573 2582 626 eundem
2630 586 2847 626 sensum
2888 569 3193 640 signiﬁcare
3226 570 3417 637 voluit,
3447 586 3511 625 ac
3552 572 3595 625 si
3623 573 3708 626 di-

2128 672 2313 718 ceret:
2350 672 2493 717 tanta
2540 661 2825 715 multitudo
2867 662 3046 731 populi
3072 663 3196 725 erit,
3244 670 3301 715 ut
3334 676 3488 719 muro
3513 660 3707 719 ambiri

2133 768 2242 807 non
2266 752 2457 822 possit.
2508 751 2654 804 Alter
2694 742 2865 804 autem
2913 751 3264 822 theologorum
3308 751 3551 806 Ezechiel
3575 752 3625 785 "'
3660 760 3709 806 et

2128 841 2193 893 ab
2232 841 2364 909 ipsa,
2406 839 2599 909 inquit,
2645 840 2742 893 hac
2789 841 3137 894 sacratissime
3179 841 3562 911 promulgatum
3601 858 3711 895 esse

2129 930 2405 986 Cherubim
2452 912 2817 999 super/irritata
2854 929 3238 1000 ‘gloriosissima
3265 930 3568 986 Divinitate.
3616 931 3711 986 Ai:-

2128 1020 2295 1075 terius
2337 1019 2383 1051 ’°
2435 1018 2663 1089 theologi
2727 1019 2868 1089 quod
2921 1021 3191 1089 praedixit
3246 1022 3506 1093 approbat
3558 1025 3710 1078 testi-
3782 1094 3789 1102 .

2128 1114 2328 1177 monio,
2371 1112 2473 1167 hoc
2515 1121 2620 1177 est,
2668 1115 2808 1183 quod
2846 1113 3022 1169 divina
3052 1115 3274 1170 consilia
3309 1117 3361 1170 in
3394 1116 3583 1186 primis
3617 1133 3712 1171 an-

2127 1200 2260 1272 gelis
2306 1200 2616 1256 immediate
2651 1209 2895 1270 suscepta
2925 1217 3020 1271 per
3044 1202 3349 1259 inferiores
3388 1204 3607 1276 angelos
3652 1205 3709 1260 in

2129 1288 2496 1359 theologorum
2556 1289 2832 1358 spiritibus
2874 1288 3174 1345 formantur
3200 1291 3268 1357 π,
3299 1293 3522 1348 dicens:
3560 1291 3713 1347 Alter

2128 1388 2307 1433 autem
2353 1379 2719 1449 theologorum
2764 1380 3011 1436 Ezechiel
3053 1381 3201 1447 dicit,
3228 1379 3318 1437 'ab
3360 1383 3475 1453 ipsa
3526 1398 3705 1452 διοιδεῖ·

2129 1469 2362 1533 firmata,
2392 1470 2823 1538 superessentiali
2857 1471 3128 1538 videlicet,
3157 1473 3541 1541 gloriosissima
3564 1473 3712 1528 Divi-

2128 1559 2299 1613 nitate
2324 1560 2424 1614 hoc
2441 1555 2512 1625 ⁸⁸,
2534 1560 2675 1628 quod
2697 1560 2961 1629 sequitur,
2983 1563 3349 1618 sacratissime
3372 1563 3440 1631 '9,
3457 1564 3712 1619 divinitus

2129 1648 2307 1720 plane,
2347 1649 2738 1718 promulgatum
2779 1666 2918 1715 esse,
2962 1652 3063 1706 hoc
3108 1661 3210 1716 est,
3252 1651 3506 1707 traditum
3551 1651 3714 1707 fuisse

2061 1729 2101 1788 Β
2130 1740 2259 1811 ipsis
2287 1739 2330 1773 ³⁰
2359 1736 2647 1795 Cherubim
2698 1741 3004 1797 immediate
3025 1742 3090 1796 ³⁸.
3120 1742 3277 1797 Enim
3316 1742 3507 1808 Israel,
3543 1754 3597 1796 ut
3626 1743 3712 1796 di-

2130 1840 2271 1884 ctum
2316 1841 2410 1895 est,
2462 1833 2794 1886 exercitatum
2836 1833 3137 1886 humanitas
3177 1848 3268 1902 per
3309 1831 3613 1902 disciplinas
3641 1833 3714 1886 "in

2130 1921 2312 1975 melius
2336 1921 2614 1975 traducens
2630 1921 2839 1991 justitia
2852 1922 3028 1977 divina
3052 1922 3300 1977 obnoxios
3320 1923 3629 1977 condemnat
3642 1922 3711 1988 ³³,

2129 2009 2368 2064 innoxios
2392 2009 2719 2080 justiﬁcavit.
2751 2009 3063 2067 Traducens
3106 2008 3294 2075 israel,
3319 2013 3421 2066 hoc
3449 2019 3554 2077 est,
3584 2012 3712 2066 dum

2132 2101 2446 2157 traducebat
2476 2101 2660 2167 Israel,
2689 2112 2749 2157 ut
2778 2100 2976 2157 dictum
3000 2111 3084 2158 est
3112 2103 3167 2157 in
3195 2102 3710 2174 divina'Scriptura,

2131 2191 2479 2246 exercitativa
2505 2191 2830 2258 humanitas,
2858 2191 2910 2246 id
2926 2200 3027 2256 est,
3055 2191 3232 2246 divina
3254 2192 3558 2257 clementia,
3576 2206 3715 2262 quae

2134 2282 2457 2337 traducendo
2494 2290 2712 2337 exercet
2756 2297 2852 2352 per
2892 2281 3202 2352 disciplinas
3238 2282 3291 2338 in
3333 2282 3545 2347 melius,
3576 2297 3715 2351 quos

2132 2371 2363 2426 liberare
2410 2370 2544 2426 vult.
2597 2370 2712 2426 Hoc
2763 2372 2977 2427 docetur
3026 2373 3223 2450 primus
3252 2380 3371 2442 post
3408 2369 3711 2435 Cherubim,

2130 2465 2331 2519 lumbos
2357 2466 2599 2535 sapphiro
2624 2466 2971 2535 praecinctus,
2999 2466 3089 2535 qui
3115 2465 3361 2537 poderam
3382 2464 3541 2534 juxta
3570 2480 3713 2534 sym-

2131 2556 2302 2610 bolum
2340 2556 2682 2610 ierarchicum
2729 2556 3058 2610 induebatur.
3088 2555 3333 2627 Reliquos
3362 2566 3535 2610 autem
3559 2571 3718 2625 ange-

2131 2646 2225 2712 los,
2264 2647 2353 2718 qui
2381 2664 2581 2703 secures
2604 2647 2879 2713 habebant,
2910 2647 3085 2700 divina
3114 2648 3407 2702 taxiarchia
3435 2649 3652 2718 imperat
3681 2663 3717 2699 rt

2129 2738 2292 2808 priori
2317 2737 2363 2768 ³³
2387 2737 2560 2790 doceri
2582 2737 2645 2789 de
2667 2738 2764 2789 hoc
2786 2737 3015 2790 divinum
3028 2737 3310 2805 judicium.
3335 2736 3449 2792 Hoc
3468 2738 3715 2800 docetur,

2131 2828 2325 2898 inquit,
2373 2827 2422 2881 id
2470 2835 2573 2892 est,
2615 2826 2680 2880 de
2725 2826 2827 2880 hoc
2856 2824 3365 2893 judicio,obnoxios
3404 2828 3713 2892 damnandi,

2132 2919 2379 2974 innoxios
2418 2932 2546 2972 vero
2573 2913 2919 2987 iustiﬁcandi,
2965 2916 3185 2969 docetur
3223 2915 3426 2984 primus
3466 2915 3710 2985 angelus,

465 2999 693 3064 scilicet;
729 3001 1035 3069 metalepsis
1063 3001 1108 3033 ¹⁶
1138 3003 1280 3056 enim
1315 3002 1356 3034 ιτ
1399 3002 1591 3057 dicitur
1623 3002 1837 3073 proprie
1862 3004 2029 3073 parti-
2066 3065 2100 3073 ί,
2135 3006 2186 3059 id
2219 3016 2299 3061 est
2329 3020 2469 3060 unus
2507 3020 2571 3059 ex
2602 3003 2817 3059 caelesti
2853 3003 3064 3067 ordine,
3108 3005 3197 3073 qui
3231 3003 3474 3072 sequitur
3502 3003 3711 3059 Cheru-

465 3087 679 3157 cipatio.
711 3089 912 3145 Deinde
928 3065 995 3144 ab
1022 3093 1130 3161 ipso
1155 3092 1382 3146 divinum
1410 3065 1675 3146 consilium
1707 3065 1957 3164 tanquam
1995 3112 2028 3147 a
2056 3065 2101 3127 C
2132 3095 2239 3149 bim
2262 3134 2276 3158 ,
2308 3094 2459 3149 verbi
2485 3094 2658 3164 gratia
2701 3107 2841 3147 unus
2866 3065 3415 3147 Dominationum-sen
3437 3092 3710 3146 Virtutum

460 3174 658 3235 summo
696 3184 964 3237 sacerdote
996 3185 1272 3250 eruditum,
1309 3195 1357 3237 et
1391 3186 1486 3238 hoc
1522 3185 1705 3239 docere
1733 3184 2028 3254 theologum

454 3286 771 3326 conversum.
803 3273 1022 3335 Deinde,
1056 3275 1243 3343 inquit,
1275 3274 1417 3330 videt
1462 3285 1838 3331 occurrentem
1868 3290 2031 3345 ange-

446 3362 577 3427 lum,
606 3363 873 3417 ernditum
905 3365 957 3418 in
982 3364 1158 3419 divino
1185 3365 1410 3420 consilio
1454 3366 1523 3420 ab
1567 3365 1683 3437 ipso
1720 3366 1893 3435 primo
1929 3381 2028 3419 an-

442 3452 581 3522 gelo,
614 3462 870 3523 tanquam
913 3471 944 3509 a
987 3470 1195 3510 summo
1221 3457 1524 3522 sacerdote,
1559 3467 1612 3511 et
1645 3459 1788 3513 videt
1821 3457 2030 3511 theolo-

440 3561 563 3613 gum
595 3547 829 3616 scipsum
856 3547 1012 3616 plane
1040 3563 1357 3603 conversum
1403 3549 1507 3604 hoc
1545 3549 1736 3604 docere
1765 3550 1810 3581 ⁸⁸
1842 3549 2027 3613 Israel,

438 3637 583 3707 quod
606 3653 634 3691 a
663 3639 839 3708 primo
863 3638 1049 3709 angelo
1077 3654 1174 3708 per
1202 3640 1498 3694 secundum
1531 3640 1736 3694 didicit.
1770 3640 1952 3694 Potest
1975 3647 2029 3693 et

440 3727 519 3782 sic
541 3727 821 3782 transferri
851 3745 865 3781 :
893 3735 947 3782 et
971 3728 1072 3783 hoc
1099 3729 1292 3784 docere
1323 3728 1366 3762 ¹⁹
1398 3729 1703 3800 theologum
1730 3730 1775 3763 '°
1805 3745 2031 3785 conver-

447 3824 669 3882 tentem,
698 3828 755 3871 ut
776 3818 845 3873 sit
871 3830 1096 3874 sensus:
1119 3829 1174 3875 et
1191 3822 1337 3876 videt
1358 3830 1758 3876 convertentem
1784 3821 2026 3893 angelum

447 3907 619 3975 ipsum
634 3908 969 3978 prophetam,
987 3917 1045 3962 ut
1058 3911 1157 3965 hoc
1171 3909 1691 3976 disceret.Quoniam
1706 3911 1969 3980 fructuose
1981 3911 2027 3944 "

446 3995 767 4049 habitabitur
840 3996 1135 4052 Jerusalem
1221 4016 1252 4053 a
1326 4000 1661 4055 multitudine
1735 4000 2024 4054 hominum.

448 4082 599 4138 Hanc
641 4084 1131 4154 interpretationem
1171 4102 1201 4143 a
1242 4089 1592 4158 Septuaginta
1622 4089 1859 4159 accepit;
1904 4089 2030 4144 Hie-

446 4187 703 4244 ronymus
726 4174 771 4208 "
802 4176 997 4246 quippe
1022 4178 1291 4232 transtulit
1319 4197 1333 4232 :
1358 4177 1622 4244 Quoniam
1646 4179 1694 4211 "
1715 4180 1833 4234 sine
1875 4193 2029 4233 muro

448 4262 777 4318 habitabitur
805 4264 1101 4321 Jerusalem
1130 4283 1159 4321 a
1192 4269 1532 4324 multitudine
1555 4270 1852 4324 hominum.
1877 4268 2028 4325 Unus

2130 3198 2222 3238 seu
2252 3183 2604 3249 Potestatum,
2634 3182 2885 3259 quoniam
2917 3182 3093 3252 primo
3109 3182 3398 3238 Cherubim
3424 3182 3472 3214 ³⁸
3496 3184 3564 3237 ab
3594 3183 3721 3253 ipsa:

2131 3273 2420 3330 Divinitate
2445 3273 2753 3330 immediate
2793 3275 2859 3330 de
2904 3275 3092 3330 eodem
3137 3274 3341 3345 judicio
3367 3273 3568 3341 edocti,
3606 3270 3715 3346 ipsi

2128 3377 2258 3419 vero
2283 3363 2574 3418 Cherubim
2602 3363 2830 3431 primum
2845 3371 2965 3432 post
2992 3378 3051 3417 se
3076 3364 3265 3418 docent
3285 3362 3353 3427 ³⁸,
3376 3365 3465 3432 qui
3491 3364 3538 3397 ³⁸
3560 3378 3720 3435 prae:

2130 3459 2339 3512 cinctus
2367 3464 2484 3512 erat
2511 3454 2723 3513 lumbos
2749 3457 3022 3527 sapphiro,
3052 3459 3143 3528 qui
3169 3457 3331 3513 etiam
3366 3461 3625 3530 poderam
3662 3456 3719 3492 ’τ

2132 3547 2453 3602 induebatur
2468 3549 2761 3603 secundum
2777 3548 3147 3620 symbolum“,
3162 3550 3453 3605 secundum
3470 3550 3711 3606 habitum

2132 3636 2325 3690 summi
2356 3636 2655 3692 sacerdotis
2681 3637 2735 3691 in
2766 3636 2947 3692 Israel.
2992 3636 3197 3691 Summi
3238 3638 3503 3708 siquidem
3533 3652 3713 3693 sacer-

2131 3729 2282 3784 dotes
2311 3730 2663 3799 perizomala,
2700 3729 2752 3783 id
2794 3740 2877 3784 est
2913 3729 3189 3785 femoralia
3231 3746 3323 3786 seu
3353 3732 3710 3787 succinctoria

2130 3818 2384 3889 sapphiro
2409 3819 2712 3889 ceterisque
2742 3820 2992 3890 pretiosis
3022 3818 3289 3890 lapidibus
3328 3830 3514 3876 ornata
3554 3836 3713 3890 prae-

2130 3912 2502 3981 cingebantur.
2529 3912 2736 3967 Podera
2762 3927 2976 3983 quoque
3017 3912 3218 3977 tunica,
3251 3913 3499 3967 videlicet
3527 3913 3711 3976 talari,

2132 4004 2512 4058 induebantur.
2552 4004 2756 4058 Podcra
2803 4014 2982 4059 autem
3022 4004 3240 4065 dicitur,
3277 4004 3400 4071 quia
3445 4017 3616 4069 usque
3646 4005 3719 4058 ad

2129 4093 2308 4153 πόδας’
2342 4093 2412 4159 ³³,
2463 4093 2514 4146 id
2554 4107 2658 4157 est,
2687 4107 2857 4163 usque
2884 4095 2931 4125 ⁸ο
2975 4094 3038 4147 ad
3096 4091 3258 4161 pedes
3314 4090 3598 4159 pendebat.
3654 4092 3723 4145 In

2132 4182 2222 4237 tali
2243 4184 2427 4236 habitu
2451 4183 2630 4250 itaque
2659 4184 2701 4213 "'
2730 4182 2922 4235 summi
2946 4180 3245 4236 sacerdotis
3265 4180 3470 4246 primus
3493 4180 3727 4249 angelus

2132 4282 2255 4344 post
2282 4271 2570 4326 Cherubim
2601 4271 2749 4323 visus
2787 4278 2925 4322 erat
2948 4269 3264 4337 prophetae.
3308 4267 3495 4322 Divina
3535 4275 3719 4322 autem

454 4360 631 4406 tamen
660 4367 849 4409 sensus
875 4356 928 4409 in
958 4357 1203 4427 utrisque
1242 4366 1342 4412 est.
1375 4357 1477 4425 Qui
1517 4360 1659 4414 enim
1700 4362 1834 4415 dixit
1861 4360 2019 4416 :‘l'ru—
2052 4396 2101 4454 Β
2132 4361 2428 4417 taxiarchia
2463 4402 2476 4425 ,
2530 4359 2583 4413 id
2635 4368 2719 4411 est
2769 4371 2976 4411 summa
3029 4353 3262 4421 bonitas,
3320 4368 3459 4425 quae
3502 4356 3726 4410 ordinat.

1736 4490 1988 4546 vanus
2027 4465 2426 4549 LECTIONES.

521 4556 536 4585 ¹
571 4564 618 4608 et
666 4554 1001 4623 corriguntur
1058 4572 1166 4611 om.
1228 4557 1292 4611 A.

1368 4559 1391 4591 '
1436 4559 1498 4612 Β·
1554 4575 1725 4632 marg.
1775 4561 1950 4615 adscr.
2004 4562 2039 4614 i.
2076 4548 2130 4616 re.
2178 4548 2497 4633 eupathiam.
2558 4559 2597 4590 ’³
2653 4557 2711 4611 B‘
2767 4571 2936 4680 marg.
2991 4560 3167 4611 adscr.
3215 4558 3253 4612 i.
3294 4576 3340 4613 e.
3395 4548 3727 4626 eupathiam.

1370 4643 1484 4680 ara.
1538 4630 1718 4680 adscr.
1761 4632 1797 4680 i.
1838 4647 1900 4680 re.
1953 4633 2292 4680 eneruesiam.
2325 4631 2367 4680 C
2403 4630 2745 4680 eiteraesium.
2822 4626 2844 4658 ⁸
2936 4631 2951 4647 '
3000 4638 3171 4680 mare.
3226 4631 3402 4680 adscr.
3454 4629 3713 4680 eunathie.

446 4623 695 4705 ξβθιιεί.Ἃ
719 4624 765 4677 Α
794 4625 831 4676 ις
885 4629 1146 4705 innitar.
1200 4627 1259 4680 B‘
1313 4643 1484 4696 marg.
1538 4623 1718 4684 adscr.
1746 4632 1797 4705 Αἱ..
1838 4647 1914 4705 e._
1953 4623 2292 4705 euergesiam,
2325 4631 2367 4686 C
2403 4630 2745 4705 eitergesium.
2822 4626 2861 4705 '_
2890 4623 2951 4680 Β·

446 4693 579 4749 Item
630 4694 695 4747 B'
740 4709 913 4766 marg.
961 4693 1156 4769 'adscr.
1225 4706 1329 4769 tres
1385 4693 1506 4753 sint
1579 4700 1853 4769 eupathiae
1896 4702 1935 4755 i.
1994 4717 2045 4754 e.
2077 4693 2287 4754 'bonae'
2334 4693 2600 4769 passiones
2667 4697 2951 4769 secundum
3015 4693 3239 4754 Stoicos.

3000 4638 3171 4697 marg.
3226 4631 3402 4685 adscr.
3454 4629 3713 4696 eupathie.

3361 4699 3382 4730 ⁸
3423 4699 3489 4758 Α,
3529 4713 3718 4757 recens

448 4780 593 4839 utan.
653 4779 766 4818 sec.
840 4766 1023 4839 xy_in
1079 4765 1357 4839 superiore
1405 4777 1559 4837 parte
1632 4765 1977 4839 membranae
2041 4784 2148 4825 scr.
2200 4765 2360 4823 Amor
2410 4768 2609 4839 estrvis
2677 4768 3386 4839 untativagtransformans
3448 4778 3717 4824 amantem

445 4836 502 4887 in
524 4844 794 4911 amatum.
870 4835 979 4911 "_,B‘
1012 4851 1192 4911 marg._
1215 4837 1390 4895 adscr.
1406 4835 1714 4911 eitpatltias.
1788 4838 1810 4869 ⁸
1838 4838 1900 4892 Β”
1933 4856 2103 4911 marg.
2155 4840 2332 4911 adscr.
2378 4838 2856 4911 gaud_ittgt,_amor,
2904 4837 3106 4911 odium,
3147 4835 3380 4903 tristitia,
3419 4838 3631 4911 (μαριᾴο
3662 4839 3720 4891 in

445 4905 623 4957 animo
673 4904 928 4967 sapientis
964 4916 1103 4969 sunt,
1140 4904 1359 4961 uirtutes
1406 4904 1548 4961 sunt.
1621 4906 1728 4961 ‘B‘
1778 4924 1922 4963 corr.
1973 4904 2221 4974 sapientis
2272 4904 2409 4961 sunt.

2488 4908 2530 4939 ¹⁰
2571 4906 2612 4959 Β
2653 4907 2830 4960 hodie.
2907 4907 2949 4940 ¹¹
2977 4906 3022 4962 Α
3052 4906 3092 4959 Β
3120 4906 3442 4969 κακοπαθιαιξ
3494 4907 3534 4960 C
3560 4906 3725 4961 kacon

444 4976 641 5061 pathie.
720 4974 947 5061 "C
984 4986 1210 5061 et'cor‘r.
1247 4976 1334 5040 li‘,
1358 4976 1465 5061 ,ΑΒ
1489 4977 1707 5061 ducu'pt.
1777 4976 2219 5061 _”.Emettd.,tl‘\B
2256 4978 2644 5061 metalempsin;
2760 4991 2900 5061 corr.
2929 4977 3326 5061 metalempsin}:
3402 4978 3445 5010 “
3470 4977 3559 5061 Sic
3604 4975 3718 5054 ΑΒ,

444 5040 487 5127 ρ
511 5045 703 5127 prima.
783 5042 1105 5127 "Eme-nd:
1134 5043 1178 5097 A
1214 5044 1587 5127 metalempsin,
1618 5044 1659 5098 Β
1689 5040 2632 5127 ηιεῑαιεῃξρεὶιζιεςϐηυιειαῑιεηῳὲξξιηί
2692 5046 2813 5127 ““é
2856 5040 3242 5127 metalentp-s‘is,
3280 5049 3319 5101 Β
3363 5045 3717 5127 metalenpsis,

444 5110 486 5165 C
510 5112 902 5185 metallempsis.
978 5114 1021 5185 ίῗ
1050 5115 1093 5170 Β
1122 5130 1255 5169 vero.

441 5195 554 5265 pm.
725 5183 769 5213 ²¹
793 5181 1062 5265 ,ῐιιιηίξς⁸
1101 5185 1279 5265 adscr.
1312 5186 1350 5238 i.
1393 5201 1463 5265 εἰ⁵⁵
1489 5186 1710 5265 ςρρὶοεε.

443 5250 492 5322 (⁸
517 5251 606 5303 ΑΒ
648 5251 890 5305 iezechiel
919 5293 937 5313 ,
981 5250 1061 5309 sic
1104 5253 1324 5322 ubique.

441 5318 760 5388 formantur.
840 5322 885 5353 ’⁸
914 5322 1072 5378 Bltoc
1099 5332 1192 5409 est
1219 5318 1424 5393 (mmet.
1472 5324 1579 5393 ad].
1625 5321 1709 5395 B’)

1418 5254 1464 5285 ’⁸
1498 5252 1559 5326 Βξ
1600 5269 1769 5326 marg.
1814 5256 1990 5308 adscr.
2017 5252 2151 5309 Item
2199 5256 2262 5308 de
2307 5255 2500 5326 visione
2540 5253 2855 5326 prophetica.

1812 5326 1856 5357 ’³
1886 5326 1941 5378 Β·
1990 5339 2159 5394 marg.
2197 5325 2375 5379 adscr.
2417 5324 2698 5379 cherubim.

1336 5115 1379 5146 ³⁸
1404 5114 1495 5169 Sic
1524 5114 1563 5170 C
1605 5123 1660 5169 et
1690 5130 1847 5185 corr.
1885 5115 1969 5181 B‘,
2014 5117 2103 5171 AB
2140 5118 2330 5170 dicere.
2408 5114 2469 5146 ¹⁹“
2497 5116 2677 5185 Conj.,
2725 5115 3046 5185 AB_djcsre.
3078 5114 3170 5185 ξ²⁰
3206 5117 3389 5185 docere
3423 5116 3714 5185 Ilico/agunt

1796 5184 1927 5257 "7A
1958 5180 2288 5257 hieronymus,
2330 5180 2737 5257 B_ieronimus.,
2761 5180 2838 5257 _"
2878 5183 2920 5236 Β
2945 5184 3115 5257 quod.
3181 5184 3227 5215 “
3268 5182 3690 5257 Bpurgftionem

2951 5240 2995 5283 ί⁷
3020 5253 3058 5304 Β
3098 5240 3402 5319 (amanter,
3432 5240 3513 5301 "B‘
3570 5240 3721 5319 curri

2792 5320 2836 5352 “
2867 5319 3022 5374 Corr.
3053 5314 3141 5383 B‘,
3167 5319 3256 5373 AB
3306 5319 3493 5386 ipsius.
3578 5314 3620 5346 ³³
3656 5316 3718 5369 lt:

444 5426 619 5481 marg.
652 5412 833 5467 adscr.
861 5396 1202 5500 transdnée'ris
1233 5413 1439 5485 Ipsum.
1514 5414 1557 5446 δ’
1597 5413 1638 5467 Β
1662 5415 2026 5486 condempnat,
2063 5415 2142 5469 sic
2182 5414 2399 5483 ubique.
2478 5413 2523 5445 ³³
2555 5414 2614 5468 B'
2646 5427 2788 5467 corr.
2816 5412 3008 5480 priore.
3105 5408 3152 5440 ³⁵
3176 5408 3223 5459 Β.
3244 5406 3491 5500 cherubin
3525 5402 3727 5480 primo.

441 5502 631 5581 "__Sic
677 5502 876 5581 C,__l\B
910 5506 1111 5581 docere.
1143 5504 1235 5581 A“
1301 5504 1481 5581 Sic_C
1524 5514 1774 5581 et__corr.
1820 5504 1903 5581 Bt,
1952 5505 2045 5581 _AB
2094 5520 2279 5581 quam.
2316 5503 2490 5581 ,ῥίς-Β
2534 5502 2748 5581 ,mtlera.
2793 5502 2907 5581 -.-³³
3048 5502 3484 5581 _nta_rg‘.madscr.
3554 5502 3623 5581 iet

1128 5575 1354 5654 figuram
1401 5564 1923 5654 ierarchicant,_qnia_
1943 5564 2200 5654 ierarc'hia
2232 5564 2727 5654 visibili‘btts'ﬁguris
2750 5567 2917 5619 utitur
2945 5564 3019 5618 ad
3041 5564 3375 5621 invisibilium
3416 5568 3723 5626 denomina-

1772 5641 1813 5676 ’⁵⁵
1838 5643 1880 5697 C
1906 5643 1959 5697 in
1988 5643 2079 5696 tali
2106 5659 2307 5715 quoque
2340 5641 2538 5695 habitu.

441 5574 651 5628 chicum
684 5574 902 5638 scilicet,
930 5576 967 5628 i.
1012 5592 1085 5638 e.,

442 5645 659 5698 tionem.
754 5645 913 5700 "AB.
939 5645 1124 5715 podas.
1174 5645 1178 5646 ⁷
1219 5646 1263 5678 ’δ’
1290 5660 1449 5716 usque
1475 5661 1583 5701 om.
1614 5646 1676 5700 Α.

2094 5520 2270 5574 quam.
2347 5504 2429 5574 "re
2449 5503 2490 5555 Β

2534 5502 2748 5570 potlera.
2815 5498 2907 5570 _“
2954 5496 3015 5570 Βξ
3049 5494 3484 5570 _ma_rg.___adscr,
3554 5499 3725 5570 ίεταν-
