4178 6266
478 290 587 347 205

1578 285 2077 342 EXPOSITIONES
2111 285 2400 343 JOANNI‘S
2439 286 2639 346 SCOTI

3659 304 3763 362 204

477 406 681 472 omnia,
711 406 941 476 imperat
969 420 1065 475 per
1103 404 1391 460 Cherubim
1428 404 1666 475 reliquos
1698 397 1942 475 angelos,
1971 403 2062 472 qui
2092 407 2137 464 Λ
2166 405 2343 458 rantia
2376 405 2677 460 divinorum
2705 415 3186 464 sacramentorum.
3218 406 3335 465 Non
3360 411 3506 467 enim
3542 413 3763 486 imperi-

476 514 698 555 sccures
725 498 1018 563 habebant,
1041 498 1224 551 doceri
1259 512 1290 550 a
1328 497 1493 567 priori
1530 499 1549 528 ³
1579 498 1776 566 angelo
1820 496 2063 549 divinum

469 590 732 669 judicium
754 586 821 643 de
849 588 970 652 hoc,
1007 596 1065 641 ut
1106 587 1375 641 discerent
1411 585 1620 641 scilicet
1647 586 1881 640 divinam
1907 584 2065 655 justi-

473 680 605 755 tiam
634 679 703 734 de
733 680 835 733 hoc
869 677 1183 732 discrimine
1223 676 1580 731 obnoxiorum
1618 685 1672 731 et
1701 676 2060 730 innoxiorum.

472 766 542 825 Ei
571 771 780 841 quidem
806 771 943 823 enim
970 769 1100 823 dixit
1143 768 1368 823 mediam
1398 770 1623 824 transire
1668 768 1983 832 Jerusalem,
2015 778 2063 822 et

472 865 600 917 dare
630 879 843 934 regnum
885 862 938 915 in
976 860 1172 930 frontes
1216 861 1551 915 innoxiorum
1598 860 1863 924 t-irarum;
1902 848 2061 913 aliis:

473 951 628 1008 Exite
657 955 709 1007 in
738 954 992 1006 civitatem
1009 960 1123 1020 post
1147 968 1285 1016 eum,
1309 961 1356 1005 et
1386 953 1654 1021 percutite,
1685 961 1731 1005 et
1756 951 1913 1006 nolite
1941 966 2063 1020 par-

468 1061 584 1099 (ere
611 1045 775 1099 oculis
812 1044 1008 1106 vestris,
1053 1042 1123 1095 ad
1161 1058 1338 1095 omnes
1384 1052 1579 1106 autem,
1615 1058 1771 1109 super
1819 1057 1948 1112 quos
1986 1045 2062 1094 est

465 1138 695 1207 signum,
726 1152 789 1191 ne
830 1133 1272 1205 appropinquans.
1325 1132 1385 1186 Ei
1430 1132 1645 1202 quidem
1671 1134 1716 1197 ’,
1745 1131 1945 1200 inquit,
1965 1145 2060 1185 or-

464 1225 628 1287 dini‘
668 1222 987 1290 Cherubim,
1035 1222 1119 1278 vel
1168 1222 1435 1286 absolute,
1473 1222 1522 1276 ei
1570 1219 1884 1285 Cherubim,
1927 1237 2061 1291 quo-

421 1309 611 1375 ‘niam
660 1317 950 1373 Cherubim
995 1326 1049 1372 et
1093 1314 1375 1385 Seraphim
1420 1311 1675 1367 hcbraite
1721 1310 1743 1342 ‘
1779 1311 2059 1381 utriusque

462 1408 674 1464 numeri
702 1408 723 1439 ⁵
774 1405 1081 1463 communia
1120 1404 1337 1460 nomina
1377 1411 1521 1459 sunt.
1568 1400 1700 1457 Nam
1747 1412 1799 1454 et
1841 1400 2058 1455 Cherub

460 1508 519 1556 et
546 1496 839 1555 Cherubim
889 1488 1236 1565 singulariter
1275 1493 1621 1564 proferuntur
1664 1506 1760 1561 per
1797 1491 2052 1555 σύνταξιν,

458 1593 565 1651 hac
603 1599 688 1647 est
719 1606 817 1661 per
856 1587 1311 1661 constructionem
1364 1600 1749 1649 numerorum;
1802 1582 2055 1637 similiter

458 1684 527 1739 de
576 1658 750 1736 Set-ub
786 1679 807 1711 ‘
848 1689 904 1734 et
972 1658 1307 1748 Seraphim,’
1354 1687 1410 1731 et
1464 1674 1686 1746 pluralis
1734 1674 1946 1731 numeri
2000 1680 2054 1729 et

2172 501 2258 548 tus
2306 494 2607 549 divinorum
2658 495 3026 550 intellecturum
3076 498 3220 553 viam
3287 502 3535 559 veritatis
3585 517 3766 575 potest

2165 580 2399 652 ingredi,
2427 596 2526 637 nec
2555 583 2727 638 lucem
2758 585 2925 654 ipsius
2955 587 3279 656 conspicari,
3321 590 3440 646 sine
3460 609 3567 662 qua
3604 611 3765 653 nemo

2168 669 2524 726 deificabitur.
2570 671 2847 742 Siquidem
2875 674 2923 705 "
2953 690 3059 729 non
3091 676 3306 742 sufﬁcit,
3347 689 3406 734 ut
3446 684 3567 752 quis
3606 687 3766 758 sagit-

2169 770 2277 815 tam
2315 764 2381 818 de
2422 763 2643 817 vulnere
2674 765 2932 829 retrahat,
2970 767 3071 822 nisi
3116 770 3257 823 adsit
3288 771 3354 834 ",
3381 774 3471 841 qui
3521 779 3766 837 sanando

2164 854 2376 909 vulneri
2421 855 2743 910 medicinam
2785 856 3056 912 adhibeat.
3102 858 3290 915 Gratia
3327 862 3373 894 ³⁸
3394 879 3625 935 namque
3662 868 3759 923 ba-

2164 943 2344 1014 ptismi
2373 943 2476 999 hoc
2519 944 2693 999 solum
2732 955 2992 1016 praestat,
3036 952 3329 1018 praeterita
3356 968 3460 1007 non
3491 956 3534 987 ’τ
3557 973 3755 1015 nocere

2164 1034 2381 1099 delicta,
2406 1044 2460 1089 et
2500 1036 2553 1089 in
2589 1037 2824 1092 divinam
2874 1039 3148 1094 lilietatem
3191 1044 3382 1098 nasci:
3423 1062 3531 1101 non
3574 1058 3752 1105 autem

2162 1123 2390 1194 largitur
2410 1125 2587 1180 futura
2611 1128 2897 1183 commissa
2930 1143 3037 1182 non
3060 1130 3348 1199 impedire;
3375 1135 3477 1189 hoc
3496 1136 3542 1169 "'
3558 1139 3753 1209 quippe

2162 1215 2375 1271 divinae
2425 1217 2634 1285 gratiae
2680 1232 2780 1287 per
2841 1220 3231 1287 poenitentiam
3294 1223 3465 1279 libero
3529 1227 3755 1283 arbitrio

2160 1302 2539 1369 committitur,
2573 1307 2787 1361 divinae
2815 1308 3034 1379 quidem
3080 1314 3287 1382 gratiae
3334 1329 3432 1384 per
3470 1318 3752 1385 poeniten-

2161 1397 2310 1462 tiam,
2364 1398 2561 1453 lihero‘
2583 1399 2807 1454 arbitrio
2865 1414 2965 1468 per
3012 1403 3426 1471 providentiam.
3483 1407 3670 1462 Potest
3704 1410 3753 1444 ¹⁹

2159 1506 2391 1559 namque
2422 1490 2561 1559 quis,
2594 1503 2662 1544 ne
2691 1490 2905 1545 incaute
2932 1501 3137 1562 peccet,
3178 1494 3484 1564 providere,
3516 1498 3610 1552 sed
3642 1515 3752 1555 non

2158 1583 2275 1639 sine
2312 1583 2505 1654 gratia.
2547 1580 2733 1637 Potest
2772 1584 2944 1652 gratia
2974 1593 3197 1653 peccata
3226 1586 3526 1656 indulgere,
3571 1603 3751 1661 neque

2158 1673 2281 1727 hoc-
2312 1674 2517 1742 absque
2565 1672 2705 1728 bona
2757 1673 2997 1729 hominis
3032 1674 3327 1732 voluntate.
3377 1675 3562 1747 Neque
3599 1681 3746 1737 enim

457 1772 755 1831 masculina
784 1769 1001 1826 nomina
1032 1777 1176 1823 sunt.
1206 1767 1308 1837 ipsi
1343 1769 1524 1836 itaque
1553 1764 1845 1822 Cherubim
1868 1764 2047 1819 divina
2080 1771 2126 1831 Β
2156 1761 2353 1816 invitos
2388 1761 2500 1814 vult
2537 1761 2680 1816 Deus
2705 1763 2998 1829 attrahere,
3027 1762 3121 1818 sed
3151 1763 3408 1830 volentes,
3441 1783 3507 1821 ne
3545 1769 3745 1824 donum

457 1860 758 1919 taxiarchia
790 1860 948 1924 dixit,
979 1858 1211 1928 primum
1236 1865 1357 1928 post
1385 1871 1444 1912 se
1468 1857 1490 1886 "
1516 1856 1746 1910 mediam
1778 1864 2044 1924 pertrans-

454 1954 536 2009 ire
578 1951 871 2007 civitatem.
923 1948 1079 2004 Velut
1120 1946 1438 2017 simpliciter
1483 1955 1660 2016 potest
1707 1945 1952 2016 intelligi,
1995 1945 2044 2001 ei

452 2044 629 2114 primo
667 2052 793 2113 post
831 2038 1142 2103 Cherubim,
1181 2038 1274 2091 sed
1305 2052 1403 2105 per
1445 2052 1502 2091 se
1539 2037 1712 2106 ipsum
1754 2034 2044 2091 Cherubim

450 2135 589 2190 dixit
610 2131 878 2189 mediam"
903 2128 1235 2203 pertransire
1260 2126 1594 2192 Jerusalem;
1620 2127 1851 2182 mediam
1867 2126 1888 2157 ’
1916 2141 2044 2181 vero

451 2225 606 2293 ﬁcit,
637 2224 741 2281 hoc
767 2230 874 2288 est,
904 2221 957 2277 in
988 2219 1252 2277 obnoxios
1284 2217 1641 2286 innoxiosque
1685 2215 1946 2282 divisam;
1990 2224 2047 2272 et

454 2318 586 2373 dare
617 2316 852 2386 signum,
882 2311 1063 2369 crucis
1089 2309 1289 2365 Christi
1322 2307 1594 2373 videlicet,
1622 2307 1677 2362 in
1721 2306 1932 2362 frontes
1962 2307 2043 2362 inc

453 2406 758 2463 noxiorum.
775 2406 968 2458 Datum
986 2403 1028 2433 ²⁰
1046 2409 1130 2458 est
1143 2401 1286 2455 enim
1310 2400 1520 2470 signum
1539 2398 1580 2429 “
1595 2409 1634 2454 Τ
1651 2398 1691 2428 ¹²
1705 2398 1758 2451 in
1775 2395 2042 2453 frontibus

448 2511 659 2553 eorum.
690 2493 806 2549 Tau
833 2500 1011 2549 autem
1041 2489 1447 2547 similitudinem
1476 2487 1654 2543 crucis
1674 2496 1890 2558 gestare
1920 2486 2042 2558 quis

448 2588 691 2649 ﬁdelium
736 2585 988 2657 ignorat?
1033 2583 1112 2638 llli
1160 2583 1259 2637 soli
1313 2582 1476 2653 igitur
1507 2580 1550 2613 ¹³
1580 2579 1903 2646 liberantur,
1949 2581 2039 2651 qui

448 2695 667 2736 crucem
690 2678 903 2734 Domini
920 2675 1151 2735 ﬁdeliter
1173 2676 1421 2731 credunt.
1435 2693 1453 2724 ι
1475 2672 1823 2728 Arbitramur
1836 2672 1978 2727 enim
1992 2692 2037 2736 ι,

448 2771 527 2826 ait
574 2768 792 2834 Paulus,
827 2786 848 2816 ι
873 2765 1162 2839 justilicari
1195 2765 1468 2821 hominem
1505 2778 1603 2835 per
1638 2764 1797 2819 [idem
1841 2782 1885 2816 ι.
1934 2762 2040 2817 Alii

445 2870 624 2916 autem
651 2857 1189 2921 secureshabebant,
1221 2855 1417 2926 quibus
1445 2856 1768 2926 imperatum
1800 2861 1884 2908 est
1910 2852 2041 2907 nulli

442 2966 686 3024 parcere.
711 2952 943 3008 Pulchre
967 2960 1146 3005 autem
1172 2949 1216 2982 “
1237 2965 1374 3005 unus
1400 2948 1740 3003 innoxiorum
1769 2947 1814 2979 “'
1841 2947 2038 3017 signat,

442 3052 630 3099 etnon
653 3043 759 3099 alio
779 3042 935 3112 signo
961 3041 1064 3096 nisi
1095 3038 1296 3094 erucis.
1323 3038 1472 3095 Unus
1491 3046 1575 3093 est
1600 3039 1744 3093 enim
1767 3037 2039 3101 Christus,

2151 1853 2305 1909 liberi
2353 1853 2563 1908 arbitrii
2612 1854 2666 1907 in
2718 1854 3035 1910 servitutem
3086 1856 3331 1927 redigere
3380 1858 3622 1913 videatur
3673 1861 3743 1916 ³⁸.

2148 1943 2364 1999 Primus
2392 1958 2522 2017 ergo
2552 1953 2673 2015 post
2711 1943 3005 2009 Cherubim
3052 1947 3233 2018 signat
3268 1947 3475 2005 frontes
3499 1952 3749 2009 innoxio-

2150 2053 2289 2091 rum.
2326 2036 2556 2091 Ohnoxii
2585 2045 2760 2101 erant,
2795 2036 2886 2090 sed
2914 2036 3190 2107 signorum
3229 2039 3377 2092 noxii
3425 2047 3551 2093 sunt
3587 2039 3740 2098 facti.

2147 2124 2329 2194 Quare
2361 2125 2612 2182 Christus
2649 2125 2936 2181 cruciﬁxus
2982 2127 3188 2195 primus
3215 2126 3415 2181 dicitur
3442 2140 3565 2199 post
3592 2131 3737 2187 Che-

2148 2216 2345 2271 rubim.
2360 2215 2498 2272 Audi
2515 2215 2855 2270 Psalmistam
2873 2235 2885 2269 :
2911 2236 2927 2267 ι
2953 2215 3227 2271 Minorasti
3244 2232 3369 2271 eum
3385 2220 3543 2287 paulo
3560 2220 3739 2277 minus

2147 2306 2216 2360 ab
2250 2305 2454 2377 angelis
2478 2325 2521 2360 ι.
2539 2306 2634 2361 Vis
2648 2319 2832 2371 nosse,
2849 2294 3114 2375 quomodo
3134 2307 3438 2362 minoratus
3461 2309 3578 2362 est?
3597 2309 3737 2365 Audi

2145 2394 2403 2451 Paulum:
2429 2415 2445 2446 ι
2468 2394 2858 2465 Semetipsunn
2874 2393 3097 2463 ,inquit,
3121 2412 3139 2445 ι
3162 2395 3488 2462 exinanivit,
3505 2397 3738 2451 fonnam

2145 2488 2286 2545 servi
2317 2487 2587 2558 accipiens
2621 2487 2675 2542 in
2715 2486 3122 2542 similitudinem
3148 2487 3497 2541 “hominum
3540 2488 3737 2551 factus,

2145 2577 2402 2633 obediens
2441 2576 2589 2632 Patri
2630 2592 2805 2648 usque
2829 2577 2897 2630 ad
2925 2586 3153 2634 mortem
3192 2577 3397 2644 nandi
3439 2578 3650 2648 signum
3682 2578 3735 2633 in

2144 2666 2413 2724 frontibus
2445 2668 2712 2738 signatum
2750 2685 2763 2722 :
2798 2685 2818 2718 ι
2848 2675 3075 2722 mortem
3099 2675 3277 2722 autem
3304 2667 3480 2722 crucis
3507 2687 3550 2721 ι.
3574 2666 3736 2724 Solus

2143 2759 2343 2830 signat,
2373 2757 2522 2814 solus
2552 2758 2749 2829 quippe
2786 2755 3021 2823 liberat;
3046 2757 3221 2827 angeli
3244 2756 3290 2787 ⁸⁸
3310 2756 3425 2825 ejus
3450 2757 3733 2812 securibus

2142 2849 2470 2919 percutiunt,
2501 2864 2600 2919 per
2629 2848 2913 2902 ministros
2931 2862 3058 2902 suos
3090 2846 3342 2901 aedificat
3381 2846 3483 2901 sibi
3508 2834 3731 2903 domum

2142 2956 2208 2996 ex
2245 2942 2479 2995 humana
2514 2948 2704 2993 natura
2728 2939 2929 3004 dolata,
2955 2955 3021 2995 ex
3056 2938 3391 2995 informitate
3413 2955 3511 2994 sua
3543 2940 3596 2993 in
3621 2940 3732 2998 for-

2146 3049 2288 3088 mam
2319 3033 2509 3103 ipsius,
2534 3034 2600 3088 ad
2623 3033 2778 3104 cujus
2830 3033 3117 3102 imaginem
3157 3032 3302 3088 facta
3340 3042 3446 3099 est,
3479 3034 3726 3090 reducta.

442 3135 537 3203 qui
578 3150 711 3191 suae
738 3132 1006 3205 passionis
1036 3131 1238 3185 virtute
1282 3129 1565 3191 crtalentes
1614 3129 1668 3182 in
1718 3143 1777 3183 se
1825 3128 2035 3183 liberat.
2067 3130 2112 3192 C
2143 3124 2296 3194 and
2327 3140 2458 3180 vero
2485 3125 2662 3180 securi
2692 3124 2739 3156 ³³
2773 3123 2934 3178 ferire
2974 3123 3314 3194 “jubentur,
3366 3125 3570 3179 nemini
3616 3126 3731 3183 suis

439 3223 550 3287 Alii
576 3233 754 3281 autem
781 3237 1026 3285 secures,
1050 3220 1153 3275 hoc
1172 3227 1277 3283 est,
1299 3218 1534 3273 dolatilia
1560 3217 1845 3288 gestabant
1864 3232 2037 3283 arma,

439 3324 583 3381 quae
623 3308 1223 3381 plus-aediﬁcationem
1249 3305 1558 3376 signiﬁcant
1594 3321 1756 3376 quam
1802 3306 2033 3371 ruinam,

440 3399 656 3455 divinae
698 3396 940 3468 iustitiae
992 3396 1339 3452 severitatem
1385 3394 1695 3464 ﬁgurantia,
1744 3408 1886 3463 quae
1940 3409 2037 3464 per

442 3491 684 3560 angelos,
741 3490 1146 3560 praedicatores
1194 3488 1352 3558 plane
1401 3486 1694 3550 Ecclesiae,
1736 3487 1962 3542 virtutes
2005 3502 2034 3541 a

442 3583 610 3648 vitiis,
660 3590 908 3636 naturam
953 3596 982 3634 a
1026 3579 1179 3650 culpa
1232 3585 1539 3651 segregant,
1582 3575 1849 3648 superﬂua
1898 3576 2033 3631 inci-

439 3672 573 3727 dunt
621 3670 688 3737 ιο,
728 3669 995 3723 naturalia
1043 3666 1402 3733 conformant,
1455 3682 1522 3721 ex
1569 3666 1767 3737 quibus
1813 3666 2030 3720 domum

439 3754 653 3816 divinae
682 3760 1013 3830 possessioni
1043 3766 1224 3829 aptam
1252 3766 1593 3813 construunt.
1622 3757 1703 3810 Ad
1720 3772 1812 3812 eos
1827 3763 2029 3821 autem,

438 3854 531 3925 qui
566 3854 679 3910 sola
706 3853 811 3907 (ide
839 3853 1052 3909 divinae
1080 3851 1371 3925 passionis,
1412 3851 1538 3905 dum
1564 3849 1816 3919 primitus
1847 3863 2030 3903 sacra-

437 3954 680 4013 mentum
702 3945 1043 4016 baptismatis
1055 3945 1311 4008 subeunt,
1326 3942 1474 3997 liberi
1491 3950 1616 3996 sunt
1629 3942 1696 4006 '7,
1714 3940 1969 3995 accedere
1984 3940 2027 3972 ³³

436 4035 815 4107 prohibentur.
868 4036 1043 4093 Dolati
1093 4035 1237 4091 enim
1285 4035 1437 4105 prius
1483 4033 1557 4099 ";
1613 4033 1791 4090 omnis
1833 4033 2029 4102 quippe

433 4126 780 4198 wperlluitas
806 4143 992 4183 eorum
1016 4127 1159 4182 dono
1190 4126 1312 4181 fidei
1353 4126 1397 4158 ¹⁰
1424 4133 1701 4197 amputata
1727 4125 1793 4178 ²¹.
1819 4123 1954 4179 Nam
1978 4126 2024 4161 “

435 4217 848 4288 quisquispost
899 4218 1128 4290 gratiam
1195 4216 1537 4287 baptismatis
1598 4216 1845 4288 adeptam
1918 4234 2025 4275 non

432 4309 763 4381 peccaverit,
796 4310 1136 4366 correctione
1162 4309 1209 4341 ”
1238 4309 1558 4365 delictorum
1598 4323 1703 4362 non
1741 4308 2017 4379 indigebit.

431 4398 701 4470 Purgatur
734 4401 929 4471 quippe
957 4401 1126 4457 semel
1173 4408 1227 4454 et
1270 4399 1430 4454 simul
1470 4400 1540 4453 ab
1578 4398 1723 4452 omni
1769 4398 2018 4468 originali

2141 3215 2311 3271 oculis
2350 3231 2597 3284 parcere,
2649 3214 3287 3287 signiﬁeatscveritatem
3335 3217 3548 3272 divinae
3579 3216 3728 3272 Scri-

2139 3315 2332 3377 pturae
2356 3307 2403 3338 ³⁸
2434 3306 2491 3360 in
2526 3306 2943 3363 discretionibus
2965 3314 3021 3361 et
3046 3307 3477 3362 correctionibus
3504 3307 3550 3339 ³⁸
3590 3305 3725 3362 deli-

2138 3404 2372 3463 ctorum,
2406 3411 2635 3466 quorum
2669 3396 2833 3467 judex
2872 3405 2973 3453 est.
3005 3395 3278 3451 Bonorum
3318 3396 3580 3465 siquidem
3607 3408 3717 3451 ma-

2136 3489 2428 3558 gistrorum
2462 3489 2608 3559 juste
2639 3488 2682 3520 "
2711 3489 3043 3554 discernere,
3087 3505 3194 3543 non
3237 3498 3416 3543 autem
3462 3487 3713 3543 blandiri.

2135 3580 2250 3636 Non
2283 3581 2464 3651 itaque
2488 3581 2534 3612 ³⁸
2569 3581 2711 3643 Deus
2745 3588 3019 3644 naturam,
3059 3594 3223 3649 quam
3255 3577 3404 3645 fecit,
3436 3578 3716 3645 interimit,

2137 3676 2230 3731 sed
2260 3675 2329 3730 ab
2352 3691 2439 3739 ea,
2471 3674 2614 3744 quod
2653 3689 2771 3728 eam
2805 3675 2998 3739 inlicit,
3030 3682 3297 3746 segregat.
3329 3674 3446 3728 Non
3469 3674 3611 3729 enim
3641 3674 3720 3728 di-

2133 3768 2291 3823 vinae
2317 3768 2574 3823 bonitatis
2594 3766 2880 3824 ineli'abilis
2900 3769 3074 3839 pietas
3094 3769 3224 3823 sinit
3254 3778 3527 3834 naturam,
3555 3784 3715 3836 quam

2131 3858 2214 3913 sui
2252 3850 2483 3912 similem
2534 3855 2680 3922 fecit,
2728 3856 3078 3913 aeternaliter
3121 3855 3523 3912 deformitatem
3578 3856 3708 3925 pati.

2129 3947 2399 4005 Permittit
2432 3955 2613 4003 autem
2645 3947 2712 4002 ad
2743 3956 2956 4018 tempus
3002 3962 3122 4002 eam
3158 3948 3380 4017 corrigi,
3417 3956 3479 4001 ut
3503 3946 3714 4001 avidius

2128 4044 2184 4090 et
2213 4036 2495 4096 ardentius
2521 4035 2584 4090 ad
2614 4052 2766 4090 suam
2788 4036 3102 4107 dignitatem
3128 4036 3334 4100 redeat,
3362 4032 3713 4103 aerumnis”

2127 4127 2240 4182 suis
2258 4126 2578 4195 justissimis
2608 4126 2841 4181 erudita.
2876 4126 3032 4180 Ratio
3079 4126 3344 4195 siquidem
3381 4139 3486 4183 non
3518 4136 3711 4179 conoe-

2126 4217 2227 4284 dit,
2272 4218 2558 4288 imaginem
2611 4218 2703 4275 Dei
2749 4218 2799 4275 in
2837 4229 3058 4274 acterna
3088 4217 3420 4291 turpitudine
3457 4214 3707 4271 detineri.

2124 4308 2372 4382 Alioquin
2401 4319 2688 4368 coaeterna
2716 4311 2821 4366 erit
2867 4310 3087 4366 miseria
3117 4309 3466 4374 beatitudini,
3502 4307 3710 4364 malitia

2123 4401 2378 4467 bonitati,
2412 4417 2637 4473 regnum
2667 4402 2865 4455 dialmli
2905 4416 3072 4471 regno
3101 4401 3217 4457 Dei.
3248 4401 3365 4461 Non
3400 4411 3580 4455 autem
3608 4402 3711 4454 Lor.

433 4493 761 4562 proprioque
790 4502 1031 4561 peccato.
1062 4493 1268 4561 indiget
1295 4500 1475 4546 autem
1524 4489 1741 4559 purgari
1777 4490 1845 4544 ab
1870 4491 2015 4557 igno-
2047 4483 2098 4545 υ
2122 4492 2367 4557 dicimus,
2399 4496 2551 4564 quasi
2578 4494 2720 4549 nulla
2758 4510 2929 4563 poena
2960 4494 3006 4526 ⁴⁰
3033 4495 3103 4549 sit
3132 4505 3372 4561 aeterna,
3395 4496 3521 4549 dum
3544 4510 3702 4549 unus—

838 4572 849 4579 ’
1724 4603 1979 4660 vanus
2016 4606 2415 4667 LECTIONES.

505 4700 522 4731 ¹
553 4696 614 4753 Β⁵
659 4706 804 4749 corr.
882 4692 1072 4759 priore.

431 4840 600 4905 (timu.
675 4833 697 4864 ⁹
725 4830 1021 4905 ᾼῌ-ηιᾳζὶη.
1099 4830 1143 4862 ⁵ο
1184 4829 1363 4905 Cu_nj.,
1408 4829 1791 4891 ABC'Dictum.

428 4978 608 5033 adscr.
667 4973 860 5033 frontes
908 4970 1271 5026 innoxiorum.

1166 5039 1341 5118 νζ-ΒζΔ
1373 5057 1514 5097 corr.
1564 5054 1686 5118 sunt
1736 5049 1906 5118 prius.

1193 5113 1239 5145 ”
1285 5111 1345 5167 B‘
1384 5128 1466 5166 ma

430 5063 538 5102 τοι,
639 5040 683 5081 ³⁸
721 5040 764 5102 Β
807 5040 1061 5095 accidere.

427 5117 607 5173 adscr.
649 5125 726 5169 est
781 5119 1078 5179 amputata.

456 4769 474 4785 Ἰ
505 4692 1191 4785 ί’θ’-ςξτι-οωιινίοίεοψωξ
1232 4689 1388 4785 Οῗτες
1438 4694 1721 4785 ρξᾉτῌᾼΒις.
1753 4698 1880 4785 quid
1931 4710 2025 4755 est.
2102 4701 2125 4733 ³
2165 4702 2225 4785 ιζ
2279 4703 2467 4785 adscr:
2524 4706 2664 4785 ne.
2710 4705 2900 4785 ordini.

434 4769 475 4825 (Ζ
510 4778 566 4822 et
616 4779 757 4821 corr.
811 4760 898 4824 B‘,
942 4761 1032 4842 ᾼΒ
1072 4761 1210 4814 miri.
1347 4762 1389 4816 B
1430 4780 1602 4834 semp,
1659 4766 1721 4819 B‘
1766 4760 1915 4823 corr.
1969 4789 2143 4842 semp,
2183 4772 2225 4827 Ε
2289 4774 2498 4828 claei-ub.
2574 4776 2594 4805 "
2625 4775 2667 4828 B
2735 4791 2841 4836 οδε,
2890 4773 2951 4826 Β·
3005 4787 3148 4827 corr.

434 4840 600 4892 dium.
675 4833 697 4864 ’
725 4834 767 4885 Α
829 4830 1021 4884 media.
1099 4830 1143 4862 ‘°
1184 4829 1363 4894 Cum.,
1408 4833 1539 4889 ΑΒΕ
1560 4832 1791 4891 Dictum.
1894 4840 1934 4872 ¹¹
1978 4840 2062 4894 BC
2107 4843 2277 4894 siuna.
2355 4844 2397 4879 “
2444 4849 2487 4894 Τ
2528 4860 2639 4894 om.
2819 4843 2864 4876 ³³
2910 4843 3090 4894 Coni..
3135 4846 3148 4894 l

431 4844 600 4905 (lium.
675 4844 697 4864 '
725 4844 767 4885 Α
820 4844 1021 4914 μηςπξιη.
1099 4844 1143 4862 ’ν
1184 4844 1363 4897 υιιιῃη
1408 4844 1539 4889 Alit;
1560 4844 1791 4891 Dictum.
1894 4844 1934 4872 "
1978 4844 2062 4897 BC
2107 4844 2277 4913 signa.
2355 4844 2397 4879 “
2444 4849 2487 4899 Τ
2528 4860 2639 4898 om.

428 4907 494 4962 B'
540 4921 686 4961 corr.
741 4899 831 4955 Illi
876 4907 1162 4982 πρυτανηίη
1205 4902 1272 4957 ad
1313 4916 1488 4971 marg.
1535 4904 1712 4960 adscr.
1766 4909 1897 4973 soli,
1950 4912 1991 4966 C
2034 4911 2115 4965 illi
2163 4929 2285 4985 ergo
2330 4911 2449 4966 soli.
2558 4914 2602 4950 ιδ

428 4978 608 5032 adscr.
667 4973 860 5032 frontes
908 4985 1271 5026 innoxiorum.
1408 4974 1451 5003 ‘°
1474 4970 1535 5025 B'
1575 4990 1717 5029 corr.
1769 4979 2064 5032 abscidunt.
2111 4994 2115 4999 ·
2186 4983 2225 5014 ³⁷
2252 4981 2405 5032 Corr.
2452 4982 2552 5032 B‘:
2599 5000 2633 5032 n

1575 4990 1717 5029 corr.
1769 4982 2064 5035 abscidunt.
2111 4994 2115 4999 ‘
2186 4982 2405 5036 "‘Corr.
2452 4982 2553 5050 B‘;
2599 5000 2697 5055 pro
2750 4982 2898 5038 liberi
2944 4993 3065 5037 sunt
3103 4982 3230 5035 ΑΒΔ

1575 5054 1703 5133 sttan
1736 5049 1906 5118 prius.
2023 5051 2070 5083 ¹⁰
2109 5051 2204 5133 Sic
2250 5052 2307 5133 Cr
2344 5062 2398 5107 et
2438 5071 2581 5109 corr.
2624 5053 2718 5133 β’,
2854 5053 3011 5133 ﬁdi,
3038 5050 3079 5103 Β
3104 5050 3230 5133 ﬁde.

1586 5116 1766 5171 adscr.
1802 5137 1948 5192 quae
1995 5123 2313 5192 purgatioiet
2357 5139 2578 5192 quorum
2604 5116 2763 5177 datur
2789 5116 3145 5192 iri-baptismo,
3173 5129 3220 5174 et
3246 5134 3381 5189 quae
3404 5116 3695 5192 restatpost

2998 4704 3023 4735 δ
3072 4701 3161 4756 ΑΒ
3212 4699 3429 4754 ebraice.
3514 4699 3550 4731 ·⁸
3606 4698 3699 4755 Sic

3266 4786 3290 4822 r
3319 4786 3391 4822 se.
3467 4769 3490 4799 '
3515 4769 3557 4823 A
3585 4785 3697 4824 me-

3283 4838 3375 4910 tm
3416 4839 3464 4910 si
3516 4840 3696 4910 igitur,

2558 4914 2602 4950 ⁸⁵
2644 4912 2749 4968 Pro
2785 4922 2960 4968 autem
3010 4909 3051 4967 Ᾱ
3106 4910 3199 4965 ait.
3318 4909 3364 4941 ¹³
3414 4909 3694 4979 Βῖιὶιειτε.

2186 4978 2405 5036 ’τϐοτικ
2452 4982 2553 5050 Β⁶;
2599 5000 2697 5055 pro
2750 4982 2898 5038 liberi
2944 4993 3065 5037 sunt
3103 4979 3193 5035 AB
3223 4979 3432 5042 liberis,
3473 4978 3513 5033 C
3567 4978 3696 5031 libe-

2186 5068 2198 5107 :
2250 5052 2291 5107 C
2344 5062 2398 5107 et
2438 5071 2581 5109 corr.
2624 5053 2718 5117 B',
2763 5053 2808 5107 A
2854 5053 2982 5117 ﬁdi,
3038 5050 3230 5117 Bﬁtle.
3340 5044 3384 5080 “
3431 5047 3494 5100 Β·
3534 5063 3693 5117 supra

2728 4884 2741 4897 .
2819 4843 2864 4876 ³³
2910 4843 3090 4914 Conj.,
3135 4841 3177 4914 ᾼ

428 5131 607 5173 adscr.
649 5131 726 5169 est
781 5131 1078 5179 amputata.
1195 5131 1239 5195 ς·
1285 5131 1342 5167 υ
1384 5131 1552 5237 malig.
1586 5131 1766 5171 auscr.
1813 5137 1948 5190 quae
1995 5131 2237 5192 purgatio
2263 5132 2313 5175 et
2357 5139 2578 5192 quorum
2604 5131 2763 5177 datur
2789 5131 2845 5179 in
2872 5131 3145 5191 baptismo,
3173 5131 3220 5174 et
3246 5134 3381 5189 quae
3404 5131 3558 5172 restat
3581 5131 3693 5185 post

428 5189 763 5262 baptismum.
784 5182 967 5262 “'LB.
998 5192 1339 5262 correptione.
1362 5252 1394 5262 Α
1415 5184 1461 5262 'j
1483 5254 1495 5262 .
1553 5200 1722 5255 marg.
1749 5191 1923 5245 adscr.
1963 5207 2065 5262 non
2092 5191 2277 5262 sufﬁcit
2303 5191 2458 5262 telum
2491 5194 2809 5257 abstrahere,
2841 5195 2886 5247 si
2906 5192 3013 5245 vult
3048 5188 3481 5262 vulnassanqrg.
3559 5188 3606 5219 "
3648 5190 3693 5240 A

425 5251 512 5335 Bt}
558 5256 729 5335 assit._
754 5253 830 5335 "‘
951 5268 1120 5335 marg.
1353 5252 1495 5318 Quid
1515 5251 1743 5324 praestat
1763 5262 1935 5335 gratia
1960 5251 2221 5335 baptisn'ii.
2297 5261 2341 5293 "
2393 5262 2483 5335 Sic
2504 5262 2565 5335 C,
2598 5279 2701 5316 non
2722 5251 2830 5317 oni.
2857 5263 2961 5335 AB,
2991 5257 3298 5335 adcr-.8"
3359 5258 3406 5288 ³⁸
3431 5257 3688 5335 Βίεηςιιοε.

423 5324 1007 5402 at|§¢I'-_Quidea{igi1{tr
1034 5324 1102 5375 ad
1129 5323 1396 5402 vitandum
1420 5335 1687 5394 peccatum
1712 5323 1823 5396 past
1847 5323 2155 5402 baptismum
2178 5347 2267 5384 seu
2288 5323 2604 5401 poenitentia
2624 5350 2714 5402 per
2736 5334 2979 5401 gratiam,
3010 5327 3332 5402 pgrgridentia
3357 5323 3691 5402 perliberujn

425 5397 724 5474 arbitrium.
829 5395 872 5474 ’ξ
900 5393 970 5474 Βξ
994 5408 1164 5462 marg.
1185 5395 1387 5474 .aﬁsc'r.‘
1409 5393 1674 5474 pert-alunt
1709 5393 1875 5465 potest
1912 5393 2254 5474 qitisncitare,
2288 5393 2387 5474 sed
2424 5417 2531 5474 non
2564 5393 2682 5474 sine,
2711 5393 2935 5474 g'ratia._
2967 5393 2974 5395 ⁷
3010 5393 3055 5433 ³ο
3076 5399 3139 5452 Β·
3182 5393 3369 5474 marg;
3406 5395 3693 5474 a_d_scr._De
3760 5402 3767 5407 ‘

418 5466 804 5543 ξμιέίρταιὶοηε
844 5464 1012 5543 impia,
1056 5462 1196 5543 quod
1224 5463 1479 5543 neaigitur
1531 5462 1718 5543 gratia
1754 5477 1800 5520 et
1860 5462 1986 5523 usus
2036 5468 2184 5522 liberi
2241 5462 2474 5536 arbitrii,
2518 5489 2622 5543 seu
2668 5462 2799 5525 bdna
2856 5471 3141 5543 voluntas.“
3192 5467 3234 5498 ³⁸
3266 5462 3685 5543 Ιῖεὺηὲιὶιηᾴξηε.

623 5548 820 5611 ηιειγει,
845 5532 1031 5611 ﬁdi":
1064 5532 1405 5611 ﬂiftfdnl’ofli
1442 5532 1613 5611 αζιςείί
1665 5548 1800 5611 δίιμξῄ
1833 5547 2131 5611 executor“
2160 5532 2489 5611 poenarum;
2510 5541 2933 5611 inﬂigendarum.
3010 5540 3061 5611 "_
3109 5539 3168 5591 B'
3213 5552 3363 5611 φεῖ..
3397 5534 3685 5611 ξεειινίζξιξε

424 5602 471 5634 ³³
514 5601 766 5679 Ειηεειύη
795 5601 882 5653 AB
914 5601 1076 5723 l{tn-iri
1150 5601 1197 5632 ³⁵
1239 5603 1280 5655 Β
1328 5602 1615 5655 doctrinae.
1694 5604 1741 5636 ³³
1771 5608 1809 5661 Β
1857 5601 2285 5681 correptionibus.
2365 5612 2406 5644 ³⁷
2461 5609 2521 5662 Β·
2554 5601 2714 5684 supra
2746 5612 2921 5668 adscr.
2952 5620 3025 5664 est
3043 5609 3187 5682 justc
3261 5605 3307 5638 ³³
3337 5605 3494 5661 Aita.
3573 5601 3688 5657 "li

424 5685 709 5723 eratiratus.
787 5670 830 5701 ³ο
866 5669 907 5723 Α
982 5684 1132 5723 uena.
1180 5672 1257 5723 sic
1302 5686 1531 5723 semper.

423 5669 709 5741 trutupnit-
787 5670 830 5701 ³⁰
866 5669 952 5726 ΑΒ
981 5684 1132 5740 penu,
1180 5672 1257 5728 sic
1302 5686 1531 5744 semper.
