4178 6266
370 297 480 355 235

1219 286 1438 345 seven
1470 282 1902 341 insanum;
1938 281 2349 341 CAELESTEM
2383 281 2442 337 s.
2486 260 2802 339 otouvsu.

3526 278 3637 334 illi

372 408 606 478 quisque
652 419 750 461 sua
802 400 1137 458 conscientia
1184 400 1298 455 sive
1348 397 1781 463 beatiﬁcabitur,
1836 397 1950 452 sive
1978 402 2025 458 Α
2051 395 2296 449 chiarum
2317 395 2515 451 summi
2538 394 2850 451 sacerdotes
2888 400 3113 463 possunt
3153 391 3453 463 appellari;
3498 403 3627 450 sunt

375 496 723 554 damnabitur
766 494 819 547 in
865 500 1164 554 aeternum,
1193 490 1286 545 sed
1334 488 1671 544 solummodo
1719 488 1946 557 agimus,

362 588 523 658 quod
551 585 692 640 nulla
716 594 904 639 natura
936 582 989 636 in
1027 580 1132 637 ullo
1177 580 1429 651 punietur
1457 592 1505 633 ε.
1539 578 1844 633 Redeamus
1881 577 1950 631 ad

376 675 726 750 propositum.
758 671 984 727 Pulchre
1024 670 1207 739 itaque
1252 669 1481 725 duorum
1533 668 1945 739 prophetarum,

376 766 650 824 Zachariae
688 762 807 819 dico
833 771 888 817 et
908 759 1182 826 Ezechiel,
1208 760 1443 814 visiones
1465 772 1732 813 consonae
1762 770 1948 826 appro-

374 859 519 920 bant,
550 856 713 910 Deum
739 852 1053 907 immediate
1076 850 1473 904 excelsissimas
1500 847 1780 911 essentias,
1809 859 1949 915 quae

368 950 510 1006 circa
547 962 669 1001 eum
700 954 850 1009 sunt,
884 944 1103 1007 docere,
1155 940 1346 995 deinde
1381 938 1669 993 ordinatim
1706 952 1804 1006 per
1831 936 1944 1006 pri-

366 1053 483 1094 mos
506 1036 751 1098 secundi,
784 1049 880 1104 per
910 1032 1177 1087 secundos
1207 1029 1373 1096 tertii,
1403 1045 1500 1100 per
1529 1028 1716 1084 tertios
1740 1028 1943 1098 quarti,

362 1130 469 1185 hoc
497 1128 613 1183 est‘
641 1124 897 1195 theologi,
942 1122 1205 1178 docentur
1223 1120 1459 1177 ordines.
1485 1119 1778 1174 Zacharias
1803 1120 1946 1174 enim

369 1221 536 1284 ait,se
548 1217 755 1271 vidisse
768 1231 930 1270 unum
948 1214 1244 1283 primorum
1259 1212 1327 1267 ab
1344 1211 1459 1282 ipso
1472 1210 1581 1265 Deo
1595 1211 1886 1267 discentem
1900 1210 1944 1263 '.

371 1309 474 1365 Cui
501 1307 641 1362 alter
668 1304 903 1361 occurrit
937 1302 1250 1357 inferiorum
1288 1299 1617 1371 angelorum,
1655 1298 1744 1368 qui
1784 1296 1948 1360 veluti

373 1397 617 1453 secundo
644 1395 809 1467 gradu
843 1408 938 1463 per
965 1391 1202 1461 primum
1251 1390 1431 1445 divina
1474 1389 1673 1467 didicit
1692 1388 1946 1453 consilia;

370 1488 465 1558 qui
490 1488 685 1541 iterum
709 1484 973 1540 secundus
999 1481 1222 1552 angelus
1252 1480 1415 1535 veluti
1437 1494 1676 1535 summus
1700 1478 1950 1534 sacerdos

368 1578 696 1647 theologum,
723 1572 1039 1628 Zachariam
1068 1572 1210 1637 dico,
1236 1573 1493 1635 erudivit,
1510 1571 1554 1624 si
1580 1570 1702 1639 quis
1723 1569 1803 1624 sic
1826 1569 1952 1624 velit

360 1669 682 1739 intelligere,
715 1663 860 1735 quod
890 1666 1151 1736 magister
1176 1662 1496 1717 ait:deinde
1523 1661 1591 1715 ab
1620 1660 1738 1729 ipso
1762 1674 1950 1714 occur-

2049 501 2191 545 emm
2220 487 2525 556 pontiﬁces,
2553 487 2801 555 quamvis
2838 500 3026 541 eorum
3051 485 3393 555 pontiﬁcatus
3425 499 3625 554 aequa-

2048 573 2115 630 lis
2142 591 2251 630 non
2291 575 2392 640 sit;
2420 575 2511 628 alii
2552 576 2750 645 quippe
2779 576 2915 631 alios
2943 577 3289 644 praecedunt.
3322 573 3434 630 Nisi
3484 576 3626 632 forte

2047 666 2170 736 quis
2188 666 2404 733 dixerit,
2420 682 2585 721 unum
2607 666 2769 722 fuisse
2787 682 2854 722 ex
2876 666 3156 723 ordinibus
3173 667 3440 722 secundae
3452 668 3624 723 ierar—

2049 758 2221 821 chiae,
2267 772 2365 828 per
2410 774 2573 828 quam
2613 759 2779 812 veluti
2829 759 3169 828 medietatem
3200 757 3467 827 quandam
3512 767 3622 814 ter-

2050 847 2124 903 tia
2152 848 2175 879 °
2200 849 2441 905 docetur.
2466 848 2533 907 Et
2557 848 2601 902 si
2624 849 2696 902 ita.
2736 857 2841 913 est,
2885 848 3171 917 cogemur’
3196 847 3619 918 subiutelligerc,

2047 946 2141 993 aut
2168 936 2330 991 alium
2354 936 2603 1005 angelum
2633 936 2937 991 inferiorem
2958 936 3048 991 illo
3081 938 3431 992 mediatorcm
3456 936 3621 994 fuisse

2049 1028 2190 1084 inter
2242 1027 2416 1096 ipsum
2464 1036 2522 1082 et
2572 1026 2875 1096 theologqu
2900 1065 2916 1090 ,
2949 1027 2994 1081 si
3039 1041 3140 1095 per
3182 1028 3397 1081 tertiam
3428 1027 3623 1081 ierar—

2048 1118 2227 1174 chiam
2258 1119 2517 1173 docentur
2538 1118 2815 1183 homines;
2841 1117 2926 1171 vel
2972 1128 3120 1172 certe
3146 1133 3252 1173 non
3285 1118 3459 1173 solum
3493 1133 3641 1175 san-7

2049 1218 2165 1265 ctos
2197 1208 2471 1278 theologos
2498 1208 2522 1241 ⁸
2544 1223 2641 1277 per
2688 1207 2906 1277 angelos
2939 1207 3134 1263 tertiae
3163 1207 3484 1274 ierarchiae,
3524 1220 3622 1263 ve-

2048 1317 2168 1357 rum
2197 1302 2362 1359 etiam
2394 1315 2491 1370 per
2516 1299 2736 1370 angelos
2763 1298 2989 1365 mediae,
3033 1314 3132 1354 nec
3162 1314 3270 1353 non
3313 1307 3368 1354 et
3388 1300 3617 1370 primae,
3688 1359 3694 1365 ,

2050 1390 2118 1444 ab
2140 1391 2255 1461 ipsa
2281 1391 2444 1445 etiam
2471 1389 2683 1445 Deitate
2709 1389 2730 1419 ⁹
2762 1404 2917 1458 posse
2946 1390 3151 1455 doceri,
3175 1405 3280 1444 non
3310 1397 3395 1444 est
3421 1404 3622 1461 negan-

2050 1481 2199 1535 dum.
2225 1479 2379 1547 Quod
2406 1479 2549 1533 idem
2589 1478 2874 1550 Dionysius
2924 1480 2976 1535 in
3026 1480 3163 1535 libro
3197 1499 3210 1534 :
3241 1480 3620 1536 Ecclesiastica

2052 1571 2316 1626 ierarchia
2348 1570 2557 1625 videtur
2584 1586 2844 1634 asserere,
2885 1572 2973 1626 ubi
3004 1572 3098 1636 ait,
3122 1572 3387 1628 humanos
3413 1572 3624 1628 animos

2048 1662 2350 1729 secundum
2384 1662 2656 1731 propriam
2711 1663 3132 1735 uniuscujusque
3183 1665 3485 1733 analogiam
3528 1666 3615 1719 tri'

357 1769 512 1816 ΐθηῑε
553 1757 745 1829 angelo
772 1766 1032 1826 ωηαυειιη
1075 1771 1105 1809 ³
1136 1769 1349 1809 Summo
1378 1751 1658 1807 sacerdOle
1680 1751 1949 1806 eruditum
1976 1742 2023 1800 Β
2051 1757 2150 1813 bus
2175 1756 2498 1813 caelestibus
2521 1756 2802 1811 ierarchiis
2828 1756 3017 1811 insitos
3042 1771 3180 1812 esse.
3209 1756 3342 1823 Quis
3361 1759 3505 1812 enim
3532 1757 3626 1812 ab-

354 1851 504 1906 videt
539 1864 865 1905 conversum
899 1847 1245 1918 theologum;
1297 1853 1354 1900 et
1398 1845 1500 1899 hoc
1541 1844 1737 1899 docere
1780 1843 1944 1907 videt,

354 1942 613 2014 quoniam
668 1940 947 1996 fructuose
986 1939 1322 1994 habitabitur
1359 1934 1682 1992 Jerusalem.
1734 1931 1790 1988 Si
1819 1947 1947 1987 vero

354 2034 477 2103 quis
516 2030 820 2101 intelligere
852 2029 966 2084 vult
997 2043 1012 2083 :
1054 2016 1248 2084 deinde
1279 2027 1425 2082 videt
1454 2026 1728 2081 eruditum
1753 2039 1946 2079 occur-

357 2134 569 2181 rentem
611 2124 861 2193 angelum
891 2123 961 2179 ab
989 2123 1103 2193 ipso
1130 2123 1331 2193 primo,
1359 2121 1449 2190 qui
1479 2136 1546 2176 ex
1576 2120 1689 2175 Deo
1717 2118 1941 2183 didicit,

359 2224 621 2286 tanquam
659 2229 688 2268 a
735 2229 947 2268 summo
974 2214 1276 2295 sacerdpte,
1328 2226 1670 2282 consequens
1707 2210 1835 2274 erit,
1885 2217 1944 2263 ut

361 2319 470 2359 non
499 2306 618 2373 ipse
644 2319 957 2369 occurrens,
988 2304 1081 2359 sed
1110 2305 1318 2375 primus
1349 2318 1379 2356 a
1403 2302 1513 2357 Deo
1543 2302 1762 2359 discens
1789 2317 1944 2355 sum-

365 2408 490 2447 mus
518 2393 770 2448 sacerdos
796 2393 1156 2463 intelligatur;
1198 2401 1258 2447 ut
1281 2391 1649 2448 subinferalur
1681 2411 1695 2445 :
1729 2401 1785 2447 et
1812 2391 1946 2446 vidit

363 2496 697 2537 conversum
724 2480 1026 2549 theologum
1043 2482 1148 2536 hoc
1168 2481 1370 2544 dicere,
1398 2482 1451 2535 id
1466 2490 1575 2547 est,
1597 2481 1728 2535 vidit
1754 2496 1945 2536 secun-

361 2576 493 2628 dum
527 2573 548 2604 ³
579 2571 830 2643 angelum
874 2587 901 2625 a
926 2572 1105 2642 primo
1124 2572 1392 2627 eruditum
1414 2572 1611 2627 docere
1644 2573 1947 2642 theologum

358 2679 684 2720 conversum
740 2664 794 2719 in
845 2665 948 2721 hoc
994 2664 1037 2730 ³,
1069 2666 1325 2734 quoniam
1376 2667 1653 2720 l'ructuose
1692 2666 1965 2721 habitabio.

359 2764 449 2810 tur
496 2754 814 2810 Jerusalem.
848 2755 1105 2811 Ezechiel
1141 2769 1270 2810 vero
1309 2757 1387 2809 ait
1428 2757 1607 2825 primo
1645 2755 1666 2787 ⁵
1711 2756 1779 2809 ab
1834 2757 1944 2826 ipsa

364 2845 749 2915 gloriosissima
800 2845 1095 2901 Divinitate
1142 2845 1436 2901 Cherubim
1490 2847 1707 2911 doceri,
1753 2847 1943 2902 deinde

369 2949 467 3003 per
493 2935 640 3003 ipsos
663 2935 870 3003 primus
888 2943 1012 3004 post
1038 2936 1289 3002 docetur,
1307 2937 1400 3006 qui
1426 2937 1481 2991 in
1504 2937 1817 2992 sacerdotali
1840 2940 1941 2992 ha-

374 3024 491 3078 bitu
523 3024 667 3078 visus
700 3032 813 3091 est;
841 3040 936 3093 per
963 3040 1124 3095 quem
1167 3025 1359 3083 iterum
1397 3025 1557 3080 veluti
1587 3026 1744 3081 tertio
1772 3028 1942 3096 gradu

370 3116 640 3170 docentur
659 3086 859 3187 angeli;
894 3123 951 3171 ut
980 3086 1115 3173 ordo
1145 3118 1250 3173 sit:
1279 3118 1347 3172 ab
1374 3120 1488 3188 ipso
1517 3120 1625 3174 Deo
1651 3086 1945 3176 Cherubim
1973 3086 2020 3147 Ο

365 3203 732 3269 instruuntur,
775 3207 843 3261 ab
884 3207 1014 3275 ipsis
1051 3207 1336 3264 Cherubim
1380 3210 1607 3279 primus,
1633 3212 1947 3282 quicunque

359 3295 448 3357 sit,
480 3311 546 3349 ex
590 3295 867 3351 ordinibus
893 3299 1162 3355 secundae
1214 3300 1514 3356 ierarchiae
1563 3303 1809 3368 docetur,
1853 3303 1946 3373 qui

357 3386 557 3440 iterum
614 3387 847 3457 reliquos
887 3388 1107 3459 angelos
1153 3391 1343 3447 tertiae
1387 3391 1691 3448 ierarchiae
1742 3393 1944 3459 docet,

358 3490 453 3545 per
473 3492 610 3546 quos
632 3487 906 3548 postremo
930 3480 1300 3552 theologorum
1341 3482 1559 3538 animus
1585 3483 1943 3538 illuminatur.

360 3565 415 3619 In
467 3567 674 3622 visione
722 3579 897 3623 tamen
948 3570 1243 3627 Zachariae
1292 3571 1516 3629 dubium
1563 3574 1780 3631 videtur
1802 3590 1946 3641 esse,

360 3665 539 3711 utrum
585 3659 652 3714 de
686 3661 958 3716 secundae
985 3676 1053 3717 an
1097 3663 1164 3719 de
1191 3664 1382 3719 tertiae
1411 3665 1714 3720 ierarchiae
1739 3666 1947 3721 ordini-

361 3746 461 3802 bus
488 3756 608 3803 erat
637 3749 726 3804 ille
755 3750 893 3805 alter
915 3753 1159 3823 angelus,
1186 3753 1278 3823 qui
1303 3754 1394 3808 uni
1426 3755 1726 3824 primorum
1757 3770 1948 3810 occur-

364 3838 456 3902 rit,
502 3854 600 3908 per
640 3855 802 3909 quem
857 3841 1136 3912 theologus
1175 3844 1423 3898 eruditus
1471 3853 1575 3899 est.
1618 3843 1753 3919 Nam
1802 3844 1949 3913 quod

366 3942 615 3982 summus
653 3931 907 3985 sacerdos
937 3931 1255 4001 appellatur,
1282 3929 1413 3985 nulli
1439 3932 1640 3986 mirum
1681 3932 1841 3987 debet
1862 3932 1944 3986 vi-

367 4016 508 4083 deri,
535 4019 789 4088 quoniam
818 4036 1009 4077 omnes
1028 4021 1193 4077 animi
1232 4023 1396 4076 trium
1424 4021 1739 4077 caelestium
1778 4022 1947 4076 ierar-

2051 1849 2231 1904 nuerit
2260 1848 2327 1913 ¹⁰,
2355 1855 2569 1917 raptum
2590 1847 2903 1916 Apostolum
2946 1848 2999 1901 in
3049 1846 3266 1902 tertium
3295 1847 3525 1911 caelum,
3570 1847 3626 1904 in

2052 1940 2269 1996 tertiam
2303 1938 2459 2009 plane
2513 1938 2839 1994 ierarchiam
2879 1937 3065 2004 fuisse,
3112 1937 3204 1994 ubi
3247 1938 3299 1992 in
3342 1938 3629 1997 medietate

2049 2028 2121 2083 ab
2151 2029 2266 2098 ipso
2286 2022 2713 2091 Deo'ineli‘abilia
2741 2028 2949 2083 audivit
2975 2029 3176 2084 verba?
3198 2027 3338 2095 Quid
3385 2026 3625 2098 fortassis

2049 2125 2164 2192 quis
2190 2123 2379 2176 dixerit
2401 2122 2464 2176 de
2487 2122 2688 2176 dicente
2709 2122 2891 2192 angelo
2907 2120 2976 2174 ad
2999 2119 3183 2176 Daniel
3200 2136 3219 2176 :
3235 2120 3407 2175 Exirit
3420 2136 3587 2175 sermo
3602 2121 3629 2175 7

2051 2224 2144 2267 aut
2173 2212 2237 2267 de
2265 2212 2375 2282 ipso
2418 2214 2584 2282 primo
2626 2214 2797 2282 ignem
2827 2228 2891 2267 ea:
2933 2214 3101 2266 medio
3151 2212 3429 2267 Cherubim
3492 2214 3625 2267 reci-

2050 2303 2258 2372 piente?
2307 2312 2399 2358 aut
2434 2302 2566 2356 illud
2590 2303 2823 2373 ejusdem
2862 2303 3278 2357 abundantius“
3332 2304 3387 2355 in
3428 2300 3626 2356 ordinis

2051 2395 2271 2467 angelici
2308 2397 2669 2460 ostensionem,
2717 2397 2965 2466 quoniam
2994 2404 3040 2449 et
3070 2393 3348 2450 Cherubin:
3396 2395 3627 2448 immittit

2052 2487 2220 2558 ignem
2250 2489 2305 2542 in
2346 2505 2533 2542 manus
2568 2498 2800 2542 sanetam
2833 2487 3021 2542 stolam
3057 2487 3269 2542 induti?
3315 2498 3405 2542 aut
3431 2488 3495 2541 de
3543 2494 3631 2541 υο-

2051 2587 2200 2632 cante
2231 2578 2608 2631 divinissimum
2627 2579 2668 2609 ι’
2685 2575 2913 2641 Gabriel,
2940 2588 2986 2630 et
3015 2578 3273 2631 dicenteei
3301 2577 3451 2631 :Fac
3482 2576 3630 2632 illunt

2050 2667 2336 2736 intelligere
2363 2667 2652 2721 visionem?
2672 2675 2764 2719 aut
2805 2682 3140 2735 quaecunque
3179 2667 3223 2699 ⁵⁸
3253 2666 3358 2720 alia
3393 2684 3425 2720 a
3464 2669 3629 2721 sacris

2051 2757 2302 2827 theologis
2325 2758 2467 2810 dicta
2493 2766 2612 2809 sunt
2635 2757 2699 2809 de
2720 2756 3020 2810 caelestium
3050 2757 3427 2810 ierarchiarum
3463 2757 3508 2788 “
3535 2758 3627 2810 de-

2050 2850 2206 2920 formi
2247 2858 2459 2913 ornatu,
2500 2849 2571 2902 ad
2590 2864 2743 2919 quem
2776 2854 2984 2902 nostrae
3020 2848 3308 2900 ierarchiae
3342 2848 3625 2913 ordinatio,

2050 2939 2335 2996 secundum
2380 2940 2519 3008 quod
2550 2937 2793 3008 possibile
2829 2946 2925 3002 est,
2970 2938 3295 3001 assimilata,
3339 2937 3628 3007 angelicam

2050 3028 2490 3097 pulchritudinem
2538 3029 2603 3096 ¹⁵,
2653 3038 2905 3099 quantum
2930 3028 2984 3081 in
3003 3026 3624 3096 imaginibusuhabebit,

2051 3120 2333 3186 formatam
2381 3136 2473 3190 per
2495 3134 2633 3184 eum,
2666 3128 2713 3173 et
2744 3116 3011 3173 reductam
3038 3119 3106 3172 ad
3151 3117 3631 3189 superessentialem

2049 3209 2203 3263 simul
2226 3211 2394 3265 omnis
2417 3208 2724 3263 ierarchiae.
2752 3207 2884 3274 Quis
2906 3217 2992 3262 est
3019 3207 3262 3278 angelus,
3295 3209 3385 3277 qui
3416 3207 3631 3267 locutus

2049 3304 2212 3359 estad
2231 3302 2433 3368 Daniel,
2450 3310 2636 3356 sancta
2663 3301 2901 3356 declarat
2921 3301 3144 3355 historia
3169 3300 3262 3354 ".t
3285 3300 3530 3367 Adhuc»,
3548 3300 3631 3357 in-

2048 3396 2167 3464 quit
2194 3396 2309 3465 ipse
2340 3394 2545 3457 Daniel,
2573 3412 2591 3445 ‹
2615 3409 2700 3449 me
2728 3393 2979 3463 loquente
3006 3393 3060 3448 in
3086 3394 3351 3460 oratione,
3378 3408 3505 3450 ecce
3544 3395 3631 3449 vir

2048 3487 2287 3553 Gabriel,
2330 3500 2486 3556 quem
2522 3485 2762 3540 videram
2795 3485 2847 3538 in
2889 3485 3091 3540 visione
3136 3499 3166 3539 a
3206 3486 3494 3555 principio,
3522 3487 3630 3542 cilo

2051 3580 2237 3635 volans
2268 3579 2442 3649 tetigit
2469 3593 2555 3632 me
2576 3577 2630 3630 in
2657 3585 2896 3646 tempore
2918 3576 3170 3632 sacriﬁcii
3218 3578 3531 3648 vespertini.
3566 3578 3632 3631 Et

2057 3672 2242 3730 docuit
2275 3685 2383 3735 me,
2420 3678 2475 3724 et
2509 3669 2718 3723 locutus
2754 3677 2839 3722 est
2876 3669 3027 3733 mihi,
3062 3669 3305 3739 dixitque
3338 3687 3351 3722 :
3392 3668 3580 3722 Daniel
3613 3671 3625 3721 !

2055 3777 2319 3831 nuncego
2349 3762 2393 3794 ’⁸
2419 3775 2671 3831 egressus
2703 3774 2843 3824 sum,
2881 3767 2939 3814 ut
2964 3760 3216 3815 docerem
3250 3769 3324 3827 te,
3355 3772 3407 3815 ct
3438 3757 3631 3813 intelli—

2053 3871 2226 3926 geres.
2252 3854 2336 3909 Ab
2348 3852 2570 3908 exordio
2583 3866 2803 3922 precum
2819 3861 3028 3909 tuarum
3054 3866 3305 3921 egressus
3319 3861 3402 3908 est
3416 3868 3595 3908 sermo
3613 3869 3628 3916 ;

2052 3960 2153 4015 ego
2177 3953 2356 3999 autem
2384 3943 2529 4006 veni,
2559 3951 2618 3996 ut
2658 3943 2949 3997 indicarem
2997 3942 3112 4007 tibi,
3142 3944 3267 4011 quia
3312 3945 3394 3996 vir
3423 3943 3633 4000 deside-

2054 4038 2261 4091 riorum
2294 4052 2372 4090 es.
2400 4035 2478 4089 Tu
2509 4042 2687 4088 autem
2716 4034 3085 4088 animadverte
3115 4048 3441 4097 sermonem,
3473 4041 3527 4087 et
3552 4035 3636 4088 in-

1649 4151 1905 4209 VARIAE
1941 4144 2340 4206 LECTlONES.

442 4240 462 4271 ¹
483 4237 575 4293 Sic
604 4240 710 4304 AC,
740 4256 815 4298 est
838 4260 947 4298 om.
977 4247 1037 4300 Β.
1111 4250 1134 4281 ⁸
1160 4248 1314 4303 Corr.
1344 4246 1424 4312 B‘,
1458 4246 1545 4301 AB
1573 4246 1981 4309 descendentem,
2008 4240 2124 4299 Cab
2139 4254 2197 4293 eo
2230 4236 2338 4303 ipso
2365 4231 2771 4286 descendentem.
2851 4232 2947 4312 ³.Β
2968 4241 3225 4284 sanctum.

447 4323 555 4361 scr.
579 4310 789 4367 scilicet.
895 4316 918 4348 ⁸
968 4318 1009 4370 Β
1031 4320 1198 4372 primo
1236 4320 1328 4371 ait.
1441 4318 1461 4349 ⁸
1492 4318 1584 4372 Sic
1617 4318 1696 4372 C:
1734 4317 1824 4370 AB
1868 4317 2070 4369 tertiae.
2172 4309 2191 4340 ⁷
2237 4307 2280 4358 Α
2331 4319 2591 4372 cogemus.
2695 4301 2717 4331 "
2770 4302 2944 4370 Conp,
2993 4300 3123 4372 ABG
3170 4317 3225 4353 sa

374 4309 555 4388 adscr.
579 4310 789 4388 scilicet.
895 4316 918 4348 ⁸
968 4318 1009 4388 Β
1030 4320 1198 4388 primo
1236 4320 1328 4371 ait.

3325 4231 3430 4304 fo
3468 4250 3630 4304 supra

2172 4309 2191 4340 ⁷
2237 4300 2280 4358 Α
2331 4319 2591 4373 cogemus.
2695 4301 2717 4331 ³
2770 4302 2944 4370 Conj.,
2993 4300 3123 4373 ΑΒΕ
3170 4301 3338 4353 sancti
3389 4300 3629 4373 theologi.

371 4377 393 4407 '
419 4376 686 4457 B'ﬂmarg‘.
718 4384 893 4441 adscr.
944 4370 1390 4453 anzimunm
1434 4370 1735 4457 prophelica
1781 4387 2092 4457 quandoque
2150 4378 2207 4449 ﬁt
2235 4391 2349 4457 _per
2396 4370 2609 4457 angelos
2664 4372 2881 4457 tertiae;
2915 4370 3227 4457 quandoque
3257 4386 3374 4457 ‘per
3422 4370 3633 4457 angelos

370 4448 609 4510 mediae,
636 4442 984 4530 timendoque
1012 4442 1116 4530 per
1176 4457 1386 4528 angelos
1417 4442 1630 4530 primae
1686 4442 2024 4530 ierarchiae;
2069 4442 2379 4530 ηιέίξηάὸίιιιε
2413 4443 2635 4530 ,Ξίηᾳθῂ
2659 4443 2775 4530 Αἱρεο
2811 4442 2946 4530 103‘?
2982 4442 3327 4530 ξηυζὲβξίξςηε,

372 4533 491 4589 nem
537 4521 819 4589 accipiunt.
884 4521 895 4528 ’
925 4528 967 4559 ¹⁹
993 4521 1038 4580 Ᾱ
1063 4521 1307 4582 abnuere.

368 4587 581 4640 simum.

368 4654 435 4709 Β·
467 4672 610 4711 corr.
647 4654 1065 4721 therarc'hiarum

1412 4521 1452 4558 ¹’¹
1476 4527 1518 4580 Β
1541 4527 1950 4588 habundantius,
1982 4527 2060 4580 sic
2090 4521 2307 4587 ubique.

692 4590 739 4624 “
765 4596 807 4648 A
838 4613 1194 4668 quencunque,
1225 4596 1266 4650 Β
1293 4614 1646 4667 quemcunque
1688 4600 1893 4668 (punct.
1931 4595 2037 4663 adj.
2087 4592 2192 4662 B').
2306 4590 2544 4668 ".Conj..
2661 4590 3106 4668 therarchliarum,
3142 4590 3179 4664 li
3225 4590 3561 4668 tltearchiaru

1210 4654 1381 4722 rtasse
1409 4672 1424 4687 '
1465 4654 1741 4738 legi-naui}
1778 4654 2199 4738 clterarchiarunt
2224 4672 2320 4738 pro
2353 4654 2754 4738 ἱςηανειιὶαειιτη,
2785 4654 2943 4738 unde
2973 4654 3395 4738 effugirrgpere
3418 4654 3634 4738 ponunt).

2413 4515 2457 4545 ¹²
2496 4513 2573 4567 Ex
2605 4528 2748 4567 vers.
2798 4522 2852 4567 et
2906 4520 3035 4567 text.
3086 4525 3265 4581 graec.
3299 4514 3341 4565 A
3365 4511 3403 4565 Β
3432 4511 3636 4582 dignis-

2306 4583 2523 4653 ”Conj.
2572 4584 2617 4638 A
2661 4584 3106 4647 therarchiarum,
3142 4583 3179 4635 Β
3225 4582 3631 4650 (heare/tiaram,

372 4667 435 4709 β·
467 4672 610 4738 corr.
647 4667 1065 4737 therarchiarum
1108 4667 1381 4791 glortasse
1409 4672 1424 4687 '
1465 4667 1741 4738 legebatur
1778 4667 2199 4720 cherarchiarum
2224 4672 2320 4739 pro
2353 4667 2754 4737 terarclnarum,
2803 4667 2943 4736 unde
2973 4668 3395 4735 ert-orarrepere
3418 4667 3634 4724 potuit).

372 4724 512 4807 ‘l'hA
537 4729 958 4791 ειιπιιίωαίηεηι.
1037 4736 1080 4802 ιβ
1152 4742 1169 4759 '
1210 4752 1373 4807 supra
1397 4739 1577 4794 adscr.
1610 4748 1706 4793 est.
1784 4736 1826 4771 ¹¹
1855 4735 1943 4789 ΑΒ
1987 4738 2192 4799 istoria,
2226 4742 2306 4783 sic
2346 4726 2577 4794 ubique;
2609 4725 2650 4780 (1
2679 4723 2934 4795 hgstona.
3013 4725 3056 4757 ³⁸
3090 4724 3180 4780 Sic
3222 4724 3262 4780 C
3289 4734 3344 4780 et
3377 4738 3520 4779 corr.
3545 4723 3638 4794 B',

370 4793 463 4850 AB
489 4812 633 4868 ergo.

1900 4906 2132 4964 NOTAE

446 5035 473 5063 ι
518 5021 723 5077 Eadem
765 5019 880 5076 fere
927 5019 994 5074 de
1040 5028 1231 5073 natura
1278 5034 1384 5074 non
1436 5019 1727 5088 punienda,
1782 5018 1955 5087 deque
1984 5023 2032 5083 ι)
2061 5027 2140 5074 tes
2172 5028 2395 5073 naturas
2422 5015 2712 5074 rationales
2741 5027 2871 5073 nutu
2898 5018 3422 5088 omnipotentissimo
3465 5017 3641 5084 punit,

373 5101 595 5148 aeterna
622 5107 819 5161 poena,
894 5106 996 5145 uae
1024 5090 1158 5143 nihil
1184 5088 1283 5143 nisi
1311 5089 1640 5145 conscientia
1667 5091 1738 5142 sit
1759 5103 1953 5156 pecca-

377 5172 558 5214 torum
599 5106 1120 5214 aeterna.?.Scotus
1141 5160 1375 5214 saeuius.
1403 5174 1621 5213 necnon
1654 5160 1707 5212 in
1737 5158 1873 5213 libro
1894 5159 1953 5214 de

377 5172 558 5217 torum
599 5158 1120 5222 aeterna,J.Scotus
1141 5160 1375 5228 saepius,
1403 5174 1621 5228 necnon
1654 5160 1707 5212 in
1737 5158 1873 5213 libro
1894 5159 1959 5214 de

372 5233 648 5302 praedest.
677 5229 923 5302 cap.XVl
944 5230 1146 5302 docuit.
1162 5227 1245 5302 Ad
1265 5245 1403 5300 quae
1423 5237 1568 5283 recte
1591 5227 1956 5302 Prudentius:

377 5299 398 5354 ἱ
430 5299 590 5368 Quod
629 5299 790 5364 Dens,
832 5301 1025 5369 inquit,
1052 5299 1238 5369 puniat
1283 5299 1616 5369 peccatores,
1647 5313 1836 5354 omnes
1876 5300 1956 5354 di-

372 5372 626 5425 vinorum
677 5370 1017 5440 eloquiorum
1068 5370 1297 5441 paginae
1327 5376 1609 5441 testantur.
1655 5408 1668 5421 .
1706 5409 1719 5422 .
1754 5407 1769 5421 .
1792 5369 1959 5425 Audis

374 5441 548 5511 Deum
576 5442 910 5511 punientem,
948 5440 1328 5509 hominemque
1356 5440 1623 5511 pttnitum,
1653 5448 1708 5493 et
1738 5453 1847 5511 non
1862 5455 1959 5511 so-

368 5510 488 5564 lum
512 5509 809 5575 hominem,
841 5524 1025 5564 verum
1054 5511 1217 5563 etiam
1248 5509 1447 5564 terram
1476 5509 1528 5561 in
1557 5524 1781 5579 poenam
1816 5509 1961 5565 illius

369 5582 641 5662 pituitam,
662 5588 730 5662 et
759 5595 922 5662 negas
953 5588 1143 5633 natura
1168 5580 1348 5662 puniri
1375 5580 1679 5662 n_a.turam?_.
1714 5618 1726 5632 .
1752 5619 1773 5662 _.
1802 5619 1815 5634 .
1838 5582 1959 5662 ¹ᾼιιι.

370 5649 494 5718 ipse
511 5649 744 5706 Creator
760 5659 1076 5705 naturarum
1105 5650 1331 5706 rebelles
1354 5650 1455 5706 sibi
1482 5660 1643 5719 atque
1657 5650 1960 5705 inobedicn-

2058 5089 2455 5170 autaliquando
2470 5089 2773 5170 manifesto,
2794 5089 3080 5156 aliquando
3100 5088 3346 5170 occulto,
3367 5101 3641 5165 nunquam

2062 5167 2243 5232 tamen
2266 5158 2468 5232 injuste
2486 5158 2692 5232 judicio
2720 5166 2941 5232 naturas
2969 5164 3232 5232 creatasa
3262 5158 3471 5232 naturis
3491 5167 3646 5232 ceca-

2063 5230 2132 5283 tis
2156 5220 2339 5299 puniri
2354 5220 2510 5299 jubet
2537 5228 2619 5284 vel
2649 5229 2781 5299 sinit
2800 5246 2843 5299 ξς
2872 5226 3026 5299 Et-de
3041 5223 3227 5293 poenis
3249 5221 3485 5299 aeternis
3501 5220 3645 5299 idem

2062 5295 2198 5354 haec
2227 5298 2304 5353 ait
2347 5295 2370 5352 ξ
2413 5317 2430 5348 t
2472 5297 2682 5353 Poenas
2712 5296 2843 5351 nihil
2887 5295 3027 5348 aliud
3068 5306 3231 5361 quam
3256 5295 3646 5361 conscientiam

2062 5376 2406 5439 peccatorum
2423 5367 2577 5436 juxta
2598 5366 2907 5439 Origene"),
2939 5363 3024 5439 vel
3047 5358 3336 5439 secundum
3370 5367 3456 5439 te,
3470 5358 3645 5439 solum

2065 5428 2365 5493 absentiam
2389 5428 2737 5491 beatitudinis
2761 5436 2839 5488 vis
2862 5432 3104 5500 intelligi.
3126 5466 3138 5481 .
3159 5468 3171 5480 .
3191 5465 3207 5481 .
3235 5428 3333 5483 Ast
3356 5428 3646 5484 orthodoxi

2068 5508 2420 5562 translatores
2450 5522 2554 5562 non
2581 5505 2752 5559 solum
2780 5503 2940 5555 aliam
2986 5512 3236 5569 poenam,
3263 5515 3450 5555 verum
3483 5500 3649 5555 etiam

2067 5577 2330 5646 duplicem
2362 5591 2481 5631 csse
2504 5586 2727 5643 poenam
2756 5567 3031 5640 gehennae
3057 5567 3299 5627 sentiunt
3320 5570 3650 5629 auctoritate

2068 5657 2287 5703 sanctae
2317 5646 2631 5714 Scripturac
2672 5659 2690 5691 ι
2722 5651 2825 5695 cet.
