4178 6266
350 313 458 371 209

1204 311 1427 368 SUPER
1466 307 1899 367 IERARCIHAM-
1931 307 2343 364 CAELESTEM
2388 306 2446 363 S.
2490 307 2810 365 DIONYSII.

3518 313 3622 370 210

354 433 510 501 Quod
534 437 928 499 consequenter
978 427 1259 499 adjungit:
1311 428 1616 491 Hani/‘estot
1644 426 1779 479 enim
1818 425 1932 493 ipsa
1966 429 2011 484 Α
2039 421 2533 477 manilestatissime
2578 421 2820 476 declarat
2870 422 3377 491 superessentialcm
3423 429 3621 481 summi

356 521 571 591 quidem
610 521 905 575 caelestium:
938 518 1242 585 Principum
1273 518 1407 572 illud
1430 516 1761 586 deiformiter
1785 514 1928 583 prin-

359 613 531 681 cipale
567 613 853 665 eductiva
902 626 1019 685 cpm
1065 610 1251 664 ordine
1295 626 1445 664 sacro
1480 619 1529 660 et
1582 605 1937 677 principativis

361 701 730 754 decentissimis
770 700 1043 753 virtutibus
1066 739 1079 760 ,
1111 707 1161 751 et
1191 698 1262 750 ad
1300 696 1587 767 principale
1621 695 1937 764 principium

365 803 454 841 eus
478 788 826 841 unicersaliter
875 788 1103 841 conuerti
1142 788 1183 852 ⁸,
1226 797 1276 841 et
1317 786 1451 845 alias
1475 785 1759 839 ierarchice
1791 784 1935 846 duci,

362 888 410 932 et
457 877 526 929 ad
570 876 698 930 illud
742 878 915 946 ipsum
938 916 955 940 ,
1005 885 1258 945 quantum
1307 874 1566 945 possibile,
1606 876 1627 905 ¹
1660 873 1939 938 reformari

357 965 675 1034 print-ifich
703 966 1048 1035 principium,
1078 963 1514 1034 manifestamque
1536 963 1939 1031 superessentin-

358 1056 455 1107 lem
501 1055 614 1123 ejus
654 1054 1033 1113 taxiarchiam,
1075 1064 1319 1107 ornatum
1370 1051 1739 1120 principalium
1776 1053 1940 1107 virtu-

355 1155 489 1215 tum.
524 1144 797 1205 Deelarat,
843 1143 1040 1213 inquit,
1071 1144 1185 1211 ipsa
1204 1141 1604 1212 cognominatio
1632 1141 1937 1196 caelestium

360 1232 675 1302 Principum
711 1233 842 1287 illud
871 1233 1165 1302 principale
1191 1231 1520 1295 eductivum,
1548 1232 1648 1285 hoc
1674 1239 1777 1295 est,
1800 1230 1940 1299 quod

366 1325 642 1394 principes
667 1332 721 1379 et
747 1325 910 1380 duces
934 1324 1040 1377 sint
1067 1323 1088 1354 ³
1112 1322 1355 1377 omnium
1405 1306 1703 1382 nationum,
1738 1336 1833 1389 per
1861 1328 1944 1374 to-

370 1425 485 1471 tum
532 1414 712 1469 orbem
752 1414 1052 1468 hominibus
1100 1412 1468 1467 habitabilem.
1524 1411 1589 1465 Et
1616 1413 1717 1466 hoc
1743 1409 1945 1465 deifor-

360 1506 548 1569 miter,
575 1506 641 1560 ad
664 1505 1068 1559 similitudinem
1097 1502 1352 1558 videlicet
1384 1504 1538 1557 unius
1561 1502 1671 1556 veri
1703 1501 1820 1565 Dei,
1850 1500 1945 1569 qui

362 1612 500 1649 unus
526 1602 577 1650 ει
605 1609 848 1649 summus
895 1595 1135 1648 omnium
1165 1592 1418 1664 princeps
1439 1601 1523 1647 est
1561 1600 1612 1645 et
1648 1593 1773 1646 dux.
1809 1592 1943 1644 Cum

354 1686 547 1740 ordine
593 1700 749 1740 sacro
784 1694 840 1739 et
886 1684 1258 1754 principativis
1289 1683 1685 1737 dccentissimis
1736 1682 1947 1735 virtuti-

2039 513 2188 575 boni,
2215 512 2359 580 quod
2409 512 2551 566 Deus
2594 518 2695 574 est,
2743 511 3122 567 taxiarchiam.
3168 512 3262 568 Est
3288 514 3430 568 enim
3459 516 3624 572 totius

2040 603 2289 657 caelestis
2331 602 2554 657 militiae
2601 603 2851 671 princeps
2880 611 2934 657 et
2983 603 3305 672 principium
3348 602 3509 659 Deus.
3562 605 3627 658 Et

2041 697 2355 758 notandum,
2394 696 2537 764 quod
2582 696 2796 765 proprie
2825 697 2959 750 ordo
2985 694 3212 748 militum
3246 694 3382 749 laxis
3428 709 3625 763 graece

2042 787 2370 841 nominatur.
2398 784 2628 853 Ideoque
2678 785 2819 838 Deus
2850 784 2963 853 ipse
2988 782 3297 837 taxiarchcs
3320 790 3379 836 et
3426 782 3626 834 laxiar-

2042 875 2162 929 ehia
2194 876 2411 938 dicitur,
2453 875 2578 944 quia
2619 874 2788 949 ἀρχὸς
2833 883 2888 927 et
2912 875 3076 946 ἀρχή,
3118 871 3223 927 hoc
3261 880 3345 926 est
3375 871 3625 941 princeps

2041 977 2093 1021 et
2109 966 2428 1036 principium
2456 963 2837 1018 universalitcr
2856 963 3107 1018 caelestis
3122 963 3345 1018 militiae
3357 961 3621 1018 subsistit.

2116 1055 2226 1126 δε.
2274 1054 2399 1124 Ipsa
2443 1054 2485 1085 ⁸⁸
2526 1062 2701 1107 autem
2754 1062 3053 1107 sanctorum
3099 1051 3541 1123 Arct‘tungclorttm
3579 1050 3633 1082 ¹³’

2042 1149 2377 1217 aequipotens
2408 1144 2619 1214 quidem
2647 1154 2720 1198 est
2749 1143 3049 1198 caelestibus
3091 1141 3500 1212 Principatibus.
3530 1141 3631 1198 Est

2042 1237 2180 1290 enim
2208 1236 2251 1266 “
2278 1244 2329 1288 et
2349 1248 2528 1288 earum
2573 1242 2621 1287 et
2655 1233 2971 1303 Angelorum
2996 1233 3062 1297 ",
3093 1241 3164 1285 ἰιι
3190 1233 3302 1285 dixi
3325 1274 3338 1295 ,
3367 1232 3629 1287 iernrchia

2044 1344 2151 1380 una
2176 1336 2223 1380 et
2245 1326 2535 1396 dispositio.
2562 1325 2705 1395 ipsa,
2745 1324 2937 1394 inquit,
2972 1334 3278 1381 sanctorum
3312 1326 3625 1393 Archange—

2045 1417 2219 1470 lorum
2253 1414 2652 1485 cognominatio
2682 1414 2921 1487 ejusdem
2970 1416 3240 1483 potentiae
3274 1423 3357 1469 est
3386 1414 3630 1469 caelesti-

2047 1509 2147 1563 bus
2175 1505 2585 1575 principatibus.
2637 1504 2893 1575 Aequalis
2925 1504 3190 1575 siquidem
3218 1503 3631 1575 signiﬁcationis

2046 1608 2172 1653 sunt
2196 1607 2249 1652 et
2271 1596 2581 1666 Principum
2618 1606 2673 1652 et
2707 1596 3163 1667 Archangelorum
3215 1597 3627 1650 nominationes.

2047 1687 2144 1742 Est
2163 1686 2528 1749 enimeorum,
2548 1685 3008 1755 Arehangelorum
3036 1686 3306 1746 videlicet.
3333 1695 3388 1739 et
3418 1685 3627 1739 Princi—

355 1776 478 1838 bus,
526 1774 628 1828 hoc
676 1783 778 1837 est,
817 1790 940 1828 cum
990 1782 1203 1828 sancta
1235 1773 1525 1840 divinaque
1578 1771 1939 1835 ordinatione,

2044 1792 2190 1847 pum,
2213 1786 2268 1832 et
2294 1776 2646 1844 Angelorum,
2676 1786 2737 1830 ut
2766 1777 3100 1846 praedictum
3134 1779 3200 1842 ‘°,
3225 1791 3331 1829 una
3361 1777 3628 1830 ierarchia

352 1879 586 1933 cumque
609 1864 898 1919 virtutibus
925 1863 1449 1919 convenientissimis
1496 1863 1709 1917 ornatui
1742 1862 1945 1933 princi-

350 1955 553 2023 pativo.
587 1953 653 2008 Et
674 1970 782 2010 non
796 1957 967 2009 solum
984 1955 1362 2026 principantur
1385 1954 1647 2024 gentium,
1674 1955 1947 2023 ducesque

350 2060 538 2099 earum
592 2055 720 2100 sunt
770 2046 882 2100 suis
938 2046 1262 2110 virtutibus,
1317 2060 1505 2100 verum
1563 2044 1729 2099 etiam
1773 2044 1942 2114 ipsas,

350 2152 476 2191 suas
507 2136 528 2166 ⁸
559 2137 769 2191 scilicet
817 2136 1064 2201 virtutes,
1112 2135 1180 2190 ad
1219 2134 1684 2205 superprincipale
1735 2135 1945 2204 princi-

353 2226 501 2293 pium
528 2265 544 2290 ,
583 2225 753 2281 Deum
804 2225 989 2296 plane,
1023 2225 1116 2294 qui
1173 2234 1257 2280 est
1304 2224 1634 2293 principium
1699 2224 1945 2278 omnium

360 2316 766 2385 principiorum,
818 2326 871 2368 et
903 2315 1196 2384 principale
1245 2314 1566 2383 principium
1600 2313 1659 2376 ⁸,
1715 2321 1771 2367 et
1825 2313 1948 2382 plus

362 2420 525 2473 quam
576 2403 868 2473 principale
896 2404 1241 2473 principium,
1287 2403 1664 2459 universaliter
1709 2419 1942 2459 conver-

364 2502 506 2548 tunt.
540 2492 654 2548 lloc
690 2492 832 2545 enim
862 2508 1145 2547 commune
1168 2494 1296 2546 est.‘I
1338 2493 1579 2546 omnium
1630 2494 1943 2548 caelestium

358 2585 707 2646 animorum,
756 2583 993 2651 primum
1019 2582 1236 2651 quidem
1267 2582 1333 2635 ad
1377 2597 1601 2636 causam
1627 2599 1777 2637 suam
1818 2600 1943 2638 cou-

355 2676 519 2740 verti,
550 2684 606 2729 ut
634 2677 703 2730 ab
733 2691 796 2729 ea
823 2674 1149 2737 formentur,
1189 2673 1444 2743 deinceps
1489 2675 1556 2727 ad
1587 2674 1838 2729 inferiora
1867 2691 1963 2741 θεν

356 2775 420 2821 ut
453 2767 507 2821 in
548 2767 651 2830 eis,
701 2765 847 2835 quod
883 2766 953 2818 ab
1002 2780 1107 2818 una
1139 2765 1160 2795 ⁷
1186 2764 1430 2818 omnium
1457 2780 1620 2819 causa
1649 2766 1944 2835 percipiunt

364 2855 688 2919 iaciendum,
720 2855 1022 2925 perﬁciant.
1075 2856 1142 2909 Et
1169 2856 1274 2909 hoc
1320 2865 1431 2919 est,
1464 2856 1604 2924 quod
1632 2856 1745 2911 ait:
1789 2867 1845 2911 et
1870 2859 1939 2912 ad

368 2945 823 3015 super-principale
844 2944 1168 3014 principium
1197 2960 1292 2998 cas
1314 2945 1684 2999 universaliter
1718 2961 1942 3001 conver-

370 3036 410 3089 ti
434 3052 449 3098 ;
483 3045 544 3089 ut
567 3034 854 3091 subaudias
883 3052 898 3090 :
927 3045 984 3090 et
1009 3036 1407 3104 cognominan
1438 3035 1747 3091 caelestium
1780 3036 1940 3091 Prin-

365 3127 550 3195 cipum
579 3126 839 3188 declarat,
893 3142 1077 3180 eorum
1128 3126 1354 3180 virtutes
1397 3128 1616 3183 omnino
1644 3127 1713 3181 ad
1748 3130 1937 3193 Deum,
1969 3099 2013 3161 Ο

363 3215 565 3282 quiest
588 3213 1042 3283 superpriucipale
1063 3213 1403 3282 principium,
1426 3216 1690 3270 converti.
1719 3217 1784 3270 Et
1808 3218 1944 3271 alias

360 3305 662 3358 ierarchice
690 3305 834 3367 duci,
883 3313 935 3357 et
978 3304 1046 3357 ad
1077 3304 1203 3357 illud
1228 3304 1425 3373 ipsum,
1475 3315 1741 3374 quantum
1771 3307 1949 3377 possi-

354 3392 482 3457 bile,
542 3393 824 3448 reformari
874 3393 1207 3462 princilicum
1259 3394 1606 3463 principium.
1664 3395 1778 3450 Hoc
1819 3405 1940 3451 est:

354 3498 460 3539 non
489 3482 663 3538 solmu
696 3484 807 3552 ipsa
850 3484 1250 3552 cognominatio
1285 3487 1539 3555 proprias
1567 3487 1590 3518 ⁸
1630 3486 1943 3557 Principum

351 3578 584 3633 virtutes
629 3579 698 3631 ad
744 3579 982 3632 omnium
1028 3578 1352 3647 principium
1417 3580 1700 3641 converti,
1755 3596 1944 3634 verum

350 3667 515 3723 etiam
544 3666 831 3720 inferiores
855 3666 935 3722 eis
967 3668 1213 3730 virtutes,
1241 3668 1354 3722 sive
1386 3668 1675 3733 lnunanas,
1706 3670 1820 3724 sive
1849 3686 1944 3725 an-

352 3759 577 3828 gelicas,
610 3758 808 3825 quibus
850 3758 1224 3827 principantur
1270 3758 1291 3787 9
1333 3766 1389 3812 et
1419 3769 1700 3827 praesunt,
1731 3776 1829 3829 per
1848 3777 1944 3817 eos

353 3847 652 3916 poutilicali
688 3848 880 3902 ordine
926 3848 1048 3902 duci
1096 3848 1357 3903 declarat.
1410 3848 1479 3902 Et
1506 3849 1575 3902 ad
1605 3850 1734 3903 illud
1766 3851 1941 3920 ipsum

354 3938 653 3993 secundum
722 3938 1125 4005 possibilitatem
1188 3938 1531 4006 priuulicum
1593 3939 1941 4009 principium,

355 4042 630 4082 summum
687 4028 883 4081 bonum
913 4026 1067 4096 plane
1090 4066 1105 4090 ,
1140 4028 1283 4095 quod
1327 4042 1542 4081 omnem
1585 4027 1942 4097 principatum

357 4132 455 4174 sua
485 4119 700 4188 perlicit
730 4118 948 4182 virtute,
977 4118 1280 4191 reformari.
1335 4118 1414 4173 Ac
1452 4119 1499 4174 si
1543 4119 1785 4175 diceret:
1836 4136 1941 4175 non

360 4210 535 4266 solum
564 4209 828 4265 caelestes
859 4209 1135 4278 Principes
1161 4224 1290 4264 suas
1331 4210 1577 4280 proprias
1601 4212 1826 4266 virtutes
1876 4212 1941 4265 ad

357 4299 538 4370 ipsum
574 4299 893 4369 principium
920 4339 934 4362 ,
987 4300 1129 4370 quod
1174 4297 1338 4353 eﬂicit
1388 4314 1551 4354 omne
1594 4301 1940 4371 principium,

358 4390 459 4444 sed
485 4399 542 4443 et
565 4390 720 4454 alias,
763 4391 962 4459 quibus
1007 4391 1401 4460 principautur,
1433 4391 1636 4446 ducunt
1664 4400 1826 4461 atque
1853 4406 1937 4445 re-

359 4479 615 4535 formaut.
680 4478 1133 4548 Manilestarequc
1189 4480 1233 4511 ³ο
1276 4480 1783 4549 superessentialem
1820 4480 1938 4548 ejus

358 4569 739 4633 taxiarchiam,
789 4580 1041 4624 ornatum
1092 4570 1469 4639 principalium
1499 4570 1797 4637 virtutum;
1840 4571 1942 4627 hoc

350 4656 477 4711 est:
534 4658 945 4727 Priucupatuum
1001 4659 1298 4714 nominatio
1347 4658 1652 4715 manifestat
1689 4669 1939 4714 ornatum

354 4746 735 4817 principalium
775 4750 1034 4803 vir.ututu
1066 4748 1412 4806 manifestare
1440 4752 1940 4819 Superessentialem
1979 4800 1993 4814 .

356 4838 720 4893 taxiarchiam
743 4839 861 4907 ejus
882 4880 897 4906 ,
926 4840 1401 4910 superpriucipalis
1426 4841 1677 4897 videlicet
1704 4842 1745 4873 ³¹
1787 4843 1941 4912 prin-

353 4927 502 4996 cipii.
526 4926 772 4987 Ornatus
795 4932 1061 5001 siquidem
1089 4932 1403 4988 caelestium
1449 4934 1753 5003 principum
1784 4933 1941 4989 nobis

1969 4442 2016 4499 D

2046 1880 2262 1935 unaque
2315 1866 2621 1934 dispositio.
2668 1864 2767 1919 Ubi
2818 1865 3096 1935 posuimus
3136 1865 3509 1935 aequipotens,
3561 1864 3630 1919 ibi

2044 1955 2299 2030 ὁμοταγής
2332 1957 2373 1987 ¹⁴¹
2416 1956 2469 2009 ἰη
2504 1954 2733 2021 Graeco,
2768 1970 2868 2025 pro
2896 1970 3002 2024 quo
3028 1970 3313 2025 possumus
3352 1956 3532 2010 dicere
3577 1962 3633 2011 ct

2044 2045 2412 2115 aequipotens,
2450 2054 2505 2099 et
2546 2045 2748 2116 collega
2782 2047 2846 2111 “',
2878 2062 2968 2102 seu
3000 2046 3250 2101 similiter
3275 2045 3628 2102 honorabilis.

2052 2137 2422 2191 Verumtamen
2444 2138 2688 2206 quoniam
2714 2137 2923 2206 quidem
2952 2153 3055 2190 non
3078 2147 3151 2191 est
3178 2136 3435 2193 ierarckin
3459 2152 3562 2191 non
3582 2134 3632 2168 “

2044 2236 2093 2280 et
2123 2225 2320 2295 primas
2364 2234 2410 2278 et
2449 2226 2648 2279 medios
2696 2236 2742 2279 et
2790 2225 3001 2281 ultimas
3029 2227 3241 2280 virtutes
3285 2227 3502 2291 habens,
3530 2226 3633 2280 Ar-

2044 2316 2413 2385 cltangclorum
2467 2325 2677 2370 sanctus
2722 2316 2851 2370 ordo
2888 2316 2933 2347 '°
2981 2318 3409 2371 communicative
3461 2318 3631 2369 ierar-

2044 2407 2220 2460 cltfcae
2242 2406 2284 2439 ³¹
2300 2406 2563 2461 medietati
2585 2417 2929 2462 extremorum
2948 2407 3211 2477 recipitur.
3238 2405 3351 2460 Hoc
3369 2414 3472 2465 est.
3492 2406 3634 2475 quod

2044 2499 2150 2552 ait:
2184 2498 2501 2566 Quanquam
2525 2499 2568 2529 "
2590 2497 2994 2567 Principatuum
3009 2507 3063 2551 et
3086 2496 3544 2564 Archangclorum
3580 2503 3636 2549 et

2042 2589 2366 2660 Angelorum
2402 2603 2508 2643 una
2555 2588 2821 2642 ierarchia
2853 2588 2921 2641 sit
2950 2596 3005 2640 et
3047 2586 3347 2654 dispositio,
3381 2592 3634 2638 vernula-

2042 2698 2173 2737 meu
2211 2698 2317 2735 non
2349 2694 2512 2748 parva
2539 2679 2921 2732 discernuntur
2950 2677 3272 2731 dill'erentia.
3317 2675 3630 2744 Archange-

2042 2771 2221 2826 lorum
2252 2768 2519 2837 siquidem
2550 2766 2684 2819 ordo
2712 2766 3016 2821 medietatis
3043 2764 3442 2833 proportionem
3492 2765 3635 2816 inter

2040 2862 2178 2918 duos
2199 2869 2491 2921 extremos,
2519 2857 2619 2910 hoc
2645 2863 2748 2920 est,
2781 2855 2921 2908 inter
2946 2855 3193 2907 ordine.u
3212 2853 3628 2920 Principatuum

2041 2962 2097 3008 et
2118 2952 2363 3005 ordinem
2398 2946 2709 3015 Angelicum
2757 2944 2967 3001 obtinet
3004 2943 3075 3007 “,
3155 2942 3409 3011 quoniam
3480 2941 3625 2995 nulla

2042 3039 2307 3096 ierarchia
2340 3046 2441 3100 est,
2470 3036 2584 3091 sive
2612 3037 2843 3089 humana
2872 3033 2986 3087 sive
3014 3030 3280 3101 angelica,
3329 3045 3469 3099 quae
3523 3044 3631 3083 non

2046 3134 2243 3190 habeat
2262 3140 2319 3187 et
2349 3130 2552 3201 primas
2581 3138 2634 3183 et
2664 3127 2871 3182 medias
2899 3135 2953 3179 et
2974 3124 3191 3179 ultimas
3214 3124 3460 3178 virtutes.
3489 3121 3636 3177 Ordo

2044 3228 2228 3295 itaque
2257 3220 2721 3292 Arehangclorum
2754 3218 2959 3273 medius
2989 3224 3074 3273 est
3120 3216 3258 3271 inter
3282 3214 3329 3247 ”
3361 3213 3636 3282 Principa-

2045 3326 2194 3370 tunm
2223 3314 2373 3383 quasi
2405 3313 2755 3381 superiorem,
2780 3317 2835 3363 et
2860 3308 3184 3377 Angelorum
3210 3306 3373 3359 veluti
3403 3303 3625 3358 inferio-

2045 3421 2181 3460 rem.
2210 3406 2277 3459 Et
2303 3404 2433 3458 nihil
2456 3403 2599 3457 aliud
2619 3411 2706 3457 est
2724 3403 2839 3470 ipsa
2862 3399 3168 3455 medietatis
3195 3397 3489 3468 proportio,
3523 3397 3632 3451 nisi

2046 3496 2333 3559 ierarehia,
2385 3496 2573 3556 idest,
2619 3491 2943 3562 pontiﬁcalis
2968 3489 3404 3547 communicatio.
3455 3487 3631 3543 Unum

2044 3588 2189 3641 enim
2218 3584 2437 3640 discreti
2460 3584 2678 3638 ordines
2703 3582 3410 3644 communieant,summum
3439 3582 3635 3647 quippe

2045 3679 2247 3734 bonum
2268 3676 2426 3731 simul
2448 3689 2639 3730 omnes
2667 3681 2942 3743 appetunt,
2994 3671 3175 3732 simul,
3225 3670 3471 3741 quamvis
3524 3683 3631 3721 nou

2044 3770 2360 3840 aequaliter,
2390 3768 2733 3838 participant.
2786 3767 2853 3821 Et
2883 3766 2983 3821 hoc
3013 3774 3133 3829 est,
3167 3764 3308 3833 quod
3344 3761 3589 3830 sequitur
3616 3772 3629 3813 :

2045 3860 2254 3915 Etenim
2291 3858 2659 3914 sacratissimis
2687 3855 3077 3926 Principatibus
3110 3854 3457 3909 communicat
3485 3850 3530 3884 ⁸⁵
3584 3861 3630 3904 et

2042 3954 2236 4006 sanctis
2265 3949 2497 4018 Angelis.
2538 3947 2722 4014 Qualis
2750 3956 2932 4002 autem
2972 3946 3045 3999 sit
3098 3946 3213 4014 ipsa
3264 3944 3633 3998 communica-

2046 4043 2153 4094 tiva
2188 4040 2451 4093 medietas
2473 4075 2490 4101 ,
2531 4039 2923 4104 subsequenter
2950 4031 3191 4100 adiungit
3243 4032 3462 4086 dicens:
3493 4028 3630 4097 Ipsis

2041 4127 2273 4195 quidem,
2303 4127 2426 4195 quia
2454 4125 2523 4177 ad
2552 4121 2982 4193 superessentiale
3028 4119 3340 4199 principium
3367 4114 3626 4185 principa-

2044 4217 2163 4271 liter
2188 4215 2520 4273 convertitur,
2556 4221 2603 4264 et
2654 4211 2722 4263 ad
2772 4211 2964 4278 ipsum,
3002 4218 3056 4259 ut
3096 4205 3336 4276 possibile
3365 4203 3433 4265 ⁸⁸,
3468 4204 3631 4273 refor-

2049 4314 2244 4365 matur,
2278 4312 2325 4354 et
2350 4299 2572 4368 Angelos
2597 4292 3115 4364 uniﬁcatsecundum
3138 4294 3262 4345 bene
3284 4300 3496 4344 ornatos
3516 4292 3630 4360 ejus

2042 4405 2090 4447 et
2114 4392 2381 4447 ordnntos
2410 4389 2451 4423 ³⁷
2485 4397 2532 4440 et
2571 4382 2853 4441 invisibiles
2878 4379 3205 4436 ducatus‘”.
3237 4378 3392 4448 Ipsis,
3432 4378 3623 4447 inquit,

2046 4484 2087 4539 Ρ
2097 4482 2453 4553 riucipatlbus
2467 4471 3304 4543 communicatArchangelorum
3325 4470 3478 4533 ordo,
3503 4473 3629 4540 quia

2042 4574 2109 4628 ad
2175 4567 2622 4640 supercsscntialc
2688 4561 3285 4634 principium,‘Denm
3355 4558 3627 4628 profecto,

2041 4662 2437 4732 Principaliter,
2469 4660 2570 4713 hoc
2592 4664 2696 4721 est,
2727 4655 2869 4709 sicut
2898 4653 2997 4722 ipsi
3025 4653 3379 4723 principatus,
3406 4666 3631 4707 convero

2043 4755 2197 4817 titur,
2224 4762 2278 4806 et
2308 4752 2374 4805 ad
2407 4751 2600 4818 ipsum,
2635 4756 2694 4801 ut
2726 4744 2997 4816 possibile,
3042 4744 3389 4807 reformatur,
3415 4750 3471 4796 et
3501 4742 3626 4810 quia

2042 4842 2274 4912 Angelos
2299 4839 2527 4895 uniticat
2556 4838 2849 4894 secundum
2876 4836 3014 4892 bene
3035 4844 3255 4892 ornatos
3277 4842 3332 4888 et
3353 4830 3634 4886 ordinatos

2041 4942 2096 4989 et
2127 4933 2421 4989 invisibiles
2454 4931 2812 5001 praesulatus.
2850 4928 2964 4986 Hoc
3010 4929 3154 4985 enim
3191 4937 3248 4983 et
3276 4924 3378 4995 ipsi
3410 4922 3629 4979 Princi-

1630 5069 1888 5124 VARIAE
1930 5067 2331 5124 LECTIONES.

432 5180 446 5249 ε
475 5179 710 5231 conrerti
736 5194 848 5233 om.
888 5177 1025 5244 AB.,
1062 5195 1233 5249 marg.
1265 5181 1440 5234 adscr.
1470 5178 1554 5231 B‘.
1629 5180 1650 5210 ⁹
1691 5178 1731 5231 Β
1773 5194 1945 5249 ειψιᾋ
1976 5178 2151 5249 adscr.
2182 5187 2279 5249 est.
2298 5248 2301 5249 ν
2354 5175 2373 5206 ³
2401 5173 2620 5249 dsunt.
2688 5172 2842 5249 ἤριζε)
2875 5170 3013 5238 ipsas
3046 5164 3260 5249 sugshB
3301 5163 3621 5249 ξκιξεψξξξρξ

348 5249 370 5319 ξ
406 5247 569 5319 Deum
599 5279 670 5288 —
692 5250 1003 5319 principium
1038 5266 1148 5303 oin.
1176 5247 1234 5303 [ι.

349 5403 528 5455 marg.
554 5390 734 5441 adscr.
773 5386 845 5440 De
871 5389 1214 5457 orrltangelis.

1338 5249 1360 5280 ⁸
1391 5250 1481 5303 Sic
1502 5249 1590 5302 AC
1615 5265 1629 5314 ;
1657 5258 1731 5301 est
1770 5245 1878 5301 oui.
1932 5248 1993 5312 Β,
2035 5248 2208 5301 adscr.
2248 5245 2331 5298 B'.

347 5313 870 5387 ’Aprincipdntyf
921 5319 965 5351 ¹⁰
1005 5319 1096 5374 Sic
1135 5319 1243 5384 AC,
1273 5319 1313 5373 Β
1359 5313 1716 5387 manifestare,
1778 5318 1836 5369 B'
1882 5333 2041 5387 supra
2098 5318 2275 5387 adscr.
2326 5313 2595 5387 manifest.
2641 5321 2707 5387 et.

1333 5391 1376 5420 ¹³
1407 5390 1463 5442 [ι’
1498 5383 1667 5457 iuarg.
1696 5388 1871 5442 adscr.
1904 5383 2300 5457 cognominatio.

2441 5244 2461 5275 "
2487 5244 2644 5297 Coni.
2701 5240 2830 5294 ABG
2875 5230 2997 5291 uno.
3032 5307 3042 5315 .
3108 5235 3128 5266 ⁸
3166 5232 3205 5285 Β
3232 5248 3323 5299 per
3381 5230 3626 5326 proprias

2441 5313 2593 5356 litt-ct-
2641 5321 2707 5356 ρι-
2822 5309 2858 5338 ¹¹
2888 5305 3141 5356 videlicet.
3171 5316 3281 5355 om.
3309 5299 3369 5350 Β.
3506 5299 3524 5327 ⁸
3565 5296 3603 5349 Β

2416 5313 2595 5366 nili-sl.
2641 5321 2707 5365 et.
2822 5313 2858 5338 "
2888 5313 3141 5360 videlicet.
3171 5316 3281 5355 om.
3309 5313 3369 5350 υ.
3483 5313 3524 5327 ’-
3565 5313 3620 5349 υή

2409 5383 2454 5415 ³⁸
2488 5380 2642 5437 Corr.
2703 5380 2785 5439 B‘;
2814 5393 2910 5445 pro
2942 5375 3032 5426 Est
3071 5372 3228 5445 enim.
3257 5366 3373 5445 Ad}
3399 5364 3622 5445 Etenim.

348 5457 400 5534 ξξ
430 5431 968 5534 Boarcltangelornm,
1046 5431 1167 5511 'gB'
1199 5431 1374 5513 adscr.
1398 5468 1491 5534 est.
1572 5431 1671 5510 "OB
1698 5431 1897 5512 rectm.
1921 5431 2091 5534 marg.
2125 5455 2599 5534 a‘dssr'mmotngcs.
2661 5431 2839 5534 ffic.
2861 5446 2901 5497 C
2927 5450 2980 5496 ct
2999 5431 3379 5534 Coti-“13".ég
3409 5433 3618 5534 -

350 5526 394 5557 "
428 5524 491 5578 Β·
528 5529 646 5579 rad.
679 5524 821 5581 corr.
850 5528 968 5581 nisi.
1044 5530 1091 5560 ¹⁰
1117 5530 1245 5583 ordo
1270 5545 1378 5582 orn.
1414 5528 1470 5589 li,
1505 5529 1568 5582 ιι]
1596 5528 1963 5596 utarg.adscr.
1989 5527 2070 5578 ll”.

347 5596 431 5649 sic
455 5596 796 5666 plerumque.
871 5596 920 5629 ’δ
1039 5576 1925 5666 Biantﬁn'ffi
1948 5576 2357 5666 illicominnnicat
2382 5576 2811 5656 archmigelornan
2839 5576 2964 5633 ordo
2994 5576 3065 5641 et,
3115 5584 3220 5632 cet.
3301 5576 3344 5608 ⁸³
3365 5576 3423 5633 Β⁹
3456 5591 3619 5644 supra

348 5666 536 5720 adscr.
577 5675 673 5720 est.

754 5669 797 5698 "’
826 5668 940 5737 ejus
966 5680 1013 5722 et
1042 5663 1310 5724 ordinatos
1338 5683 1446 5723 om.
1474 5668 1528 5721 Β.
1609 5668 1654 5699 ⁸³
1681 5668 1834 5721 Corr.
1866 5664 1952 5719 B'.
1976 5664 2064 5717 AB
2094 5663 2321 5715 dicatus.

2147 5505 2589 5582 ²¹ΒνὶἠιξνιινεΙιῖἲιεν
2661 5519 2707 5548 ¹¹
2734 5523 2770 5567 ις
2791 5523 2839 5566 et
2864 5521 3190 5582 quanquam.
3264 5505 3622 5582 'f_li_optittet,
3698 5542 3715 5549 -
