  <div class='ocr_page' id='page_1' title='image "/cluster/home/n/w/nwhite01/storage/ocr_20150623/122/pst.000018028355/143.png"; bbox 0 0 4178 6266; ppageno 0'>
   <div class='ocr_carea' id='block_1_1' title="bbox 511 285 615 343">
    <p class='ocr_par' dir='ltr' id='par_1_1' title="bbox 511 285 615 343">
     <span class='ocr_line' id='line_1_1' title="bbox 511 285 615 343; baseline -0.019 0"><span class='ocrx_word' id='word_1_1' title='bbox 511 285 615 343; x_wconf 75' lang='lat' dir='ltr'><strong>2H</strong></span> 
     </span>
    </p>
   </div>
   <div class='ocr_carea' id='block_1_2' title="bbox 1605 276 2669 338">
    <p class='ocr_par' dir='ltr' id='par_1_2' title="bbox 1605 276 2669 338">
     <span class='ocr_line' id='line_1_2' title="bbox 1605 276 2669 338; baseline -0.002 -2"><span class='ocrx_word' id='word_1_2' title='bbox 1605 278 2110 338; x_wconf 77' lang='lat' dir='ltr'><strong>EXPOSITIONES</strong></span> <span class='ocrx_word' id='word_1_3' title='bbox 2148 277 2434 335; x_wconf 71' lang='grc' dir='ltr'><strong>ιοΑΝΝἲδ</strong></span> <span class='ocrx_word' id='word_1_4' title='bbox 2473 276 2669 335; x_wconf 82' lang='lat' dir='ltr'><strong>SCOTI</strong></span> 
     </span>
    </p>
   </div>
   <div class='ocr_carea' id='block_1_3' title="bbox 3680 288 3787 345">
    <p class='ocr_par' dir='ltr' id='par_1_3' title="bbox 3680 288 3787 345">
     <span class='ocr_line' id='line_1_3' title="bbox 3680 288 3787 345; baseline 0.009 -1"><span class='ocrx_word' id='word_1_5' title='bbox 3680 288 3787 345; x_wconf 73' lang='lat' dir='ltr'><strong>2l2</strong></span> 
     </span>
    </p>
   </div>
   <div class='ocr_carea' id='block_1_4' title="bbox 511 370 3789 451">
    <p class='ocr_par' dir='ltr' id='par_1_4' title="bbox 511 370 3789 451">
     <span class='ocr_line' id='line_1_4' title="bbox 511 370 3789 451; baseline 0.003 -22"><span class='ocrx_word' id='word_1_6' title='bbox 511 382 672 447; x_wconf 87' lang='lat' dir='ltr'><strong>patus</strong></span> <span class='ocrx_word' id='word_1_7' title='bbox 709 370 937 429; x_wconf 82' lang='lat' dir='ltr'><strong>faciunt.</strong></span> <span class='ocrx_word' id='word_1_8' title='bbox 971 371 1104 428; x_wconf 82' lang='lat' dir='ltr'><strong>Nam</strong></span> <span class='ocrx_word' id='word_1_9' title='bbox 1134 371 1371 443; x_wconf 78' lang='lat' dir='ltr'><strong>Angelos</strong></span> <span class='ocrx_word' id='word_1_10' title='bbox 1397 373 1655 431; x_wconf 77' lang='lat' dir='ltr'><strong>unilicant</strong></span> <span class='ocrx_word' id='word_1_11' title='bbox 1689 373 2091 435; x_wconf 52' lang='lat' dir='ltr'><strong>adtectnmuni-</strong></span> <span class='ocrx_word' id='word_1_12' title='bbox 2120 389 2166 445; x_wconf 69' lang='grc' dir='ltr'><strong>Α</strong></span> <span class='ocrx_word' id='word_1_13' title='bbox 2196 387 2422 442; x_wconf 88' lang='lat' dir='ltr'><strong>corpora</strong></span> <span class='ocrx_word' id='word_1_14' title='bbox 2461 388 2567 433; x_wconf 89' lang='lat' dir='ltr'><strong>non</strong></span> <span class='ocrx_word' id='word_1_15' title='bbox 2609 370 2909 441; x_wconf 68' lang='lat' dir='ltr'><strong>aequaliter</strong></span> <span class='ocrx_word' id='word_1_16' title='bbox 2942 372 3201 429; x_wconf 85' lang='lat' dir='ltr'><strong>solarium</strong></span> <span class='ocrx_word' id='word_1_17' title='bbox 3225 373 3505 434; x_wconf 84' lang='lat' dir='ltr'><strong>radiorum</strong></span> <span class='ocrx_word' id='word_1_18' title='bbox 3564 384 3789 451; x_wconf 75' lang='lat' dir='ltr'><strong>capacia</strong></span> 
     </span>
    </p>
   </div>
   <div class='ocr_carea' id='block_1_5' title="bbox 511 462 2097 534">
    <p class='ocr_par' dir='ltr' id='par_1_5' title="bbox 511 462 2097 534">
     <span class='ocr_line' id='line_1_5' title="bbox 511 462 2097 534; baseline -0.001 -13"><span class='ocrx_word' id='word_1_19' title='bbox 511 464 778 521; x_wconf 78' lang='lat' dir='ltr'><strong>cntionem</strong></span> <span class='ocrx_word' id='word_1_20' title='bbox 806 462 1275 533; x_wconf 88' lang='lat' dir='ltr'><strong>superessentialis</strong></span> <span class='ocrx_word' id='word_1_21' title='bbox 1301 463 1575 533; x_wconf 81' lang='lat' dir='ltr'><strong>principii,</strong></span> <span class='ocrx_word' id='word_1_22' title='bbox 1622 472 1676 518; x_wconf 87' lang='lat' dir='ltr'><strong>et</strong></span> <span class='ocrx_word' id='word_1_23' title='bbox 1704 465 1722 495; x_wconf 76' lang='grc' dir='ltr'>ί</span> <span class='ocrx_word' id='word_1_24' title='bbox 1753 464 2097 534; x_wconf 85' lang='lat' dir='ltr'><strong>quemadmo-</strong></span> 
     </span>
    </p>
   </div>
   <div class='ocr_carea' id='block_1_6' title="bbox 512 555 2096 622">
    <p class='ocr_par' dir='ltr' id='par_1_6' title="bbox 512 555 2096 622">
     <span class='ocr_line' id='line_1_6' title="bbox 512 555 2096 622; baseline -0.002 -8"><span class='ocrx_word' id='word_1_25' title='bbox 512 558 640 615; x_wconf 86' lang='lat' dir='ltr'><strong>dum</strong></span> <span class='ocrx_word' id='word_1_26' title='bbox 700 565 924 611; x_wconf 91' lang='lat' dir='ltr'><strong>ornatus</strong></span> <span class='ocrx_word' id='word_1_27' title='bbox 985 571 1173 611; x_wconf 86' lang='lat' dir='ltr'><strong>eorum</strong></span> <span class='ocrx_word' id='word_1_28' title='bbox 1223 564 1279 610; x_wconf 90' lang='lat' dir='ltr'><strong>et</strong></span> <span class='ocrx_word' id='word_1_29' title='bbox 1321 555 1593 610; x_wconf 87' lang='lat' dir='ltr'><strong>ordinatio</strong></span> <span class='ocrx_word' id='word_1_30' title='bbox 1646 565 1701 610; x_wconf 92' lang='lat' dir='ltr'><strong>et</strong></span> <span class='ocrx_word' id='word_1_31' title='bbox 1746 555 2096 622; x_wconf 77' lang='lat' dir='ltr'><strong>intelligihilis</strong></span> 
     </span>
    </p>
   </div>
   <div class='ocr_carea' id='block_1_7' title="bbox 509 645 2093 719">
    <p class='ocr_par' dir='ltr' id='par_1_7' title="bbox 509 645 2093 719">
     <span class='ocr_line' id='line_1_7' title="bbox 509 645 2093 719; baseline -0.001 -16"><span class='ocrx_word' id='word_1_32' title='bbox 509 649 845 719; x_wconf 88' lang='lat' dir='ltr'><strong>principatus</strong></span> <span class='ocrx_word' id='word_1_33' title='bbox 871 647 1041 701; x_wconf 88' lang='lat' dir='ltr'><strong>Deum</strong></span> <span class='ocrx_word' id='word_1_34' title='bbox 1092 645 1476 712; x_wconf 83' lang='lat' dir='ltr'><strong>communicat,</strong></span> <span class='ocrx_word' id='word_1_35' title='bbox 1524 645 1597 700; x_wconf 85' lang='lat' dir='ltr'><strong>ita</strong></span> <span class='ocrx_word' id='word_1_36' title='bbox 1640 653 1696 700; x_wconf 89' lang='lat' dir='ltr'><strong>et</strong></span> <span class='ocrx_word' id='word_1_37' title='bbox 1728 647 1945 716; x_wconf 83' lang='lat' dir='ltr'><strong>angelos</strong></span> <span class='ocrx_word' id='word_1_38' title='bbox 1990 648 2093 704; x_wconf 83' lang='lat' dir='ltr'><strong>sibi</strong></span> 
     </span>
    </p>
   </div>
   <div class='ocr_carea' id='block_1_8' title="bbox 511 736 2097 806">
    <p class='ocr_par' dir='ltr' id='par_1_8' title="bbox 511 736 2097 806">
     <span class='ocr_line' id='line_1_8' title="bbox 511 736 2097 806; baseline -0.002 -12"><span class='ocrx_word' id='word_1_39' title='bbox 511 739 776 795; x_wconf 84' lang='lat' dir='ltr'><strong>unilicant</strong></span> <span class='ocrx_word' id='word_1_40' title='bbox 796 740 838 804; x_wconf 77' lang='lat'><strong>&#39;,</strong></span> <span class='ocrx_word' id='word_1_41' title='bbox 871 745 920 792; x_wconf 91' lang='lat' dir='ltr'><strong>et</strong></span> <span class='ocrx_word' id='word_1_42' title='bbox 969 751 1066 806; x_wconf 83' lang='lat' dir='ltr'><strong>per</strong></span> <span class='ocrx_word' id='word_1_43' title='bbox 1090 736 1435 791; x_wconf 91' lang='lat' dir='ltr'><strong>medietatem</strong></span> <span class='ocrx_word' id='word_1_44' title='bbox 1456 737 1900 806; x_wconf 87' lang='lat' dir='ltr'><strong>archangelornm</strong></span> <span class='ocrx_word' id='word_1_45' title='bbox 1927 736 2097 791; x_wconf 85' lang='lat' dir='ltr'><strong>Deum</strong></span> 
     </span>
    </p>
   </div>
   <div class='ocr_carea' id='block_1_9' title="bbox 513 825 2100 893">
    <p class='ocr_par' dir='ltr' id='par_1_9' title="bbox 513 825 2100 893">
     <span class='ocr_line' id='line_1_9' title="bbox 513 825 2100 893; baseline -0.002 -10"><span class='ocrx_word' id='word_1_46' title='bbox 513 828 914 883; x_wconf 74' lang='lat' dir='ltr'><strong>communicare</strong></span> <span class='ocrx_word' id='word_1_47' title='bbox 950 825 1177 889; x_wconf 79' lang='lat' dir='ltr'><strong>faciunt,</strong></span> <span class='ocrx_word' id='word_1_48' title='bbox 1233 825 1393 893; x_wconf 91' lang='lat' dir='ltr'><strong>inque</strong></span> <span class='ocrx_word' id='word_1_49' title='bbox 1442 839 1595 879; x_wconf 86' lang='lat' dir='ltr'><strong>suam</strong></span> <span class='ocrx_word' id='word_1_50' title='bbox 1643 826 1952 880; x_wconf 85' lang='lat' dir='ltr'><strong>societatem</strong></span> <span class='ocrx_word' id='word_1_51' title='bbox 2003 841 2100 880; x_wconf 78' lang='lat' dir='ltr'><strong>eos</strong></span> 
     </span>
    </p>
   </div>
   <div class='ocr_carea' id='block_1_10' title="bbox 514 914 2095 985">
    <p class='ocr_par' dir='ltr' id='par_1_10' title="bbox 514 914 2095 985">
     <span class='ocr_line' id='line_1_10' title="bbox 514 914 2095 985; baseline -0.002 -12"><span class='ocrx_word' id='word_1_52' title='bbox 514 918 813 973; x_wconf 77' lang='lat' dir='ltr'><strong>subvehere</strong></span> <span class='ocrx_word' id='word_1_53' title='bbox 843 915 1193 971; x_wconf 86' lang='lat' dir='ltr'><strong>contendunt.</strong></span> <span class='ocrx_word' id='word_1_54' title='bbox 1247 914 1373 969; x_wconf 85' lang='lat' dir='ltr'><strong>Istis</strong></span> <span class='ocrx_word' id='word_1_55' title='bbox 1401 930 1544 978; x_wconf 78' lang='lat' dir='ltr'><strong>vero,</strong></span> <span class='ocrx_word' id='word_1_56' title='bbox 1579 916 1706 984; x_wconf 83' lang='lat' dir='ltr'><strong>quia</strong></span> <span class='ocrx_word' id='word_1_57' title='bbox 1737 926 1783 969; x_wconf 88' lang='lat' dir='ltr'><strong>et</strong></span> <span class='ocrx_word' id='word_1_58' title='bbox 1824 918 1900 970; x_wconf 83' lang='lat' dir='ltr'><strong>eis</strong></span> <span class='ocrx_word' id='word_1_59' title='bbox 1930 916 2095 985; x_wconf 61' lang='lat' dir='ltr'><strong>hypo—</strong></span> 
     </span>
    </p>
   </div>
   <div class='ocr_carea' id='block_1_11' title="bbox 511 1005 2099 1079">
    <p class='ocr_par' dir='ltr' id='par_1_11' title="bbox 511 1005 2099 1079">
     <span class='ocr_line' id='line_1_11' title="bbox 511 1005 2099 1079; baseline -0.002 -17"><span class='ocrx_word' id='word_1_60' title='bbox 511 1010 712 1079; x_wconf 78' lang='lat' dir='ltr'><strong>pltetico</strong></span> <span class='ocrx_word' id='word_1_61' title='bbox 744 1008 763 1038; x_wconf 87' lang='grc'><em>³</em></span> <span class='ocrx_word' id='word_1_62' title='bbox 787 1017 862 1061; x_wconf 88' lang='lat' dir='ltr'><strong>est</strong></span> <span class='ocrx_word' id='word_1_63' title='bbox 910 1007 1115 1072; x_wconf 83' lang='lat' dir='ltr'><strong>ordine,</strong></span> <span class='ocrx_word' id='word_1_64' title='bbox 1143 1006 1349 1060; x_wconf 81' lang='lat' dir='ltr'><strong>divinas</strong></span> <span class='ocrx_word' id='word_1_65' title='bbox 1374 1005 1784 1061; x_wconf 85' lang='lat' dir='ltr'><strong>illuminationes</strong></span> <span class='ocrx_word' id='word_1_66' title='bbox 1816 1008 2099 1060; x_wconf 81' lang='lat' dir='ltr'><strong>icrarclu&#39;ce</strong></span> 
     </span>
    </p>
   </div>
   <div class='ocr_carea' id='block_1_12' title="bbox 506 1100 2099 1171">
    <p class='ocr_par' dir='ltr' id='par_1_12' title="bbox 506 1100 2099 1171">
     <span class='ocr_line' id='line_1_12' title="bbox 506 1100 2099 1171; baseline -0.001 -16"><span class='ocrx_word' id='word_1_67' title='bbox 506 1117 603 1170; x_wconf 84' lang='lat' dir='ltr'><strong>per</strong></span> <span class='ocrx_word' id='word_1_68' title='bbox 639 1102 835 1171; x_wconf 85' lang='lat' dir='ltr'><strong>primas</strong></span> <span class='ocrx_word' id='word_1_69' title='bbox 879 1102 1091 1155; x_wconf 73' lang='lat' dir='ltr'><strong>uirtutes</strong></span> <span class='ocrx_word' id='word_1_70' title='bbox 1117 1101 1428 1171; x_wconf 83' lang='lat' dir='ltr'><strong>suscipiens,</strong></span> <span class='ocrx_word' id='word_1_71' title='bbox 1455 1110 1500 1155; x_wconf 87' lang='lat' dir='ltr'><strong>et</strong></span> <span class='ocrx_word' id='word_1_72' title='bbox 1524 1100 1735 1169; x_wconf 75' lang='lat' dir='ltr'><strong>Angelis</strong></span> <span class='ocrx_word' id='word_1_73' title='bbox 1771 1119 1858 1155; x_wconf 75' lang='lat' dir='ltr'><strong>eus</strong></span> <span class='ocrx_word' id='word_1_74' title='bbox 1899 1102 2099 1171; x_wconf 62' lang='grc' dir='ltr'><strong>Δεξίου·-</strong></span> 
     </span>
    </p>
   </div>
   <div class='ocr_carea' id='block_1_13' title="bbox 512 1188 2099 1260">
    <p class='ocr_par' dir='ltr' id='par_1_13' title="bbox 512 1188 2099 1260">
     <span class='ocr_line' id='line_1_13' title="bbox 512 1188 2099 1260; baseline 0.001 -16"><span class='ocrx_word' id='word_1_75' title='bbox 512 1192 666 1245; x_wconf 84' lang='lat' dir='ltr'><strong>miter</strong></span> <span class='ocrx_word' id='word_1_76' title='bbox 699 1193 1054 1256; x_wconf 83' lang='lat' dir='ltr'><strong>annuncians,</strong></span> <span class='ocrx_word' id='word_1_77' title='bbox 1083 1201 1129 1243; x_wconf 85' lang='lat' dir='ltr'><strong>et</strong></span> <span class='ocrx_word' id='word_1_78' title='bbox 1163 1207 1256 1259; x_wconf 85' lang='lat' dir='ltr'><strong>per</strong></span> <span class='ocrx_word' id='word_1_79' title='bbox 1280 1188 1504 1260; x_wconf 63' lang='lat' dir='ltr'><strong>Angelos</strong></span> <span class='ocrx_word' id='word_1_80' title='bbox 1546 1191 1692 1244; x_wconf 86' lang='lat' dir='ltr'><strong>nobis</strong></span> <span class='ocrx_word' id='word_1_81' title='bbox 1731 1193 2099 1260; x_wconf 74' lang='lat' dir='ltr'><strong>uianifeslans,</strong></span> 
     </span>
    </p>
   </div>
   <div class='ocr_carea' id='block_1_14' title="bbox 512 1278 2103 1348">
    <p class='ocr_par' dir='ltr' id='par_1_14' title="bbox 512 1278 2103 1348">
     <span class='ocr_line' id='line_1_14' title="bbox 512 1278 2103 1348; baseline 0.003 -17"><span class='ocrx_word' id='word_1_82' title='bbox 512 1278 798 1332; x_wconf 81' lang='lat' dir='ltr'><strong>secundum</strong></span> <span class='ocrx_word' id='word_1_83' title='bbox 820 1295 1028 1332; x_wconf 82' lang='lat' dir='ltr'><strong>sacram</strong></span> <span class='ocrx_word' id='word_1_84' title='bbox 1066 1278 1475 1348; x_wconf 74' lang='lat' dir='ltr'><strong>uniuscujusque</strong></span> <span class='ocrx_word' id='word_1_85' title='bbox 1504 1278 1754 1334; x_wconf 81' lang='lat' dir='ltr'><strong>divinitus</strong></span> <span class='ocrx_word' id='word_1_86' title='bbox 1781 1279 2103 1335; x_wconf 81' lang='lat' dir='ltr'><strong>illuminato-</strong></span> 
     </span>
    </p>
   </div>
   <div class='ocr_carea' id='block_1_15' title="bbox 514 1367 2104 1441">
    <p class='ocr_par' dir='ltr' id='par_1_15' title="bbox 514 1367 2104 1441">
     <span class='ocr_line' id='line_1_15' title="bbox 514 1367 2104 1441; baseline 0.004 -21"><span class='ocrx_word' id='word_1_87' title='bbox 514 1384 632 1420; x_wconf 83' lang='lat' dir='ltr'><strong>rum</strong></span> <span class='ocrx_word' id='word_1_88' title='bbox 678 1367 998 1438; x_wconf 82' lang='lat' dir='ltr'><strong>analogiam.</strong></span> <span class='ocrx_word' id='word_1_89' title='bbox 1036 1368 1162 1423; x_wconf 90' lang='lat' dir='ltr'><strong>lstis</strong></span> <span class='ocrx_word' id='word_1_90' title='bbox 1193 1383 1344 1435; x_wconf 90' lang='lat' dir='ltr'><strong>vero,</strong></span> <span class='ocrx_word' id='word_1_91' title='bbox 1375 1370 1475 1425; x_wconf 91' lang='lat' dir='ltr'><strong>hoc</strong></span> <span class='ocrx_word' id='word_1_92' title='bbox 1501 1380 1584 1425; x_wconf 88' lang='lat' dir='ltr'><strong>est</strong></span> <span class='ocrx_word' id='word_1_93' title='bbox 1607 1370 1847 1441; x_wconf 77' lang='lat' dir='ltr'><strong>Angelis,</strong></span> <span class='ocrx_word' id='word_1_94' title='bbox 1870 1373 2104 1426; x_wconf 88' lang='lat' dir='ltr'><strong>archan-</strong></span> 
     </span>
    </p>
   </div>
   <div class='ocr_carea' id='block_1_16' title="bbox 514 1457 2100 1531">
    <p class='ocr_par' dir='ltr' id='par_1_16' title="bbox 514 1457 2100 1531">
     <span class='ocr_line' id='line_1_16' title="bbox 514 1457 2100 1531; baseline 0.004 -20"><span class='ocrx_word' id='word_1_95' title='bbox 514 1457 717 1527; x_wconf 87' lang='lat' dir='ltr'><strong>gelicus</strong></span> <span class='ocrx_word' id='word_1_96' title='bbox 746 1458 879 1512; x_wconf 84' lang='lat' dir='ltr'><strong>ordo</strong></span> <span class='ocrx_word' id='word_1_97' title='bbox 905 1459 1290 1524; x_wconf 86' lang='lat' dir='ltr'><strong>communicat,</strong></span> <span class='ocrx_word' id='word_1_98' title='bbox 1314 1460 1443 1528; x_wconf 87' lang='lat' dir='ltr'><strong>quia</strong></span> <span class='ocrx_word' id='word_1_99' title='bbox 1471 1460 1550 1514; x_wconf 87' lang='lat' dir='ltr'><strong>eis</strong></span> <span class='ocrx_word' id='word_1_100' title='bbox 1575 1470 1661 1514; x_wconf 86' lang='lat' dir='ltr'><strong>est</strong></span> <span class='ocrx_word' id='word_1_101' title='bbox 1688 1463 2100 1531; x_wconf 81' lang='lat' dir='ltr'><strong>hypopheticus,</strong></span> 
     </span>
    </p>
   </div>
   <div class='ocr_carea' id='block_1_17' title="bbox 516 1546 2103 1618">
    <p class='ocr_par' dir='ltr' id='par_1_17' title="bbox 516 1546 2103 1618">
     <span class='ocr_line' id='line_1_17' title="bbox 516 1546 2103 1618; baseline 0.004 -19"><span class='ocrx_word' id='word_1_102' title='bbox 516 1547 571 1600; x_wconf 90' lang='lat' dir='ltr'><strong>id</strong></span> <span class='ocrx_word' id='word_1_103' title='bbox 603 1555 708 1612; x_wconf 87' lang='lat' dir='ltr'><strong>est,</strong></span> <span class='ocrx_word' id='word_1_104' title='bbox 747 1546 1096 1616; x_wconf 77' lang='lat' dir='ltr'><strong>propheticus</strong></span> <span class='ocrx_word' id='word_1_105' title='bbox 1135 1547 1302 1613; x_wconf 89' lang='lat' dir='ltr'><strong>ordo;</strong></span> <span class='ocrx_word' id='word_1_106' title='bbox 1331 1547 1658 1618; x_wconf 83' lang='lat' dir='ltr'><strong>Archangeli</strong></span> <span class='ocrx_word' id='word_1_107' title='bbox 1695 1549 1961 1618; x_wconf 76' lang='lat' dir='ltr'><strong>siquidem</strong></span> <span class='ocrx_word' id='word_1_108' title='bbox 2011 1567 2103 1606; x_wconf 88' lang='lat' dir='ltr'><strong>an-</strong></span> 
     </span>
    </p>
   </div>
   <div class='ocr_carea' id='block_1_18' title="bbox 515 1636 2103 1707">
    <p class='ocr_par' dir='ltr' id='par_1_18' title="bbox 515 1636 2103 1707">
     <span class='ocr_line' id='line_1_18' title="bbox 515 1636 2103 1707; baseline 0.006 -15"><span class='ocrx_word' id='word_1_109' title='bbox 515 1636 757 1707; x_wconf 84' lang='lat' dir='ltr'><strong>gelorum</strong></span> <span class='ocrx_word' id='word_1_110' title='bbox 797 1638 1091 1707; x_wconf 89' lang='lat' dir='ltr'><strong>prophetae</strong></span> <span class='ocrx_word' id='word_1_111' title='bbox 1132 1647 1294 1705; x_wconf 93' lang='lat' dir='ltr'><strong>sunt;</strong></span> <span class='ocrx_word' id='word_1_112' title='bbox 1341 1639 1468 1693; x_wconf 89' lang='lat' dir='ltr'><strong>dum</strong></span> <span class='ocrx_word' id='word_1_113' title='bbox 1517 1641 1726 1698; x_wconf 83' lang='lat' dir='ltr'><strong>divinas</strong></span> <span class='ocrx_word' id='word_1_114' title='bbox 1755 1643 2103 1701; x_wconf 84' lang='lat' dir='ltr'><strong>illuntiuatio-</strong></span> 
     </span>
    </p>
   </div>
   <div class='ocr_carea' id='block_1_19' title="bbox 2200 462 3792 536">
    <p class='ocr_par' dir='ltr' id='par_1_19' title="bbox 2200 462 3792 536">
     <span class='ocr_line' id='line_1_19' title="bbox 2200 462 3792 536; baseline 0.006 -19"><span class='ocrx_word' id='word_1_115' title='bbox 2200 472 2345 528; x_wconf 90' lang='lat' dir='ltr'><strong>sunt,</strong></span> <span class='ocrx_word' id='word_1_116' title='bbox 2375 462 2624 516; x_wconf 85' lang='lat' dir='ltr'><strong>omnibus</strong></span> <span class='ocrx_word' id='word_1_117' title='bbox 2650 471 2831 515; x_wconf 86' lang='lat' dir='ltr'><strong>tamen</strong></span> <span class='ocrx_word' id='word_1_118' title='bbox 2853 463 3150 531; x_wconf 86' lang='lat' dir='ltr'><strong>aequaliter</strong></span> <span class='ocrx_word' id='word_1_119' title='bbox 3177 466 3668 536; x_wconf 86' lang='lat' dir='ltr'><strong>superluuduntur,</strong></span> <span class='ocrx_word' id='word_1_120' title='bbox 3699 472 3792 527; x_wconf 83' lang='lat' dir='ltr'><strong>de-</strong></span> 
     </span>
    </p>
   </div>
   <div class='ocr_carea' id='block_1_20' title="bbox 2199 553 3789 643">
    <p class='ocr_par' dir='ltr' id='par_1_20' title="bbox 2199 553 3789 643">
     <span class='ocr_line' id='line_1_20' title="bbox 2199 553 3789 643; baseline 0.008 -38"><span class='ocrx_word' id='word_1_121' title='bbox 2199 568 2303 622; x_wconf 88' lang='lat' dir='ltr'><strong>que</strong></span> <span class='ocrx_word' id='word_1_122' title='bbox 2335 553 2587 609; x_wconf 87' lang='lat' dir='ltr'><strong>omnibus</strong></span> <span class='ocrx_word' id='word_1_123' title='bbox 2632 553 2925 608; x_wconf 88' lang='lat' dir='ltr'><strong>resiliendo</strong></span> <span class='ocrx_word' id='word_1_124' title='bbox 2966 554 3231 643; x_wconf 54' lang='lat' dir='ltr'><strong>reluceni.</strong></span> <span class='ocrx_word' id='word_1_125' title='bbox 3288 557 3382 613; x_wconf 90' lang='lat' dir='ltr'><strong>Sic</strong></span> <span class='ocrx_word' id='word_1_126' title='bbox 3431 570 3559 615; x_wconf 88' lang='lat' dir='ltr'><strong>sunt</strong></span> <span class='ocrx_word' id='word_1_127' title='bbox 3601 577 3789 618; x_wconf 86' lang='lat' dir='ltr'><strong>omnes</strong></span> 
     </span>
    </p>
   </div>
   <div class='ocr_carea' id='block_1_21' title="bbox 2199 645 3789 725">
    <p class='ocr_par' dir='ltr' id='par_1_21' title="bbox 2199 645 3789 725">
     <span class='ocr_line' id='line_1_21' title="bbox 2199 645 3789 725; baseline 0.006 -26"><span class='ocrx_word' id='word_1_128' title='bbox 2199 645 2588 701; x_wconf 86' lang='lat' dir='ltr'><strong>intellectuales</strong></span> <span class='ocrx_word' id='word_1_129' title='bbox 2616 650 2778 714; x_wconf 60' lang='lat' dir='ltr'><strong>atque</strong></span> <span class='ocrx_word' id='word_1_130' title='bbox 2820 646 3113 702; x_wconf 84' lang='lat' dir='ltr'><strong>rationales</strong></span> <span class='ocrx_word' id='word_1_131' title='bbox 3142 649 3331 703; x_wconf 82' lang='lat' dir='ltr'><strong>animi.</strong></span> <span class='ocrx_word' id='word_1_132' title='bbox 3375 650 3563 707; x_wconf 84' lang='lat' dir='ltr'><strong>Nullus</strong></span> <span class='ocrx_word' id='word_1_133' title='bbox 3590 655 3789 725; x_wconf 87' lang='lat' dir='ltr'><strong>quippe</strong></span> 
     </span>
    </p>
   </div>
   <div class='ocr_carea' id='block_1_22' title="bbox 2199 733 3789 813">
    <p class='ocr_par' dir='ltr' id='par_1_22' title="bbox 2199 733 3789 813">
     <span class='ocr_line' id='line_1_22' title="bbox 2199 733 3789 813; baseline 0.007 -25"><span class='ocrx_word' id='word_1_134' title='bbox 2199 733 2411 791; x_wconf 81' lang='lat' dir='ltr'><strong>illorum</strong></span> <span class='ocrx_word' id='word_1_135' title='bbox 2441 741 2545 798; x_wconf 90' lang='lat' dir='ltr'><strong>est,</strong></span> <span class='ocrx_word' id='word_1_136' title='bbox 2594 734 2709 789; x_wconf 83' lang='lat' dir='ltr'><strong>sive</strong></span> <span class='ocrx_word' id='word_1_137' title='bbox 2755 750 2941 804; x_wconf 88' lang='lat' dir='ltr'><strong>purus.</strong></span> <span class='ocrx_word' id='word_1_138' title='bbox 2967 736 3061 801; x_wconf 89' lang='lat' dir='ltr'><strong>sit,</strong></span> <span class='ocrx_word' id='word_1_139' title='bbox 3092 737 3209 792; x_wconf 80' lang='lat' dir='ltr'><strong>sive</strong></span> <span class='ocrx_word' id='word_1_140' title='bbox 3239 742 3658 808; x_wconf 86' lang='lat' dir='ltr'><strong>contaminatus,</strong></span> <span class='ocrx_word' id='word_1_141' title='bbox 3696 749 3789 813; x_wconf 86' lang='lat' dir='ltr'><strong>qui</strong></span> 
     </span>
    </p>
   </div>
   <div class='ocr_carea' id='block_1_23' title="bbox 2198 826 3792 902">
    <p class='ocr_par' dir='ltr' id='par_1_23' title="bbox 2198 826 3792 902">
     <span class='ocr_line' id='line_1_23' title="bbox 2198 826 3792 902; baseline 0.005 -20"><span class='ocrx_word' id='word_1_142' title='bbox 2198 841 2392 894; x_wconf 76' lang='lat' dir='ltr'><strong>expers</strong></span> <span class='ocrx_word' id='word_1_143' title='bbox 2419 828 2488 881; x_wconf 87' lang='lat' dir='ltr'><strong>sit</strong></span> <span class='ocrx_word' id='word_1_144' title='bbox 2519 826 2558 857; x_wconf 83' lang='lat'>“</span> <span class='ocrx_word' id='word_1_145' title='bbox 2589 826 2753 880; x_wconf 86' lang='lat' dir='ltr'><strong>divini</strong></span> <span class='ocrx_word' id='word_1_146' title='bbox 2782 828 2938 881; x_wconf 81' lang='lat' dir='ltr'><strong>radii.</strong></span> <span class='ocrx_word' id='word_1_147' title='bbox 3000 827 3117 881; x_wconf 84' lang='lat' dir='ltr'><strong>Non</strong></span> <span class='ocrx_word' id='word_1_148' title='bbox 3148 837 3321 884; x_wconf 83' lang='lat' dir='ltr'><strong>tamen</strong></span> <span class='ocrx_word' id='word_1_149' title='bbox 3347 833 3647 901; x_wconf 87' lang='lat' dir='ltr'><strong>aequaliter</strong></span> <span class='ocrx_word' id='word_1_150' title='bbox 3671 834 3792 902; x_wconf 87' lang='lat' dir='ltr'><strong>ejus</strong></span> 
     </span>
    </p>
   </div>
   <div class='ocr_carea' id='block_1_24' title="bbox 2200 917 3789 988">
    <p class='ocr_par' dir='ltr' id='par_1_24' title="bbox 2200 917 3789 988">
     <span class='ocr_line' id='line_1_24' title="bbox 2200 917 3789 988; baseline 0.005 -15"><span class='ocrx_word' id='word_1_151' title='bbox 2200 932 2427 988; x_wconf 80' lang='lat' dir='ltr'><strong>capaces</strong></span> <span class='ocrx_word' id='word_1_152' title='bbox 2465 917 2619 981; x_wconf 83' lang='lat' dir='ltr'><strong>iiunt,</strong></span> <span class='ocrx_word' id='word_1_153' title='bbox 2651 932 2826 985; x_wconf 91' lang='lat' dir='ltr'><strong>neque</strong></span> <span class='ocrx_word' id='word_1_154' title='bbox 2856 918 2958 971; x_wconf 86' lang='lat' dir='ltr'><strong>hoc</strong></span> <span class='ocrx_word' id='word_1_155' title='bbox 2991 921 3101 988; x_wconf 80' lang='lat' dir='ltr'><strong>agit</strong></span> <span class='ocrx_word' id='word_1_156' title='bbox 3152 921 3288 973; x_wconf 80' lang='lat' dir='ltr'><strong>radii</strong></span> <span class='ocrx_word' id='word_1_157' title='bbox 3332 922 3636 987; x_wconf 81' lang='lat' dir='ltr'><strong>inﬁrmitas,</strong></span> <span class='ocrx_word' id='word_1_158' title='bbox 3688 926 3789 981; x_wconf 85' lang='lat' dir='ltr'><strong>sed</strong></span> 
     </span>
    </p>
   </div>
   <div class='ocr_carea' id='block_1_25' title="bbox 2201 1006 3788 1080">
    <p class='ocr_par' dir='ltr' id='par_1_25' title="bbox 2201 1006 3788 1080">
     <span class='ocr_line' id='line_1_25' title="bbox 2201 1006 3788 1080; baseline 0.004 -19"><span class='ocrx_word' id='word_1_159' title='bbox 2201 1008 2506 1075; x_wconf 86' lang='lat' dir='ltr'><strong>animarum</strong></span> <span class='ocrx_word' id='word_1_160' title='bbox 2530 1007 2820 1076; x_wconf 85' lang='lat' dir='ltr'><strong>capacitas.</strong></span> <span class='ocrx_word' id='word_1_161' title='bbox 2857 1006 2968 1062; x_wconf 86' lang='lat' dir='ltr'><strong>Cur</strong></span> <span class='ocrx_word' id='word_1_162' title='bbox 2997 1016 3178 1062; x_wconf 88' lang='lat' dir='ltr'><strong>autem</strong></span> <span class='ocrx_word' id='word_1_163' title='bbox 3207 1024 3309 1064; x_wconf 91' lang='lat' dir='ltr'><strong>non</strong></span> <span class='ocrx_word' id='word_1_164' title='bbox 3337 1012 3636 1080; x_wconf 84' lang='lat' dir='ltr'><strong>aequaliter</strong></span> <span class='ocrx_word' id='word_1_165' title='bbox 3663 1028 3788 1068; x_wconf 83' lang='lat' dir='ltr'><strong>om-</strong></span> 
     </span>
    </p>
   </div>
   <div class='ocr_carea' id='block_1_26' title="bbox 2202 1097 3785 1171">
    <p class='ocr_par' dir='ltr' id='par_1_26' title="bbox 2202 1097 3785 1171">
     <span class='ocr_line' id='line_1_26' title="bbox 2202 1097 3785 1171; baseline 0.004 -20"><span class='ocrx_word' id='word_1_166' title='bbox 2202 1104 2299 1154; x_wconf 86' lang='lat' dir='ltr'><strong>nes</strong></span> <span class='ocrx_word' id='word_1_167' title='bbox 2327 1109 2384 1152; x_wconf 91' lang='lat' dir='ltr'><strong>et</strong></span> <span class='ocrx_word' id='word_1_168' title='bbox 2422 1097 2646 1168; x_wconf 78' lang='lat' dir='ltr'><strong>angelici</strong></span> <span class='ocrx_word' id='word_1_169' title='bbox 2687 1106 2741 1151; x_wconf 90' lang='lat' dir='ltr'><strong>et</strong></span> <span class='ocrx_word' id='word_1_170' title='bbox 2778 1098 2999 1152; x_wconf 88' lang='lat' dir='ltr'><strong>humani</strong></span> <span class='ocrx_word' id='word_1_171' title='bbox 3029 1100 3192 1153; x_wconf 87' lang='lat' dir='ltr'><strong>animi</strong></span> <span class='ocrx_word' id='word_1_172' title='bbox 3220 1116 3445 1170; x_wconf 84' lang='lat' dir='ltr'><strong>capaces</strong></span> <span class='ocrx_word' id='word_1_173' title='bbox 3469 1112 3595 1158; x_wconf 89' lang='lat' dir='ltr'><strong>sunt</strong></span> <span class='ocrx_word' id='word_1_174' title='bbox 3620 1106 3785 1171; x_wconf 74' lang='lat' dir='ltr'><strong>divini</strong></span> 
     </span>
    </p>
   </div>
   <div class='ocr_carea' id='block_1_27' title="bbox 2204 1186 3785 1259">
    <p class='ocr_par' dir='ltr' id='par_1_27' title="bbox 2204 1186 3785 1259">
     <span class='ocr_line' id='line_1_27' title="bbox 2204 1186 3785 1259; baseline 0.003 -19"><span class='ocrx_word' id='word_1_175' title='bbox 2204 1187 2360 1251; x_wconf 89' lang='lat' dir='ltr'><strong>radii,</strong></span> <span class='ocrx_word' id='word_1_176' title='bbox 2394 1187 2506 1256; x_wconf 91' lang='lat' dir='ltr'><strong>ipse</strong></span> <span class='ocrx_word' id='word_1_177' title='bbox 2528 1187 2718 1241; x_wconf 88' lang='lat' dir='ltr'><strong>beatus</strong></span> <span class='ocrx_word' id='word_1_178' title='bbox 2752 1186 3035 1257; x_wconf 82' lang='lat' dir='ltr'><strong>Dionysius</strong></span> <span class='ocrx_word' id='word_1_179' title='bbox 3062 1188 3189 1241; x_wconf 90' lang='lat' dir='ltr'><strong>alibi</strong></span> <span class='ocrx_word' id='word_1_180' title='bbox 3222 1190 3493 1259; x_wconf 83' lang='lat' dir='ltr'><strong>exposuit.</strong></span> <span class='ocrx_word' id='word_1_181' title='bbox 3543 1190 3599 1244; x_wconf 92' lang='lat' dir='ltr'><strong>Si</strong></span> <span class='ocrx_word' id='word_1_182' title='bbox 3643 1193 3785 1246; x_wconf 91' lang='lat' dir='ltr'><strong>enim</strong></span> 
     </span>
    </p>
   </div>
   <div class='ocr_carea' id='block_1_28' title="bbox 2205 1276 3791 1345">
    <p class='ocr_par' dir='ltr' id='par_1_28' title="bbox 2205 1276 3791 1345">
     <span class='ocr_line' id='line_1_28' title="bbox 2205 1276 3791 1345; baseline 0.002 -14"><span class='ocrx_word' id='word_1_183' title='bbox 2205 1277 2347 1332; x_wconf 87' lang='lat' dir='ltr'><strong>Deus</strong></span> <span class='ocrx_word' id='word_1_184' title='bbox 2373 1276 2689 1345; x_wconf 81' lang='lat' dir='ltr'><strong>aequaliter,</strong></span> <span class='ocrx_word' id='word_1_185' title='bbox 2715 1278 2918 1345; x_wconf 83' lang='lat' dir='ltr'><strong>absque</strong></span> <span class='ocrx_word' id='word_1_186' title='bbox 2949 1278 3052 1332; x_wconf 91' lang='lat' dir='ltr'><strong>ulla</strong></span> <span class='ocrx_word' id='word_1_187' title='bbox 3079 1280 3331 1333; x_wconf 85' lang='lat' dir='ltr'><strong>ordinum</strong></span> <span class='ocrx_word' id='word_1_188' title='bbox 3370 1281 3707 1335; x_wconf 88' lang='lat' dir='ltr'><strong>diversorqu</strong></span> <span class='ocrx_word' id='word_1_189' title='bbox 3747 1284 3791 1313; x_wconf 73' lang='grc' dir='ltr'>η</span> 
     </span>
    </p>
   </div>
   <div class='ocr_carea' id='block_1_29' title="bbox 2203 1366 3794 1437">
    <p class='ocr_par' dir='ltr' id='par_1_29' title="bbox 2203 1366 3794 1437">
     <span class='ocr_line' id='line_1_29' title="bbox 2203 1366 3794 1437; baseline 0.004 -16"><span class='ocrx_word' id='word_1_190' title='bbox 2203 1366 2505 1422; x_wconf 69' lang='lat' dir='ltr'><strong>dimerentia</strong></span> <span class='ocrx_word' id='word_1_191' title='bbox 2531 1375 2587 1420; x_wconf 89' lang='lat' dir='ltr'><strong>et</strong></span> <span class='ocrx_word' id='word_1_192' title='bbox 2607 1369 2936 1437; x_wconf 85' lang='lat' dir='ltr'><strong>proprietate</strong></span> <span class='ocrx_word' id='word_1_193' title='bbox 2956 1377 3011 1422; x_wconf 89' lang='lat' dir='ltr'><strong>et</strong></span> <span class='ocrx_word' id='word_1_194' title='bbox 3034 1372 3349 1426; x_wconf 85' lang='lat' dir='ltr'><strong>ascensione</strong></span> <span class='ocrx_word' id='word_1_195' title='bbox 3363 1381 3419 1425; x_wconf 93' lang='lat' dir='ltr'><strong>et</strong></span> <span class='ocrx_word' id='word_1_196' title='bbox 3440 1373 3794 1429; x_wconf 83' lang='lat' dir='ltr'><strong>descensione</strong></span> 
     </span>
    </p>
   </div>
   <div class='ocr_carea' id='block_1_30' title="bbox 2203 1458 3789 1529">
    <p class='ocr_par' dir='ltr' id='par_1_30' title="bbox 2203 1458 3789 1529">
     <span class='ocr_line' id='line_1_30' title="bbox 2203 1458 3789 1529; baseline 0.004 -18"><span class='ocrx_word' id='word_1_197' title='bbox 2203 1460 2475 1513; x_wconf 86' lang='lat' dir='ltr'><strong>variorum</strong></span> <span class='ocrx_word' id='word_1_198' title='bbox 2506 1458 2768 1527; x_wconf 86' lang='lat' dir='ltr'><strong>graduum</strong></span> <span class='ocrx_word' id='word_1_199' title='bbox 2811 1459 3216 1529; x_wconf 82' lang='lat' dir='ltr'><strong>universitatem</strong></span> <span class='ocrx_word' id='word_1_200' title='bbox 3247 1463 3516 1516; x_wconf 85' lang='lat' dir='ltr'><strong>conditam</strong></span> <span class='ocrx_word' id='word_1_201' title='bbox 3567 1462 3789 1527; x_wconf 79' lang='lat' dir='ltr'><strong>faceret,</strong></span> 
     </span>
    </p>
   </div>
   <div class='ocr_carea' id='block_1_31' title="bbox 2204 1550 3792 1623">
    <p class='ocr_par' dir='ltr' id='par_1_31' title="bbox 2204 1550 3792 1623">
     <span class='ocr_line' id='line_1_31' title="bbox 2204 1550 3792 1623; baseline 0.003 -18"><span class='ocrx_word' id='word_1_202' title='bbox 2204 1560 2260 1606; x_wconf 92' lang='lat' dir='ltr'><strong>et</strong></span> <span class='ocrx_word' id='word_1_203' title='bbox 2311 1550 2489 1605; x_wconf 90' lang='lat' dir='ltr'><strong>nullus</strong></span> <span class='ocrx_word' id='word_1_204' title='bbox 2548 1550 2796 1606; x_wconf 81' lang='lat' dir='ltr'><strong>fortassis</strong></span> <span class='ocrx_word' id='word_1_205' title='bbox 2854 1552 2988 1607; x_wconf 90' lang='lat' dir='ltr'><strong>ordo</strong></span> <span class='ocrx_word' id='word_1_206' title='bbox 3038 1553 3090 1606; x_wconf 90' lang='lat' dir='ltr'><strong>in</strong></span> <span class='ocrx_word' id='word_1_207' title='bbox 3150 1553 3421 1623; x_wconf 87' lang='lat' dir='ltr'><strong>republica</strong></span> <span class='ocrx_word' id='word_1_208' title='bbox 3473 1562 3792 1609; x_wconf 86' lang='lat' dir='ltr'><strong>naturarum</strong></span> 
     </span>
    </p>
   </div>
   <div class='ocr_carea' id='block_1_32' title="bbox 2206 1640 3793 1707">
    <p class='ocr_par' dir='ltr' id='par_1_32' title="bbox 2206 1640 3793 1707">
     <span class='ocr_line' id='line_1_32' title="bbox 2206 1640 3793 1707; baseline 0.004 -13"><span class='ocrx_word' id='word_1_209' title='bbox 2206 1640 2379 1695; x_wconf 86' lang='lat' dir='ltr'><strong>lieret.</strong></span> <span class='ocrx_word' id='word_1_210' title='bbox 2433 1641 2490 1694; x_wconf 91' lang='lat' dir='ltr'><strong>Si</strong></span> <span class='ocrx_word' id='word_1_211' title='bbox 2527 1640 2703 1695; x_wconf 90' lang='lat' dir='ltr'><strong>nullus</strong></span> <span class='ocrx_word' id='word_1_212' title='bbox 2730 1642 2866 1696; x_wconf 88' lang='lat' dir='ltr'><strong>ordo</strong></span> <span class='ocrx_word' id='word_1_213' title='bbox 2893 1641 3039 1696; x_wconf 74' lang='lat' dir='ltr'><strong>fieret</strong></span> <span class='ocrx_word' id='word_1_214' title='bbox 3069 1683 3083 1707; x_wconf 90' lang='lat'><strong>,</strong></span> <span class='ocrx_word' id='word_1_215' title='bbox 3116 1644 3258 1696; x_wconf 87' lang='lat' dir='ltr'><strong>nulla</strong></span> <span class='ocrx_word' id='word_1_216' title='bbox 3290 1644 3586 1697; x_wconf 84' lang='lat' dir='ltr'><strong>harmonia.</strong></span> <span class='ocrx_word' id='word_1_217' title='bbox 3636 1645 3707 1697; x_wconf 84' lang='lat' dir='ltr'><strong>At</strong></span> <span class='ocrx_word' id='word_1_218' title='bbox 3741 1645 3793 1701; x_wconf 79' lang='lat' dir='ltr'><strong>si</strong></span> 
     </span>
    </p>
   </div>
   <div class='ocr_carea' id='block_1_33' title="bbox 512 1726 3789 1811">
    <p class='ocr_par' dir='ltr' id='par_1_33' title="bbox 512 1726 3789 1811">
     <span class='ocr_line' id='line_1_33' title="bbox 512 1726 3789 1811; baseline 0.002 -30"><span class='ocrx_word' id='word_1_219' title='bbox 512 1740 610 1783; x_wconf 88' lang='lat' dir='ltr'><strong>nes</strong></span> <span class='ocrx_word' id='word_1_220' title='bbox 634 1726 955 1793; x_wconf 86' lang='lat' dir='ltr'><strong>ierarchicc,</strong></span> <span class='ocrx_word' id='word_1_221' title='bbox 997 1728 1049 1782; x_wconf 89' lang='lat' dir='ltr'><strong>id</strong></span> <span class='ocrx_word' id='word_1_222' title='bbox 1074 1737 1159 1783; x_wconf 92' lang='lat' dir='ltr'><strong>est</strong></span> <span class='ocrx_word' id='word_1_223' title='bbox 1194 1728 1491 1798; x_wconf 82' lang='lat' dir='ltr'><strong>pontiﬁcali</strong></span> <span class='ocrx_word' id='word_1_224' title='bbox 1522 1731 1737 1797; x_wconf 89' lang='lat' dir='ltr'><strong>ordine,</strong></span> <span class='ocrx_word' id='word_1_225' title='bbox 1780 1749 1877 1804; x_wconf 84' lang='lat' dir='ltr'><strong>per</strong></span> <span class='ocrx_word' id='word_1_226' title='bbox 1902 1735 2111 1804; x_wconf 83' lang='lat' dir='ltr'><strong>primas</strong></span> <span class='ocrx_word' id='word_1_227' title='bbox 2135 1752 2181 1811; x_wconf 72' lang='grc' dir='ltr'><strong>Β</strong></span> <span class='ocrx_word' id='word_1_228' title='bbox 2209 1729 2352 1785; x_wconf 87' lang='lat' dir='ltr'><strong>nulla</strong></span> <span class='ocrx_word' id='word_1_229' title='bbox 2401 1730 2718 1794; x_wconf 87' lang='lat' dir='ltr'><strong>harmonia,</strong></span> <span class='ocrx_word' id='word_1_230' title='bbox 2769 1731 2912 1785; x_wconf 88' lang='lat' dir='ltr'><strong>nulla</strong></span> <span class='ocrx_word' id='word_1_231' title='bbox 2963 1742 3282 1801; x_wconf 84' lang='lat' dir='ltr'><strong>sequeretur</strong></span> <span class='ocrx_word' id='word_1_232' title='bbox 3333 1734 3676 1801; x_wconf 82' lang='lat' dir='ltr'><strong>pulchritudo</strong></span> <span class='ocrx_word' id='word_1_233' title='bbox 3723 1734 3789 1787; x_wconf 77' lang='grc'><strong>⁸³.</strong></span> 
     </span>
    </p>
   </div>
   <div class='ocr_carea' id='block_1_34' title="bbox 511 1816 2100 1892">
    <p class='ocr_par' dir='ltr' id='par_1_34' title="bbox 511 1816 2100 1892">
     <span class='ocr_line' id='line_1_34' title="bbox 511 1816 2100 1892; baseline 0.006 -21"><span class='ocrx_word' id='word_1_234' title='bbox 511 1817 763 1881; x_wconf 77' lang='lat' dir='ltr'><strong>virtutes,</strong></span> <span class='ocrx_word' id='word_1_235' title='bbox 809 1816 1155 1888; x_wconf 89' lang='lat' dir='ltr'><strong>Principatus</strong></span> <span class='ocrx_word' id='word_1_236' title='bbox 1185 1818 1456 1886; x_wconf 84' lang='lat' dir='ltr'><strong>videlicet,</strong></span> <span class='ocrx_word' id='word_1_237' title='bbox 1509 1823 1599 1890; x_wconf 88' lang='lat' dir='ltr'><strong>qui</strong></span> <span class='ocrx_word' id='word_1_238' title='bbox 1645 1837 1704 1877; x_wconf 88' lang='lat' dir='ltr'><strong>se</strong></span> <span class='ocrx_word' id='word_1_239' title='bbox 1750 1827 2100 1892; x_wconf 67' lang='lat' dir='ltr'><strong>praecellunt,</strong></span> 
     </span>
    </p>
   </div>
   <div class='ocr_carea' id='block_1_35' title="bbox 514 1908 2106 1986">
    <p class='ocr_par' dir='ltr' id='par_1_35' title="bbox 514 1908 2106 1986">
     <span class='ocr_line' id='line_1_35' title="bbox 514 1908 2106 1986; baseline 0.006 -24"><span class='ocrx_word' id='word_1_240' title='bbox 514 1908 759 1978; x_wconf 86' lang='lat' dir='ltr'><strong>suscipit,</strong></span> <span class='ocrx_word' id='word_1_241' title='bbox 790 1918 845 1963; x_wconf 90' lang='lat' dir='ltr'><strong>et</strong></span> <span class='ocrx_word' id='word_1_242' title='bbox 873 1924 966 1965; x_wconf 84' lang='lat' dir='ltr'><strong>eas</strong></span> <span class='ocrx_word' id='word_1_243' title='bbox 997 1910 1418 1967; x_wconf 88' lang='lat' dir='ltr'><strong>illuminationes</strong></span> <span class='ocrx_word' id='word_1_244' title='bbox 1447 1912 1604 1968; x_wconf 87' lang='lat' dir='ltr'><strong>nobis</strong></span> <span class='ocrx_word' id='word_1_245' title='bbox 1624 1930 1721 1985; x_wconf 89' lang='lat' dir='ltr'><strong>per</strong></span> <span class='ocrx_word' id='word_1_246' title='bbox 1734 1915 1970 1986; x_wconf 80' lang='lat' dir='ltr'><strong>Angelos</strong></span> <span class='ocrx_word' id='word_1_247' title='bbox 1995 1935 2106 1972; x_wconf 79' lang='lat' dir='ltr'><strong>ina-</strong></span> 
     </span>
    </p>
   </div>
   <div class='ocr_carea' id='block_1_36' title="bbox 513 1999 2106 2079">
    <p class='ocr_par' dir='ltr' id='par_1_36' title="bbox 513 1999 2106 2079">
     <span class='ocr_line' id='line_1_36' title="bbox 513 1999 2106 2079; baseline 0.008 -26"><span class='ocrx_word' id='word_1_248' title='bbox 513 1999 1071 2057; x_wconf 74' lang='lat' dir='ltr'><strong>uil‘estatseeundum</strong></span> <span class='ocrx_word' id='word_1_249' title='bbox 1117 2012 1363 2057; x_wconf 89' lang='lat' dir='ltr'><strong>sanctam</strong></span> <span class='ocrx_word' id='word_1_250' title='bbox 1414 2005 1718 2076; x_wconf 78' lang='lat' dir='ltr'><strong>analogiam</strong></span> <span class='ocrx_word' id='word_1_251' title='bbox 1765 2009 2106 2079; x_wconf 81' lang='lat' dir='ltr'><strong>uniuscujus-</strong></span> 
     </span>
    </p>
   </div>
   <div class='ocr_carea' id='block_1_37' title="bbox 516 2091 2108 2171">
    <p class='ocr_par' dir='ltr' id='par_1_37' title="bbox 516 2091 2108 2171">
     <span class='ocr_line' id='line_1_37' title="bbox 516 2091 2108 2171; baseline 0.009 -28"><span class='ocrx_word' id='word_1_252' title='bbox 516 2106 622 2161; x_wconf 92' lang='lat' dir='ltr'><strong>que</strong></span> <span class='ocrx_word' id='word_1_253' title='bbox 654 2106 721 2145; x_wconf 87' lang='lat' dir='ltr'><strong>ex</strong></span> <span class='ocrx_word' id='word_1_254' title='bbox 754 2091 863 2146; x_wconf 88' lang='lat' dir='ltr'><strong>Deo</strong></span> <span class='ocrx_word' id='word_1_255' title='bbox 904 2092 1325 2149; x_wconf 85' lang='lat' dir='ltr'><strong>illutninatorum</strong></span> <span class='ocrx_word' id='word_1_256' title='bbox 1353 2094 1655 2152; x_wconf 88' lang='lat' dir='ltr'><strong>hominum.</strong></span> <span class='ocrx_word' id='word_1_257' title='bbox 1687 2098 1906 2155; x_wconf 87' lang='lat' dir='ltr'><strong>Duobus</strong></span> <span class='ocrx_word' id='word_1_258' title='bbox 1928 2102 2108 2171; x_wconf 79' lang='lat' dir='ltr'><strong>itaque</strong></span> 
     </span>
    </p>
   </div>
   <div class='ocr_carea' id='block_1_38' title="bbox 518 2180 2107 2260">
    <p class='ocr_par' dir='ltr' id='par_1_38' title="bbox 518 2180 2107 2260">
     <span class='ocr_line' id='line_1_38' title="bbox 518 2180 2107 2260; baseline 0.008 -25"><span class='ocrx_word' id='word_1_259' title='bbox 518 2182 695 2236; x_wconf 89' lang='lat' dir='ltr'><strong>modis</strong></span> <span class='ocrx_word' id='word_1_260' title='bbox 754 2180 1081 2253; x_wconf 86' lang='lat' dir='ltr'><strong>Archangeli</strong></span> <span class='ocrx_word' id='word_1_261' title='bbox 1142 2184 1315 2254; x_wconf 82' lang='lat' dir='ltr'><strong>angeli</strong></span> <span class='ocrx_word' id='word_1_262' title='bbox 1362 2189 1875 2244; x_wconf 84' lang='lat' dir='ltr'><strong>communicativam</strong></span> <span class='ocrx_word' id='word_1_263' title='bbox 1933 2195 2107 2260; x_wconf 83' lang='lat' dir='ltr'><strong>possi-</strong></span> 
     </span>
    </p>
   </div>
   <div class='ocr_carea' id='block_1_39' title="bbox 516 2272 2109 2349">
    <p class='ocr_par' dir='ltr' id='par_1_39' title="bbox 516 2272 2109 2349">
     <span class='ocr_line' id='line_1_39' title="bbox 516 2272 2109 2349; baseline 0.008 -24"><span class='ocrx_word' id='word_1_264' title='bbox 516 2272 648 2327; x_wconf 69' lang='lat' dir='ltr'><strong>de:tt</strong></span> <span class='ocrx_word' id='word_1_265' title='bbox 718 2272 1056 2328; x_wconf 85' lang='lat' dir='ltr'><strong>societatem.</strong></span> <span class='ocrx_word' id='word_1_266' title='bbox 1133 2274 1320 2330; x_wconf 87' lang='lat' dir='ltr'><strong>Primo</strong></span> <span class='ocrx_word' id='word_1_267' title='bbox 1379 2277 1635 2345; x_wconf 76' lang='lat' dir='ltr'><strong>quidem,</strong></span> <span class='ocrx_word' id='word_1_268' title='bbox 1698 2281 1822 2349; x_wconf 85' lang='lat' dir='ltr'><strong>quia</strong></span> <span class='ocrx_word' id='word_1_269' title='bbox 1893 2282 2109 2339; x_wconf 82' lang='lat' dir='ltr'><strong>divinae</strong></span> 
     </span>
    </p>
   </div>
   <div class='ocr_carea' id='block_1_40' title="bbox 515 2362 2110 2439">
    <p class='ocr_par' dir='ltr' id='par_1_40' title="bbox 515 2362 2110 2439">
     <span class='ocr_line' id='line_1_40' title="bbox 515 2362 2110 2439; baseline 0.006 -22"><span class='ocrx_word' id='word_1_270' title='bbox 515 2362 817 2431; x_wconf 82' lang='lat' dir='ltr'><strong>sapientiae</strong></span> <span class='ocrx_word' id='word_1_271' title='bbox 886 2363 1344 2431; x_wconf 77' lang='lat' dir='ltr'><strong>illuminationes,</strong></span> <span class='ocrx_word' id='word_1_272' title='bbox 1423 2381 1563 2434; x_wconf 86' lang='lat' dir='ltr'><strong>quas</strong></span> <span class='ocrx_word' id='word_1_273' title='bbox 1623 2382 1721 2437; x_wconf 90' lang='lat' dir='ltr'><strong>per</strong></span> <span class='ocrx_word' id='word_1_274' title='bbox 1783 2369 1992 2439; x_wconf 89' lang='lat' dir='ltr'><strong>priores</strong></span> <span class='ocrx_word' id='word_1_275' title='bbox 2049 2388 2110 2428; x_wconf 89' lang='lat' dir='ltr'><strong>se</strong></span> 
     </span>
    </p>
   </div>
   <div class='ocr_carea' id='block_1_41' title="bbox 518 2451 2108 2527">
    <p class='ocr_par' dir='ltr' id='par_1_41' title="bbox 518 2451 2108 2527">
     <span class='ocr_line' id='line_1_41' title="bbox 518 2451 2108 2527; baseline 0.008 -24"><span class='ocrx_word' id='word_1_276' title='bbox 518 2451 747 2506; x_wconf 89' lang='lat' dir='ltr'><strong>virtutes</strong></span> <span class='ocrx_word' id='word_1_277' title='bbox 790 2451 1109 2520; x_wconf 80' lang='lat' dir='ltr'><strong>suscipiunt,</strong></span> <span class='ocrx_word' id='word_1_278' title='bbox 1144 2452 1363 2522; x_wconf 79' lang='lat' dir='ltr'><strong>Angelis</strong></span> <span class='ocrx_word' id='word_1_279' title='bbox 1417 2456 1767 2511; x_wconf 85' lang='lat' dir='ltr'><strong>annuntiant.</strong></span> <span class='ocrx_word' id='word_1_280' title='bbox 1818 2456 2108 2527; x_wconf 83' lang='lat' dir='ltr'><strong>Secundo,</strong></span> 
     </span>
    </p>
   </div>
   <div class='ocr_carea' id='block_1_42' title="bbox 518 2543 2110 2613">
    <p class='ocr_par' dir='ltr' id='par_1_42' title="bbox 518 2543 2110 2613">
     <span class='ocr_line' id='line_1_42' title="bbox 518 2543 2110 2613; baseline 0.006 -17"><span class='ocrx_word' id='word_1_281' title='bbox 518 2544 647 2613; x_wconf 89' lang='lat' dir='ltr'><strong>quia</strong></span> <span class='ocrx_word' id='word_1_282' title='bbox 708 2559 806 2613; x_wconf 90' lang='lat' dir='ltr'><strong>per</strong></span> <span class='ocrx_word' id='word_1_283' title='bbox 853 2543 1088 2613; x_wconf 76' lang='lat' dir='ltr'><strong>Angelos</strong></span> <span class='ocrx_word' id='word_1_284' title='bbox 1139 2546 1364 2601; x_wconf 88' lang='lat' dir='ltr'><strong>traditas</strong></span> <span class='ocrx_word' id='word_1_285' title='bbox 1420 2546 1522 2601; x_wconf 89' lang='lat' dir='ltr'><strong>sibi</strong></span> <span class='ocrx_word' id='word_1_286' title='bbox 1550 2547 1968 2606; x_wconf 85' lang='lat' dir='ltr'><strong>illuminatioues</strong></span> <span class='ocrx_word' id='word_1_287' title='bbox 2013 2568 2110 2606; x_wconf 77' lang='lat' dir='ltr'><strong>no-</strong></span> 
     </span>
    </p>
   </div>
   <div class='ocr_carea' id='block_1_43' title="bbox 503 2632 2107 2711">
    <p class='ocr_par' dir='ltr' id='par_1_43' title="bbox 503 2632 2107 2711">
     <span class='ocr_line' id='line_1_43' title="bbox 503 2632 2107 2711; baseline 0.006 -25"><span class='ocrx_word' id='word_1_288' title='bbox 503 2632 602 2686; x_wconf 87' lang='lat' dir='ltr'><strong>bis</strong></span> <span class='ocrx_word' id='word_1_289' title='bbox 654 2632 1024 2688; x_wconf 80' lang='lat' dir='ltr'><strong>ntanil‘estant.</strong></span> <span class='ocrx_word' id='word_1_290' title='bbox 1077 2632 1179 2688; x_wconf 89' lang='lat' dir='ltr'><strong>Ubi</strong></span> <span class='ocrx_word' id='word_1_291' title='bbox 1216 2634 1374 2692; x_wconf 87' lang='lat' dir='ltr'><strong>datur</strong></span> <span class='ocrx_word' id='word_1_292' title='bbox 1427 2636 1675 2708; x_wconf 86' lang='lat' dir='ltr'><strong>intelligi,</strong></span> <span class='ocrx_word' id='word_1_293' title='bbox 1703 2640 1868 2708; x_wconf 89' lang='lat' dir='ltr'><strong>quod,</strong></span> <span class='ocrx_word' id='word_1_294' title='bbox 1917 2656 2107 2711; x_wconf 83' lang='lat' dir='ltr'><strong>quem-</strong></span> 
     </span>
    </p>
   </div>
   <div class='ocr_carea' id='block_1_44' title="bbox 520 2722 2107 2799">
    <p class='ocr_par' dir='ltr' id='par_1_44' title="bbox 520 2722 2107 2799">
     <span class='ocr_line' id='line_1_44' title="bbox 520 2722 2107 2799; baseline 0.007 -24"><span class='ocrx_word' id='word_1_295' title='bbox 520 2722 810 2776; x_wconf 84' lang='lat' dir='ltr'><strong>admodum</strong></span> <span class='ocrx_word' id='word_1_296' title='bbox 859 2724 881 2753; x_wconf 68' lang='grc'>⁸</span> <span class='ocrx_word' id='word_1_297' title='bbox 925 2723 1251 2794; x_wconf 87' lang='lat' dir='ltr'><strong>Archangeli</strong></span> <span class='ocrx_word' id='word_1_298' title='bbox 1307 2726 1635 2782; x_wconf 63' lang='lat' dir='ltr'><strong>u‘tediatores</strong></span> <span class='ocrx_word' id='word_1_299' title='bbox 1700 2728 2107 2799; x_wconf 85' lang='lat' dir='ltr'><strong>Principatuum</strong></span> 
     </span>
    </p>
   </div>
   <div class='ocr_carea' id='block_1_45' title="bbox 514 2813 2133 2894">
    <p class='ocr_par' dir='ltr' id='par_1_45' title="bbox 514 2813 2133 2894">
     <span class='ocr_line' id='line_1_45' title="bbox 514 2813 2133 2894; baseline 0.007 -28"><span class='ocrx_word' id='word_1_300' title='bbox 514 2821 569 2866; x_wconf 86' lang='lat' dir='ltr'><strong>et</strong></span> <span class='ocrx_word' id='word_1_301' title='bbox 620 2813 984 2885; x_wconf 82' lang='lat' dir='ltr'><strong>Angelerum,</strong></span> <span class='ocrx_word' id='word_1_302' title='bbox 1039 2816 1113 2871; x_wconf 89' lang='lat' dir='ltr'><strong>ita</strong></span> <span class='ocrx_word' id='word_1_303' title='bbox 1164 2817 1357 2886; x_wconf 87' lang='lat' dir='ltr'><strong>Angeli</strong></span> <span class='ocrx_word' id='word_1_304' title='bbox 1421 2820 1748 2878; x_wconf 86' lang='lat' dir='ltr'><strong>mediatores</strong></span> <span class='ocrx_word' id='word_1_305' title='bbox 1800 2821 2133 2894; x_wconf 81' lang='lat' dir='ltr'><strong>Archange-&#39;</strong></span> 
     </span>
    </p>
   </div>
   <div class='ocr_carea' id='block_1_46' title="bbox 517 2903 2108 2984">
    <p class='ocr_par' dir='ltr' id='par_1_46' title="bbox 517 2903 2108 2984">
     <span class='ocr_line' id='line_1_46' title="bbox 517 2903 2108 2984; baseline 0.009 -28"><span class='ocrx_word' id='word_1_306' title='bbox 517 2903 689 2961; x_wconf 77' lang='lat' dir='ltr'><strong>lorum</strong></span> <span class='ocrx_word' id='word_1_307' title='bbox 742 2911 796 2959; x_wconf 89' lang='lat' dir='ltr'><strong>et</strong></span> <span class='ocrx_word' id='word_1_308' title='bbox 848 2906 1148 2961; x_wconf 88' lang='lat' dir='ltr'><strong>hominum.</strong></span> <span class='ocrx_word' id='word_1_309' title='bbox 1204 2906 1322 2974; x_wconf 85' lang='lat' dir='ltr'><strong>Quo</strong></span> <span class='ocrx_word' id='word_1_310' title='bbox 1374 2909 1428 2967; x_wconf 85' lang='lat' dir='ltr'><strong>in</strong></span> <span class='ocrx_word' id='word_1_311' title='bbox 1476 2910 1596 2967; x_wconf 90' lang='lat' dir='ltr'><strong>loco</strong></span> <span class='ocrx_word' id='word_1_312' title='bbox 1643 2927 1751 2968; x_wconf 89' lang='lat' dir='ltr'><strong>non</strong></span> <span class='ocrx_word' id='word_1_313' title='bbox 1805 2918 2108 2984; x_wconf 86' lang='lat' dir='ltr'><strong>spernenda</strong></span> 
     </span>
    </p>
   </div>
   <div class='ocr_carea' id='block_1_47' title="bbox 523 2997 2111 3066">
    <p class='ocr_par' dir='ltr' id='par_1_47' title="bbox 523 2997 2111 3066">
     <span class='ocr_line' id='line_1_47' title="bbox 523 2997 2111 3066; baseline 0.008 -16"><span class='ocrx_word' id='word_1_314' title='bbox 523 2997 699 3051; x_wconf 89' lang='lat' dir='ltr'><strong>oritur</strong></span> <span class='ocrx_word' id='word_1_315' title='bbox 726 2999 975 3066; x_wconf 86' lang='lat' dir='ltr'><strong>quaestio</strong></span> <span class='ocrx_word' id='word_1_316' title='bbox 1006 3016 1019 3052; x_wconf 90' lang='lat'><strong>:</strong></span> <span class='ocrx_word' id='word_1_317' title='bbox 1051 2999 1071 3030; x_wconf 83' lang='grc'><strong><em>⁸</em></strong></span> <span class='ocrx_word' id='word_1_318' title='bbox 1099 2998 1157 3054; x_wconf 88' lang='lat' dir='ltr'><strong>Si</strong></span> <span class='ocrx_word' id='word_1_319' title='bbox 1185 3001 1239 3054; x_wconf 93' lang='lat' dir='ltr'><strong>hi</strong></span> <span class='ocrx_word' id='word_1_320' title='bbox 1272 3010 1385 3056; x_wconf 86' lang='lat' dir='ltr'><strong>tres</strong></span> <span class='ocrx_word' id='word_1_321' title='bbox 1432 3004 1652 3059; x_wconf 87' lang='lat' dir='ltr'><strong>ordines</strong></span> <span class='ocrx_word' id='word_1_322' title='bbox 1702 3007 1897 3062; x_wconf 86' lang='lat' dir='ltr'><strong>tertiae</strong></span> <span class='ocrx_word' id='word_1_323' title='bbox 1940 3010 2111 3063; x_wconf 87' lang='lat' dir='ltr'><strong>ierar—</strong></span> 
     </span>
    </p>
   </div>
   <div class='ocr_carea' id='block_1_48' title="bbox 2211 1821 3794 1889">
    <p class='ocr_par' dir='ltr' id='par_1_48' title="bbox 2211 1821 3794 1889">
     <span class='ocr_line' id='line_1_48' title="bbox 2211 1821 3794 1889; baseline 0.003 -15"><span class='ocrx_word' id='word_1_324' title='bbox 2211 1822 2267 1875; x_wconf 86' lang='lat' dir='ltr'><strong>lu</strong></span> <span class='ocrx_word' id='word_1_325' title='bbox 2295 1821 2517 1877; x_wconf 86' lang='lat' dir='ltr'><strong>omnino</strong></span> <span class='ocrx_word' id='word_1_326' title='bbox 2541 1821 2684 1875; x_wconf 90' lang='lat' dir='ltr'><strong>enim</strong></span> <span class='ocrx_word' id='word_1_327' title='bbox 2729 1821 2997 1876; x_wconf 89' lang='lat' dir='ltr'><strong>similibus</strong></span> <span class='ocrx_word' id='word_1_328' title='bbox 3039 1823 3181 1876; x_wconf 88' lang='lat' dir='ltr'><strong>sicut</strong></span> <span class='ocrx_word' id='word_1_329' title='bbox 3206 1823 3345 1877; x_wconf 88' lang='lat' dir='ltr'><strong>nulla</strong></span> <span class='ocrx_word' id='word_1_330' title='bbox 3378 1824 3658 1878; x_wconf 85' lang='lat' dir='ltr'><strong>harmonia</strong></span> <span class='ocrx_word' id='word_1_331' title='bbox 3688 1833 3794 1889; x_wconf 86' lang='lat' dir='ltr'><strong>est,</strong></span> 
     </span>
    </p>
   </div>
   <div class='ocr_carea' id='block_1_49' title="bbox 2207 1911 3798 1979">
    <p class='ocr_par' dir='ltr' id='par_1_49' title="bbox 2207 1911 3798 1979">
     <span class='ocr_line' id='line_1_49' title="bbox 2207 1911 3798 1979; baseline 0.001 -14"><span class='ocrx_word' id='word_1_332' title='bbox 2207 1911 2280 1966; x_wconf 87' lang='lat' dir='ltr'><strong>ita</strong></span> <span class='ocrx_word' id='word_1_333' title='bbox 2304 1911 2449 1965; x_wconf 90' lang='lat' dir='ltr'><strong>nulla</strong></span> <span class='ocrx_word' id='word_1_334' title='bbox 2482 1911 2852 1979; x_wconf 81' lang='lat' dir='ltr'><strong>pulchritudo.</strong></span> <span class='ocrx_word' id='word_1_335' title='bbox 2884 1911 2981 1967; x_wconf 86' lang='lat' dir='ltr'><strong>Est</strong></span> <span class='ocrx_word' id='word_1_336' title='bbox 3006 1912 3148 1967; x_wconf 89' lang='lat' dir='ltr'><strong>enim</strong></span> <span class='ocrx_word' id='word_1_337' title='bbox 3178 1913 3220 1943; x_wconf 77' lang='lat'>&quot;</span> <span class='ocrx_word' id='word_1_338' title='bbox 3245 1913 3529 1967; x_wconf 87' lang='lat' dir='ltr'><strong>harmonia</strong></span> <span class='ocrx_word' id='word_1_339' title='bbox 3560 1914 3607 1945; x_wconf 82' lang='grc'><strong>¹⁵</strong></span> <span class='ocrx_word' id='word_1_340' title='bbox 3635 1914 3798 1967; x_wconf 83' lang='lat' dir='ltr'><strong>dissi-</strong></span> 
     </span>
    </p>
   </div>
   <div class='ocr_carea' id='block_1_50' title="bbox 2208 2000 3793 2071">
    <p class='ocr_par' dir='ltr' id='par_1_50' title="bbox 2208 2000 3793 2071">
     <span class='ocr_line' id='line_1_50' title="bbox 2208 2000 3793 2071; baseline 0.002 -18"><span class='ocrx_word' id='word_1_341' title='bbox 2208 2000 2415 2055; x_wconf 88' lang='lat' dir='ltr'><strong>milium</strong></span> <span class='ocrx_word' id='word_1_342' title='bbox 2443 2001 2913 2071; x_wconf 86' lang='lat' dir='ltr'><strong>inaequaliumquc</strong></span> <span class='ocrx_word' id='word_1_343' title='bbox 2963 2018 3141 2057; x_wconf 79' lang='lat' dir='ltr'><strong>rerum</strong></span> <span class='ocrx_word' id='word_1_344' title='bbox 3181 2003 3457 2055; x_wconf 88' lang='lat' dir='ltr'><strong>adunatio.</strong></span> <span class='ocrx_word' id='word_1_345' title='bbox 3509 2001 3793 2057; x_wconf 79' lang='lat' dir='ltr'><strong>Universi-</strong></span> 
     </span>
    </p>
   </div>
   <div class='ocr_carea' id='block_1_51' title="bbox 2211 2093 3791 2162">
    <p class='ocr_par' dir='ltr' id='par_1_51' title="bbox 2211 2093 3791 2162">
     <span class='ocr_line' id='line_1_51' title="bbox 2211 2093 3791 2162; baseline 0 -15"><span class='ocrx_word' id='word_1_346' title='bbox 2211 2101 2374 2147; x_wconf 88' lang='lat' dir='ltr'><strong>tatem</strong></span> <span class='ocrx_word' id='word_1_347' title='bbox 2403 2102 2580 2148; x_wconf 89' lang='lat' dir='ltr'><strong>autem</strong></span> <span class='ocrx_word' id='word_1_348' title='bbox 2610 2103 2837 2148; x_wconf 89' lang='lat' dir='ltr'><strong>naturae</strong></span> <span class='ocrx_word' id='word_1_349' title='bbox 2868 2094 3114 2150; x_wconf 87' lang='lat' dir='ltr'><strong>conditae</strong></span> <span class='ocrx_word' id='word_1_350' title='bbox 3141 2093 3541 2162; x_wconf 80' lang='lat' dir='ltr'><strong>pulchritudine</strong></span> <span class='ocrx_word' id='word_1_351' title='bbox 3567 2108 3791 2160; x_wconf 86' lang='lat' dir='ltr'><strong>carere,</strong></span> 
     </span>
    </p>
   </div>
   <div class='ocr_carea' id='block_1_52' title="bbox 2207 2185 3792 2256">
    <p class='ocr_par' dir='ltr' id='par_1_52' title="bbox 2207 2185 3792 2256">
     <span class='ocr_line' id='line_1_52' title="bbox 2207 2185 3792 2256; baseline 0.001 -13"><span class='ocrx_word' id='word_1_352' title='bbox 2207 2187 2453 2243; x_wconf 82' lang='lat' dir='ltr'><strong>Creatori</strong></span> <span class='ocrx_word' id='word_1_353' title='bbox 2487 2187 2727 2241; x_wconf 78' lang='lat' dir='ltr'><strong>nuntium</strong></span> <span class='ocrx_word' id='word_1_354' title='bbox 2772 2185 3101 2256; x_wconf 78' lang='lat' dir='ltr'><strong>iudicaretur</strong></span> <span class='ocrx_word' id='word_1_355' title='bbox 3139 2186 3792 2244; x_wconf 86' lang='lat' dir='ltr'><strong>ineonvenientissimum.</strong></span> 
     </span>
    </p>
   </div>
   <div class='ocr_carea' id='block_1_53' title="bbox 2208 2278 3797 2348">
    <p class='ocr_par' dir='ltr' id='par_1_53' title="bbox 2208 2278 3797 2348">
     <span class='ocr_line' id='line_1_53' title="bbox 2208 2278 3797 2348; baseline 0.001 -15"><span class='ocrx_word' id='word_1_356' title='bbox 2208 2278 2378 2335; x_wconf 80' lang='lat' dir='ltr'><strong>Porro</strong></span> <span class='ocrx_word' id='word_1_357' title='bbox 2409 2279 2452 2334; x_wconf 91' lang='lat' dir='ltr'><strong>si</strong></span> <span class='ocrx_word' id='word_1_358' title='bbox 2495 2293 2653 2333; x_wconf 88' lang='lat' dir='ltr'><strong>nemo</strong></span> <span class='ocrx_word' id='word_1_359' title='bbox 2698 2288 2843 2332; x_wconf 87' lang='lat' dir='ltr'><strong>recte</strong></span> <span class='ocrx_word' id='word_1_360' title='bbox 2889 2278 3381 2348; x_wconf 76' lang='lat' dir='ltr'><strong>philosophantium</strong></span> <span class='ocrx_word' id='word_1_361' title='bbox 3429 2279 3797 2335; x_wconf 86' lang='lat' dir='ltr'><strong>nniversalem</strong></span> 
     </span>
    </p>
   </div>
   <div class='ocr_carea' id='block_1_54' title="bbox 2209 2370 3801 2440">
    <p class='ocr_par' dir='ltr' id='par_1_54' title="bbox 2209 2370 3801 2440">
     <span class='ocr_line' id='line_1_54' title="bbox 2209 2370 3801 2440; baseline -0.001 -14"><span class='ocrx_word' id='word_1_362' title='bbox 2209 2380 2511 2426; x_wconf 89' lang='lat' dir='ltr'><strong>creaturam</strong></span> <span class='ocrx_word' id='word_1_363' title='bbox 2547 2370 2600 2424; x_wconf 90' lang='lat' dir='ltr'><strong>in</strong></span> <span class='ocrx_word' id='word_1_364' title='bbox 2629 2370 2991 2440; x_wconf 86' lang='lat' dir='ltr'><strong>pulcherrima</strong></span> <span class='ocrx_word' id='word_1_365' title='bbox 3039 2370 3324 2424; x_wconf 86' lang='lat' dir='ltr'><strong>harmonia</strong></span> <span class='ocrx_word' id='word_1_366' title='bbox 3370 2384 3494 2424; x_wconf 87' lang='lat' dir='ltr'><strong>esse</strong></span> <span class='ocrx_word' id='word_1_367' title='bbox 3542 2371 3801 2425; x_wconf 78' lang='lat' dir='ltr'><strong>constitu-</strong></span> 
     </span>
    </p>
   </div>
   <div class='ocr_carea' id='block_1_55' title="bbox 2210 2460 3796 2531">
    <p class='ocr_par' dir='ltr' id='par_1_55' title="bbox 2210 2460 3796 2531">
     <span class='ocr_line' id='line_1_55' title="bbox 2210 2460 3796 2531; baseline -0.001 -15"><span class='ocrx_word' id='word_1_368' title='bbox 2210 2470 2318 2516; x_wconf 89' lang='lat' dir='ltr'><strong>tam</strong></span> <span class='ocrx_word' id='word_1_369' title='bbox 2345 2462 2576 2526; x_wconf 81' lang='lat' dir='ltr'><strong>cubitat,</strong></span> <span class='ocrx_word' id='word_1_370' title='bbox 2602 2461 2868 2530; x_wconf 88' lang='lat' dir='ltr'><strong>sequitur,</strong></span> <span class='ocrx_word' id='word_1_371' title='bbox 2897 2461 3060 2514; x_wconf 89' lang='lat' dir='ltr'><strong>etiam</strong></span> <span class='ocrx_word' id='word_1_372' title='bbox 3107 2461 3173 2514; x_wconf 89' lang='lat' dir='ltr'><strong>de</strong></span> <span class='ocrx_word' id='word_1_373' title='bbox 3216 2462 3408 2516; x_wconf 88' lang='lat' dir='ltr'><strong>ordine</strong></span> <span class='ocrx_word' id='word_1_374' title='bbox 3454 2462 3624 2531; x_wconf 80' lang='lat' dir='ltr'><strong>ipsius</strong></span> <span class='ocrx_word' id='word_1_375' title='bbox 3666 2460 3796 2516; x_wconf 88' lang='lat' dir='ltr'><strong>nulli</strong></span> 
     </span>
    </p>
   </div>
   <div class='ocr_carea' id='block_1_56' title="bbox 2209 2548 3798 2621">
    <p class='ocr_par' dir='ltr' id='par_1_56' title="bbox 2209 2548 3798 2621">
     <span class='ocr_line' id='line_1_56' title="bbox 2209 2548 3798 2621; baseline 0.001 -16"><span class='ocrx_word' id='word_1_376' title='bbox 2209 2551 2509 2621; x_wconf 85' lang='lat' dir='ltr'><strong>sapientum</strong></span> <span class='ocrx_word' id='word_1_377' title='bbox 2557 2551 2828 2604; x_wconf 83' lang='lat' dir='ltr'><strong>haesitare</strong></span> <span class='ocrx_word' id='word_1_378' title='bbox 2873 2550 3056 2604; x_wconf 88' lang='lat' dir='ltr'><strong>licere.</strong></span> <span class='ocrx_word' id='word_1_379' title='bbox 3098 2548 3213 2604; x_wconf 85' lang='lat' dir='ltr'><strong>Non</strong></span> <span class='ocrx_word' id='word_1_380' title='bbox 3245 2551 3386 2604; x_wconf 89' lang='lat' dir='ltr'><strong>enim</strong></span> <span class='ocrx_word' id='word_1_381' title='bbox 3415 2563 3556 2605; x_wconf 84' lang='lat' dir='ltr'><strong>nunc</strong></span> <span class='ocrx_word' id='word_1_382' title='bbox 3583 2551 3649 2605; x_wconf 89' lang='lat' dir='ltr'><strong>de</strong></span> <span class='ocrx_word' id='word_1_383' title='bbox 3675 2566 3798 2619; x_wconf 90' lang='lat' dir='ltr'><strong>apo-</strong></span> 
     </span>
    </p>
   </div>
   <div class='ocr_carea' id='block_1_57' title="bbox 2207 2641 3796 2711">
    <p class='ocr_par' dir='ltr' id='par_1_57' title="bbox 2207 2641 3796 2711">
     <span class='ocr_line' id='line_1_57' title="bbox 2207 2641 3796 2711; baseline -0.001 -15"><span class='ocrx_word' id='word_1_384' title='bbox 2207 2643 2366 2698; x_wconf 89' lang='lat' dir='ltr'><strong>statis</strong></span> <span class='ocrx_word' id='word_1_385' title='bbox 2393 2642 2596 2711; x_wconf 82' lang='lat' dir='ltr'><strong>angelis</strong></span> <span class='ocrx_word' id='word_1_386' title='bbox 2621 2652 2678 2696; x_wconf 90' lang='lat' dir='ltr'><strong>et</strong></span> <span class='ocrx_word' id='word_1_387' title='bbox 2700 2642 3085 2695; x_wconf 87' lang='lat' dir='ltr'><strong>contaminatis</strong></span> <span class='ocrx_word' id='word_1_388' title='bbox 3110 2641 3445 2705; x_wconf 86' lang='lat' dir='ltr'><strong>hominibus,</strong></span> <span class='ocrx_word' id='word_1_389' title='bbox 3480 2643 3569 2710; x_wconf 88' lang='lat' dir='ltr'><strong>qui</strong></span> <span class='ocrx_word' id='word_1_390' title='bbox 3603 2641 3796 2694; x_wconf 88' lang='lat' dir='ltr'><strong>merito</strong></span> 
     </span>
    </p>
   </div>
   <div class='ocr_carea' id='block_1_58' title="bbox 2209 2731 3795 2786">
    <p class='ocr_par' dir='ltr' id='par_1_58' title="bbox 2209 2731 3795 2786">
     <span class='ocr_line' id='line_1_58' title="bbox 2209 2731 3795 2786; baseline 0.001 -1"><span class='ocrx_word' id='word_1_391' title='bbox 2209 2731 2446 2785; x_wconf 86' lang='lat' dir='ltr'><strong>malitiae</strong></span> <span class='ocrx_word' id='word_1_392' title='bbox 2462 2746 2590 2785; x_wconf 84' lang='lat' dir='ltr'><strong>suae</strong></span> <span class='ocrx_word' id='word_1_393' title='bbox 2608 2731 2821 2785; x_wconf 86' lang='lat' dir='ltr'><strong>divinae</strong></span> <span class='ocrx_word' id='word_1_394' title='bbox 2846 2731 3252 2785; x_wconf 88' lang='lat' dir='ltr'><strong>illuminationis</strong></span> <span class='ocrx_word' id='word_1_395' title='bbox 3275 2732 3479 2785; x_wconf 88' lang='lat' dir='ltr'><strong>radium</strong></span> <span class='ocrx_word' id='word_1_396' title='bbox 3507 2748 3534 2783; x_wconf 87' lang='lat' dir='ltr'><strong>a</strong></span> <span class='ocrx_word' id='word_1_397' title='bbox 3564 2746 3622 2785; x_wconf 90' lang='lat' dir='ltr'><strong>se</strong></span> <span class='ocrx_word' id='word_1_398' title='bbox 3647 2731 3689 2762; x_wconf 82' lang='grc'><strong>¹⁶</strong></span> <span class='ocrx_word' id='word_1_399' title='bbox 3711 2745 3795 2786; x_wconf 87' lang='lat' dir='ltr'><strong>re-</strong></span> 
     </span>
    </p>
   </div>
   <div class='ocr_carea' id='block_1_59' title="bbox 2208 2819 3797 2891">
    <p class='ocr_par' dir='ltr' id='par_1_59' title="bbox 2208 2819 3797 2891">
     <span class='ocr_line' id='line_1_59' title="bbox 2208 2819 3797 2891; baseline 0 -16"><span class='ocrx_word' id='word_1_400' title='bbox 2208 2821 2434 2891; x_wconf 88' lang='lat' dir='ltr'><strong>pellunt,</strong></span> <span class='ocrx_word' id='word_1_401' title='bbox 2461 2836 2639 2875; x_wconf 87' lang='lat' dir='ltr'><strong>sermo</strong></span> <span class='ocrx_word' id='word_1_402' title='bbox 2661 2829 2762 2882; x_wconf 82' lang='lat' dir='ltr'><strong>est.</strong></span> <span class='ocrx_word' id='word_1_403' title='bbox 2788 2822 2881 2875; x_wconf 90' lang='lat' dir='ltr'><strong>sed</strong></span> <span class='ocrx_word' id='word_1_404' title='bbox 2910 2822 2976 2876; x_wconf 80' lang='lat' dir='ltr'><strong>de</strong></span> <span class='ocrx_word' id='word_1_405' title='bbox 3006 2822 3231 2875; x_wconf 81' lang='lat' dir='ltr'><strong>naturali</strong></span> <span class='ocrx_word' id='word_1_406' title='bbox 3257 2822 3445 2875; x_wconf 89' lang='lat' dir='ltr'><strong>ordine</strong></span> <span class='ocrx_word' id='word_1_407' title='bbox 3472 2819 3797 2875; x_wconf 74' lang='lat' dir='ltr'><strong>universaiis</strong></span> 
     </span>
    </p>
   </div>
   <div class='ocr_carea' id='block_1_60' title="bbox 2210 2912 3798 2983">
    <p class='ocr_par' dir='ltr' id='par_1_60' title="bbox 2210 2912 3798 2983">
     <span class='ocr_line' id='line_1_60' title="bbox 2210 2912 3798 2983; baseline -0.001 -17"><span class='ocrx_word' id='word_1_408' title='bbox 2210 2922 2452 2967; x_wconf 84' lang='lat' dir='ltr'><strong>naturae.</strong></span> <span class='ocrx_word' id='word_1_409' title='bbox 2509 2913 2550 2944; x_wconf 84' lang='lat'><strong>&quot;</strong></span> <span class='ocrx_word' id='word_1_410' title='bbox 2612 2912 2869 2982; x_wconf 83' lang='lat' dir='ltr'><strong>Sequitur</strong></span> <span class='ocrx_word' id='word_1_411' title='bbox 2926 2914 2968 2945; x_wconf 76' lang='lat'><strong>&quot;</strong></span> <span class='ocrx_word' id='word_1_412' title='bbox 3019 2931 3032 2967; x_wconf 92' lang='lat'><strong>:</strong></span> <span class='ocrx_word' id='word_1_413' title='bbox 3084 2913 3194 2983; x_wconf 85' lang='lat' dir='ltr'><strong>Ipsi</strong></span> <span class='ocrx_word' id='word_1_414' title='bbox 3243 2915 3376 2967; x_wconf 83' lang='lat' dir='ltr'><strong>enim</strong></span> <span class='ocrx_word' id='word_1_415' title='bbox 3408 2912 3612 2982; x_wconf 83' lang='lat' dir='ltr'><strong>Angeli,</strong></span> <span class='ocrx_word' id='word_1_416' title='bbox 3664 2913 3798 2966; x_wconf 84' lang='lat' dir='ltr'><strong>sicut</strong></span> 
     </span>
    </p>
   </div>
   <div class='ocr_carea' id='block_1_61' title="bbox 2208 3003 3802 3074">
    <p class='ocr_par' dir='ltr' id='par_1_61' title="bbox 2208 3003 3802 3074">
     <span class='ocr_line' id='line_1_61' title="bbox 2208 3003 3802 3074; baseline 0.001 -18"><span class='ocrx_word' id='word_1_417' title='bbox 2208 3004 2566 3074; x_wconf 69' lang='lat' dir='ltr'><strong>praediximus</strong></span> <span class='ocrx_word' id='word_1_418' title='bbox 2592 3045 2607 3071; x_wconf 94' lang='lat'><strong>,</strong></span> <span class='ocrx_word' id='word_1_419' title='bbox 2647 3003 2976 3073; x_wconf 77' lang='lat' dir='ltr'><strong>compiective</strong></span> <span class='ocrx_word' id='word_1_420' title='bbox 3017 3014 3377 3059; x_wconf 81' lang='lat' dir='ltr'><strong>consummant</strong></span> <span class='ocrx_word' id='word_1_421' title='bbox 3423 3019 3602 3059; x_wconf 86' lang='lat' dir='ltr'><strong>omnes</strong></span> <span class='ocrx_word' id='word_1_422' title='bbox 3636 3003 3802 3058; x_wconf 66' lang='lat' dir='ltr'><strong>caele»</strong></span> 
     </span>
    </p>
   </div>
   <div class='ocr_carea' id='block_1_62' title="bbox 517 3086 3802 3168">
    <p class='ocr_par' dir='ltr' id='par_1_62' title="bbox 517 3086 3802 3168">
     <span class='ocr_line' id='line_1_62' title="bbox 517 3086 3802 3168; baseline 0.002 -28"><span class='ocrx_word' id='word_1_423' title='bbox 517 3086 691 3153; x_wconf 78' lang='lat' dir='ltr'><strong>Chiae,</strong></span> <span class='ocrx_word' id='word_1_424' title='bbox 743 3086 1086 3157; x_wconf 84' lang='lat' dir='ltr'><strong>Principatus</strong></span> <span class='ocrx_word' id='word_1_425' title='bbox 1127 3088 1287 3156; x_wconf 83' lang='lat' dir='ltr'><strong>dico,</strong></span> <span class='ocrx_word' id='word_1_426' title='bbox 1332 3092 1704 3163; x_wconf 87' lang='lat' dir='ltr'><strong>Arcbangelos</strong></span> <span class='ocrx_word' id='word_1_427' title='bbox 1750 3105 1805 3151; x_wconf 87' lang='lat' dir='ltr'><strong>et</strong></span> <span class='ocrx_word' id='word_1_428' title='bbox 1855 3097 2108 3168; x_wconf 79' lang='lat' dir='ltr'><strong>Angelos,</strong></span> <span class='ocrx_word' id='word_1_429' title='bbox 2139 3100 2184 3162; x_wconf 84' lang='lat' dir='ltr'>C</span> <span class='ocrx_word' id='word_1_430' title='bbox 2215 3094 2373 3146; x_wconf 79' lang='lat' dir='ltr'><strong>stium</strong></span> <span class='ocrx_word' id='word_1_431' title='bbox 2411 3094 2710 3146; x_wconf 84' lang='lat' dir='ltr'><strong>animorum</strong></span> <span class='ocrx_word' id='word_1_432' title='bbox 2738 3094 3122 3162; x_wconf 83' lang='lat' dir='ltr'><strong>dispositiones,</strong></span> <span class='ocrx_word' id='word_1_433' title='bbox 3167 3093 3453 3147; x_wconf 76' lang='lat' dir='ltr'><strong>secundant</strong></span> <span class='ocrx_word' id='word_1_434' title='bbox 3495 3093 3635 3164; x_wconf 83' lang='lat' dir='ltr'><strong>quod</strong></span> <span class='ocrx_word' id='word_1_435' title='bbox 3677 3108 3802 3148; x_wconf 84' lang='lat' dir='ltr'><strong>con-</strong></span> 
     </span>
    </p>
   </div>
   <div class='ocr_carea' id='block_1_63' title="bbox 516 3176 2123 3258">
    <p class='ocr_par' dir='ltr' id='par_1_63' title="bbox 516 3176 2123 3258">
     <span class='ocr_line' id='line_1_63' title="bbox 516 3176 2123 3258; baseline 0.009 -25"><span class='ocrx_word' id='word_1_436' title='bbox 516 3188 815 3247; x_wconf 86' lang='lat' dir='ltr'><strong>omotages,</strong></span> <span class='ocrx_word' id='word_1_437' title='bbox 848 3176 901 3231; x_wconf 89' lang='lat' dir='ltr'><strong>id</strong></span> <span class='ocrx_word' id='word_1_438' title='bbox 929 3187 1046 3244; x_wconf 87' lang='lat' dir='ltr'><strong>est,</strong></span> <span class='ocrx_word' id='word_1_439' title='bbox 1074 3180 1481 3249; x_wconf 86' lang='lat' dir='ltr'><strong>aequipotentes</strong></span> <span class='ocrx_word' id='word_1_440' title='bbox 1504 3184 1525 3216; x_wconf 78' lang='grc'>⁸</span> <span class='ocrx_word' id='word_1_441' title='bbox 1549 3201 1646 3240; x_wconf 91' lang='lat' dir='ltr'><strong>seu</strong></span> <span class='ocrx_word' id='word_1_442' title='bbox 1683 3187 1920 3258; x_wconf 85' lang='lat' dir='ltr'><strong>collegae</strong></span> <span class='ocrx_word' id='word_1_443' title='bbox 1945 3190 1965 3222; x_wconf 81' lang='grc'><strong>⁷</strong></span> <span class='ocrx_word' id='word_1_444' title='bbox 2014 3206 2123 3247; x_wconf 84' lang='lat' dir='ltr'><strong>seu</strong></span> 
     </span>
    </p>
   </div>
   <div class='ocr_carea' id='block_1_64' title="bbox 513 3268 2109 3351">
    <p class='ocr_par' dir='ltr' id='par_1_64' title="bbox 513 3268 2109 3351">
     <span class='ocr_line' id='line_1_64' title="bbox 513 3268 2109 3351; baseline 0.008 -27"><span class='ocrx_word' id='word_1_445' title='bbox 513 3268 769 3324; x_wconf 84' lang='lat' dir='ltr'><strong>similiter</strong></span> <span class='ocrx_word' id='word_1_446' title='bbox 790 3269 812 3300; x_wconf 83' lang='grc'><strong><em>⁸</em></strong></span> <span class='ocrx_word' id='word_1_447' title='bbox 835 3269 1177 3325; x_wconf 87' lang='lat' dir='ltr'><strong>honorabiles</strong></span> <span class='ocrx_word' id='word_1_448' title='bbox 1226 3280 1375 3338; x_wconf 86' lang='lat' dir='ltr'><strong>sunt,</strong></span> <span class='ocrx_word' id='word_1_449' title='bbox 1410 3288 1515 3343; x_wconf 83' lang='lat' dir='ltr'><strong>qua</strong></span> <span class='ocrx_word' id='word_1_450' title='bbox 1546 3277 1753 3333; x_wconf 83' lang='lat' dir='ltr'><strong>ratione</strong></span> <span class='ocrx_word' id='word_1_451' title='bbox 1785 3279 2109 3351; x_wconf 83' lang='lat' dir='ltr'><strong>Archangeli</strong></span> 
     </span>
    </p>
   </div>
   <div class='ocr_carea' id='block_1_65' title="bbox 517 3359 2112 3439">
    <p class='ocr_par' dir='ltr' id='par_1_65' title="bbox 517 3359 2112 3439">
     <span class='ocr_line' id='line_1_65' title="bbox 517 3359 2112 3439; baseline 0.009 -24"><span class='ocrx_word' id='word_1_452' title='bbox 517 3359 846 3415; x_wconf 86' lang='lat' dir='ltr'><strong>mediatores</strong></span> <span class='ocrx_word' id='word_1_453' title='bbox 895 3371 1021 3416; x_wconf 85' lang='lat' dir='ltr'><strong>sunt</strong></span> <span class='ocrx_word' id='word_1_454' title='bbox 1052 3360 1460 3433; x_wconf 89' lang='lat' dir='ltr'><strong>Principatuum</strong></span> <span class='ocrx_word' id='word_1_455' title='bbox 1512 3370 1851 3436; x_wconf 88' lang='lat' dir='ltr'><strong>superiorum</strong></span> <span class='ocrx_word' id='word_1_456' title='bbox 1907 3387 2000 3439; x_wconf 85' lang='lat' dir='ltr'><strong>se,</strong></span> <span class='ocrx_word' id='word_1_457' title='bbox 2054 3382 2112 3429; x_wconf 90' lang='lat' dir='ltr'><strong>et</strong></span> 
     </span>
    </p>
   </div>
   <div class='ocr_carea' id='block_1_66' title="bbox 515 3449 2101 3520">
    <p class='ocr_par' dir='ltr' id='par_1_66' title="bbox 515 3449 2101 3520">
     <span class='ocr_line' id='line_1_66' title="bbox 515 3449 2101 3520; baseline 0.009 -17"><span class='ocrx_word' id='word_1_458' title='bbox 515 3449 871 3520; x_wconf 78' lang='lat' dir='ltr'><strong>Angelorum,</strong></span> <span class='ocrx_word' id='word_1_459' title='bbox 886 3465 1024 3518; x_wconf 89' lang='lat' dir='ltr'><strong>quos</strong></span> <span class='ocrx_word' id='word_1_460' title='bbox 1040 3460 1314 3509; x_wconf 79' lang='lat' dir='ltr'><strong>extremos</strong></span> <span class='ocrx_word' id='word_1_461' title='bbox 1341 3456 1580 3510; x_wconf 89' lang='lat' dir='ltr'><strong>omnium</strong></span> <span class='ocrx_word' id='word_1_462' title='bbox 1604 3458 1917 3519; x_wconf 84' lang='lat' dir='ltr'><strong>caelestium</strong></span> <span class='ocrx_word' id='word_1_463' title='bbox 1941 3462 2101 3517; x_wconf 82' lang='lat' dir='ltr'><strong>virtu-</strong></span> 
     </span>
    </p>
   </div>
   <div class='ocr_carea' id='block_1_67' title="bbox 516 3539 2110 3611">
    <p class='ocr_par' dir='ltr' id='par_1_67' title="bbox 516 3539 2110 3611">
     <span class='ocr_line' id='line_1_67' title="bbox 516 3539 2110 3611; baseline 0.009 -16"><span class='ocrx_word' id='word_1_464' title='bbox 516 3547 630 3595; x_wconf 89' lang='lat' dir='ltr'><strong>tum</strong></span> <span class='ocrx_word' id='word_1_465' title='bbox 664 3539 960 3611; x_wconf 81' lang='lat' dir='ltr'><strong>theologiea</strong></span> <span class='ocrx_word' id='word_1_466' title='bbox 1000 3543 1219 3600; x_wconf 81' lang='lat' dir='ltr'><strong>tradidit</strong></span> <span class='ocrx_word' id='word_1_467' title='bbox 1247 3545 1536 3601; x_wconf 83' lang='lat' dir='ltr'><strong>doctrina?</strong></span> <span class='ocrx_word' id='word_1_468' title='bbox 1585 3548 1698 3605; x_wconf 89' lang='lat' dir='ltr'><strong>Nec</strong></span> <span class='ocrx_word' id='word_1_469' title='bbox 1732 3551 1832 3606; x_wconf 88' lang='lat' dir='ltr'><strong>hoc</strong></span> <span class='ocrx_word' id='word_1_470' title='bbox 1865 3553 1918 3606; x_wconf 87' lang='lat' dir='ltr'><strong>in</strong></span> <span class='ocrx_word' id='word_1_471' title='bbox 1950 3555 2110 3609; x_wconf 81' lang='lat' dir='ltr'><strong>tertia</strong></span> 
     </span>
    </p>
   </div>
   <div class='ocr_carea' id='block_1_68' title="bbox 514 3633 2107 3711">
    <p class='ocr_par' dir='ltr' id='par_1_68' title="bbox 514 3633 2107 3711">
     <span class='ocr_line' id='line_1_68' title="bbox 514 3633 2107 3711; baseline 0.008 -22"><span class='ocrx_word' id='word_1_472' title='bbox 514 3633 714 3700; x_wconf 85' lang='lat' dir='ltr'><strong>solum,</strong></span> <span class='ocrx_word' id='word_1_473' title='bbox 738 3634 1010 3693; x_wconf 83' lang='lat' dir='ltr'><strong>sedetiam</strong></span> <span class='ocrx_word' id='word_1_474' title='bbox 1044 3636 1098 3691; x_wconf 91' lang='lat' dir='ltr'><strong>in</strong></span> <span class='ocrx_word' id='word_1_475' title='bbox 1113 3639 1372 3702; x_wconf 87' lang='lat' dir='ltr'><strong>secunda,</strong></span> <span class='ocrx_word' id='word_1_476' title='bbox 1399 3655 1543 3710; x_wconf 88' lang='lat' dir='ltr'><strong>quae</strong></span> <span class='ocrx_word' id='word_1_477' title='bbox 1566 3653 1651 3697; x_wconf 89' lang='lat' dir='ltr'><strong>est</strong></span> <span class='ocrx_word' id='word_1_478' title='bbox 1673 3651 1727 3696; x_wconf 88' lang='lat' dir='ltr'><strong>et</strong></span> <span class='ocrx_word' id='word_1_479' title='bbox 1753 3645 1948 3711; x_wconf 87' lang='lat' dir='ltr'><strong>media,</strong></span> <span class='ocrx_word' id='word_1_480' title='bbox 1979 3647 2107 3701; x_wconf 86' lang='lat' dir='ltr'><strong>etin</strong></span> 
     </span>
    </p>
   </div>
   <div class='ocr_carea' id='block_1_69' title="bbox 512 3723 2106 3805">
    <p class='ocr_par' dir='ltr' id='par_1_69' title="bbox 512 3723 2106 3805">
     <span class='ocr_line' id='line_1_69' title="bbox 512 3723 2106 3805; baseline 0.008 -29"><span class='ocrx_word' id='word_1_481' title='bbox 512 3723 689 3792; x_wconf 81' lang='lat' dir='ltr'><strong>prima</strong></span> <span class='ocrx_word' id='word_1_482' title='bbox 718 3724 1000 3794; x_wconf 88' lang='lat' dir='ltr'><strong>quaeritur</strong></span> <span class='ocrx_word' id='word_1_483' title='bbox 1025 3725 1312 3781; x_wconf 87' lang='lat' dir='ltr'><strong>ierarcbia.</strong></span> <span class='ocrx_word' id='word_1_484' title='bbox 1344 3728 1628 3798; x_wconf 85' lang='lat' dir='ltr'><strong>Quomodo</strong></span> <span class='ocrx_word' id='word_1_485' title='bbox 1646 3733 1790 3787; x_wconf 88' lang='lat' dir='ltr'><strong>enim</strong></span> <span class='ocrx_word' id='word_1_486' title='bbox 1820 3732 2106 3805; x_wconf 87' lang='lat' dir='ltr'><strong>Seraphim</strong></span> 
     </span>
    </p>
   </div>
   <div class='ocr_carea' id='block_1_70' title="bbox 511 3813 2107 3895">
    <p class='ocr_par' dir='ltr' id='par_1_70' title="bbox 511 3813 2107 3895">
     <span class='ocr_line' id='line_1_70' title="bbox 511 3813 2107 3895; baseline 0.008 -25"><span class='ocrx_word' id='word_1_487' title='bbox 511 3821 572 3870; x_wconf 88' lang='lat' dir='ltr'><strong>et</strong></span> <span class='ocrx_word' id='word_1_488' title='bbox 612 3813 907 3870; x_wconf 86' lang='lat' dir='ltr'><strong>Cheruhim</strong></span> <span class='ocrx_word' id='word_1_489' title='bbox 942 3825 998 3871; x_wconf 89' lang='lat' dir='ltr'><strong>et</strong></span> <span class='ocrx_word' id='word_1_490' title='bbox 1032 3816 1235 3873; x_wconf 87' lang='lat' dir='ltr'><strong>Throni</strong></span> <span class='ocrx_word' id='word_1_491' title='bbox 1274 3820 1509 3890; x_wconf 81' lang='lat' dir='ltr'><strong>collegae</strong></span> <span class='ocrx_word' id='word_1_492' title='bbox 1534 3832 1594 3878; x_wconf 89' lang='lat' dir='ltr'><strong>et</strong></span> <span class='ocrx_word' id='word_1_493' title='bbox 1647 3826 2058 3895; x_wconf 86' lang='lat' dir='ltr'><strong>aequipoteutes</strong></span> <span class='ocrx_word' id='word_1_494' title='bbox 2085 3828 2107 3859; x_wconf 82' lang='lat'><strong>’</strong></span> 
     </span>
    </p>
   </div>
   <div class='ocr_carea' id='block_1_71' title="bbox 511 3905 2108 3988">
    <p class='ocr_par' dir='ltr' id='par_1_71' title="bbox 511 3905 2108 3988">
     <span class='ocr_line' id='line_1_71' title="bbox 511 3905 2108 3988; baseline 0.008 -27"><span class='ocrx_word' id='word_1_495' title='bbox 511 3913 660 3970; x_wconf 83' lang='lat' dir='ltr'><strong>sunt,</strong></span> <span class='ocrx_word' id='word_1_496' title='bbox 710 3905 757 3963; x_wconf 91' lang='lat' dir='ltr'><strong>si</strong></span> <span class='ocrx_word' id='word_1_497' title='bbox 798 3905 1090 3963; x_wconf 78' lang='lat' dir='ltr'><strong>Cherubim</strong></span> <span class='ocrx_word' id='word_1_498' title='bbox 1139 3910 1447 3967; x_wconf 87' lang='lat' dir='ltr'><strong>medietatis</strong></span> <span class='ocrx_word' id='word_1_499' title='bbox 1495 3911 1672 3968; x_wconf 90' lang='lat' dir='ltr'><strong>locum</strong></span> <span class='ocrx_word' id='word_1_500' title='bbox 1724 3915 1867 3970; x_wconf 89' lang='lat' dir='ltr'><strong>inter</strong></span> <span class='ocrx_word' id='word_1_501' title='bbox 1905 3918 2108 3988; x_wconf 82' lang='lat' dir='ltr'><strong>primas</strong></span> 
     </span>
    </p>
   </div>
   <div class='ocr_carea' id='block_1_72' title="bbox 513 3991 2108 4065">
    <p class='ocr_par' dir='ltr' id='par_1_72' title="bbox 513 3991 2108 4065">
     <span class='ocr_line' id='line_1_72' title="bbox 513 3991 2108 4065; baseline 0.007 -14"><span class='ocrx_word' id='word_1_502' title='bbox 513 3991 803 4065; x_wconf 83' lang='lat' dir='ltr'><strong>Seraphim</strong></span> <span class='ocrx_word' id='word_1_503' title='bbox 844 4007 899 4053; x_wconf 91' lang='lat' dir='ltr'><strong>et</strong></span> <span class='ocrx_word' id='word_1_504' title='bbox 946 3998 1166 4055; x_wconf 89' lang='lat' dir='ltr'><strong>ultimas</strong></span> <span class='ocrx_word' id='word_1_505' title='bbox 1201 3998 1543 4058; x_wconf 84' lang='lat' dir='ltr'><strong>Thronorum</strong></span> <span class='ocrx_word' id='word_1_506' title='bbox 1600 4005 1829 4061; x_wconf 83' lang='lat' dir='ltr'><strong>virtutes</strong></span> <span class='ocrx_word' id='word_1_507' title='bbox 1876 4010 2108 4063; x_wconf 85' lang='lat' dir='ltr'><strong>tenent?</strong></span> 
     </span>
    </p>
   </div>
   <div class='ocr_carea' id='block_1_73' title="bbox 514 4086 2109 4161">
    <p class='ocr_par' dir='ltr' id='par_1_73' title="bbox 514 4086 2109 4161">
     <span class='ocr_line' id='line_1_73' title="bbox 514 4086 2109 4161; baseline 0.008 -18"><span class='ocrx_word' id='word_1_508' title='bbox 514 4086 776 4144; x_wconf 88' lang='lat' dir='ltr'><strong>Similiter</strong></span> <span class='ocrx_word' id='word_1_509' title='bbox 806 4090 873 4145; x_wconf 89' lang='lat' dir='ltr'><strong>de</strong></span> <span class='ocrx_word' id='word_1_510' title='bbox 902 4088 1222 4157; x_wconf 83' lang='lat' dir='ltr'><strong>Virtutibus,</strong></span> <span class='ocrx_word' id='word_1_511' title='bbox 1239 4091 1625 4161; x_wconf 83' lang='lat' dir='ltr'><strong>Potestatibus,</strong></span> <span class='ocrx_word' id='word_1_512' title='bbox 1645 4098 2109 4156; x_wconf 72' lang='lat' dir='ltr'><strong>nominationibus</strong></span> 
     </span>
    </p>
   </div>
   <div class='ocr_carea' id='block_1_74' title="bbox 514 4183 2103 4257">
    <p class='ocr_par' dir='ltr' id='par_1_74' title="bbox 514 4183 2103 4257">
     <span class='ocr_line' id='line_1_74' title="bbox 514 4183 2103 4257; baseline 0.008 -19"><span class='ocrx_word' id='word_1_513' title='bbox 514 4183 987 4238; x_wconf 85' lang='lat' dir='ltr'><strong>considerandum.</strong></span> <span class='ocrx_word' id='word_1_514' title='bbox 1033 4185 1092 4240; x_wconf 89' lang='lat' dir='ltr'><strong>ln</strong></span> <span class='ocrx_word' id='word_1_515' title='bbox 1114 4200 1218 4256; x_wconf 89' lang='lat' dir='ltr'><strong>qua</strong></span> <span class='ocrx_word' id='word_1_516' title='bbox 1245 4189 1562 4257; x_wconf 86' lang='lat' dir='ltr'><strong>quaestione</strong></span> <span class='ocrx_word' id='word_1_517' title='bbox 1593 4192 1665 4246; x_wconf 91' lang='lat' dir='ltr'><strong>nil</strong></span> <span class='ocrx_word' id='word_1_518' title='bbox 1700 4193 1831 4249; x_wconf 88' lang='lat' dir='ltr'><strong>mihi</strong></span> <span class='ocrx_word' id='word_1_519' title='bbox 1863 4210 2103 4252; x_wconf 85' lang='lat' dir='ltr'><strong>commo-</strong></span> 
     </span>
    </p>
   </div>
   <div class='ocr_carea' id='block_1_75' title="bbox 521 4270 2103 4354">
    <p class='ocr_par' dir='ltr' id='par_1_75' title="bbox 521 4270 2103 4354">
     <span class='ocr_line' id='line_1_75' title="bbox 521 4270 2103 4354; baseline 0.009 -29"><span class='ocrx_word' id='word_1_520' title='bbox 521 4270 643 4325; x_wconf 89' lang='lat' dir='ltr'><strong>dius</strong></span> <span class='ocrx_word' id='word_1_521' title='bbox 670 4273 908 4327; x_wconf 87' lang='lat' dir='ltr'><strong>oecurrit</strong></span> <span class='ocrx_word' id='word_1_522' title='bbox 936 4274 1242 4340; x_wconf 85' lang='lat' dir='ltr'><strong>dicendum,</strong></span> <span class='ocrx_word' id='word_1_523' title='bbox 1280 4293 1441 4347; x_wconf 85' lang='lat' dir='ltr'><strong>quam</strong></span> <span class='ocrx_word' id='word_1_524' title='bbox 1484 4296 1676 4337; x_wconf 89' lang='lat' dir='ltr'><strong>omnes</strong></span> <span class='ocrx_word' id='word_1_525' title='bbox 1718 4299 1888 4353; x_wconf 86' lang='lat' dir='ltr'><strong>aeque</strong></span> <span class='ocrx_word' id='word_1_526' title='bbox 1914 4295 2103 4354; x_wconf 86' lang='lat' dir='ltr'><strong>poten-</strong></span> 
     </span>
    </p>
   </div>
   <div class='ocr_carea' id='block_1_76' title="bbox 514 4363 2105 4442">
    <p class='ocr_par' dir='ltr' id='par_1_76' title="bbox 514 4363 2105 4442">
     <span class='ocr_line' id='line_1_76' title="bbox 514 4363 2105 4442; baseline 0.009 -25"><span class='ocrx_word' id='word_1_527' title='bbox 514 4370 597 4418; x_wconf 85' lang='lat' dir='ltr'><strong>tes</strong></span> <span class='ocrx_word' id='word_1_528' title='bbox 623 4363 665 4396; x_wconf 81' lang='grc'><strong>¹⁰</strong></span> <span class='ocrx_word' id='word_1_529' title='bbox 685 4379 806 4419; x_wconf 89' lang='lat' dir='ltr'><strong>esse</strong></span> <span class='ocrx_word' id='word_1_530' title='bbox 847 4365 900 4419; x_wconf 90' lang='lat' dir='ltr'><strong>in</strong></span> <span class='ocrx_word' id='word_1_531' title='bbox 922 4367 1162 4436; x_wconf 84' lang='lat' dir='ltr'><strong>appetitu</strong></span> <span class='ocrx_word' id='word_1_532' title='bbox 1182 4369 1465 4426; x_wconf 84' lang='lat' dir='ltr'><strong>societatis</strong></span> <span class='ocrx_word' id='word_1_533' title='bbox 1491 4376 1960 4442; x_wconf 86' lang='lat' dir='ltr'><strong>superessentialis</strong></span> <span class='ocrx_word' id='word_1_534' title='bbox 1990 4393 2105 4431; x_wconf 85' lang='lat' dir='ltr'><strong>om-</strong></span> 
     </span>
    </p>
   </div>
   <div class='ocr_carea' id='block_1_77' title="bbox 2214 3182 3799 3247">
    <p class='ocr_par' dir='ltr' id='par_1_77' title="bbox 2214 3182 3799 3247">
     <span class='ocr_line' id='line_1_77' title="bbox 2214 3182 3799 3247; baseline 0.001 -11"><span class='ocrx_word' id='word_1_535' title='bbox 2214 3182 2584 3237; x_wconf 83' lang='lat' dir='ltr'><strong>summaudum</strong></span> <span class='ocrx_word' id='word_1_536' title='bbox 2630 3192 2728 3247; x_wconf 79' lang='lat' dir='ltr'><strong>est,</strong></span> <span class='ocrx_word' id='word_1_537' title='bbox 2772 3191 2825 3235; x_wconf 88' lang='lat' dir='ltr'><strong>ut</strong></span> <span class='ocrx_word' id='word_1_538' title='bbox 2868 3184 2925 3236; x_wconf 86' lang='lat' dir='ltr'><strong>in</strong></span> <span class='ocrx_word' id='word_1_539' title='bbox 2967 3182 3271 3236; x_wconf 79' lang='lat' dir='ltr'><strong>caelestibus</strong></span> <span class='ocrx_word' id='word_1_540' title='bbox 3296 3183 3529 3237; x_wconf 82' lang='lat' dir='ltr'><strong>essenliis</strong></span> <span class='ocrx_word' id='word_1_541' title='bbox 3558 3184 3799 3238; x_wconf 74' lang='lat' dir='ltr'><strong>habentes</strong></span> 
     </span>
    </p>
   </div>
   <div class='ocr_carea' id='block_1_78' title="bbox 2212 3275 3798 3346">
    <p class='ocr_par' dir='ltr' id='par_1_78' title="bbox 2212 3275 3798 3346">
     <span class='ocr_line' id='line_1_78' title="bbox 2212 3275 3798 3346; baseline 0.001 -18"><span class='ocrx_word' id='word_1_542' title='bbox 2212 3276 2503 3346; x_wconf 75' lang='lat' dir='ltr'><strong>angelicam</strong></span> <span class='ocrx_word' id='word_1_543' title='bbox 2527 3276 2570 3306; x_wconf 72' lang='grc'><strong>’⁸</strong></span> <span class='ocrx_word' id='word_1_544' title='bbox 2594 3276 2981 3346; x_wconf 73' lang='lat' dir='ltr'><strong>prom&#39;ietatem.</strong></span> <span class='ocrx_word' id='word_1_545' title='bbox 3000 3275 3312 3346; x_wconf 86' lang='lat' dir='ltr'><strong>Propterea,</strong></span> <span class='ocrx_word' id='word_1_546' title='bbox 3338 3275 3532 3344; x_wconf 86' lang='lat' dir='ltr'><strong>inquit,</strong></span> <span class='ocrx_word' id='word_1_547' title='bbox 3556 3275 3798 3329; x_wconf 76' lang='lat' dir='ltr'><strong>Areuan-</strong></span> 
     </span>
    </p>
   </div>
   <div class='ocr_carea' id='block_1_79' title="bbox 2212 3366 3795 3438">
    <p class='ocr_par' dir='ltr' id='par_1_79' title="bbox 2212 3366 3795 3438">
     <span class='ocr_line' id='line_1_79' title="bbox 2212 3366 3795 3438; baseline -0.002 -17"><span class='ocrx_word' id='word_1_548' title='bbox 2212 3367 2314 3435; x_wconf 83' lang='lat' dir='ltr'><strong>geli</strong></span> <span class='ocrx_word' id='word_1_549' title='bbox 2346 3383 2442 3436; x_wconf 87' lang='lat' dir='ltr'><strong>per</strong></span> <span class='ocrx_word' id='word_1_550' title='bbox 2470 3368 2706 3438; x_wconf 83' lang='lat' dir='ltr'><strong>Angelos</strong></span> <span class='ocrx_word' id='word_1_551' title='bbox 2737 3382 3002 3436; x_wconf 86' lang='lat' dir='ltr'><strong>supernas</strong></span> <span class='ocrx_word' id='word_1_552' title='bbox 3032 3367 3453 3422; x_wconf 87' lang='lat' dir='ltr'><strong>illuminationes</strong></span> <span class='ocrx_word' id='word_1_553' title='bbox 3505 3366 3657 3420; x_wconf 82' lang='lat' dir='ltr'><strong>nobis</strong></span> <span class='ocrx_word' id='word_1_554' title='bbox 3699 3380 3795 3418; x_wconf 90' lang='lat' dir='ltr'><strong>an—</strong></span> 
     </span>
    </p>
   </div>
   <div class='ocr_carea' id='block_1_80' title="bbox 2212 3457 3790 3527">
    <p class='ocr_par' dir='ltr' id='par_1_80' title="bbox 2212 3457 3790 3527">
     <span class='ocr_line' id='line_1_80' title="bbox 2212 3457 3790 3527; baseline -0.003 -16"><span class='ocrx_word' id='word_1_555' title='bbox 2212 3457 2483 3523; x_wconf 88' lang='lat' dir='ltr'><strong>nuntiant,</strong></span> <span class='ocrx_word' id='word_1_556' title='bbox 2547 3457 2802 3527; x_wconf 88' lang='lat' dir='ltr'><strong>quoniam</strong></span> <span class='ocrx_word' id='word_1_557' title='bbox 2847 3457 3058 3527; x_wconf 82' lang='lat' dir='ltr'><strong>Angeli,</strong></span> <span class='ocrx_word' id='word_1_558' title='bbox 3115 3457 3258 3512; x_wconf 87' lang='lat' dir='ltr'><strong>sicut</strong></span> <span class='ocrx_word' id='word_1_559' title='bbox 3309 3457 3640 3527; x_wconf 80' lang='lat' dir='ltr'><strong>praedictum</strong></span> <span class='ocrx_word' id='word_1_560' title='bbox 3690 3465 3790 3520; x_wconf 73' lang='lat' dir='ltr'><strong>est,</strong></span> 
     </span>
    </p>
   </div>
   <div class='ocr_carea' id='block_1_81' title="bbox 2210 3548 3798 3619">
    <p class='ocr_par' dir='ltr' id='par_1_81' title="bbox 2210 3548 3798 3619">
     <span class='ocr_line' id='line_1_81' title="bbox 2210 3548 3798 3619; baseline -0.003 -15"><span class='ocrx_word' id='word_1_561' title='bbox 2210 3549 2484 3619; x_wconf 83' lang='lat' dir='ltr'><strong>complent</strong></span> <span class='ocrx_word' id='word_1_562' title='bbox 2515 3557 2570 3603; x_wconf 88' lang='lat' dir='ltr'><strong>et</strong></span> <span class='ocrx_word' id='word_1_563' title='bbox 2594 3558 2976 3605; x_wconf 88' lang='lat' dir='ltr'><strong>consummant</strong></span> <span class='ocrx_word' id='word_1_564' title='bbox 3023 3564 3210 3604; x_wconf 88' lang='lat' dir='ltr'><strong>omnes</strong></span> <span class='ocrx_word' id='word_1_565' title='bbox 3258 3548 3659 3618; x_wconf 88' lang='lat' dir='ltr'><strong>dispositiones,</strong></span> <span class='ocrx_word' id='word_1_566' title='bbox 3708 3561 3798 3601; x_wconf 88' lang='lat' dir='ltr'><strong>or-</strong></span> 
     </span>
    </p>
   </div>
   <div class='ocr_carea' id='block_1_82' title="bbox 2211 3636 3795 3702">
    <p class='ocr_par' dir='ltr' id='par_1_82' title="bbox 2211 3636 3795 3702">
     <span class='ocr_line' id='line_1_82' title="bbox 2211 3636 3795 3702; baseline -0.001 -11"><span class='ocrx_word' id='word_1_567' title='bbox 2211 3647 2370 3691; x_wconf 87' lang='lat' dir='ltr'><strong>natus</strong></span> <span class='ocrx_word' id='word_1_568' title='bbox 2417 3638 2707 3702; x_wconf 78' lang='lat' dir='ltr'><strong>videlicet,</strong></span> <span class='ocrx_word' id='word_1_569' title='bbox 2751 3637 3063 3692; x_wconf 86' lang='lat' dir='ltr'><strong>caelestium</strong></span> <span class='ocrx_word' id='word_1_570' title='bbox 3117 3638 3442 3691; x_wconf 89' lang='lat' dir='ltr'><strong>animorum.</strong></span> <span class='ocrx_word' id='word_1_571' title='bbox 3493 3636 3795 3691; x_wconf 82' lang='lat' dir='ltr'><strong>Secundum</strong></span> 
     </span>
    </p>
   </div>
   <div class='ocr_carea' id='block_1_83' title="bbox 2210 3725 3795 3796">
    <p class='ocr_par' dir='ltr' id='par_1_83' title="bbox 2210 3725 3795 3796">
     <span class='ocr_line' id='line_1_83' title="bbox 2210 3725 3795 3796; baseline -0.003 -16"><span class='ocrx_word' id='word_1_572' title='bbox 2210 3726 2354 3796; x_wconf 88' lang='lat' dir='ltr'><strong>quod</strong></span> <span class='ocrx_word' id='word_1_573' title='bbox 2395 3728 2880 3780; x_wconf 80' lang='lat' dir='ltr'><strong>consummandam</strong></span> <span class='ocrx_word' id='word_1_574' title='bbox 2907 3735 3020 3789; x_wconf 87' lang='lat' dir='ltr'><strong>est;</strong></span> <span class='ocrx_word' id='word_1_575' title='bbox 3053 3740 3116 3779; x_wconf 90' lang='lat' dir='ltr'><strong>ea</strong></span> <span class='ocrx_word' id='word_1_576' title='bbox 3144 3725 3354 3781; x_wconf 89' lang='lat' dir='ltr'><strong>scilicet</strong></span> <span class='ocrx_word' id='word_1_577' title='bbox 3399 3726 3644 3790; x_wconf 87' lang='lat' dir='ltr'><strong>ratione,</strong></span> <span class='ocrx_word' id='word_1_578' title='bbox 3689 3738 3795 3793; x_wconf 87' lang='lat' dir='ltr'><strong>qua</strong></span> 
     </span>
    </p>
   </div>
   <div class='ocr_carea' id='block_1_84' title="bbox 2210 3814 3794 3887">
    <p class='ocr_par' dir='ltr' id='par_1_84' title="bbox 2210 3814 3794 3887">
     <span class='ocr_line' id='line_1_84' title="bbox 2210 3814 3794 3887; baseline -0.004 -14"><span class='ocrx_word' id='word_1_579' title='bbox 2210 3816 2490 3887; x_wconf 84' lang='lat' dir='ltr'><strong>dispositio</strong></span> <span class='ocrx_word' id='word_1_580' title='bbox 2547 3816 2851 3871; x_wconf 86' lang='lat' dir='ltr'><strong>animorum</strong></span> <span class='ocrx_word' id='word_1_581' title='bbox 2897 3816 3213 3871; x_wconf 85' lang='lat' dir='ltr'><strong>caelestium</strong></span> <span class='ocrx_word' id='word_1_582' title='bbox 3272 3816 3319 3847; x_wconf 83' lang='grc'><strong>²⁰</strong></span> <span class='ocrx_word' id='word_1_583' title='bbox 3371 3814 3794 3871; x_wconf 84' lang='lat' dir='ltr'><strong>consutntnanda</strong></span> 
     </span>
    </p>
   </div>
   <div class='ocr_carea' id='block_1_85' title="bbox 2208 3907 3791 3980">
    <p class='ocr_par' dir='ltr' id='par_1_85' title="bbox 2208 3907 3791 3980">
     <span class='ocr_line' id='line_1_85' title="bbox 2208 3907 3791 3980; baseline -0.001 -16"><span class='ocrx_word' id='word_1_584' title='bbox 2208 3920 2264 3964; x_wconf 92' lang='lat' dir='ltr'><strong>et</strong></span> <span class='ocrx_word' id='word_1_585' title='bbox 2296 3909 2703 3967; x_wconf 71' lang='lat' dir='ltr'><strong>deter-minantia</strong></span> <span class='ocrx_word' id='word_1_586' title='bbox 2733 3918 2816 3965; x_wconf 89' lang='lat' dir='ltr'><strong>est</strong></span> <span class='ocrx_word' id='word_1_587' title='bbox 2840 3911 2906 3962; x_wconf 80' lang='grc'><strong>²¹.</strong></span> <span class='ocrx_word' id='word_1_588' title='bbox 2948 3909 3121 3976; x_wconf 84' lang='lat' dir='ltr'><strong>Quam</strong></span> <span class='ocrx_word' id='word_1_589' title='bbox 3167 3910 3432 3964; x_wconf 82' lang='lat' dir='ltr'><strong>rationem</strong></span> <span class='ocrx_word' id='word_1_590' title='bbox 3482 3907 3791 3980; x_wconf 85' lang='lat' dir='ltr'><strong>subjungit:</strong></span> 
     </span>
    </p>
   </div>
   <div class='ocr_carea' id='block_1_86' title="bbox 2211 3998 3795 4069">
    <p class='ocr_par' dir='ltr' id='par_1_86' title="bbox 2211 3998 3795 4069">
     <span class='ocr_line' id='line_1_86' title="bbox 2211 3998 3795 4069; baseline -0.001 -14"><span class='ocrx_word' id='word_1_591' title='bbox 2211 4009 2270 4055; x_wconf 89' lang='lat' dir='ltr'><strong>ut</strong></span> <span class='ocrx_word' id='word_1_592' title='bbox 2297 4001 2351 4055; x_wconf 93' lang='lat' dir='ltr'><strong>in</strong></span> <span class='ocrx_word' id='word_1_593' title='bbox 2375 4000 2696 4057; x_wconf 85' lang='lat' dir='ltr'><strong>caelestibus</strong></span> <span class='ocrx_word' id='word_1_594' title='bbox 2723 4001 2975 4055; x_wconf 88' lang='lat' dir='ltr'><strong>essentiis</strong></span> <span class='ocrx_word' id='word_1_595' title='bbox 3022 4001 3282 4055; x_wconf 86' lang='lat' dir='ltr'><strong>habentes</strong></span> <span class='ocrx_word' id='word_1_596' title='bbox 3333 3998 3627 4068; x_wconf 81' lang='lat' dir='ltr'><strong>angelicam</strong></span> <span class='ocrx_word' id='word_1_597' title='bbox 3673 4014 3795 4069; x_wconf 82' lang='lat' dir='ltr'><strong>pro-</strong></span> 
     </span>
    </p>
   </div>
   <div class='ocr_carea' id='block_1_87' title="bbox 2207 4089 3795 4162">
    <p class='ocr_par' dir='ltr' id='par_1_87' title="bbox 2207 4089 3795 4162">
     <span class='ocr_line' id='line_1_87' title="bbox 2207 4089 3795 4162; baseline -0.003 -16"><span class='ocrx_word' id='word_1_598' title='bbox 2207 4093 2514 4162; x_wconf 88' lang='lat' dir='ltr'><strong>prietatem.</strong></span> <span class='ocrx_word' id='word_1_599' title='bbox 2564 4090 2644 4146; x_wconf 80' lang='lat' dir='ltr'><strong>Ac</strong></span> <span class='ocrx_word' id='word_1_600' title='bbox 2690 4092 2736 4147; x_wconf 89' lang='lat' dir='ltr'><strong>si</strong></span> <span class='ocrx_word' id='word_1_601' title='bbox 2772 4091 2976 4146; x_wconf 88' lang='lat' dir='ltr'><strong>diceret</strong></span> <span class='ocrx_word' id='word_1_602' title='bbox 3005 4108 3018 4146; x_wconf 91' lang='lat'><strong>:</strong></span> <span class='ocrx_word' id='word_1_603' title='bbox 3049 4099 3232 4160; x_wconf 88' lang='lat' dir='ltr'><strong>utpote</strong></span> <span class='ocrx_word' id='word_1_604' title='bbox 3265 4092 3388 4146; x_wconf 90' lang='lat' dir='ltr'><strong>dum</strong></span> <span class='ocrx_word' id='word_1_605' title='bbox 3420 4090 3620 4145; x_wconf 87' lang='lat' dir='ltr'><strong>habent</strong></span> <span class='ocrx_word' id='word_1_606' title='bbox 3653 4089 3795 4143; x_wconf 88' lang='lat' dir='ltr'><strong>inter</strong></span> 
     </span>
    </p>
   </div>
   <div class='ocr_carea' id='block_1_88' title="bbox 2208 4184 3796 4254">
    <p class='ocr_par' dir='ltr' id='par_1_88' title="bbox 2208 4184 3796 4254">
     <span class='ocr_line' id='line_1_88' title="bbox 2208 4184 3796 4254; baseline -0.003 -14"><span class='ocrx_word' id='word_1_607' title='bbox 2208 4185 2470 4240; x_wconf 84' lang='lat' dir='ltr'><strong>caelestes</strong></span> <span class='ocrx_word' id='word_1_608' title='bbox 2496 4185 2758 4241; x_wconf 87' lang='lat' dir='ltr'><strong>essentias</strong></span> <span class='ocrx_word' id='word_1_609' title='bbox 2783 4186 3048 4254; x_wconf 86' lang='lat' dir='ltr'><strong>quandam</strong></span> <span class='ocrx_word' id='word_1_610' title='bbox 3076 4184 3497 4254; x_wconf 84' lang='lat' dir='ltr'><strong>preprietatem,</strong></span> <span class='ocrx_word' id='word_1_611' title='bbox 3527 4197 3632 4252; x_wconf 79' lang='lat' dir='ltr'><strong>qua</strong></span> <span class='ocrx_word' id='word_1_612' title='bbox 3674 4198 3796 4252; x_wconf 87' lang='lat' dir='ltr'><strong>spe-</strong></span> 
     </span>
    </p>
   </div>
   <div class='ocr_carea' id='block_1_89' title="bbox 2206 4276 3797 4348">
    <p class='ocr_par' dir='ltr' id='par_1_89' title="bbox 2206 4276 3797 4348">
     <span class='ocr_line' id='line_1_89' title="bbox 2206 4276 3797 4348; baseline -0.001 -18"><span class='ocrx_word' id='word_1_613' title='bbox 2206 4277 2417 4332; x_wconf 83' lang='lat' dir='ltr'><strong>cialiter</strong></span> <span class='ocrx_word' id='word_1_614' title='bbox 2448 4278 2636 4348; x_wconf 86' lang='lat' dir='ltr'><strong>Angeli</strong></span> <span class='ocrx_word' id='word_1_615' title='bbox 2666 4278 3032 4341; x_wconf 85' lang='lat' dir='ltr'><strong>nominantur,</strong></span> <span class='ocrx_word' id='word_1_616' title='bbox 3056 4292 3195 4346; x_wconf 88' lang='lat' dir='ltr'><strong>quae</strong></span> <span class='ocrx_word' id='word_1_617' title='bbox 3237 4276 3336 4331; x_wconf 89' lang='lat' dir='ltr'><strong>soli</strong></span> <span class='ocrx_word' id='word_1_618' title='bbox 3381 4277 3660 4346; x_wconf 88' lang='lat' dir='ltr'><strong>guosticae</strong></span> <span class='ocrx_word' id='word_1_619' title='bbox 3686 4276 3797 4330; x_wconf 87' lang='lat' dir='ltr'><strong>vir-</strong></span> 
     </span>
    </p>
   </div>
   <div class='ocr_carea' id='block_1_90' title="bbox 2208 4367 3799 4438">
    <p class='ocr_par' dir='ltr' id='par_1_90' title="bbox 2208 4367 3799 4438">
     <span class='ocr_line' id='line_1_90' title="bbox 2208 4367 3799 4438; baseline -0.001 -17"><span class='ocrx_word' id='word_1_620' title='bbox 2208 4370 2308 4422; x_wconf 90' lang='lat' dir='ltr'><strong>tuti</strong></span> <span class='ocrx_word' id='word_1_621' title='bbox 2335 4370 2380 4401; x_wconf 81' lang='lat'>“</span> <span class='ocrx_word' id='word_1_622' title='bbox 2404 4369 2616 4438; x_wconf 83' lang='lat' dir='ltr'><strong>cognita</strong></span> <span class='ocrx_word' id='word_1_623' title='bbox 2645 4377 2750 4433; x_wconf 87' lang='lat' dir='ltr'><strong>est,</strong></span> <span class='ocrx_word' id='word_1_624' title='bbox 2774 4382 2870 4437; x_wconf 87' lang='lat' dir='ltr'><strong>per</strong></span> <span class='ocrx_word' id='word_1_625' title='bbox 2894 4384 3056 4438; x_wconf 89' lang='lat' dir='ltr'><strong>quam</strong></span> <span class='ocrx_word' id='word_1_626' title='bbox 3089 4368 3312 4438; x_wconf 88' lang='lat' dir='ltr'><strong>singulis</strong></span> <span class='ocrx_word' id='word_1_627' title='bbox 3336 4367 3654 4422; x_wconf 83' lang='lat' dir='ltr'><strong>caelestium</strong></span> <span class='ocrx_word' id='word_1_628' title='bbox 3680 4367 3799 4420; x_wconf 87' lang='lat' dir='ltr'><strong>aui-</strong></span> 
     </span>
    </p>
   </div>
   <div class='ocr_carea' id='block_1_91' title="bbox 513 4453 3793 4538">
    <p class='ocr_par' dir='ltr' id='par_1_91' title="bbox 513 4453 3793 4538">
     <span class='ocr_line' id='line_1_91' title="bbox 513 4453 3793 4538; baseline -0.001 -27"><span class='ocrx_word' id='word_1_629' title='bbox 513 4453 661 4507; x_wconf 85' lang='lat' dir='ltr'><strong>uium</strong></span> <span class='ocrx_word' id='word_1_630' title='bbox 690 4469 887 4509; x_wconf 82' lang='lat' dir='ltr'><strong>Causae</strong></span> <span class='ocrx_word' id='word_1_631' title='bbox 906 4496 922 4519; x_wconf 88' lang='lat'><strong>,</strong></span> <span class='ocrx_word' id='word_1_632' title='bbox 959 4457 1011 4510; x_wconf 91' lang='lat' dir='ltr'><strong>iu</strong></span> <span class='ocrx_word' id='word_1_633' title='bbox 1040 4457 1158 4526; x_wconf 84' lang='lat' dir='ltr'><strong>ejus</strong></span> <span class='ocrx_word' id='word_1_634' title='bbox 1187 4476 1313 4517; x_wconf 83' lang='lat' dir='ltr'><strong>vero</strong></span> <span class='ocrx_word' id='word_1_635' title='bbox 1339 4466 1751 4536; x_wconf 64' lang='lat' dir='ltr'><strong>participatione</strong></span> <span class='ocrx_word' id='word_1_636' title='bbox 1779 4470 2103 4538; x_wconf 72' lang='lat' dir='ltr'><strong>muiiipiices</strong></span> <span class='ocrx_word' id='word_1_637' title='bbox 2133 4460 2181 4519; x_wconf 77' lang='grc' dir='ltr'><strong>ι)</strong></span> <span class='ocrx_word' id='word_1_638' title='bbox 2208 4472 2418 4512; x_wconf 67' lang='lat' dir='ltr'><strong>uterum</strong></span> <span class='ocrx_word' id='word_1_639' title='bbox 2452 4457 2733 4511; x_wconf 85' lang='lat' dir='ltr'><strong>ordinibus</strong></span> <span class='ocrx_word' id='word_1_640' title='bbox 2770 4458 3129 4526; x_wconf 86' lang='lat' dir='ltr'><strong>proprietates</strong></span> <span class='ocrx_word' id='word_1_641' title='bbox 3155 4458 3537 4511; x_wconf 84' lang='lat' dir='ltr'><strong>discernuntur</strong></span> <span class='ocrx_word' id='word_1_642' title='bbox 3559 4455 3628 4516; x_wconf 77' lang='lat'><strong>”,</strong></span> <span class='ocrx_word' id='word_1_643' title='bbox 3679 4456 3793 4509; x_wconf 89' lang='lat' dir='ltr'><strong>dis—</strong></span> 
     </span>
    </p>
   </div>
   <div class='ocr_carea' id='block_1_92' title="bbox 512 4542 2103 4627">
    <p class='ocr_par' dir='ltr' id='par_1_92' title="bbox 512 4542 2103 4627">
     <span class='ocr_line' id='line_1_92' title="bbox 512 4542 2103 4627; baseline 0.013 -31"><span class='ocrx_word' id='word_1_644' title='bbox 512 4542 848 4597; x_wconf 82' lang='lat' dir='ltr'><strong>ascensionis</strong></span> <span class='ocrx_word' id='word_1_645' title='bbox 882 4552 939 4597; x_wconf 85' lang='lat' dir='ltr'><strong>et</strong></span> <span class='ocrx_word' id='word_1_646' title='bbox 970 4546 1339 4607; x_wconf 83' lang='lat' dir='ltr'><strong>descensionis</strong></span> <span class='ocrx_word' id='word_1_647' title='bbox 1364 4556 1565 4625; x_wconf 87' lang='lat' dir='ltr'><strong>gradus</strong></span> <span class='ocrx_word' id='word_1_648' title='bbox 1591 4559 1889 4627; x_wconf 88' lang='lat' dir='ltr'><strong>possidere.</strong></span> <span class='ocrx_word' id='word_1_649' title='bbox 1931 4559 2103 4616; x_wconf 85' lang='lat' dir='ltr'><strong>Unus-</strong></span> 
     </span>
    </p>
   </div>
   <div class='ocr_carea' id='block_1_93' title="bbox 514 4630 2100 4719">
    <p class='ocr_par' dir='ltr' id='par_1_93' title="bbox 514 4630 2100 4719">
     <span class='ocr_line' id='line_1_93' title="bbox 514 4630 2100 4719; baseline 0.015 -38"><span class='ocrx_word' id='word_1_650' title='bbox 514 4630 742 4701; x_wconf 80' lang='lat' dir='ltr'><strong>quisque</strong></span> <span class='ocrx_word' id='word_1_651' title='bbox 766 4632 912 4687; x_wconf 84' lang='lat' dir='ltr'><strong>enim</strong></span> <span class='ocrx_word' id='word_1_652' title='bbox 943 4634 1253 4693; x_wconf 84' lang='lat' dir='ltr'><strong>caelestium</strong></span> <span class='ocrx_word' id='word_1_653' title='bbox 1275 4644 1580 4701; x_wconf 84' lang='lat' dir='ltr'><strong>animorum</strong></span> <span class='ocrx_word' id='word_1_654' title='bbox 1611 4648 1744 4702; x_wconf 87' lang='lat' dir='ltr'><strong>ordo</strong></span> <span class='ocrx_word' id='word_1_655' title='bbox 1767 4647 1921 4719; x_wconf 84' lang='lat' dir='ltr'><strong>juxta</strong></span> <span class='ocrx_word' id='word_1_656' title='bbox 1949 4665 2100 4704; x_wconf 90' lang='lat' dir='ltr'><strong>suam</strong></span> 
     </span>
    </p>
   </div>
   <div class='ocr_carea' id='block_1_94' title="bbox 516 4719 2097 4810">
    <p class='ocr_par' dir='ltr' id='par_1_94' title="bbox 516 4719 2097 4810">
     <span class='ocr_line' id='line_1_94' title="bbox 516 4719 2097 4810; baseline 0.014 -36"><span class='ocrx_word' id='word_1_657' title='bbox 516 4719 822 4810; x_wconf 68' lang='lat' dir='ltr'><strong>apologiam</strong></span> <span class='ocrx_word' id='word_1_658' title='bbox 882 4723 1185 4781; x_wconf 79' lang='lat' dir='ltr'><strong>divinarum</strong></span> <span class='ocrx_word' id='word_1_659' title='bbox 1249 4730 1701 4793; x_wconf 87' lang='lat' dir='ltr'><strong>illuminationum</strong></span> <span class='ocrx_word' id='word_1_660' title='bbox 1767 4756 1940 4810; x_wconf 79' lang='lat' dir='ltr'><strong>capax</strong></span> <span class='ocrx_word' id='word_1_661' title='bbox 1995 4750 2097 4798; x_wconf 85' lang='lat' dir='ltr'><strong>est.</strong></span> 
     </span>
    </p>
   </div>
   <div class='ocr_carea' id='block_1_95' title="bbox 512 4804 2100 4887">
    <p class='ocr_par' dir='ltr' id='par_1_95' title="bbox 512 4804 2100 4887">
     <span class='ocr_line' id='line_1_95' title="bbox 512 4804 2100 4887; baseline 0.013 -25"><span class='ocrx_word' id='word_1_662' title='bbox 512 4804 701 4863; x_wconf 81' lang='lat' dir='ltr'><strong>Nullus</strong></span> <span class='ocrx_word' id='word_1_663' title='bbox 728 4817 911 4862; x_wconf 89' lang='lat' dir='ltr'><strong>autem</strong></span> <span class='ocrx_word' id='word_1_664' title='bbox 943 4810 1025 4864; x_wconf 90' lang='lat' dir='ltr'><strong>eis</strong></span> <span class='ocrx_word' id='word_1_665' title='bbox 1052 4813 1313 4881; x_wconf 86' lang='lat' dir='ltr'><strong>privatur,</strong></span> <span class='ocrx_word' id='word_1_666' title='bbox 1348 4824 1603 4887; x_wconf 89' lang='lat' dir='ltr'><strong>quoniam</strong></span> <span class='ocrx_word' id='word_1_667' title='bbox 1634 4826 1686 4880; x_wconf 91' lang='lat' dir='ltr'><strong>in</strong></span> <span class='ocrx_word' id='word_1_668' title='bbox 1733 4804 1921 4885; x_wconf 78' lang='lat' dir='ltr'><strong>omnes</strong></span> <span class='ocrx_word' id='word_1_669' title='bbox 1947 4845 2100 4885; x_wconf 87' lang='lat' dir='ltr'><strong>com-</strong></span> 
     </span>
    </p>
   </div>
   <div class='ocr_carea' id='block_1_96' title="bbox 512 4896 2095 4986">
    <p class='ocr_par' dir='ltr' id='par_1_96' title="bbox 512 4896 2095 4986">
     <span class='ocr_line' id='line_1_96' title="bbox 512 4896 2095 4986; baseline 0.012 -33"><span class='ocrx_word' id='word_1_670' title='bbox 512 4896 755 4954; x_wconf 84' lang='lat' dir='ltr'><strong>muniter</strong></span> <span class='ocrx_word' id='word_1_671' title='bbox 780 4896 1111 4956; x_wconf 85' lang='lat' dir='ltr'><strong>ditl‘unditur.</strong></span> <span class='ocrx_word' id='word_1_672' title='bbox 1158 4902 1292 4959; x_wconf 84' lang='lat' dir='ltr'><strong>Nam</strong></span> <span class='ocrx_word' id='word_1_673' title='bbox 1317 4918 1374 4962; x_wconf 93' lang='lat' dir='ltr'><strong>et</strong></span> <span class='ocrx_word' id='word_1_674' title='bbox 1406 4924 1501 4964; x_wconf 88' lang='lat' dir='ltr'><strong>aer</strong></span> <span class='ocrx_word' id='word_1_675' title='bbox 1522 4920 1577 4966; x_wconf 88' lang='lat' dir='ltr'><strong>et</strong></span> <span class='ocrx_word' id='word_1_676' title='bbox 1604 4928 1742 4970; x_wconf 84' lang='lat' dir='ltr'><strong>aoua</strong></span> <span class='ocrx_word' id='word_1_677' title='bbox 1772 4925 2095 4986; x_wconf 84' lang='lat' dir='ltr'><strong>terrenaque</strong></span> 
     </span>
    </p>
   </div>
   <div class='ocr_carea' id='block_1_97' title="bbox 2207 4544 3795 4618">
    <p class='ocr_par' dir='ltr' id='par_1_97' title="bbox 2207 4544 3795 4618">
     <span class='ocr_line' id='line_1_97' title="bbox 2207 4544 3795 4618; baseline -0.004 -15"><span class='ocrx_word' id='word_1_678' title='bbox 2207 4549 2532 4603; x_wconf 89' lang='lat' dir='ltr'><strong>tribuuntur.</strong></span> <span class='ocrx_word' id='word_1_679' title='bbox 2581 4547 2839 4618; x_wconf 86' lang='lat' dir='ltr'><strong>Sequitur</strong></span> <span class='ocrx_word' id='word_1_680' title='bbox 2872 4568 2884 4603; x_wconf 92' lang='lat'>:</span> <span class='ocrx_word' id='word_1_681' title='bbox 2918 4548 2965 4580; x_wconf 75' lang='lat'>”</span> <span class='ocrx_word' id='word_1_682' title='bbox 2992 4547 3058 4600; x_wconf 85' lang='lat' dir='ltr'><strong>Et</strong></span> <span class='ocrx_word' id='word_1_683' title='bbox 3082 4548 3247 4617; x_wconf 68' lang='lat' dir='ltr'><strong>&quot;regis</strong></span> <span class='ocrx_word' id='word_1_684' title='bbox 3286 4546 3426 4617; x_wconf 81' lang='lat' dir='ltr'><strong>apud</strong></span> <span class='ocrx_word' id='word_1_685' title='bbox 3480 4561 3574 4598; x_wconf 85' lang='lat' dir='ltr'><strong>nos</strong></span> <span class='ocrx_word' id='word_1_686' title='bbox 3610 4544 3795 4613; x_wconf 77' lang='lat' dir='ltr'><strong>Angeli</strong></span> 
     </span>
    </p>
   </div>
   <div class='ocr_carea' id='block_1_98' title="bbox 2202 4635 3796 4713">
    <p class='ocr_par' dir='ltr' id='par_1_98' title="bbox 2202 4635 3796 4713">
     <span class='ocr_line' id='line_1_98' title="bbox 2202 4635 3796 4713; baseline -0.005 -18"><span class='ocrx_word' id='word_1_687' title='bbox 2202 4658 2361 4713; x_wconf 87' lang='lat' dir='ltr'><strong>quam</strong></span> <span class='ocrx_word' id='word_1_688' title='bbox 2383 4643 2584 4712; x_wconf 78' lang='lat' dir='ltr'><strong>priores</strong></span> <span class='ocrx_word' id='word_1_689' title='bbox 2605 4643 2775 4711; x_wconf 82' lang='lat' dir='ltr'><strong>aptius</strong></span> <span class='ocrx_word' id='word_1_690' title='bbox 2804 4642 3078 4705; x_wconf 85' lang='lat' dir='ltr'><strong>nominati,</strong></span> <span class='ocrx_word' id='word_1_691' title='bbox 3107 4649 3358 4710; x_wconf 86' lang='lat' dir='ltr'><strong>quantum</strong></span> <span class='ocrx_word' id='word_1_692' title='bbox 3390 4646 3440 4690; x_wconf 87' lang='lat' dir='ltr'><strong>et</strong></span> <span class='ocrx_word' id='word_1_693' title='bbox 3469 4637 3607 4689; x_wconf 85' lang='lat' dir='ltr'><strong>circa</strong></span> <span class='ocrx_word' id='word_1_694' title='bbox 3634 4635 3796 4705; x_wconf 82' lang='lat' dir='ltr'><strong>signi-</strong></span> 
     </span>
    </p>
   </div>
   <div class='ocr_carea' id='block_1_99' title="bbox 2203 4729 3789 4801">
    <p class='ocr_par' dir='ltr' id='par_1_99' title="bbox 2203 4729 3789 4801">
     <span class='ocr_line' id='line_1_99' title="bbox 2203 4729 3789 4801; baseline -0.003 -18"><span class='ocrx_word' id='word_1_695' title='bbox 2203 4730 2449 4799; x_wconf 84' lang='lat' dir='ltr'><strong>ﬁcantius</strong></span> <span class='ocrx_word' id='word_1_696' title='bbox 2478 4731 2604 4801; x_wconf 77' lang='lat' dir='ltr'><strong>ipsis</strong></span> <span class='ocrx_word' id='word_1_697' title='bbox 2636 4742 2709 4785; x_wconf 87' lang='lat' dir='ltr'><strong>est</strong></span> <span class='ocrx_word' id='word_1_698' title='bbox 2734 4732 3013 4794; x_wconf 84' lang='lat' dir='ltr'><strong>ierarchia,</strong></span> <span class='ocrx_word' id='word_1_699' title='bbox 3055 4742 3103 4784; x_wconf 84' lang='lat' dir='ltr'><strong>et</strong></span> <span class='ocrx_word' id='word_1_700' title='bbox 3146 4729 3310 4799; x_wconf 86' lang='lat' dir='ltr'><strong>magis</strong></span> <span class='ocrx_word' id='word_1_701' title='bbox 3350 4729 3789 4782; x_wconf 82' lang='lat' dir='ltr'><strong>circumornatus.</strong></span> 
     </span>
    </p>
   </div>
   <div class='ocr_carea' id='block_1_100' title="bbox 2204 4817 3793 4885">
    <p class='ocr_par' dir='ltr' id='par_1_100' title="bbox 2204 4817 3793 4885">
     <span class='ocr_line' id='line_1_100' title="bbox 2204 4817 3793 4885; baseline -0.002 -11"><span class='ocrx_word' id='word_1_702' title='bbox 2204 4820 2359 4876; x_wconf 82' lang='lat' dir='ltr'><strong>Nunc</strong></span> <span class='ocrx_word' id='word_1_703' title='bbox 2398 4823 2664 4876; x_wconf 86' lang='lat' dir='ltr'><strong>rationem</strong></span> <span class='ocrx_word' id='word_1_704' title='bbox 2695 4822 2747 4855; x_wconf 76' lang='lat'>“</span> <span class='ocrx_word' id='word_1_705' title='bbox 2796 4821 2991 4885; x_wconf 88' lang='lat' dir='ltr'><strong>reddit,</strong></span> <span class='ocrx_word' id='word_1_706' title='bbox 3041 4835 3140 4875; x_wconf 90' lang='lat' dir='ltr'><strong>cur</strong></span> <span class='ocrx_word' id='word_1_707' title='bbox 3192 4820 3237 4851; x_wconf 79' lang='grc'>⁸⁸</span> <span class='ocrx_word' id='word_1_708' title='bbox 3294 4834 3482 4875; x_wconf 88' lang='lat' dir='ltr'><strong>omnes</strong></span> <span class='ocrx_word' id='word_1_709' title='bbox 3528 4817 3793 4874; x_wconf 84' lang='lat' dir='ltr'><strong>caelestes</strong></span> 
     </span>
    </p>
   </div>
   <div class='ocr_carea' id='block_1_101' title="bbox 2202 4913 3790 4986">
    <p class='ocr_par' dir='ltr' id='par_1_101' title="bbox 2202 4913 3790 4986">
     <span class='ocr_line' id='line_1_101' title="bbox 2202 4913 3790 4986; baseline 0 -19"><span class='ocrx_word' id='word_1_710' title='bbox 2202 4914 2469 4968; x_wconf 88' lang='lat' dir='ltr'><strong>essentiae</strong></span> <span class='ocrx_word' id='word_1_711' title='bbox 2494 4929 2524 4967; x_wconf 90' lang='lat' dir='ltr'><strong>a</strong></span> <span class='ocrx_word' id='word_1_712' title='bbox 2555 4915 2815 4986; x_wconf 80' lang='lat' dir='ltr'><strong>theologis</strong></span> <span class='ocrx_word' id='word_1_713' title='bbox 2829 4914 3341 4986; x_wconf 84' lang='lat' dir='ltr'><strong>angeligeneraliter</strong></span> <span class='ocrx_word' id='word_1_714' title='bbox 3363 4913 3697 4985; x_wconf 88' lang='lat' dir='ltr'><strong>appellentur</strong></span> <span class='ocrx_word' id='word_1_715' title='bbox 3720 4913 3790 4975; x_wconf 74' lang='grc'><strong>’⁷,</strong></span> 
     </span>
    </p>
   </div>
   <div class='ocr_carea' id='block_1_102' title="bbox 1827 5059 2517 5116">
    <p class='ocr_par' dir='ltr' id='par_1_102' title="bbox 1827 5059 2517 5116">
     <span class='ocr_line' id='line_1_102' title="bbox 1827 5059 2517 5116; baseline 0.004 -3"><span class='ocrx_word' id='word_1_716' title='bbox 1827 5059 1909 5114; x_wconf 75' lang='lat' dir='ltr'><strong>VA</strong></span> <span class='ocrx_word' id='word_1_717' title='bbox 1921 5060 2078 5115; x_wconf 67' lang='lat' dir='ltr'><strong>lilAE</strong></span> <span class='ocrx_word' id='word_1_718' title='bbox 2116 5059 2517 5116; x_wconf 83' lang='lat' dir='ltr'><strong>LECTIONES.</strong></span> 
     </span>
    </p>
   </div>
   <div class='ocr_carea' id='block_1_103' title="bbox 543 5162 3793 5294">
    <p class='ocr_par' dir='ltr' id='par_1_103' title="bbox 543 5162 3793 5294">
     <span class='ocr_line' id='line_1_103' title="bbox 588 5162 3793 5294; baseline 0.002 -92"><span class='ocrx_word' id='word_1_719' title='bbox 588 5168 606 5202; x_wconf 68' lang='grc' dir='ltr'>ι</span> <span class='ocrx_word' id='word_1_720' title='bbox 635 5162 884 5230; x_wconf 87' lang='lat' dir='ltr'><strong>Emend.,</strong></span> <span class='ocrx_word' id='word_1_721' title='bbox 913 5177 1013 5246; x_wconf 82' lang='lat' dir='ltr'><strong>pro</strong></span> <span class='ocrx_word' id='word_1_722' title='bbox 1043 5176 1092 5222; x_wconf 91' lang='lat' dir='ltr'><strong>et</strong></span> <span class='ocrx_word' id='word_1_723' title='bbox 1127 5169 1258 5227; x_wconf 84' lang='lat' dir='ltr'><strong>ABC</strong></span> <span class='ocrx_word' id='word_1_724' title='bbox 1287 5183 1363 5229; x_wconf 86' lang='lat' dir='ltr'><strong>ut.</strong></span> <span class='ocrx_word' id='word_1_725' title='bbox 1440 5178 1461 5208; x_wconf 82' lang='grc'><strong><em>²</em></strong></span> <span class='ocrx_word' id='word_1_726' title='bbox 1489 5176 1760 5245; x_wconf 78' lang='lat' dir='ltr'><strong>SieC,AB</strong></span> <span class='ocrx_word' id='word_1_727' title='bbox 1784 5180 2079 5247; x_wconf 81' lang='lat' dir='ltr'><strong>uiuiﬁcant.</strong></span> <span class='ocrx_word' id='word_1_728' title='bbox 2155 5178 2280 5232; x_wconf 75' lang='grc' dir='ltr'><strong>ἈΒ</strong></span> <span class='ocrx_word' id='word_1_729' title='bbox 2312 5178 2589 5248; x_wconf 76' lang='lat' dir='ltr'><strong>ypofetico,</strong></span> <span class='ocrx_word' id='word_1_730' title='bbox 2622 5178 2702 5233; x_wconf 89' lang='lat' dir='ltr'><strong>sic</strong></span> <span class='ocrx_word' id='word_1_731' title='bbox 2725 5178 2928 5248; x_wconf 88' lang='lat' dir='ltr'><strong>ubique</strong></span> <span class='ocrx_word' id='word_1_732' title='bbox 2951 5175 3233 5294; x_wconf 55' lang='lat' dir='ltr'><strong>;B‘marg).</strong></span> <span class='ocrx_word' id='word_1_733' title='bbox 3261 5175 3441 5229; x_wconf 86' lang='lat' dir='ltr'><strong>adscr.</strong></span> <span class='ocrx_word' id='word_1_734' title='bbox 3460 5170 3793 5294; x_wconf 59' lang='lat' dir='ltr'><strong>5.8.ﬁl‘Op/ie-</strong></span> 
     </span>
     <span class='ocr_line' id='line_1_104' title="bbox 543 5234 3793 5294; baseline -0.001 0"><span class='ocrx_word' id='word_1_735' title='bbox 543 5234 1023 5294; x_wconf 72' lang='grc' dir='ltr'><strong>ἰεο.ϐυνου1ιειιεο.</strong></span> <span class='ocrx_word' id='word_1_736' title='bbox 1099 5238 1192 5294; x_wconf 54' lang='grc' dir='ltr'><strong>⁵Β.</strong></span> <span class='ocrx_word' id='word_1_737' title='bbox 1214 5245 1939 5294; x_wconf 72' lang='lat' dir='ltr'><strong>l&#39;atl.cm‘l&#39;_mmmmlmndum</strong></span> <span class='ocrx_word' id='word_1_738' title='bbox 1960 5250 2075 5294; x_wconf 79' lang='lat' dir='ltr'><strong>fuit-</strong></span> <span class='ocrx_word' id='word_1_739' title='bbox 2093 5248 2380 5294; x_wconf 76' lang='lat' dir='ltr'><strong>Cmmmnd</strong></span> <span class='ocrx_word' id='word_1_740' title='bbox 2405 5255 2632 5294; x_wconf 77' lang='lat' dir='ltr'><strong>modum-</strong></span> <span class='ocrx_word' id='word_1_741' title='bbox 2713 5250 2732 5280; x_wconf 78' lang='grc'><strong><em>⁵</em></strong></span> <span class='ocrx_word' id='word_1_742' title='bbox 2750 5249 2972 5294; x_wconf 66' lang='lat' dir='ltr'><strong>“marg.</strong></span> <span class='ocrx_word' id='word_1_743' title='bbox 2991 5248 3165 5294; x_wconf 77' lang='lat' dir='ltr'><strong>miser-</strong></span> <span class='ocrx_word' id='word_1_744' title='bbox 3237 5244 3454 5294; x_wconf 74' lang='lat' dir='ltr'><strong>uacatio.</strong></span> <span class='ocrx_word' id='word_1_745' title='bbox 3532 5243 3553 5273; x_wconf 76' lang='grc'>⁸</span> <span class='ocrx_word' id='word_1_746' title='bbox 3636 5256 3793 5294; x_wconf 76' lang='lat' dir='ltr'><strong>neque</strong></span> 
     </span>
    </p>
   </div>
   <div class='ocr_carea' id='block_1_104' title="bbox 515 5191 3230 5320">
    <p class='ocr_par' dir='ltr' id='par_1_104' title="bbox 515 5191 3230 5320">
     <span class='ocr_line' id='line_1_105' title="bbox 590 5191 3230 5248; baseline -0.002 -17"><span class='ocrx_word' id='word_1_747' title='bbox 590 5191 606 5202; x_wconf 92' lang='lat'>&#39;</span> <span class='ocrx_word' id='word_1_748' title='bbox 636 5191 884 5230; x_wconf 71' lang='grc' dir='ltr'>ωιιυιιιιοο</span> <span class='ocrx_word' id='word_1_749' title='bbox 915 5191 1013 5246; x_wconf 46' lang='grc' dir='ltr'><strong>ιξιίυ</strong></span> <span class='ocrx_word' id='word_1_750' title='bbox 1043 5191 1092 5222; x_wconf 78' lang='grc' dir='ltr'><strong><em>ει</em></strong></span> <span class='ocrx_word' id='word_1_751' title='bbox 1127 5191 1258 5227; x_wconf 71' lang='lat' dir='ltr'><strong>ADL.</strong></span> <span class='ocrx_word' id='word_1_752' title='bbox 1287 5191 1363 5229; x_wconf 85' lang='lat' dir='ltr'><strong>ut.</strong></span> <span class='ocrx_word' id='word_1_753' title='bbox 1440 5191 1461 5208; x_wconf 70' lang='grc' dir='ltr'>ι</span> <span class='ocrx_word' id='word_1_754' title='bbox 1489 5191 1579 5234; x_wconf 78' lang='lat' dir='ltr'><strong>Stc</strong></span> <span class='ocrx_word' id='word_1_755' title='bbox 1594 5191 1760 5245; x_wconf 50' lang='lat' dir='ltr'><strong>p.115</strong></span> <span class='ocrx_word' id='word_1_756' title='bbox 1784 5191 2079 5247; x_wconf 77' lang='lat' dir='ltr'><strong>uiui/want.</strong></span> <span class='ocrx_word' id='word_1_757' title='bbox 2155 5191 2280 5232; x_wconf 77' lang='grc' dir='ltr'><strong>ἈΒ</strong></span> <span class='ocrx_word' id='word_1_758' title='bbox 2312 5191 2589 5248; x_wconf 74' lang='lat' dir='ltr'><strong>ypoiettco,</strong></span> <span class='ocrx_word' id='word_1_759' title='bbox 2622 5193 2702 5233; x_wconf 73' lang='lat' dir='ltr'><strong>sne</strong></span> <span class='ocrx_word' id='word_1_760' title='bbox 2725 5191 2928 5248; x_wconf 79' lang='lat' dir='ltr'><strong>ubique</strong></span> <span class='ocrx_word' id='word_1_761' title='bbox 2951 5191 3045 5241; x_wconf 66' lang='lat' dir='ltr'><strong>ur</strong></span> <span class='ocrx_word' id='word_1_762' title='bbox 3063 5191 3148 5230; x_wconf 89' lang='lat' dir='ltr'><strong>ma</strong></span> <span class='ocrx_word' id='word_1_763' title='bbox 3220 5215 3230 5227; x_wconf 91' lang='lat'><strong>.</strong></span> 
     </span>
     <span class='ocr_line' id='line_1_106' title="bbox 515 5191 3230 5320; baseline 0.001 -23"><span class='ocrx_word' id='word_1_764' title='bbox 515 5234 1023 5320; x_wconf 55' lang='lat' dir='ltr'><strong>tic0.CPr0P’_lfff€q:</strong></span> <span class='ocrx_word' id='word_1_765' title='bbox 1075 5238 1192 5320; x_wconf 40' lang='grc' dir='ltr'><strong>λβ.</strong></span> <span class='ocrx_word' id='word_1_766' title='bbox 1214 5245 1940 5320; x_wconf 73' lang='lat' dir='ltr'><strong>rad.corr.quemadmodum</strong></span> <span class='ocrx_word' id='word_1_767' title='bbox 1957 5248 2380 5320; x_wconf 82' lang='lat' dir='ltr'><strong>[uit.Cquemad</strong></span> <span class='ocrx_word' id='word_1_768' title='bbox 2405 5255 2632 5320; x_wconf 76' lang='lat' dir='ltr'><strong>modum.</strong></span> <span class='ocrx_word' id='word_1_769' title='bbox 2713 5250 2732 5280; x_wconf 80' lang='grc'><strong><em>⁵</em></strong></span> <span class='ocrx_word' id='word_1_770' title='bbox 2750 5249 2972 5320; x_wconf 85' lang='lat' dir='ltr'><strong>Bmarg.</strong></span> <span class='ocrx_word' id='word_1_771' title='bbox 2991 5191 3230 5320; x_wconf 48' lang='lat' dir='ltr'><strong>atlscrrz</strong></span> 
     </span>
    </p>
   </div>
   <div class='ocr_carea' id='block_1_105' title="bbox 3237 5243 3795 5309">
    <p class='ocr_par' dir='ltr' id='par_1_105' title="bbox 3237 5243 3795 5309">
     <span class='ocr_line' id='line_1_107' title="bbox 3237 5243 3795 5309; baseline -0.009 -12"><span class='ocrx_word' id='word_1_772' title='bbox 3237 5244 3454 5298; x_wconf 71' lang='lat' dir='ltr'><strong>uacatio.</strong></span> <span class='ocrx_word' id='word_1_773' title='bbox 3532 5243 3553 5273; x_wconf 78' lang='grc'>⁸</span> <span class='ocrx_word' id='word_1_774' title='bbox 3574 5243 3615 5294; x_wconf 88' lang='grc' dir='ltr'><strong>Β</strong></span> <span class='ocrx_word' id='word_1_775' title='bbox 3636 5256 3795 5309; x_wconf 80' lang='lat' dir='ltr'><strong>neque</strong></span> 
     </span>
    </p>
   </div>
   <div class='ocr_carea' id='block_1_106' title="bbox 584 5304 3789 5388">
    <p class='ocr_par' dir='ltr' id='par_1_106' title="bbox 584 5304 3789 5388">
     <span class='ocr_line' id='line_1_108' title="bbox 584 5304 3789 5388; baseline -0.001 -28"><span class='ocrx_word' id='word_1_776' title='bbox 584 5304 764 5388; x_wconf 59' lang='lat' dir='ltr'><strong>tentes.</strong></span> <span class='ocrx_word' id='word_1_777' title='bbox 840 5305 861 5336; x_wconf 76' lang='grc'><strong>⁷</strong></span> <span class='ocrx_word' id='word_1_778' title='bbox 878 5304 970 5359; x_wconf 86' lang='lat' dir='ltr'><strong>Sic</strong></span> <span class='ocrx_word' id='word_1_779' title='bbox 983 5306 1042 5388; x_wconf 59' lang='grc' dir='ltr'><strong>(ᾇ,</strong></span> <span class='ocrx_word' id='word_1_780' title='bbox 1061 5309 1148 5362; x_wconf 83' lang='grc' dir='ltr'><strong>ΑΒ</strong></span> <span class='ocrx_word' id='word_1_781' title='bbox 1162 5314 1401 5388; x_wconf 76' lang='lat' dir='ltr'><strong>colligae.</strong></span> <span class='ocrx_word' id='word_1_782' title='bbox 1476 5320 1497 5350; x_wconf 80' lang='grc'><strong><em>⁸</em></strong></span> <span class='ocrx_word' id='word_1_783' title='bbox 1513 5304 1604 5373; x_wconf 73' lang='lat' dir='ltr'><strong>Sic</strong></span> <span class='ocrx_word' id='word_1_784' title='bbox 1618 5320 1657 5375; x_wconf 89' lang='lat' dir='ltr'>C</span> <span class='ocrx_word' id='word_1_785' title='bbox 1671 5329 1723 5374; x_wconf 84' lang='lat' dir='ltr'><strong>et</strong></span> <span class='ocrx_word' id='word_1_786' title='bbox 1739 5335 1880 5374; x_wconf 83' lang='lat' dir='ltr'><strong>corr.</strong></span> <span class='ocrx_word' id='word_1_787' title='bbox 1898 5304 1978 5381; x_wconf 49' lang='lat' dir='ltr'><strong>B&#39;I.</strong></span> <span class='ocrx_word' id='word_1_788' title='bbox 1998 5335 2094 5388; x_wconf 85' lang='lat' dir='ltr'><strong>pro</strong></span> <span class='ocrx_word' id='word_1_789' title='bbox 2108 5304 2197 5373; x_wconf 55' lang='lat' dir='ltr'><strong>sc&#39;u</strong></span> <span class='ocrx_word' id='word_1_790' title='bbox 2213 5319 2449 5372; x_wconf 80' lang='lat' dir='ltr'><strong>similiter</strong></span> <span class='ocrx_word' id='word_1_791' title='bbox 2461 5322 2498 5371; x_wconf 81' lang='grc' dir='ltr'>Α</span> <span class='ocrx_word' id='word_1_792' title='bbox 2510 5319 2548 5371; x_wconf 86' lang='grc' dir='ltr'>Β</span> <span class='ocrx_word' id='word_1_793' title='bbox 2562 5336 2614 5372; x_wconf 81' lang='lat' dir='ltr'><strong>se</strong></span> <span class='ocrx_word' id='word_1_794' title='bbox 2638 5304 2950 5372; x_wconf 50' lang='lat' dir='ltr'><strong>humiliter.”</strong></span> <span class='ocrx_word' id='word_1_795' title='bbox 3001 5317 3021 5348; x_wconf 85' lang='grc'><strong><em>⁹</em></strong></span> <span class='ocrx_word' id='word_1_796' title='bbox 3037 5317 3076 5369; x_wconf 88' lang='lat' dir='ltr'><strong>B</strong></span> <span class='ocrx_word' id='word_1_797' title='bbox 3091 5304 3500 5388; x_wconf 59' lang='lat' dir='ltr'><strong>nequepoteutes.</strong></span> <span class='ocrx_word' id='word_1_798' title='bbox 3579 5304 3789 5388; x_wconf 35' lang='lat' dir='ltr'><strong>‘iCo&#39;rr.</strong></span> 
     </span>
    </p>
   </div>
   <div class='ocr_carea' id='block_1_107' title="bbox 565 5379 1727 5457">
    <p class='ocr_par' dir='ltr' id='par_1_107' title="bbox 565 5379 1727 5457">
     <span class='ocr_line' id='line_1_109' title="bbox 565 5379 1727 5457; baseline 0.01 -26"><span class='ocrx_word' id='word_1_799' title='bbox 565 5422 579 5446; x_wconf 89' lang='lat'><strong>,</strong></span> <span class='ocrx_word' id='word_1_800' title='bbox 618 5379 706 5457; x_wconf 72' lang='lat' dir='ltr'><strong>AB</strong></span> <span class='ocrx_word' id='word_1_801' title='bbox 739 5390 910 5457; x_wconf 63' lang='lat' dir='ltr'><strong>neque</strong></span> <span class='ocrx_word' id='word_1_802' title='bbox 932 5387 1227 5457; x_wconf 64' lang='lat' dir='ltr'><strong>potestates.</strong></span> <span class='ocrx_word' id='word_1_803' title='bbox 1264 5379 1327 5449; x_wconf 84' lang='lat' dir='ltr'><strong>C,</strong></span> <span class='ocrx_word' id='word_1_804' title='bbox 1355 5400 1727 5457; x_wconf 75' lang='lat' dir='ltr'><strong>cquepotemes.</strong></span> 
     </span>
    </p>
   </div>
   <div class='ocr_carea' id='block_1_108' title="bbox 519 5444 1772 5557">
    <p class='ocr_par' dir='ltr' id='par_1_108' title="bbox 519 5444 1772 5557">
     <span class='ocr_line' id='line_1_110' title="bbox 519 5444 1772 5557; baseline 0.006 -59"><span class='ocrx_word' id='word_1_805' title='bbox 519 5444 573 5482; x_wconf 27' lang='grc'><strong>⁸³⁷</strong></span> <span class='ocrx_word' id='word_1_806' title='bbox 610 5444 943 5517; x_wconf 79' lang='lat' dir='ltr'><strong>pulchritudo</strong></span> <span class='ocrx_word' id='word_1_807' title='bbox 985 5460 1091 5503; x_wconf 90' lang='lat' dir='ltr'><strong>0m.</strong></span> <span class='ocrx_word' id='word_1_808' title='bbox 1132 5449 1192 5517; x_wconf 78' lang='grc' dir='ltr'><em>Β,</em></span> <span class='ocrx_word' id='word_1_809' title='bbox 1218 5444 1404 5557; x_wconf 46' lang='lat' dir='ltr'><strong>marg:</strong></span> <span class='ocrx_word' id='word_1_810' title='bbox 1442 5444 1618 5513; x_wconf 57' lang='lat' dir='ltr'><strong>adscr.</strong></span> <span class='ocrx_word' id='word_1_811' title='bbox 1666 5458 1705 5511; x_wconf 88' lang='grc' dir='ltr'><strong>Β</strong></span> <span class='ocrx_word' id='word_1_812' title='bbox 1736 5460 1772 5511; x_wconf 83' lang='grc'><strong>”.</strong></span> 
     </span>
     <span class='ocr_line' id='line_1_111' title="bbox 519 5512 1761 5557; baseline 0 0"><span class='ocrx_word' id='word_1_813' title='bbox 519 5519 743 5557; x_wconf 70' lang='lat' dir='ltr'><strong>nntium.</strong></span> <span class='ocrx_word' id='word_1_814' title='bbox 852 5512 867 5540; x_wconf 75' lang='grc'>³</span> <span class='ocrx_word' id='word_1_815' title='bbox 923 5512 964 5557; x_wconf 72' lang='grc' dir='ltr'><em>Π</em></span> <span class='ocrx_word' id='word_1_816' title='bbox 992 5532 1225 5557; x_wconf 68' lang='lat' dir='ltr'><strong>rnatum.</strong></span> <span class='ocrx_word' id='word_1_817' title='bbox 1370 5527 1391 5557; x_wconf 81' lang='lat'><strong><em>8</em></strong></span> <span class='ocrx_word' id='word_1_818' title='bbox 1416 5527 1455 5557; x_wconf 82' lang='lat' dir='ltr'><strong>n</strong></span> <span class='ocrx_word' id='word_1_819' title='bbox 1487 5531 1502 5547; x_wconf 84' lang='grc'><strong>·</strong></span> <span class='ocrx_word' id='word_1_820' title='bbox 1536 5542 1685 5557; x_wconf 67' lang='lat' dir='ltr'><strong>mm...</strong></span> <span class='ocrx_word' id='word_1_821' title='bbox 1738 5544 1761 5557; x_wconf 72' lang='grc' dir='ltr'>η</span> 
     </span>
    </p>
   </div>
   <div class='ocr_carea' id='block_1_109' title="bbox 517 5512 1391 5579">
    <p class='ocr_par' dir='ltr' id='par_1_109' title="bbox 517 5512 1391 5579">
     <span class='ocr_line' id='line_1_112' title="bbox 517 5512 1391 5579; baseline -0.018 -7"><span class='ocrx_word' id='word_1_822' title='bbox 517 5512 743 5572; x_wconf 74' lang='lat' dir='ltr'><strong>radium.</strong></span> <span class='ocrx_word' id='word_1_823' title='bbox 852 5512 867 5540; x_wconf 85' lang='grc'>¹</span> <span class='ocrx_word' id='word_1_824' title='bbox 923 5512 1242 5579; x_wconf 67' lang='grc' dir='ltr'><strong>(Σενειιωὶιε,</strong></span> <span class='ocrx_word' id='word_1_825' title='bbox 1338 5512 1391 5557; x_wconf 72' lang='grc' dir='ltr'><strong>ἵε</strong></span> 
     </span>
    </p>
   </div>
   <div class='ocr_carea' id='block_1_110' title="bbox 1809 5389 2941 5459">
    <p class='ocr_par' dir='ltr' id='par_1_110' title="bbox 1809 5389 2941 5459">
     <span class='ocr_line' id='line_1_113' title="bbox 1809 5389 2941 5459; baseline -0.003 -17"><span class='ocrx_word' id='word_1_826' title='bbox 1809 5389 1850 5418; x_wconf 86' lang='lat'>“</span> <span class='ocrx_word' id='word_1_827' title='bbox 1886 5390 1976 5459; x_wconf 76' lang='lat' dir='ltr'><strong>Sic</strong></span> <span class='ocrx_word' id='word_1_828' title='bbox 2021 5389 2061 5444; x_wconf 91' lang='lat' dir='ltr'>C</span> <span class='ocrx_word' id='word_1_829' title='bbox 2091 5398 2146 5444; x_wconf 92' lang='lat' dir='ltr'><strong>et</strong></span> <span class='ocrx_word' id='word_1_830' title='bbox 2172 5389 2287 5443; x_wconf 88' lang='lat' dir='ltr'><strong>rad.</strong></span> <span class='ocrx_word' id='word_1_831' title='bbox 2320 5404 2463 5442; x_wconf 89' lang='lat' dir='ltr'><strong>corr.</strong></span> <span class='ocrx_word' id='word_1_832' title='bbox 2495 5389 2566 5456; x_wconf 85' lang='lat' dir='ltr'><strong>B;</strong></span> <span class='ocrx_word' id='word_1_833' title='bbox 2599 5390 2641 5441; x_wconf 81' lang='grc' dir='ltr'><strong>Α</strong></span> <span class='ocrx_word' id='word_1_834' title='bbox 2671 5389 2941 5459; x_wconf 69' lang='lat' dir='ltr'><strong>expressit.</strong></span> 
     </span>
    </p>
   </div>
   <div class='ocr_carea' id='block_1_111' title="bbox 1853 5458 2148 5524">
    <p class='ocr_par' dir='ltr' id='par_1_111' title="bbox 1853 5458 2148 5524">
     <span class='ocr_line' id='line_1_114' title="bbox 1853 5458 2148 5524; baseline 0.003 -11"><span class='ocrx_word' id='word_1_835' title='bbox 1853 5459 1895 5489; x_wconf 70' lang='lat'>“</span> <span class='ocrx_word' id='word_1_836' title='bbox 1920 5458 2010 5513; x_wconf 91' lang='lat' dir='ltr'><strong>Sic</strong></span> <span class='ocrx_word' id='word_1_837' title='bbox 2040 5459 2148 5524; x_wconf 84' lang='lat' dir='ltr'><strong>AC,</strong></span> 
     </span>
    </p>
   </div>
   <div class='ocr_carea' id='block_1_112' title="bbox 2176 5456 3416 5528">
    <p class='ocr_par' dir='ltr' id='par_1_112' title="bbox 2176 5456 3416 5528">
     <span class='ocr_line' id='line_1_115' title="bbox 2176 5456 3416 5528; baseline -0.006 -17"><span class='ocrx_word' id='word_1_838' title='bbox 2176 5472 2274 5528; x_wconf 89' lang='lat' dir='ltr'><strong>pro</strong></span> <span class='ocrx_word' id='word_1_839' title='bbox 2301 5469 2373 5513; x_wconf 84' lang='lat' dir='ltr'><strong>est</strong></span> <span class='ocrx_word' id='word_1_840' title='bbox 2400 5459 2546 5528; x_wconf 81' lang='lat' dir='ltr'><strong>enim</strong></span> <span class='ocrx_word' id='word_1_841' title='bbox 2581 5459 2621 5528; x_wconf 83' lang='grc' dir='ltr'>Β</span> <span class='ocrx_word' id='word_1_842' title='bbox 2646 5456 2853 5512; x_wconf 78' lang='lat' dir='ltr'><strong>etenim.</strong></span> <span class='ocrx_word' id='word_1_843' title='bbox 2905 5457 2963 5528; x_wconf 52' lang='grc' dir='ltr'><em>,Ψ</em></span> <span class='ocrx_word' id='word_1_844' title='bbox 3011 5457 3052 5510; x_wconf 89' lang='lat' dir='ltr'><strong>B</strong></span> <span class='ocrx_word' id='word_1_845' title='bbox 3082 5456 3258 5510; x_wconf 89' lang='lat' dir='ltr'><strong>adscr.</strong></span> <span class='ocrx_word' id='word_1_846' title='bbox 3313 5461 3416 5528; x_wconf 82' lang='lat' dir='ltr'><strong>_est.</strong></span> 
     </span>
    </p>
   </div>
   <div class='ocr_carea' id='block_1_113' title="bbox 1414 5527 2269 5583">
    <p class='ocr_par' dir='ltr' id='par_1_113' title="bbox 1414 5527 2269 5583">
     <span class='ocr_line' id='line_1_116' title="bbox 1414 5527 2269 5583; baseline 0 -3"><span class='ocrx_word' id='word_1_847' title='bbox 1414 5527 1457 5580; x_wconf 88' lang='grc' dir='ltr'><strong>Β</strong></span> <span class='ocrx_word' id='word_1_848' title='bbox 1487 5531 1502 5547; x_wconf 84' lang='grc'><strong>’</strong></span> <span class='ocrx_word' id='word_1_849' title='bbox 1533 5542 1704 5583; x_wconf 64' lang='lat' dir='ltr'><strong>mare.</strong></span> <span class='ocrx_word' id='word_1_850' title='bbox 1737 5528 1914 5583; x_wconf 87' lang='lat' dir='ltr'><strong>adscr.</strong></span> <span class='ocrx_word' id='word_1_851' title='bbox 1966 5528 2040 5582; x_wconf 88' lang='lat' dir='ltr'><strong>De</strong></span> <span class='ocrx_word' id='word_1_852' title='bbox 2070 5527 2269 5583; x_wconf 77' lang='lat' dir='ltr'><strong>attaelis</strong></span> 
     </span>
    </p>
   </div>
   <div class='ocr_carea' id='block_1_114' title="bbox 3020 5380 3770 5501">
    <p class='ocr_par' dir='ltr' id='par_1_114' title="bbox 3020 5380 3770 5501">
     <span class='ocr_line' id='line_1_117' title="bbox 3020 5380 3770 5438; baseline -0.015 2"><span class='ocrx_word' id='word_1_853' title='bbox 3020 5388 3060 5418; x_wconf 82' lang='grc'><strong>³⁸</strong></span> <span class='ocrx_word' id='word_1_854' title='bbox 3100 5380 3480 5438; x_wconf 74' lang='lat' dir='ltr'><strong>Bdiversorum</strong></span> <span class='ocrx_word' id='word_1_855' title='bbox 3526 5380 3770 5433; x_wconf 84' lang='lat' dir='ltr'><strong>ordinum</strong></span> 
     </span>
     <span class='ocr_line' id='line_1_118' title="bbox 3020 5448 3770 5501; baseline -0.003 0"><span class='ocrx_word' id='word_1_856' title='bbox 3020 5457 3052 5501; x_wconf 72' lang='grc' dir='ltr'>Β</span> <span class='ocrx_word' id='word_1_857' title='bbox 3082 5456 3258 5501; x_wconf 73' lang='lat' dir='ltr'><strong>miser.</strong></span> <span class='ocrx_word' id='word_1_858' title='bbox 3323 5461 3416 5501; x_wconf 82' lang='lat' dir='ltr'><strong>est.</strong></span> <span class='ocrx_word' id='word_1_859' title='bbox 3518 5450 3561 5481; x_wconf 76' lang='lat'><strong>’°</strong></span> <span class='ocrx_word' id='word_1_860' title='bbox 3588 5448 3630 5501; x_wconf 84' lang='grc' dir='ltr'>Β</span> <span class='ocrx_word' id='word_1_861' title='bbox 3669 5465 3702 5500; x_wconf 83' lang='grc' dir='ltr'><em>α</em></span> <span class='ocrx_word' id='word_1_862' title='bbox 3741 5463 3770 5499; x_wconf 72' lang='grc' dir='ltr'><strong>8η</strong></span> 
     </span>
    </p>
   </div>
   <div class='ocr_carea' id='block_1_115' title="bbox 3669 5462 3794 5500">
    <p class='ocr_par' dir='ltr' id='par_1_115' title="bbox 3669 5462 3794 5500">
     <span class='ocr_line' id='line_1_119' title="bbox 3669 5462 3794 5500; baseline -0.016 0"><span class='ocrx_word' id='word_1_863' title='bbox 3669 5462 3794 5500; x_wconf 74' lang='grc' dir='ltr'><strong>αεε</strong></span> 
     </span>
    </p>
   </div>
   <div class='ocr_carea' id='block_1_116' title="bbox 2371 5515 3795 5596">
    <p class='ocr_par' dir='ltr' id='par_1_116' title="bbox 2371 5515 3795 5596">
     <span class='ocr_line' id='line_1_120' title="bbox 2371 5515 3795 5596; baseline -0.008 -15"><span class='ocrx_word' id='word_1_864' title='bbox 2371 5527 2413 5559; x_wconf 81' lang='lat'><strong>&quot;</strong></span> <span class='ocrx_word' id='word_1_865' title='bbox 2441 5527 2727 5596; x_wconf 85' lang='lat' dir='ltr'><strong>angelicam</strong></span> <span class='ocrx_word' id='word_1_866' title='bbox 2756 5543 2863 5584; x_wconf 88' lang='lat' dir='ltr'><strong>om.</strong></span> <span class='ocrx_word' id='word_1_867' title='bbox 2892 5515 2999 5589; x_wconf 82' lang='lat' dir='ltr'><strong>AB,</strong></span> <span class='ocrx_word' id='word_1_868' title='bbox 3043 5541 3211 5596; x_wconf 88' lang='lat' dir='ltr'><strong>marg.</strong></span> <span class='ocrx_word' id='word_1_869' title='bbox 3258 5524 3434 5596; x_wconf 66' lang='lat' dir='ltr'><strong>adscr.</strong></span> <span class='ocrx_word' id='word_1_870' title='bbox 3623 5587 3634 5596; x_wconf 38' lang='grc' dir='ltr'>ι</span> <span class='ocrx_word' id='word_1_871' title='bbox 3661 5517 3729 5596; x_wconf 75' lang='lat'><strong>_&#39;°</strong></span> 
     </span>
    </p>
   </div>
   <div class='ocr_carea' id='block_1_117' title="bbox 516 5580 3793 5670">
    <p class='ocr_par' dir='ltr' id='par_1_117' title="bbox 516 5580 3793 5670">
     <span class='ocr_line' id='line_1_121' title="bbox 516 5580 3793 5670; baseline 0.002 -31"><span class='ocrx_word' id='word_1_872' title='bbox 516 5584 819 5670; x_wconf 62' lang='lat' dir='ltr'><strong>caelestium</strong></span> <span class='ocrx_word' id='word_1_873' title='bbox 841 5580 1154 5670; x_wconf 42' lang='lat' dir='ltr'><strong>(lignorum.</strong></span> <span class='ocrx_word' id='word_1_874' title='bbox 1183 5668 1209 5670; x_wconf 33' lang='grc' dir='ltr'>η</span> <span class='ocrx_word' id='word_1_875' title='bbox 1233 5597 1273 5670; x_wconf 55' lang='grc' dir='ltr'><strong>’ξ</strong></span> <span class='ocrx_word' id='word_1_876' title='bbox 1306 5608 1379 5650; x_wconf 86' lang='lat' dir='ltr'><strong>est</strong></span> <span class='ocrx_word' id='word_1_877' title='bbox 1407 5613 1514 5670; x_wconf 69' lang='lat' dir='ltr'><strong>our.</strong></span> <span class='ocrx_word' id='word_1_878' title='bbox 1534 5580 1693 5670; x_wconf 40' lang='lat' dir='ltr'><strong>ABE,</strong></span> <span class='ocrx_word' id='word_1_879' title='bbox 1724 5580 1883 5670; x_wconf 77' lang='lat' dir='ltr'><strong>supra</strong></span> <span class='ocrx_word' id='word_1_880' title='bbox 1908 5580 2220 5670; x_wconf 41' lang='lat' dir='ltr'><strong>adscriﬁi.</strong></span> <span class='ocrx_word' id='word_1_881' title='bbox 2251 5580 2259 5581; x_wconf 16' lang='grc' dir='ltr'>ί</span> <span class='ocrx_word' id='word_1_882' title='bbox 2298 5600 2342 5670; x_wconf 50' lang='grc' dir='ltr'><strong>ξ’</strong></span> <span class='ocrx_word' id='word_1_883' title='bbox 2364 5597 2464 5670; x_wconf 85' lang='lat' dir='ltr'><strong>Sic</strong></span> <span class='ocrx_word' id='word_1_884' title='bbox 2566 5580 2792 5670; x_wconf 64' lang='lat' dir='ltr'><strong>eteorr.</strong></span> <span class='ocrx_word' id='word_1_885' title='bbox 2838 5580 3061 5670; x_wconf 16' lang='lat' dir='ltr'><strong>1532MB</strong></span> <span class='ocrx_word' id='word_1_886' title='bbox 3097 5580 3302 5649; x_wconf 57' lang='lat' dir='ltr'><strong>viﬁute.</strong></span> <span class='ocrx_word' id='word_1_887' title='bbox 3484 5587 3717 5670; x_wconf 57' lang='lat' dir='ltr'><strong>SicHAQ.</strong></span> <span class='ocrx_word' id='word_1_888' title='bbox 3757 5585 3793 5636; x_wconf 72' lang='grc' dir='ltr'>Β</span> 
     </span>
    </p>
   </div>
   <div class='ocr_carea' id='block_1_118' title="bbox 518 5647 1355 5735">
    <p class='ocr_par' dir='ltr' id='par_1_118' title="bbox 518 5647 1355 5735">
     <span class='ocr_line' id='line_1_122' title="bbox 518 5647 1355 5735; baseline 0.01 -24"><span class='ocrx_word' id='word_1_889' title='bbox 518 5657 887 5734; x_wconf 67' lang='grc' dir='ltr'><strong>άίςεετειαηιηζ</strong></span> <span class='ocrx_word' id='word_1_890' title='bbox 907 5647 1111 5720; x_wconf 73' lang='grc' dir='ltr'><strong>(Ρυιιει.</strong></span> <span class='ocrx_word' id='word_1_891' title='bbox 1130 5668 1233 5723; x_wconf 86' lang='lat' dir='ltr'><strong>adi.</strong></span> <span class='ocrx_word' id='word_1_892' title='bbox 1252 5647 1355 5735; x_wconf 50' lang='lat' dir='ltr'><strong>li&quot;):</strong></span> 
     </span>
    </p>
   </div>
   <div class='ocr_carea' id='block_1_119' title="bbox 1435 5668 2201 5724">
    <p class='ocr_par' dir='ltr' id='par_1_119' title="bbox 1435 5668 2201 5724">
     <span class='ocr_line' id='line_1_123' title="bbox 1435 5668 2201 5724; baseline -0.001 -1"><span class='ocrx_word' id='word_1_893' title='bbox 1435 5668 1533 5723; x_wconf 76' lang='lat' dir='ltr'><strong>&quot;‘B</strong></span> <span class='ocrx_word' id='word_1_894' title='bbox 1551 5668 1765 5724; x_wconf 79' lang='lat' dir='ltr'><strong>Etsunt.</strong></span> <span class='ocrx_word' id='word_1_895' title='bbox 1792 5668 1805 5670; x_wconf 15' lang='grc' dir='ltr'><em>ἡ</em></span> <span class='ocrx_word' id='word_1_896' title='bbox 1842 5668 2201 5724; x_wconf 77' lang='grc' dir='ltr'><strong>²⁵Βναιὶοιιεδ.</strong></span> 
     </span>
    </p>
   </div>
   <div class='ocr_carea' id='block_1_120' title="bbox 2281 5657 3787 5737">
    <p class='ocr_par' dir='ltr' id='par_1_120' title="bbox 2281 5657 3787 5737">
     <span class='ocr_line' id='line_1_124' title="bbox 2281 5657 3787 5737; baseline -0.011 -12"><span class='ocrx_word' id='word_1_897' title='bbox 2281 5668 2326 5702; x_wconf 75' lang='grc'><strong>’⁸</strong></span> <span class='ocrx_word' id='word_1_898' title='bbox 2342 5669 2492 5724; x_wconf 89' lang='lat' dir='ltr'><strong>Corr.</strong></span> <span class='ocrx_word' id='word_1_899' title='bbox 2508 5667 2592 5737; x_wconf 81' lang='lat' dir='ltr'><strong>B&#39;,</strong></span> <span class='ocrx_word' id='word_1_900' title='bbox 2610 5667 2696 5722; x_wconf 83' lang='lat' dir='ltr'><strong>AB</strong></span> <span class='ocrx_word' id='word_1_901' title='bbox 2716 5657 2931 5735; x_wconf 74' lang='lat' dir='ltr'><strong>circum,</strong></span> <span class='ocrx_word' id='word_1_902' title='bbox 2947 5666 2988 5721; x_wconf 88' lang='lat' dir='ltr'>C</span> <span class='ocrx_word' id='word_1_903' title='bbox 3002 5683 3096 5720; x_wconf 83' lang='lat' dir='ltr'><strong>cur</strong></span> <span class='ocrx_word' id='word_1_904' title='bbox 3110 5680 3245 5720; x_wconf 72' lang='lat' dir='ltr'><strong>cum.</strong></span> <span class='ocrx_word' id='word_1_905' title='bbox 3326 5663 3369 5694; x_wconf 80' lang='grc'><strong>³⁷</strong></span> <span class='ocrx_word' id='word_1_906' title='bbox 3385 5662 3427 5718; x_wconf 79' lang='lat' dir='ltr'><strong><em>C</em></strong></span> <span class='ocrx_word' id='word_1_907' title='bbox 3440 5657 3787 5730; x_wconf 80' lang='lat' dir='ltr'><strong>appellantur.</strong></span> 
     </span>
    </p>
   </div>
  </div>
