4178 6266
276 321 379 376 215

1129 310 1352 368 SUPER
1391 305 1814 365 IERARCHIAM
1852 307 2259 365 CAELESTEM
2300 308 2358 364 S.
2400 307 2718 365 DIONYSII.

3458 314 3564 369 214

274 442 557 491 extremus
597 429 732 485 ordo
775 427 1190 494 hominibusque
1236 425 1513 494 proximus
1561 417 1863 492 specialiter
1891 425 1938 484 Α
1969 424 2266 476 nationibus
2305 422 2683 476 et'l’irtntibns
2706 433 2751 475 et
2779 422 3151 489 Potestatibus,
3179 425 3294 493 ejus
3337 428 3380 490 ⁸,
3425 446 3561 498 quae

274 521 556 594 angelicus
574 519 882 574 nominatur
913 517 948 568 ³.
997 514 1185 584 Magis,
1217 513 1423 581 inquit,
1455 512 1595 580 apud
1634 527 1734 566 nos
1767 513 1862 564 bo-

275 614 478 675 mines,
505 625 666 679 quam
691 607 830 676 apud
853 604 1114 660 caelestes
1139 603 1368 656 virtutes
1395 601 1572 670 aptius
1599 599 1861 654 nominati

275 712 406 758 sunt
426 701 618 772 angeli,
642 714 798 770 quam
821 697 1050 766 priores,
1083 695 1184 748 hoc
1219 703 1324 757 est,
1347 708 1512 762 quam
1539 692 1864 761 praeceden-

279 804 364 849 tes
404 809 497 848 eos
541 791 780 850 virtutes,
813 787 1070 857 quoniam
1107 785 1227 853 plus
1253 799 1416 852 quam
1445 783 1750 850 superiores
1772 796 1863 834 or-

276 887 427 941 dines
455 883 609 938 nobis
649 880 1110 951 appmpinqnant,
1167 877 1448 947 magisque
1493 875 1646 929 nobis
1681 874 1861 929 divina

273 974 591 1028 annuntiant
617 981 672 1026 et
699 971 953 1040 aperiunt
984 969 1257 1038 mysteria.
1297 968 1568 1033 Quantum
1614 973 1671 1019 et
1716 965 1860 1018 circa

273 1064 669 1136 significantius
711 1062 845 1132 ipsis
872 1069 960 1114 est
988 1058 1254 1112 ierarchia
1275 1068 1333 1112 et
1353 1057 1527 1126 magis
1569 1057 1864 1110 circumor~

275 1164 453 1219 natus,
484 1154 594 1207 hoc
622 1163 729 1215 est,
760 1151 818 1204 in
842 1156 1053 1203 tantum
1085 1147 1223 1216 apud
1255 1161 1351 1200 nos
1379 1147 1556 1215 aptius
1602 1144 1862 1198 nominati

275 1256 403 1301 sunt
427 1245 631 1314 angeli,
657 1257 820 1312 quam
851 1242 1081 1311 priores,
1110 1240 1161 1292 in
1189 1248 1446 1308 quantum
1486 1247 1570 1292 est
1600 1239 1731 1307 ipsis
1785 1241 1862 1292 ie-

276 1341 535 1396 rarchia'
560 1339 705 1394 circa
733 1337 884 1401 illud,
900 1336 1040 1406 quod
1056 1334 1469 1403 signiﬁcantius,
1497 1333 1599 1387 boc
1619 1342 1718 1395 est,
1753 1347 1866 1384 ma-

277 1428 530 1485 nifestius
571 1435 624 1480 et
666 1424 972 1495 expressius
1009 1422 1162 1476 nobis
1211 1437 1310 1492 per
1355 1436 1448 1475 eos
1493 1420 1861 1474 annuntiatnr.

272 1520 512 1581 Intuere,
544 1517 687 1584 quod
724 1512 1275 1583 significantiusseu,
1305 1521 1364 1565 ut
1405 1526 1658 1580 expresse
1685 1519 1864 1564 trans-

271 1609 464 1670 fertur,
500 1604 837 1660 manifestius
879 1619 988 1657 non
1026 1612 1154 1658 sunt
1194 1591 1558 1673 comparativa
1591 1601 1864 1665 adverbia,

268 1700 368 1755 sed
409 1697 739 1761 neutralium
797 1696 1076 1750 nominum
1123 1695 1516 1763 comparativa.
1581 1694 1649 1747 Et
1695 1695 1868 1764 magis

1968 524 2040 568 est
2071 512 2399 582 Principibus
2429 514 2450 544 ’
2479 523 2527 566 et
2551 513 2886 583 Archangelis
2917 522 2964 567 et
2985 515 3216 584 Angelis,
3267 515 3560 574 ierarchiae

1967 603 2274 673 principari.
2328 603 2484 657 Patet
2518 604 2659 672 quod
2705 603 2780 657 ait
2817 621 2830 656 :
2862 604 3267 658 Aestimandum
3289 620 3439 670 vero,
3471 609 3558 661 in-

1968 694 2100 764 quit,
2125 695 2418 748 secundam
2445 694 2768 748 ierarchiam
2814 695 3004 749 tertiae
3037 696 3336 750 ierarcbiae
3358 699 3560 766 princi-

1967 785 2106 854 pari.
2172 783 2240 838 Ut
2269 785 2410 837 enim
2463 784 2631 853 prima
2661 783 2952 838 secundam
2984 785 3050 848 ¹⁰,
3083 785 3154 838 ita
3185 788 3420 840 secunda
3445 796 3560 843 ter—

1971 874 2097 927 tiam
2138 873 2443 928 sanctificat
2471 882 2524 927 et
2559 874 2702 927 ducit
2732 874 2795 927 “.
2860 874 2974 928 Dux
3006 875 3252 930 videlicet
3282 877 3450 947 ipsius
3479 888 3562 935 est

1968 962 2085 1031 ejus
2116 963 2464 1030 principatus.
2496 959 2678 1015 Prima
2708 963 2914 1032 quidem
2937 964 3195 1045 ierarcltia
3221 968 3558 1024 aestimanda

1967 1064 2052 1108 est
2081 1055 2372 1123 principari
2422 1055 2465 1086 ¹²
2499 1055 2686 1107 tertiae
2732 1055 3062 1123 manifestius
3111 1059 3352 1126 quidem,
3397 1077 3560 1130 quam

1969 1143 2142 1212 prima
2193 1143 2457 1196 ierarchia
2496 1142 2830 1212 principatur
2871 1145 3098 1209 mediae,
3132 1148 3387 1202 occultius
3420 1167 3560 1215 vero,

1970 1239 2022 1292 id
2051 1245 2156 1302 est,
2184 1237 2344 1291 altius
2364 1247 2420 1291 et
2441 1239 2717 1302 secretius,
2746 1255 2903 1308 quam
2924 1256 3004 1303 ea,
3033 1241 3189 1294 tertia
3220 1243 3264 1274 "
3289 1243 3557 1307 videlicet,

1967 1347 2100 1401 quae
2141 1341 2254 1401 post
2295 1348 2432 1395 eam,
2464 1331 2691 1385 mediam
2719 1331 2896 1401 plane,
2923 1334 3210 1388 constituta
3258 1343 3360 1389 est.
3405 1336 3561 1402 Quod

1969 1430 2148 1491 potest
2197 1421 2276 1475 sic
2329 1421 2432 1474 dici
2484 1439 2497 1472 :
2552 1422 2725 1474 media
2772 1423 3036 1476 ierarcbia
3094 1423 3432 1479 manifestior
3477 1435 3563 1479 est

1969 1527 2130 1581 quam
2169 1512 2363 1581 prima,
2395 1511 2656 1566 occultior
2692 1529 2822 1568 vero
2863 1529 3024 1583 quam
3077 1517 3254 1580 tertia,
3281 1532 3341 1570 ea
3379 1517 3558 1586 profe-

1971 1611 2058 1657 cto
2095 1602 2325 1664 ratione,
2368 1617 2472 1670 qua
2502 1601 2795 1656 occultiora
2827 1613 2884 1657 et
2930 1603 3555 1674 incomprehensibiliora

1971 1701 2117 1756 sunt,
2140 1709 2276 1762 quae
2305 1706 2500 1747 causae
2524 1693 2765 1748 omnium
2794 1696 3252 1764 appropinquant,
3285 1698 3387 1762 his,
3419 1713 3557 1767 quae

267 1792 719 1853 circumornatus,
752 1786 808 1841 id
839 1795 942 1851 est,
975 1786 1150 1856 magis
1193 1785 1347 1840 nobis
1377 1801 1567 1840 eorum
1595 1785 1616 1815 ⁸
1639 1794 1863 1839 ornatus
1899 1768 1939 1826 Β
1969 1785 2178 1854 longius
2213 1783 2282 1836 ab
2317 1799 2378 1838 ea
2405 1784 2653 1838 ordinata
2681 1792 2822 1838 sunt.
2860 1785 3040 1838 Prima
3078 1786 3259 1854 itaque
3292 1787 3558 1841 ierarchia

265 1880 714 1949 circumscriptus
741 1887 846 1944 est,
869 1878 936 1932 ad
961 1877 1362 1948 intelligendum
1388 1877 1662 1931 videlicet.
1694 1877 1865 1931 Omne

265 1971 433 2034 enim,
457 1971 598 2039 quod
626 1968 786 2024 facile
830 1967 1168 2036 intelligitur,
1199 1967 1600 2036 quodammodo
1629 1967 1864 2021 circnm-

265 2064 528 2132 scriptum
587 2059 861 2115 intellectu
917 2057 940 2089 ⁸
997 2058 1238 2122 videtur;
1297 2057 1521 2112 altiores
1559 2057 1862 2126 ‘siquidem

268 2152 494 2206 virtutes
521 2149 678 2220 longe
707 2163 736 2202 a
775 2148 930 2202 nobis
958 2157 1196 2202 remotae
1231 2156 1378 2211 sunt,
1407 2147 1499 2217 qui
1531 2147 1710 2206 adhuc
1759 2156 1865 2200 ter-

271 2255 436 2294 renae
461 2238 810 2293 habitationis
838 2237 1006 2306 septis
1059 2236 1538 2291 circumcludimur
1585 2237 1628 2299 ⁸,
1681 2251 1748 2289 ne
1805 2235 1864 2289 li-

273 2331 410 2384 bero
447 2329 640 2382 mentis
687 2327 869 2381 volatu
916 2327 983 2380 ad
1019 2327 1272 2382 caelestia
1327 2327 1678 2399 intelligenda
1725 2343 1862 2397 puro

271 2419 523 2475 contuitu
573 2418 844 2471 valeamus
883 2418 1188 2472 ascendere.
1235 2418 1491 2488 Sequitur
1531 2438 1544 2472 :
1587 2419 1862 2472 Excellen-

268 2512 537 2565 tissimam
585 2508 795 2577 quidem
836 2508 989 2571 enim,
1019 2518 1073 2560 ut
1104 2509 1302 2561 dictum
1327 2519 1422 2572 est,
1452 2511 1862 2578 dispositionem,

268 2608 526 2667 tanquam
555 2596 656 2666 ipsi
701 2595 906 2649 occulto
928 2597 1168 2660 primitus
1197 2597 1437 2651 ordinate
1466 2599 1863 2667 proximantem,

267 2686 408 2740 clam
450 2688 688 2756 {orntum
738 2686 1123 2740 aestimandum
1172 2687 1507 2754 sancti/icore
1562 2689 1863 2744 secundum.

269 2775 417 2832 Ordo
451 2777 743 2832 verborum
779 2792 792 2828 :
825 2775 1235 2830 Aestimandum
1284 2776 1502 2845 quidem
1550 2778 1730 2842 enim,
1775 2795 1866 2833 ex-

274 2866 718 2921 cellentissimam
755 2865 1186 2934 dispositionem,
1239 2862 1502 2944 tauquani’
1551 2868 1858 2935 proximan-

279 2969 392 3013 tem
429 2959 532 3026 ipsi
578 2957 790 3012 occulto
830 2957 1079 3026 primitus
1121 2957 1391 3021 ordinate,
1442 2958 1574 3012 clam
1623 2959 1862 3015 formans

274 3048 626 3105 sanctificare
675 3048 966 3103 secundam
1012 3047 1052 3100 ⁸.
1095 3048 1186 3102 Est
1227 3057 1405 3103 autem
1450 3045 1674 3103 sensus:
1727 3050 1856 3106 Pro.

269 3149 467 3210 pterea
497 3136 716 3191 ultimus
742 3137 877 3191 ordo
907 3137 1162 3206 nobisque
1182 3138 1458 3206 proximus
1489 3139 1663 3206 aptius
1693 3155 1723 3192 a
1769 3155 1862 3193 no-
1888 3109 1932 3170 C

272 3232 361 3288 bis
403 3230 680 3300 angelicas
729 3229 1054 3294 nominatur,
1107 3230 1360 3298 quoniam
1407 3230 1860 3286 excellentissima

266 3322 583 3376 caelestium
633 3319 989 3374 essentiarum
1035 3321 1344 3389 dispositio,
1393 3323 1565 3391 prima
1613 3323 1866 3378 videlicet

267 3411 552 3474 ierarchia,
595 3409 759 3464 veluti
798 3410 1040 3483 proxima
1091 3411 1192 3480 ipsi
1241 3411 1476 3476 occulto,
1525 3413 1637 3468 Deo
1682 3414 1860 3482 plane,

264 3504 354 3573 qui
378 3513 665 3573 propterea
702 3503 946 3556 occultus
974 3503 1186 3567 dicitur,
1215 3505 1473 3574 quoniam
1502 3513 1723 3575 superat
1749 3520 1866 3558 om-

267 3609 389 3649 nem
437 3593 790 3657 intcllectum,
844 3609 908 3648 ac
953 3594 1200 3664 primitus
1239 3604 1365 3649 ante
1400 3595 1535 3650 alias
1567 3595 1865 3650 ierarchias

266 3685 498 3748 ordinat,
535 3684 873 3738 aestimanda
900 3693 981 3738 est
1007 3694 1059 3739 et
1086 3685 1462 3740 incunctanter
1493 3685 1862 3756 intelligenda,

268 3773 627 3837 sanctiﬁcarc,
666 3773 720 3828 id
751 3783 836 3828 est
863 3775 1147 3840 ordinare,
1173 3774 1256 3829 vel
1279 3785 1336 3828 ut
1359 3777 1577 3847 proprie
1605 3775 1866 3830 transfer-

270 3875 380 3930 tur,
430 3865 744 3920 sacrilicare
788 3867 1099 3932 secundam,
1155 3865 1388 3920 mediam
1443 3866 1648 3920 scilicet
1697 3867 1866 3920 ierar-

270 3961 471 4024 chiam,
506 3959 744 4014 formans
766 3975 885 4014 eam
928 3959 1088 4021 clam,
1123 3957 1333 4014 occulte
1369 3958 1574 4013 scilicet
1603 3967 1658 4014 et
1685 3959 1866 4013 invisi-

271 4050 475 4114 biliter,
513 4060 565 4104 et
599 4065 704 4102 non
729 4049 901 4104 solum
943 4051 1010 4105 ab
1040 4050 1290 4106 humanis
1337 4049 1718 4126 intellectibns,
1765 4067 1861 4106 ve-

273 4160 392 4198 rum
423 4143 585 4198 etiam
618 4152 672 4197 et
709 4142 913 4212 angelis
944 4143 1325 4197 remotissime.
1384 4141 1454 4198 Ut
1497 4143 1638 4196 enim
1679 4140 1864 4197 ineffa-

270 4233 379 4286 bile
429 4242 484 4286 et
527 4232 1070 4300 incomprehensibile
1099 4242 1200 4296 est,
1231 4242 1284 4284 et
1313 4232 1580 4286 occultum
1613 4232 1864 4286 oninilms

269 4323 584 4386 ierarcbiis,
619 4323 884 4391 quomodo
914 4325 1081 4391 prima
1113 4324 1382 4378 ierarchia
1420 4324 1486 4378 ab
1515 4324 1630 4394 ipso
1667 4323 1780 4378 Deo
1809 4331 1863 4378 et

268 4415 562 4470 ordinatur
587 4423 638 4466 et
664 4415 1037 4469 sanctificatur
1064 4414 1147 4468 vel
1173 4415 1528 4478 sacrificatur,
1575 4415 1646 4468 ita
1681 4430 1857 4468 remo-

271 4511 390 4560 tum
418 4513 502 4558 est
529 4512 582 4558 et
607 4503 958 4574 incognitum,
997 4503 1268 4572 quomodo
1317 4503 1550 4557 secunda
1601 4518 1697 4574 per
1743 4499 1857 4572 pri-

273 4609 438 4661 mam,
467 4603 520 4650 et
548 4595 703 4649 tertia
730 4609 827 4664 per
853 4595 1083 4649 mediam
1110 4595 1390 4650 ordinatur
1415 4603 1469 4650 et
1495 4595 1861 4650 sanctitlcatur

273 4685 340 4741 ab
373 4685 487 4754 ipsa
514 4685 535 4715 ⁷
562 4685 807 4739 omnium
857 4700 1041 4739 causa.
1092 4686 1170 4738 Ac
1203 4700 1304 4754 per
1331 4685 1463 4750 hoc,
1497 4685 1542 4739 si
1579 4687 1711 4741 haec
1739 4699 1862 4740 cae-

272 4772 495 4829 lestibus
543 4775 798 4829 essentiis
845 4775 1121 4845 incognita
1183 4785 1237 4830 et
1297 4775 1861 4846 incomprehensibilia

271 4875 416 4929 sunt,
447 4865 576 4934 quid
615 4868 834 4929 mirum,
866 4867 910 4920 si
942 4882 971 4919 a
1003 4866 1158 4921 nobis
1193 4867 1571 4937 comprehendi
1601 4884 1702 4922 non
1734 4883 1859 4938 pos-

271 4957 445 5012 sunt?
473 4957 721 5014 Secunda
750 4973 888 5022 vero,
919 4973 1052 5027 quae
1083 4956 1369 5027 completur
1391 4975 1422 5011 a
1460 4959 1652 5013 sanctis
1679 4957 1834 5011 Domi
1845 4989 1859 4999 -

1891 4466 1938 4524 ι)

1970 1875 2278 1929 immediate
2327 1884 2448 1945 post
2499 1876 2666 1930 Deum
2719 1876 3081 1931 occultissima
3132 1886 3245 1942 est,
3303 1881 3557 1947 quoniam

1965 1967 2188 2021 omnino
2217 1967 2519 2036 incognitae
2567 1982 2760 2020 causae
2797 1969 3095 2036 proximam
3128 1971 3365 2038 possidet
3389 1973 3559 2042 regio-

1969 2068 2111 2108 nem.
2168 2054 2349 2107 Tertia
2379 2070 2536 2120 vero,
2569 2071 2707 2125 quae
2736 2057 3051 2110 caelestium
3077 2059 3434 2112 essentiarum
3465 2075 3557 2115 ex-

1969 2142 2296 2196 tremitatem
2332 2153 2492 2206 tenet,
2544 2146 2979 2200 manifestissima
3005 2155 3396 2218 est,gquautnm
3428 2166 3555 2206 caeo

1968 2232 2131 2286 lestes
2181 2233 2410 2287 virtutes
2459 2234 2792 2290 manifestari
2839 2246 3082 2306 possunt.
3118 2215 3326 2293 “Media
3379 2255 3506 2295 vero
3539 2284 3551 2305 ,

1968 2323 2092 2392 quia
2133 2338 2304 2393 neque
2342 2326 2645 2392 proximum
2673 2342 2846 2395 neque
2876 2329 2918 2358 “
2951 2337 3252 2384 extremum
3280 2331 3323 2362 ¹⁵
3351 2330 3560 2385 obtinet

1967 2412 2140 2466 locum
2168 2453 2182 2476 ,
2221 2415 2272 2466 in
2305 2417 2710 2483 comparatione
2740 2417 3012 2470 interioris
3041 2417 3325 2474 manifesta
3358 2427 3471 2485 est;
3501 2419 3556 2476 in

1967 2505 2367 2573 comparatione
2386 2521 2515 2560 vero
2535 2509 2820 2562 exterioris
2841 2510 3050 2564 occulta
3075 2513 3333 2580 probatur
3355 2530 3383 2566 a
3409 2515 3560 2570 theo—

1966 2593 2100 2662 logis
2127 2609 2266 2649 esse.
2324 2594 2720 2665 Principatuum
2750 2608 2923 2650 autem
2954 2609 3001 2651 et
3028 2599 3477 2670 Arcltangelorum
3507 2615 3556 2658 et

1964 2682 2278 2752 Angelorum
2319 2685 2757 2752 Manifeslativam
2782 2689 3175 2753 dispositionem
3211 2692 3454 2745 Iummuis
3481 2695 3554 2746 ie-

1965 2773 2184 2826 rarcltiis
2233 2789 2327 2841 per
2367 2776 2733 2842 consequentia
2756 2779 3069 2844 praecipere.
3112 2780 3154 2830 Α
3187 2780 3553 2846 superioribus
3611 2791 3614 2794 ’

1963 2867 2284 2922 subauditur
2315 2879 2330 2918 :
2361 2866 2755 2920 aestimandum
2801 2877 2886 2920 est
2936 2877 3145 2930 autem,
3203 2867 3557 2924 manifestati-

1964 2972 2085 3010 vam
2116 2955 2542 3024 dispositionem,
2576 2956 2628 3008 id
2654 2964 2754 3017 est,
2779 2967 3028 3009 ornatum
3067 2955 3469 3025 Principatuum
3501 2970 3557 3012 et

1963 3045 2424 3116 Arcbangelorum
2471 3053 2526 3100 et
2553 3045 2896 3117 Angelorum,
2952 3049 3162 3101 tertiam
3206 3047 3458 3103 videlicet
3509 3049 3557 3083 ¹⁶

1966 3138 2309 3200 ierarchiam,
2355 3138 2604 3192 humanis
2635 3138 2914 3192 ierarchiis
2954 3153 3052 3206 per
3073 3141 3460 3208 consequentia
3510 3142 3551 3174 "

1967 3227 2179 3281 divinae
2202 3227 2558 3283 ordinationis
2583 3229 2912 3298 praecipere.
2956 3229 3348 3284 Manifestativa
3374 3240 3554 3290 autem

1965 3319 2246 3389 dispositio
2275 3321 2434 3375 tertia
2461 3330 2688 3375 vocatur
2734 3321 3020 3386 ierarchia,
3069 3323 3324 3391 quoniam
3373 3323 3554 3382 divina

1968 3412 2216 3468 humanis
2272 3413 2555 3468 ierarchiis
2605 3413 2916 3467 manifestat
2968 3413 3212 3468 consilia.
3284 3412 3355 3468 Ut
3409 3418 3556 3470 enim

1967 3505 2139 3573 prima
2167 3505 2394 3570 mediae,
2425 3513 2478 3558 et
2505 3504 2679 3559 media
2710 3504 2919 3568 tertiae,
2954 3506 3025 3558 ita
3051 3506 3206 3559 tertia
3237 3507 3281 3536 ¹⁸
3306 3507 3558 3562 lntmanis

1965 3602 2180 3662 praeest
2227 3593 2528 3648 ierarchiis.
2598 3593 2654 3646 Si
2701 3601 2879 3647 autem
2920 3595 3136 3662 quaeris
3169 3635 3182 3658 ,
3231 3610 3330 3649 cur
3375 3596 3556 3662 plures

1967 3684 2233 3739 humanas
2265 3687 2498 3756 appellat
2544 3688 2862 3753 ierareliias,
2915 3689 3154 3744 invenies
3205 3692 3255 3743 in
3301 3690 3440 3743 libro
3487 3690 3558 3743 do

1965 3773 2327 3829 ecclesiastica
2357 3776 2619 3830 ierarcbia
2650 3777 2715 3829 ad
2745 3777 3146 3832 similitudinem
3181 3778 3340 3832 trium
3379 3777 3555 3832 caele—

1966 3866 2128 3920 stium
2183 3867 2570 3921 ierarchiarum
2627 3877 2736 3923 tres
2778 3869 3040 3922 humanas
3091 3869 3429 3936 icrarchias;
3489 3871 3556 3925 de

1965 3958 2160 4026 quibus
2183 3959 2284 4012 hoc
2311 3958 2427 4012 loco
2463 3960 2730 4014 disserere
2771 3975 3042 4014 morosum
3077 3969 3182 4016 est.
3241 3960 3340 4014 Ubi
3371 3961 3580 4027 posui-.

1966 4063 2085 4100 mus
2116 4063 2251 4115 :pcr
2301 4049 2710 4114 consequentia,
2747 4047 2822 4101 ibi
2865 4049 2916 4100 in
2963 4047 3170 4101 Graeco
3203 4045 3265 4102 δι’
3312 4048 3552 4107 ἀλλήλων,

1964 4138 2105 4208 quod
2137 4145 2310 4205 potest
2338 4135 2617 4190 transferri
2647 4137 2904 4199 vicissim,
2937 4136 3020 4189 vel
3043 4136 3184 4188 inter
3205 4150 3262 4188 se
3288 4133 3549 4198 invicem;

1967 4235 2023 4280 ut
2063 4238 2250 4279 sensus
2285 4224 2354 4277 sit
2385 4241 2396 4274 :
2432 4223 2769 4290 Principatus
2819 4239 2914 4290 per
2941 4222 3307 4290 Archangelos
3340 4222 3404 4284 ¹⁹,
3445 4224 3551 4278 Ar-
3573 4214 3584 4235 ³

1964 4315 2208 4386 cbaugeli
2234 4329 2332 4382 per
2345 4312 2578 4383 Angelos
2611 4309 2859 4364 humanis
2877 4308 3154 4364 ordinibus
3181 4320 3438 4378 praesunt
3467 4322 3550 4366 at—

1965 4423 2069 4478 que
2103 4407 2462 4478 praecipiunt.
2506 4402 2694 4459 Potest
2733 4400 2898 4454 etiam
2937 4397 3059 4468 quis
3085 4398 3266 4453 dicere
3313 4411 3416 4452 non
3464 4400 3550 4456 in-

1965 4514 2218 4568 congrue,
2251 4507 2308 4552 ut
2337 4497 2562 4565 opinor,
2613 4491 2825 4546 tertiam
2871 4490 3180 4546 caelestium
3230 4489 3550 4546 ierarchiam

1967 4589 2273 4644 hominibus
2316 4589 2584 4657 imperare
2631 4583 2890 4648 vicissim,
2932 4582 3187 4652 quoniam
3231 4592 3286 4638 et
3334 4583 3553 4650 angelos

1967 4680 2168 4735 sanctis
2191 4678 2494 4732 hominibus
2516 4675 2891 4742 obtemperare
2911 4673 3089 4728 divina
3115 4673 3278 4728 tradit
3297 4672 3551 4738 historia,

1966 4769 2088 4823 etin
2111 4769 2277 4838 gestis
2289 4781 2476 4820 eorum
2492 4764 2705 4833 legitur.
2736 4765 3008 4835 Scriptum
3023 4777 3103 4821 est
3115 4767 3258 4822 enim
3275 4767 3325 4820 in
3340 4765 3552 4838 Apoca-

1968 4859 2126 4929 lypsi,
2143 4857 2284 4927 quod
2302 4855 2525 4926 angelus
2547 4854 2741 4909 Joanni
2777 4855 2973 4909 volenti
3002 4872 3060 4911 se
3076 4859 3306 4912 adorare
3322 4857 3548 4910 dixerit:

1974 4950 2306 5006 «Conservus
2319 4958 2441 5004 tuus
2455 4963 2572 5002 sum
2586 4967 2603 4997 ι
2617 4988 2629 5000 .
2640 4944 2703 4999 Ut
2718 4947 2780 5000 sit
2794 4948 2838 4978 ²⁰
2854 4965 2943 5019 per
2957 4949 3188 5004 ordinent
3205 4947 3273 5001 ad
3290 4946 3455 5001 Deum
3473 4963 3550 5000 rev

1565 5158 1819 5216 VARIAE
1856 5154 2254 5214 LECTIONES.

342 5312 358 5342 ‘
386 5311 772 5385 Quqminatur
819 5311 1100 5385 angelicas.

270 5380 330 5435 Β.
410 5377 562 5438 "Sic
590 5383 630 5439 C
653 5393 709 5438 et
735 5399 875 5438 corr.
890 5377 998 5446 'B',
1047 5382 1135 5437 AB
1182 5377 1682 5434 circumclt'uluntur.
1759 5377 1852 5434 ⁸Ἀ
1883 5377 2189 5434 secundum.
2289 5378 2300 5407 ‘

270 5451 290 5481 ’
318 5454 381 5505 B‘
406 5470 572 5505 sunra
609 5455 790 5505 adscr.
820 5470 884 5505 ea:
908 5453 1256 5505 nrincinibus.
1335 5451 1376 5481 '°
1404 5451 1495 5505 Sic
1521 5451 1560 5503 C
1589 5461 1642 5504 ct
1670 5466 1810 5505 corr.
1842 5451 1925 5505 B'.
1959 5449 2045 5502 AB
2073 5447 2300 5501 secunda

1467 5468 1495 5505 c
1521 5468 1560 5503 ιλ
1589 5468 1642 5504 ct
1670 5468 1810 5505 corr.
1842 5468 1925 5513 is,
1959 5468 2045 5502 an
2073 5468 2320 5501 securum.

269 5451 290 5481 ’
318 5454 381 5506 B‘
406 5470 572 5524 supra
609 5455 790 5524 adscr.
820 5470 884 5507 ea:
906 5453 1256 5524 principibus.

274 5539 445 5593 marg.
475 5519 662 5578 adscr.
681 5523 757 5578 vel
777 5519 940 5592 porci;
954 5539 1037 5576 ere
1049 5519 1250 5575 divinas
1273 5519 1704 5593 illuutiuationcs.

1178 5312 1198 5342 ¹
1231 5311 1291 5364 Β·
1315 5325 1487 5381 marg.
1517 5310 1694 5364 adscr.
1728 5319 1776 5381 et
1797 5319 2074 5381 praecepta
2103 5306 2178 5362 vel
2208 5307 2450 5381 ofﬁcium.

1788 5521 1828 5550 ¹³
1841 5520 1992 5572 Coni.
2007 5560 2019 5582 ,
2037 5519 2165 5571 AUC
2181 5517 2380 5568 tertiac.

2529 5305 2550 5336 ³
2576 5305 2617 5357 Β
2649 5321 2825 5356 eorum
2861 5319 3025 5355 novis.
3104 5295 3406 5350 ‘intellectu
3431 5309 3543 5350 om.

2289 5378 2308 5407 ⁷
2357 5376 2447 5428 Sic
2496 5375 2558 5436 C,
2601 5375 2688 5446 ᾼΒ
2733 5375 2864 5442 ipso.
2941 5371 3091 5446 ‘L_B‘_
3117 5368 3236 5446 Ind.
3276 5379 3446 5446 corr;
3475 5369 3541 5446 ei,

2401 5445 2440 5475 “
2488 5446 2577 5497 Sic
2604 5444 2643 5496 C
2671 5454 2725 5495 et
2753 5435 2910 5494 'corr.
2951 5439 3032 5500 B‘,
3066 5438 3154 5490 AB
3182 5435 3326 5486 dicit.
3403 5435 3447 5465 “
3481 5437 3540 5489 Β·

2459 5516 2501 5544 ιδ
2527 5514 2690 5559 Βηιισ.
2771 5512 2813 5540 ¹⁸
2831 5509 2872 5559 Β
2894 5509 3138 5559 medium.
3219 5503 3260 5534 “
3282 5503 3435 5557 (ἰοί-ι’.
3456 5507 3540 5559 Ii‘.

2459 5516 2501 5544 “
2525 5514 2690 5564 Bnec.
2771 5512 2813 5540 ”
2831 5509 2872 5560 Β
2894 5509 3138 5560 medium.

274 5607 368 5657 pro
390 5579 632 5647 Fidelicet
663 5593 753 5652 AB
776 5579 983 5654 rem“)
1014 5593 1048 5644 i.
1083 5610 1127 5645 e.
1206 5593 1246 5622 ⁸⁷
1286 5591 1344 5642 Β·
1375 5607 1544 5660 marg.
1576 5593 1752 5644 adscr.
1806 5592 1844 5642 i.
1874 5606 1926 5660 e._
1949 5579 2317 5660 consequenter
2343 5594 2626 5660 ⁸ηςιδιιιιιιηη
2652 5579 2696 5630 ei
2720 5579 3148 5660 ansupet'iorilms
3190 5587 3542 5660 praecepit-nt.

279 5643 317 5692 θ’
587 5643 741 5720 corr.
869 5643 1182 5716 KB'tertiae.
1266 5662 1305 5692 ¹⁹
1324 5662 1412 5717 Sic
1443 5643 1556 5715 cii:
1584 5643 1652 5715 ad
1669 5643 1837 5730 marg.
1865 5658 2039 5713 adscr.
2058 5643 2198 5713 co'rr.
2223 5655 2302 5718 B',
2329 5643 2414 5706 ᾹΒ
2438 5643 2662 5718 angelos.
2742 5649 2784 5678 ²⁰
2807 5643 2891 5699 sit.
2912 5662 3015 5700 om.
3036 5646 3096 5713 Β,
3112 5643 3240 5718 supr
3255 5643 3430 5705 adser.
3459 5647 3540 5707 ιιι
