4178 6266
652 287 755 343 215

1727 261 2244 353 “resumatis
2276 286 2559 345 JOANNIS
2599 283 2798 345 scort

3803 300 3908 361 216

648 404 824 461 ductio
837 399 1624 487 etcomersioetcommunicatio
1637 409 1682 452 et
1698 399 2228 467 unitas,attameneta
2257 414 2304 469 Α
2330 419 2467 461 esse.
2498 406 2730 460 Pulchre
2763 417 2945 459 autem
2977 405 3286 476 angelorum
3309 407 3533 479 imperia
3556 422 3612 468 et
3638 416 3902 487 prim-,ipa-

653 497 761 552 Deo
774 496 1012 550 omnibus
1028 483 1295 546 ierarchiis
1311 492 1326 521 ¹
1341 493 1526 561 optime
1548 491 1788 556 indita,et
1803 492 2230 545 communicative

651 589 1031 657 superveniens,
1046 596 1094 641 et
1109 600 1223 638 cum
1239 594 1428 638 ornatu
1439 584 1794 637 sacratissimo
1804 585 2083 653 processio.
2101 584 2232 637 Pro-

653 687 858 746 pterea,
888 675 1079 744 inquit,
1097 674 1483 730 ierarchiarum
1508 674 1645 727 ordo
1667 688 1698 727 a
1722 675 2090 742 superioribus
2110 687 2231 744 gra-

653 766 819 818 datim
846 763 1249 819 sic’desccndit
1270 778 1297 815 a
1324 762 1725 831 superioribus'
1748 764 1815 817 ad
1843 763 2148 828 interiores,
2173 770 2233 815 ut

652 852 847 907 iterum
869 867 965 922 per
984 851 1213 905 eundem
1235 851 1477 905 ordinem
1508 850 1789 906 inferiores
1808 868 1902 921 per
1922 853 2231 921 superiores

651 945 719 998 ad
748 945 915 998 Deum
943 943 1268 998 reducantur
1295 951 1350 997 et
1377 951 1763 998 convertantur
1806 944 1875 998 ad
1910 960 2076 1001 unum
2110 959 2227 1001 orn—

652 1034 796 1085 nium
842 1032 1186 1101 principium,
1234 1033 1739 1102 communicentque
1779 1033 1960 1099 simul,
2015 1042 2072 1088 et
2113 1033 2135 1064 ⁸
2173 1034 2227 1087 in

649 1123 766 1191 ipso
790 1122 813 1154 '
853 1136 1043 1177 omnes
1065 1136 1231 1177 unum
1254 1122 1381 1176 sint.
1412 1123 1662 1175 Attamen
1691 1137 1797 1177 non
1827 1123 2044 1178 aliunde
2066 1122 2088 1154 ⁸
2126 1124 2227 1178 ho—

648 1230 766 1268 rum
804 1215 1043 1269 omnium
1071 1214 1345 1283 processio
1372 1224 1455 1269 est
1498 1214 1545 1279 ",
1581 1214 1684 1267 nisi
1717 1229 1748 1267 a
1778 1211 1956 1279 Deo,a
1978 1229 2089 1283 quo
2114 1229 2231 1269 om-

647 1310 807 1366 nibus
857 1310 1172 1365 ierarcbieis
1217 1307 1747 1376 ordinibus'optime
1766 1314 1822 1361 et
1846 1306 2226 1370 communiter,

647 1415 755 1454 non
784 1407 961 1453 tamen
987 1399 1107 1455 sine
1134 1397 1449 1461 differentia,
1481 1396 1648 1451 indita
1673 1404 1777 1461 est,
1800 1403 1855 1450 et
1881 1411 2004 1451 cum
2034 1405 2229 1452 ornatu

646 1490 988 1545 sanctissimo
1041 1490 1157 1560 ipsa
1210 1488 1518 1558 supervenit
1573 1488 1868 1557 processio.
1911 1488 1981 1543 Ut
2004 1490 2157 1544 enim
2173 1491 2227 1545 in

644 1593 770 1633 eum
797 1581 979 1633 omnia
1008 1586 1395 1633 convertuntur
1420 1591 1515 1646 per
1535 1577 1791 1642 reditum,
1819 1578 1892 1631 ita
1922 1579 1991 1633 ab
2015 1594 2081 1633 eo
2113 1595 2228 1635 om-

645 1670 737 1722 nia
776 1676 1128 1738 procreantur
1176 1685 1273 1739 per
1327 1670 1749 1739 processionem.
1790 1667 1925 1723 Inde
1965 1669 2225 1740 theologia

2334 506 2421 551 tus
2448 506 2626 552 rectas
2644 496 2876 567 appellat
2894 496 3179 552 scientias.
3204 497 3320 553 Non
3342 502 3488 557 enim
3514 503 3621 559 alio
3641 508 3801 562 modo
3826 525 3910 564 re-

2331 594 2463 655 gunt
2501 594 2712 655 gentes,
2761 586 2957 653 quibus
3011 586 3299 651 donantur,
3338 590 3444 646 nisi
3482 594 3721 649 scientia
3748 605 3803 651 et
3823 612 3910 652 sa-

2330 677 2555 746 pientia.
2604 676 2999 733 intellectuales
3024 679 3226 748 quippe
3249 691 3533 739 creaturae
3584 698 3713 743 sunt
3738 691 3910 745 scien-

2333 771 2439 824 tiae
2462 771 2869 839 sapientiaeque
2896 786 3141 840 capaces,
3177 774 3316 827 sicut
3335 777 3593 846 scriptum
3615 788 3701 834 est
3737 799 3792 835 τι
3819 784 3909 850 qui

2330 856 2506 913 fecisti
2538 859 2580 889 ¹⁸
2609 858 2791 913 'caelos
2814 859 2866 912 in
2896 859 3175 915 intellectu
3206 881 3250 916 ι.
3269 861 3371 916 Sed
3390 864 3509 919 illos
3530 867 3670 936 ipsos
3683 872 3911 939 propriis

2328 948 2698 1017 inﬂexionibus
2745 964 2810 1002 ea:
2836 965 2898 1003 ea
2937 964 3074 1019 quae
3122 963 3197 1003 est
3222 952 3274 1005 in
3301 953 3531 1007 divinum
3552 1012 3561 1020 _
3583 966 3722 1009 recta
3749 959 3908 1011 redu-

2328 1039 2497 1092 ctione
2540 1040 2844 1103 recidentes,
2872 1055 3050 1094 amare
3091 1044 3301 1112 proprio
3331 1053 3378 1097 et
3404 1047 3651 1115 superbia
3690 1060 3739 1103 et
3782 1051 3908 1118 ipsis

2329 1130 2632 1199 opinionum
2689 1130 2934 1185 divinitus
2968 1133 3443 1189 corrationabiliter
3489 1137 3635 1190 cultu
3666 1138 3730 1192 ι’.
3762 1139 3909 1197 Ordo

2329 1218 2615 1275 verborum
2641 1220 2778 1276 :sed
2804 1228 3022 1289 oportet
3068 1236 3326 1278 accusare
3365 1224 3484 1279 illos
3508 1226 3552 1257 ’θ
3589 1227 3757 1296 ipsos,
3777 1244 3907 1297 gen!

2332 1310 2462 1363 tium
2488 1309 2736 1365 videlicet
2786 1311 3032 1379 populos,
3074 1312 3397 1377 recidentes,
3442 1323 3592 1370 retro
3637 1318 3910 1382 cadentes,

2329 1398 2564 1466 propriis
2588 1397 2987 1464 intlexionibus,
3020 1401 3122 1455 hoc
3168 1409 3276 1467 est,
3320 1405 3573 1472 propriae
3617 1405 3910 1462 voluntatis

2330 1486 2796 1542 irrationabilibus
2827 1488 3080 1553 motibus,
3110 1504 3177 1543 ex
3206 1504 3274 1544 ea
3306 1500 3456 1546 recta
3500 1493 3833 1557 reductione,
3861 1494 3912 1549 id

2330 1587 2434 1644 est,
2462 1578 2530 1632 ab
2554 1578 2666 1647 ipsa
2698 1582 3036 1634 recta'verae
3062 1581 3105 1612 ἰ
3135 1579 3403 1649 religionis
3426 1582 3532 1646 via,
3562 1598 3704 1651 quae
3729 1594 3816 1638 est
3861 1582 3919 1638 in

2330 1670 2587 1733 divinum,
2633 1684 2774 1738 quae
2815 1670 3068 1726 videlicet
3117 1671 3265 1726 ducit
3290 1672 3343 1726 in
3370 1671 3614 1726 divinum
3660 1673 3773 1727 veri
3818 1673 3912 1728 Dei

643 1770 872 1813 nostrum
899 1759 1212 1812 ierarchiam
1254 1758 1461 1828 Angelis
1494 1757 1783 1824 distribuit,
1809 1759 2093 1829 principem
2129 1758 2231 1812 Ju-
2260 1748 2304 1807 Β
2331 1761 2535 1814 cultum
2566 1760 2633 1824 “,
2659 1760 2840 1814 ethoc
2866 1760 2947 1816 eis
2978 1760 3159 1814 evenit
3189 1775 3374 1823 amore
3397 1762 3630 1832 proprio.
3660 1761 3728 1815 Se
3758 1777 3913 1815 nam-

641 1848 896 1902 daeorum
938 1846 1118 1917 populi
1159 1845 1386 1900 Michael
1412 1849 1708 1913 nominans,
1740 1857 1787 1901 et
1839 1847 1971 1901 alios
1997 1848 2228 1917 gentium

641 1937 858 1992 amicos.
886 1935 1081 1991 Statuit
1127 1936 1265 1990 enim
1297 1936 1531 1991 excelsus
1576 1938 1823 1991 terminos
1859 1938 2094 2007 gentium
2142 1954 2226 1991 se-

642 2029 873 2083 cundum
894 2042 1166 2080 numerum
1194 2024 1513 2094 Angelorum
1563 2025 1681 2079 Dei.
1711 2025 1995 2092 Quoniam,
2030 2025 2225 2094 inquit,

641 2121 711 2175 ab
724 2134 828 2174 una
851 2119 871 2151 ⁸
890 2119 1130 2173 ornnium
1158 2133 1321 2174 causa
1347 2117 1777 2187 etangelicarnm
1797 2126 1853 2171 et
1872 2119 2228 2172 humanarum

642 2210 1035 2265 ierarehiarum
1088 2208 1366 2264 descendit
1402 2207 1700 2277 processio,
1751 2215 1806 2260 et
1833 2205 1901 2259 ad
1930 2206 2100 2275 ipsam
2123 2206 2226 2261 ite.

640 2318 761 2356 rum
788 2302 1031 2357 ascendit
1061 2300 1299 2356 reversio
1324 2316 1339 2367 ;
1367 2308 1651 2370 prepterea
1684 2299 1953 2369 theologia
1982 2307 2225 2355 nostram

641 2393 962 2449 ierarchiam
998 2392 1202 2459 angelis
1218 2392 1523 2456 distribuit,
1556 2392 1660 2447 hoc
1686 2400 1792 2456 est,
1822 2391 2029 2459 angelis
2044 2390 2229 2445 distri—

638 2485 827 2539 bulam
856 2482 1038 2537 tradit.
1069 2481 1374 2552 Principem
1405 2496 1639 2551 namque
1665 2481 1873 2535 Judaici
1909 2481 2093 2552 populi
2123 2480 2224 2533 Mi-

638 2573 796 2629 chael
844 2573 1107 2639 nominat,
1135 2588 1242 2643 quo
1273 2589 1380 2628 uno
1428 2557 1754 2644 argumento
1777 2572 1798 2603 ⁹
1825 2573 2104 2638 docemur,
2137 2588 2227 2627 ee-

641 2675 785 2721 tcras
813 2667 976 2722 totius
1007 2667 1187 2723 mundi
1218 2667 1465 2722 nationes
1488 2681 1616 2721 suos
1644 2666 1917 2737 principes
1957 2667 2227 2737 attgelicos

640 2757 862 2820 habere,
893 2771 1030 2825 quos
1055 2764 1211 2810 vocat
1235 2755 1476 2824 gentium
1507 2755 1733 2810 amicos.
1766 2756 1967 2812 Doceat
1994 2768 2228 2822 namque

638 2850 1036 2920 generationes,
1090 2845 1284 2916 quibus
1322 2854 1597 2915 praesunt,
1649 2846 1717 2900 ad
1768 2846 1926 2899 unius
1966 2845 2081 2899 veri
2130 2844 2225 2899 Dei

636 2937 840 2992 cultum
891 2937 1132 2993 converti
1185 2936 1249 2988 ¹⁰.
1287 2934 1514 2990 Michael
1573 2942 1749 2989 autem
1791 2935 2221 3004 interpretatur:

640 3030 773 3095 Quis
803 3030 944 3084 sicut
977 3028 1160 3082 Deus?
1184 3027 1265 3081 vel
1289 3042 1390 3095 pax
1426 3026 1604 3093 fortis,
1645 3028 1698 3082 id
1732 3036 1834 3092 est,
1866 3043 1970 3097 pax
2002 3027 2118 3092 Dei,
2143 3026 2225 3081 vel

594 3126 599 3129 ’
640 3120 723 3174 vir
749 3120 982 3174 virtutis.
1011 3117 1163 3184 Quod
1202 3126 1383 3170 autem
1424 3117 1725 3172 introduxit
1759 3108 1783 3172 τ’
1811 3087 2002 3173 statuit
2046 3118 2224 3173 excel-
2252 3087 2294 3147 θ

637 3224 731 3263 sus
788 3209 1049 3262 terminos
1076 3207 1317 3277 gentium
1366 3207 1660 3262 secundum
1694 3224 1980 3263 numerum
2007 3210 2224 3280 angelo-

645 3315 765 3352 mm
798 3299 914 3364 Dei,
948 3313 1059 3352 non
1082 3298 1153 3352 ita
1196 3297 1620 3369 intelligendum,
1651 3308 1710 3353 ut
1728 3300 1939 3368 opinor,
1966 3302 2120 3370 quasi
2147 3312 2224 3356 tot

637 3396 824 3458 gentes
851 3389 959 3443 sint
983 3394 1038 3441 et
1067 3388 1302 3458 linguae,
1330 3398 1461 3457 quot
1488 3386 1665 3457 angeli
1693 3388 1785 3442 Dei
1811 3405 1826 3455 ;
1859 3389 1952 3444 sed
1997 3399 2072 3444 tot
2096 3401 2223 3445 sunt

640 3479 854 3534 termini
888 3478 1151 3550 gentium,
1206 3487 1339 3549 quot
1378 3478 1419 3509 “
1450 3494 1707 3533 numerus
1753 3490 1838 3535 est
1887 3481 2219 3551 angelorum,

635 3574 728 3644 qui
767 3573 1072 3644 specialiter
1098 3574 1370 3643 principes
1394 3573 1436 3605 “
1471 3588 1655 3627 earum
1695 3572 1974 3628 constituti
2004 3572 2046 3603 ¹³
2076 3582 2218 3627 sunt.

708 3664 737 3737 §
765 3664 820 3720 3.
846 3664 905 3720 Si
930 3675 1103 3719 autem
1133 3665 1248 3736 quis
1276 3666 1491 3730 dixerit,
1509 3674 1557 3719 et
1582 3664 1839 3735 quomodo
1862 3664 2225 3719 Hebraeorum

634 3754 861 3825 populus
904 3755 1151 3808 reductus
1177 3764 1251 3808 est
1277 3754 1425 3808 solus
1466 3755 1519 3808 in
1540 3756 1746 3809 divinas
1790 3755 2221 3821 illum'natianes,

634 3845 834 3900 ceteris
861 3846 1172 3901 nationibus
1193 3846 1247 3899 in
1281 3846 1520 3900 tenebris
1544 3845 1883 3916 ignorantiae
1906 3855 2069 3914 atque
2099 3860 2224 3914 per-

614 3935 793 4000 Jldine
818 3937 1052 3993 detentis
1105 3947 1231 3992 ante
1282 3939 1714 3993 incarnationem
1762 3938 1856 3994 Dei
1890 3939 2066 4001 Verbi,
2097 3939 2224 3993 dum

631 4042 824 4085 orunes
852 4028 1102 4084 similiter
1121 4030 1375 4084 ductores
1400 4030 1640 4100 angelos,
1670 4030 1811 4084 sicut
1840 4028 2091 4096 Hebraei,
2123 4031 2224 4084 ha-

636 4118 852 4185 berent,
901 4122 1335 4189 respondendum,
1387 4122 1647 4193 quianon
1693 4122 2011 4191 Angelorum
2059 4135 2227 4177 rectas

630 4210 877 4265 scientias
909 4213 1151 4265 accusari
1174 4221 1373 4283 oportet
1411 4212 1636 4266 aliarum
1671 4212 1716 4243 “
1743 4214 1977 4284 gentium
2010 4215 2072 4267 in
2119 4230 2224 4269 non

630 4303 905 4357 existentes
958 4304 1080 4358 deos
1129 4304 1178 4336 ¹⁸
1235 4321 1431 4359 errore.
1491 4305 1965 4375 Respondendum,
2025 4306 2224 4376 inquit,

631 4396 755 4464 quia
797 4382 1065 4452 neminem
1086 4407 1301 4466 oportet
1324 4413 1586 4453 accusare
1605 4407 1787 4453 rectas
1808 4398 2089 4462 scientias.
2115 4400 2221 4453 hoc
2245 4426 2297 4486 ι)

630 4495 737 4548 est,
774 4493 920 4539 recta
940 4485 1140 4552 judicia
1172 4497 1486 4544 sanctorum
1519 4488 1856 4558 angelorum,
1890 4498 2113 4558 propter
2131 4504 2218 4544 er-

632 4584 813 4624 rorem
839 4572 883 4603 ¹⁸
917 4573 1143 4626 aliarum
1171 4576 1408 4642 gentium
1451 4575 1504 4629 in
1535 4589 1642 4629 non
1677 4575 1996 4640 existentes,
2039 4577 2095 4630 in
2121 4575 2219 4631 ial-

632 4674 725 4714 sos
746 4661 994 4714 videlicet
1028 4661 1178 4727 deos,
1214 4664 1306 4731 qui
1335 4680 1440 4719 non
1467 4676 1613 4729 sunt,
1644 4665 1899 4734 quoniam
1926 4664 2218 4720 daemones

632 4763 928 4818 eorumque
942 4748 1743 4826 ludibria,_miserrimarmnque
1756 4768 1813 4808 ra
1821 4752 2154 4808 tionabilium
2172 4752 2213 4783 ¹⁷

633 4836 933 4892 animarum
999 4839 1390 4895 irrationabilia
1435 4843 1869 4898 machinamenta
1912 4845 2218 4914 probantur

2329 1867 2434 1921 que
2461 1851 2629 1921 ipsos,
2657 1867 2769 1906 non
2792 1852 2958 1905 Deum
2978 1867 3137 1907 suum
3158 1852 3434 1918 amabant,
3458 1851 3626 1906 inllati
3640 1854 3884 1921 superbia
3895 1893 3921 1918 ,.

2328 1943 2447 2013 plus
2472 1951 2756 1999 creaturae
2799 1942 3119 2007 servientes,
3172 1958 3333 2011 quam
3364 1942 3629 2007 Creatori,
3668 1952 3722 1999 et
3756 1943 3909 1997 cultu

2328 2032 2643 2102 opinionum
2686 2046 2903 2086 suarum
2959 2030 3166 2085 seducti
3215 2037 3359 2083 sunt.
3403 2029 3915 2085 Corrationabiliter

2329 2123 2459 2191 ipsis
2482 2122 2761 2187 divinitus,
2785 2122 2886 2176 hoc
2910 2128 3015 2184 est,
3042 2120 3426 2175 convenienter
3464 2120 3547 2174 eis
3574 2120 3756 2175 divino
3780 2135 3916 2176 con-

2328 2212 2449 2269 silio
2476 2194 2579 2268 hoc
2610 2211 2727 2266 ﬁeri
2751 2226 3068 2267 concessum
3096 2210 3166 2263 ⁸³.
3194 2208 3440 2265 Tradidit
3467 2211 3609 2266 enim
3646 2225 3741 2265 eos
3769 2210 3917 2267 Deus

2328 2304 2385 2358 ia
2427 2303 2714 2373 reprobum
2752 2315 2992 2366 sensum,
3022 2308 3082 2354 ut
3121 2298 3348 2364 faciant,
3382 2314 3521 2368 quae
3560 2315 3666 2353 non
3710 2314 3918 2367 conve-

2328 2396 2503 2450 niunt.
2532 2394 2650 2448 Hoc
2700 2393 2996 2463 perhibetur
3046 2401 3093 2447 et
3136 2393 3244 2461 ipse
3287 2390 3651 2446 Hebraeorum
3689 2391 3917 2461 populus

2325 2503 2593 2557 perpessus
2632 2502 2763 2539 esse.
2797 2485 2933 2549 Hoc,
2966 2483 3017 2537 id
3063 2494 3168 2548 est,
3204 2497 3271 2537 ex
3304 2492 3454 2539 recta
3496 2483 3605 2548 via,
3636 2498 3741 2552 qua
3772 2499 3919 2540 unus

2327 2577 2471 2633 Deus
2496 2576 2716 2641 colitur,
2752 2575 2893 2631 sicut
2933 2584 2992 2629 et
3038 2582 3255 2629 ceterae
3292 2574 3563 2637 nationes,
3610 2575 3912 2637 recessisse

2329 2670 2576 2738 idolaque
2624 2667 2856 2723 coluisse
2924 2665 3239 2736 perhibetur
3305 2664 3602 2720 Hebraicus
3658 2664 3917 2733 populus,

2330 2760 2557 2830 ideoque
2618 2757 2880 2811 ultionem
2919 2756 3157 2819 divinam
3187 2768 3474 2823 perpessus
3513 2762 3615 2807 est.
3640 2752 3917 2823 Cognitio-

2327 2864 2443 2903 ncm
2490 2848 2627 2901 enim
2652 2845 2773 2911 Dei,
2801 2846 2899 2910 ait,
2928 2845 2973 2876 “
3004 2842 3257 2913 repulisti,
3286 2852 3332 2896 et
3377 2852 3488 2912 post
3513 2858 3603 2897 cor
3629 2852 3776 2895 tuum
3802 2844 3921 2897 exi—

2326 2940 2414 2992 sti.
2441 2938 2621 3008 Neque
2649 2938 2786 2990 enim
2832 2944 3067 2990 coactam
3113 2934 3360 2988 habemus
3402 2934 3590 2998 vitam,
3640 2949 3800 3003 neque
3823 2951 3921 3003 per

2327 3030 2651 3099 provisorum
2679 3028 2946 3099 propriam
2984 3036 3289 3096 potestatem
3331 3024 3506 3078 divina
3532 3024 3729 3077 lumina
3749 3025 3923 3094 provi-

2327 3123 2425 3175 dae
2465 3119 2865 3173 illuminationis
2909 3118 3293 3181 obcaecantur,
3334 3115 3425 3170 sed
3482 3113 3918 3173 intellectualimu

2323 3215 2578 3269 visionum
2598 3210 2969 3267 dissimilitudo
2992 3226 3148 3280 super
3168 3207 3324 3278 plena
3352 3217 3572 3277 paterna
3612 3206 3838 3259 bonitate
3869 3205 3920 3237 "

2323 3303 2455 3357 lucis
2480 3302 2833 3363 donationem,
2865 3309 2958 3353 aut
2978 3299 3194 3357 omnino
3223 3314 3326 3351 non
3352 3296 3720 3366 participatam
3758 3295 3913 3362 facit,

2323 3401 2371 3445 et
2398 3391 2466 3445 ad
2495 3406 2678 3446 earum
2708 3388 3129 3456 reformationem
3156 3404 3261 3441 non
3285 3385 3636 3447 distributam,
3663 3392 3754 3437 aut
3779 3398 3916 3451 par-

2324 3479 2648 3549 ticipationes
2702 3477 2828 3545 facit
2872 3476 3191 3546 differentes,
3216 3492 3404 3545 parvas
3425 3482 3514 3527 aut
3556 3488 3792 3543 magnas,
3815 3472 3917 3527 ob.

2325 3588 2507 3628 scuras
2531 3583 2623 3625 aut
2661 3570 2857 3633 claras,
2892 3570 3048 3623 unius
3078 3579 3124 3623 et
3149 3568 3400 3638 simplicis
3428 3576 3476 3622 et
3520 3582 3718 3635 semper
3753 3565 3800 3597 ”
3829 3583 3921 3620 eo-

2324 3665 2442 3718 dem
2466 3661 2621 3716 modo
2654 3660 2892 3714 habentis
2918 3669 2965 3713 et
2992 3660 3368 3730 superexpansi
3412 3656 3627 3728 fontalis
3659 3657 3817 3711 radii.
3849 3657 3910 3712 In

2327 3754 2430 3807 hac
2454 3759 2638 3807 autem
2664 3750 2930 3805 sententia
2952 3748 3283 3804 liberrimum
3316 3748 3599 3804 rationalis
3629 3755 3914 3803 creaturae

2326 3843 2671 3899 commendat
2694 3842 3003 3906 arbitrium,
3030 3849 3086 3897 et
3112 3840 3489 3910 super-plenam
3519 3849 3781 3910 paternae
3815 3838 3939 3913 bo-’

2327 3936 2536 4001 uitatis,
2564 3935 2939 4005 inﬁnitamque
2961 3934 3416 3991 illuminationum
3440 3933 3799 3990 communiter
3816 3932 3921 3987 hu—

2328 4028 2503 4083 manis
2527 4026 2721 4081 animis
2734 4026 3071 4082 ellusionem.
3093 4025 3338 4080 Aitenim
3365 4043 3380 4079 :
3404 4026 3635 4095 neque"
3653 4033 3920 4087 coactam,

2327 4118 2422 4173 sed
2446 4116 2669 4171 liberam
2703 4132 2803 4171 nos
2833 4115 3082 4173 homines
3110 4115 3371 4171 habemus
3416 4115 3605 4169 vitam.
3636 4114 3715 4168 Ac
3757 4114 3802 4167 si
3830 4113 3922 4166 di-

2326 4217 2475 4265 ceret
2515 4207 2672 4263 :Non
2710 4208 2829 4263 ideo
2871 4206 3120 4261 conditor
3145 4215 3202 4261 et
3226 4206 3508 4260 ordinator
3532 4204 3778 4259 omnium
3816 4217 3922 4258 na-

2329 4300 2533 4355 tionum
2563 4299 2834 4369 principes
2865 4296 3085 4367 angelos
3112 4297 3191 4353 eis
3225 4297 3579 4368 praeposuit,
3628 4304 3687 4350 ut
3713 4309 3807 4350 eas
3828 4294 3922 4350 in-

2327 4391 2491 4455 vitas,
2511 4388 2899 4458 absque-liheri
2927 4387 3136 4441 arbitrii
3157 4388 3423 4457 appetitu,
3443 4386 3510 4449 ad
3536 4385 3735 4440 cultum
3757 4376 3923 4440 suum

2325 4489 2744 4546 converterent;
2795 4480 2841 4536 si
2886 4478 3033 4533 enim
3060 4478 3163 4533 hoc
3200 4481 3379 4542 lieret,
3409 4478 3627 4533 divinae
3671 4476 3923 4545 profecto

2324 4571 2576 4641 imaginis
2604 4570 2770 4641 gloria
2801 4570 2857 4626 in
2885 4569 3200 4625 servitutem
3224 4569 3440 4623 redacta
3468 4567 3786 4631 vilesceret;
3816 4564 3922 4621 sed

2322 4670 2613 4732 propterea
2646 4661 2865 4732 angelos
2890 4676 3016 4716 suos
3069 4658 3437 4717 nescientibus
3467 4673 3525 4714 se
3546 4656 3923 4729 generationi-

2324 4754 2428 4807 bus
2456 4752 2883 4821 praeordinavit,
2910 4759 2968 4804 ut
2994 4749 3207 4805 occulta
3234 4757 3291 4802 et
3316 4746 3638 4818 intclligibili
3663 4746 3922 4801 admoni-

2325 4842 2469 4896 tione
2509 4840 2886 4897 intellectualis
2906 4839 3243 4906 rationalem,
3275 4838 3343 4894 ad
3355 4837 3717 4908 cognitionem
3740 4834 3919 4890 Crea-

1929 5001 2186 5057 VARIAE
2222 4997 2629 5056 LECTIONES.

710 5121 724 5150 ¹
742 5119 785 5173 A
803 5120 1123 5175 ierarchicis.
1198 5092 1307 5176 isic
1319 5137 1428 5177 om.
1447 5122 1506 5177 B.
1584 5121 1605 5154 ³
1621 5120 1712 5178 Sic
1736 5121 1845 5189 AC,
1868 5120 1951 5177 Ba
1970 5120 2814 5194 superioribusdescendit(punct.
2841 5117 2950 5187 adj.
2970 5118 3077 5187 B‘,)
3153 5118 3230 5171 "B
3253 5128 3327 5170 ut.
3406 5117 3427 5149 "
3451 5129 3648 5170 comm.
3672 5113 3921 5167 similiter

2117 5206 2136 5246 ⁵¹
2177 5206 2272 5268 est.
2303 5206 2410 5269 om.
2462 5211 2523 5265 B.
2600 5213 2621 5241 "
2662 5208 2911 5273 Emend,
2955 5206 3087 5261 ABG
3127 5224 3250 5261 uno.

631 5224 686 5269 et
729 5213 780 5267 in
818 5230 922 5266 uno
965 5228 1155 5268 omnes
1183 5222 1290 5268 cet.

627 5284 717 5365 AD
746 5294 1045 5365 augmento.

631 5371 892 5422 princeps.

630 5438 738 5476 om.
762 5424 847 5493 7A,
882 5423 950 5478 ad
975 5440 1146 5493 marg.
1171 5426 1350 5479 adscr.
1375 5426 1434 5478 Β.

1369 5214 1392 5245 ⁶
1428 5213 1470 5268 Β
1507 5229 1672 5284 super
1726 5215 1903 5271 adscr.
1959 5218 2038 5284 ﬁt.

1124 5284 1167 5315 ³⁸
1211 5285 1403 5339 nocent
1426 5314 1498 5326 —-—
1524 5287 1752 5340 converti
1781 5300 1889 5341 om.
1920 5286 1985 5339 A.

1517 5423 1558 5455 "
1595 5424 1703 5478 Sic.
1747 5425 1810 5489 G,
1838 5426 1926 5478 AB
1951 5440 2208 5479 errorum.

2065 5285 2106 5316 “
2150 5286 2208 5353 lii
2242 5302 2385 5340 corr.
2412 5292 2622 5353 quotus,
2652 5282 2692 5333 tl
2720 5289 2929 5353 qu_otus.

974 5352 1017 5386 ⁸³
1059 5353 1216 5409 Solus
1244 5356 1298 5408 in
1326 5356 1531 5410 divinas
1552 5355 1961 5409 illuminationes
1990 5370 2100 5408 om.
2128 5352 2241 5419 AB,
2273 5356 2338 5407 ad
2368 5347 2537 5422 marg.
2570 5352 2744 5406 adscr.
2776 5347 2861 5401 B‘.

975 5440 1146 5475 mare.
1171 5426 1350 5475 adscr.
1375 5426 1434 5475 Β.
1517 5423 1558 5455 ’⁸
1595 5424 1703 5475 Sic.
1747 5425 1810 5475 G.
1838 5426 1926 5475 AB
1951 5440 2208 5475 en‘orum.
2287 5425 2326 5456 ³⁷
2370 5422 2428 5475 Β.
2463 5419 2861 5475 rationabiliunn

2416 5464 2428 5476 .
2463 5433 2971 5488 raltontwtttutnque.

3334 5207 3357 5239 ’
3397 5205 3490 5262 Sic
3512 5204 3552 5259 C
3579 5213 3787 5258 etcorr.
3825 5202 3915 5266 B',

3037 5278 3080 5310 ⁸³
3120 5278 3159 5331 Β
3210 5277 3467 5346 principes
3520 5272 3835 5340 specialiter,
3872 5274 3918 5326 (Ξ

2942 5348 2987 5379 ¹¹⁵
3025 5347 3084 5396 B‘
3107 5363 3253 5396 corr.
3280 5348 3343 5396 de
3375 5347 3621 5396 aliarum.
3702 5341 3748 5374 ⁸⁸
3773 5338 3918 5393 Deos

3024 5347 3084 5401 B‘
3107 5363 3253 5402 corr.
3280 5348 3343 5400 de
3375 5347 3621 5398 aliarum.
3702 5347 3748 5374 "
3773 5347 3918 5393 Deos

3052 5419 3094 5449 ¹³
3132 5417 3192 5470 Β.
3230 5417 3344 5470 rad.
3393 5430 3535 5468 corr.
3566 5413 3709 5482 fecit.
3786 5410 3827 5482 ξ’
3871 5409 3917 5462 Β

631 5478 930 5559 Opinionum
979 5478 1124 5549 culti;
1154 5478 1401 5549 dicinitus
1442 5478 1930 5549 corrationabiliter.
2012 5494 2054 5523 ²⁰
2098 5493 2189 5550 Sic
2215 5490 2279 5561 ὒ,
2302 5494 2367 5549 A.
2397 5492 2465 5546 ad
2500 5491 2639 5556 illos,
2666 5489 2708 5542 Β
2729 5488 2799 5576 ad
2842 5478 2960 5543 illos
3001 5490 3210 5559 (punct.
3241 5485 3349 5541 adi.
3372 5484 3498 5576 iB'.)
3567 5478 3625 5576 δί
3655 5481 3746 5576 Sit:
3776 5478 3833 5576 C_
3858 5487 3922 5576 8}

1357 5588 1401 5618 ²²
1453 5586 1494 5638 Α
1537 5584 1700 5639 cultu.

1317 5657 1362 5687 "
1395 5656 1548 5713 Corr.
1593 5655 1677 5722 B',
1712 5655 1799 5707 Ali
1830 5672 1880 5708 se
1934 5671 2044 5726 per.

632 5593 770 5632 corr.
806 5581 865 5631 B'
901 5597 915 5633 :
955 5583 1042 5636 AB
1092 5587 1277 5638 vivere.

634 5646 681 5681 ³⁵
715 5649 942 5702 bonitate
1000 5664 1238 5721 paterna.

1778 5582 1929 5706 ;'.B'
1981 5585 2353 5710 inlrnﬂagscr.
2414 5593 2486 5639 est
2540 5568 2876 5638 concessum.
2953 5579 2999 5615 ³⁸⁵
3036 5579 3144 5635 Pro
3171 5578 3310 5633 enim
3356 5575 3453 5631 Dei
3492 5575 3563 5629 ait
3595 5573 3637 5628 Β
3678 5573 3755 5630 ait
3789 5568 3921 5627 Dei.

1830 5672 1880 5708 se
1936 5671 2044 5710 nec.
2268 5671 2385 5710 nec.

2268 5671 2385 5710 nec.
