  <div class='ocr_page' id='page_1' title='image "/cluster/home/n/w/nwhite01/storage/ocr_20150623/122/pst.000018028355/146.png"; bbox 0 0 4178 6266; ppageno 0'>
   <div class='ocr_carea' id='block_1_1' title="bbox 329 338 435 396">
    <p class='ocr_par' dir='ltr' id='par_1_1' title="bbox 329 338 435 396">
     <span class='ocr_line' id='line_1_1' title="bbox 329 338 435 396; baseline -0.019 0"><span class='ocrx_word' id='word_1_1' title='bbox 329 338 435 396; x_wconf 66' lang='grc' dir='ltr'><strong>ΞΠ</strong></span> 
     </span>
    </p>
   </div>
   <div class='ocr_carea' id='block_1_2' title="bbox 1175 315 2779 390">
    <p class='ocr_par' dir='ltr' id='par_1_2' title="bbox 1175 315 2779 390">
     <span class='ocr_line' id='line_1_2' title="bbox 1175 315 2779 390; baseline -0.011 -2"><span class='ocrx_word' id='word_1_2' title='bbox 1175 331 1402 390; x_wconf 80' lang='lat' dir='ltr'><strong>SUPER</strong></span> <span class='ocrx_word' id='word_1_3' title='bbox 1438 324 1867 385; x_wconf 71' lang='lat' dir='ltr'><strong>IERARCHIAM</strong></span> <span class='ocrx_word' id='word_1_4' title='bbox 1906 317 2420 379; x_wconf 34' lang='lat' dir='ltr'><strong>CAELESTBM&#39;S.</strong></span> <span class='ocrx_word' id='word_1_5' title='bbox 2462 315 2779 374; x_wconf 79' lang='lat' dir='ltr'><strong>DIONYSH.</strong></span> 
     </span>
    </p>
   </div>
   <div class='ocr_carea' id='block_1_3' title="bbox 3500 313 3613 383">
    <p class='ocr_par' dir='ltr' id='par_1_3' title="bbox 3500 313 3613 383">
     <span class='ocr_line' id='line_1_3' title="bbox 3500 313 3613 383; baseline 0.018 -14"><span class='ocrx_word' id='word_1_6' title='bbox 3500 313 3613 383; x_wconf 51' lang='grc' dir='ltr'><strong>Ξιϐ,</strong></span> 
     </span>
    </p>
   </div>
   <div class='ocr_carea' id='block_1_4' title="bbox 334 432 1932 523">
    <p class='ocr_par' dir='ltr' id='par_1_4' title="bbox 334 438 1910 517">
     <span class='ocr_line' id='line_1_4' title="bbox 334 438 1910 517; baseline -0.009 -12"><span class='ocrx_word' id='word_1_7' title='bbox 334 452 474 506; x_wconf 87' lang='lat' dir='ltr'><strong>toris</strong></span> <span class='ocrx_word' id='word_1_8' title='bbox 528 449 617 504; x_wconf 87' lang='lat' dir='ltr'><strong>sui</strong></span> <span class='ocrx_word' id='word_1_9' title='bbox 666 454 971 517; x_wconf 70' lang='lat' dir='ltr'><strong>&#39;spontaneo</strong></span> <span class='ocrx_word' id='word_1_10' title='bbox 991 446 1137 497; x_wconf 86' lang='lat' dir='ltr'><strong>metu</strong></span> <span class='ocrx_word' id='word_1_11' title='bbox 1161 442 1485 507; x_wconf 71' lang='lat' dir='ltr'><strong>reduceret;</strong></span> <span class='ocrx_word' id='word_1_12' title='bbox 1535 453 1712 509; x_wconf 86' lang='lat' dir='ltr'><strong>neque</strong></span> <span class='ocrx_word' id='word_1_13' title='bbox 1765 438 1910 493; x_wconf 91' lang='lat' dir='ltr'><strong>enim</strong></span> 
     </span>
    </p>
   </div>
   <div class='ocr_carea' id='block_1_5' title="bbox 2014 432 3606 523">
    <p class='ocr_par' dir='ltr' id='par_1_5' title="bbox 2016 432 3606 523">
     <span class='ocr_line' id='line_1_5' title="bbox 2016 432 3606 523; baseline -0.005 -15"><span class='ocrx_word' id='word_1_14' title='bbox 2016 452 2253 523; x_wconf 75' lang='lat' dir='ltr'><strong>pelagus,</strong></span> <span class='ocrx_word' id='word_1_15' title='bbox 2286 469 2388 507; x_wconf 88' lang='lat' dir='ltr'><strong>non</strong></span> <span class='ocrx_word' id='word_1_16' title='bbox 2407 451 2730 520; x_wconf 66' lang='lat' dir='ltr'><strong>alienigenae</strong></span> <span class='ocrx_word' id='word_1_17' title='bbox 2753 448 2966 518; x_wconf 82' lang='lat' dir='ltr'><strong>quidam</strong></span> <span class='ocrx_word' id='word_1_18' title='bbox 2989 432 3309 515; x_wconf 81' lang='lat' dir='ltr'><strong>imperabant</strong></span> <span class='ocrx_word' id='word_1_19' title='bbox 3332 445 3427 501; x_wconf 88' lang='lat' dir='ltr'><strong>dii.</strong></span> <span class='ocrx_word' id='word_1_20' title='bbox 3456 446 3606 512; x_wconf 71' lang='lat' dir='ltr'><strong>Quo-</strong></span> 
     </span>
    </p>
   </div>
   <div class='ocr_carea' id='block_1_6' title="bbox 333 528 1914 598">
    <p class='ocr_par' dir='ltr' id='par_1_6' title="bbox 333 528 1914 598">
     <span class='ocr_line' id='line_1_6' title="bbox 333 528 1914 598; baseline -0.009 -2"><span class='ocrx_word' id='word_1_21' title='bbox 333 547 586 596; x_wconf 88' lang='lat' dir='ltr'><strong>eoactam</strong></span> <span class='ocrx_word' id='word_1_22' title='bbox 616 538 875 591; x_wconf 82' lang='lat' dir='ltr'><strong>habemus</strong></span> <span class='ocrx_word' id='word_1_23' title='bbox 894 535 1077 589; x_wconf 83' lang='lat' dir='ltr'><strong>vitam.</strong></span> <span class='ocrx_word' id='word_1_24' title='bbox 1103 531 1369 598; x_wconf 80' lang='lat' dir='ltr'><strong>Quoniam</strong></span> <span class='ocrx_word' id='word_1_25' title='bbox 1399 545 1529 585; x_wconf 87' lang='lat' dir='ltr'><strong>vero</strong></span> <span class='ocrx_word' id='word_1_26' title='bbox 1551 538 1660 584; x_wconf 85' lang='lat' dir='ltr'><strong>tam</strong></span> <span class='ocrx_word' id='word_1_27' title='bbox 1702 528 1914 583; x_wconf 78' lang='lat' dir='ltr'><strong>infinita</strong></span> 
     </span>
    </p>
   </div>
   <div class='ocr_carea' id='block_1_7' title="bbox 334 618 1913 689">
    <p class='ocr_par' dir='ltr' id='par_1_7' title="bbox 334 618 1913 689">
     <span class='ocr_line' id='line_1_7' title="bbox 334 618 1913 689; baseline -0.008 -4"><span class='ocrx_word' id='word_1_28' title='bbox 334 636 393 685; x_wconf 87' lang='lat' dir='ltr'><strong>et</strong></span> <span class='ocrx_word' id='word_1_29' title='bbox 419 635 533 683; x_wconf 86' lang='lat' dir='ltr'><strong>tam</strong></span> <span class='ocrx_word' id='word_1_30' title='bbox 557 625 859 680; x_wconf 82' lang='lat' dir='ltr'><strong>communia</strong></span> <span class='ocrx_word' id='word_1_31' title='bbox 887 629 1013 678; x_wconf 87' lang='lat' dir='ltr'><strong>sunt</strong></span> <span class='ocrx_word' id='word_1_32' title='bbox 1039 622 1219 677; x_wconf 83' lang='lat' dir='ltr'><strong>divina</strong></span> <span class='ocrx_word' id='word_1_33' title='bbox 1258 620 1461 674; x_wconf 83' lang='lat' dir='ltr'><strong>lumina</strong></span> <span class='ocrx_word' id='word_1_34' title='bbox 1487 619 1744 689; x_wconf 78' lang='lat' dir='ltr'><strong>providae</strong></span> <span class='ocrx_word' id='word_1_35' title='bbox 1790 618 1913 673; x_wconf 77' lang='lat' dir='ltr'><strong>illu-</strong></span> 
     </span>
    </p>
   </div>
   <div class='ocr_carea' id='block_1_8' title="bbox 339 706 1914 782">
    <p class='ocr_par' dir='ltr' id='par_1_8' title="bbox 339 706 1914 782">
     <span class='ocr_line' id='line_1_8' title="bbox 339 706 1914 782; baseline -0.009 -8"><span class='ocrx_word' id='word_1_36' title='bbox 339 717 693 781; x_wconf 82' lang='lat' dir='ltr'><strong>minationis,’</strong></span> <span class='ocrx_word' id='word_1_37' title='bbox 709 718 812 770; x_wconf 88' lang='lat' dir='ltr'><strong>hoc</strong></span> <span class='ocrx_word' id='word_1_38' title='bbox 856 724 957 778; x_wconf 87' lang='lat' dir='ltr'><strong>est,</strong></span> <span class='ocrx_word' id='word_1_39' title='bbox 985 713 1198 767; x_wconf 87' lang='lat' dir='ltr'><strong>divinae</strong></span> <span class='ocrx_word' id='word_1_40' title='bbox 1219 711 1611 782; x_wconf 84' lang='lat' dir='ltr'><strong>providentiae,</strong></span> <span class='ocrx_word' id='word_1_41' title='bbox 1634 720 1775 778; x_wconf 85' lang='lat' dir='ltr'><strong>quae</strong></span> <span class='ocrx_word' id='word_1_42' title='bbox 1792 706 1914 761; x_wconf 78' lang='lat' dir='ltr'><strong>iitu-</strong></span> 
     </span>
    </p>
   </div>
   <div class='ocr_carea' id='block_1_9' title="bbox 340 798 1908 866">
    <p class='ocr_par' dir='ltr' id='par_1_9' title="bbox 340 798 1908 866">
     <span class='ocr_line' id='line_1_9' title="bbox 340 798 1908 866; baseline -0.01 -1"><span class='ocrx_word' id='word_1_43' title='bbox 340 811 509 866; x_wconf 83' lang='lat' dir='ltr'><strong>minat</strong></span> <span class='ocrx_word' id='word_1_44' title='bbox 529 823 737 863; x_wconf 89' lang='lat' dir='ltr'><strong>omnem</strong></span> <span class='ocrx_word' id='word_1_45' title='bbox 768 804 1044 860; x_wconf 87' lang='lat' dir='ltr'><strong>hominem</strong></span> <span class='ocrx_word' id='word_1_46' title='bbox 1065 803 1368 858; x_wconf 88' lang='lat' dir='ltr'><strong>venientem</strong></span> <span class='ocrx_word' id='word_1_47' title='bbox 1392 801 1445 854; x_wconf 88' lang='lat' dir='ltr'><strong>in</strong></span> <span class='ocrx_word' id='word_1_48' title='bbox 1467 800 1610 854; x_wconf 87' lang='lat' dir='ltr'><strong>hunc</strong></span> <span class='ocrx_word' id='word_1_49' title='bbox 1632 798 1908 862; x_wconf 89' lang='lat' dir='ltr'><strong>mundum,</strong></span> 
     </span>
    </p>
   </div>
   <div class='ocr_carea' id='block_1_10' title="bbox 338 892 1908 969">
    <p class='ocr_par' dir='ltr' id='par_1_10' title="bbox 338 892 1908 969">
     <span class='ocr_line' id='line_1_10' title="bbox 338 892 1908 969; baseline -0.007 -15"><span class='ocrx_word' id='word_1_50' title='bbox 338 901 409 955; x_wconf 89' lang='lat' dir='ltr'><strong>ita</strong></span> <span class='ocrx_word' id='word_1_51' title='bbox 430 909 489 954; x_wconf 90' lang='lat' dir='ltr'><strong>ut</strong></span> <span class='ocrx_word' id='word_1_52' title='bbox 510 900 651 953; x_wconf 79' lang='lat' dir='ltr'><strong>nuila</strong></span> <span class='ocrx_word' id='word_1_53' title='bbox 678 899 897 969; x_wconf 87' lang='lat' dir='ltr'><strong>propria</strong></span> <span class='ocrx_word' id='word_1_54' title='bbox 918 903 1188 968; x_wconf 88' lang='lat' dir='ltr'><strong>potestate</strong></span> <span class='ocrx_word' id='word_1_55' title='bbox 1234 893 1391 949; x_wconf 81' lang='lat' dir='ltr'><strong>iiberi</strong></span> <span class='ocrx_word' id='word_1_56' title='bbox 1439 892 1646 947; x_wconf 82' lang='lat' dir='ltr'><strong>arbitrii</strong></span> <span class='ocrx_word' id='word_1_57' title='bbox 1699 903 1908 959; x_wconf 88' lang='lat' dir='ltr'><strong>eorum,</strong></span> 
     </span>
    </p>
   </div>
   <div class='ocr_carea' id='block_1_11' title="bbox 336 981 1914 1060">
    <p class='ocr_par' dir='ltr' id='par_1_11' title="bbox 336 981 1914 1060">
     <span class='ocr_line' id='line_1_11' title="bbox 336 981 1914 1060; baseline -0.006 -16"><span class='ocrx_word' id='word_1_58' title='bbox 336 1004 471 1060; x_wconf 87' lang='lat' dir='ltr'><strong>quae</strong></span> <span class='ocrx_word' id='word_1_59' title='bbox 492 990 708 1060; x_wconf 85' lang='lat' dir='ltr'><strong>provisa</strong></span> <span class='ocrx_word' id='word_1_60' title='bbox 728 996 861 1041; x_wconf 89' lang='lat' dir='ltr'><strong>sunt</strong></span> <span class='ocrx_word' id='word_1_61' title='bbox 877 987 1141 1048; x_wconf 79' lang='lat' dir='ltr'><strong>facienda,</strong></span> <span class='ocrx_word' id='word_1_62' title='bbox 1171 983 1473 1047; x_wconf 85' lang='lat' dir='ltr'><strong>obcaecari,</strong></span> <span class='ocrx_word' id='word_1_63' title='bbox 1515 983 1619 1037; x_wconf 88' lang='lat' dir='ltr'><strong>hoc</strong></span> <span class='ocrx_word' id='word_1_64' title='bbox 1668 989 1771 1044; x_wconf 89' lang='lat' dir='ltr'><strong>est,</strong></span> <span class='ocrx_word' id='word_1_65' title='bbox 1816 981 1914 1035; x_wconf 87' lang='lat' dir='ltr'><strong>ob-</strong></span> 
     </span>
    </p>
   </div>
   <div class='ocr_carea' id='block_1_12' title="bbox 337 1069 1911 1141">
    <p class='ocr_par' dir='ltr' id='par_1_12' title="bbox 337 1069 1911 1141">
     <span class='ocr_line' id='line_1_12' title="bbox 337 1069 1911 1141; baseline -0.007 -7"><span class='ocrx_word' id='word_1_66' title='bbox 337 1080 545 1135; x_wconf 87' lang='lat' dir='ltr'><strong>scurari</strong></span> <span class='ocrx_word' id='word_1_67' title='bbox 576 1086 633 1133; x_wconf 89' lang='lat' dir='ltr'><strong>et</strong></span> <span class='ocrx_word' id='word_1_68' title='bbox 661 1077 914 1141; x_wconf 79' lang='lat' dir='ltr'><strong>alienari,</strong></span> <span class='ocrx_word' id='word_1_69' title='bbox 942 1090 975 1128; x_wconf 89' lang='lat' dir='ltr'><strong>a</strong></span> <span class='ocrx_word' id='word_1_70' title='bbox 1020 1074 1293 1128; x_wconf 89' lang='lat' dir='ltr'><strong>communi</strong></span> <span class='ocrx_word' id='word_1_71' title='bbox 1352 1072 1591 1128; x_wconf 85' lang='lat' dir='ltr'><strong>omnium</strong></span> <span class='ocrx_word' id='word_1_72' title='bbox 1623 1080 1680 1125; x_wconf 89' lang='lat' dir='ltr'><strong>et</strong></span> <span class='ocrx_word' id='word_1_73' title='bbox 1707 1071 1723 1101; x_wconf 77' lang='grc'>¹</span> <span class='ocrx_word' id='word_1_74' title='bbox 1754 1069 1911 1123; x_wconf 85' lang='lat' dir='ltr'><strong>intel-</strong></span> 
     </span>
    </p>
   </div>
   <div class='ocr_carea' id='block_1_13' title="bbox 336 1162 1917 1241">
    <p class='ocr_par' dir='ltr' id='par_1_13' title="bbox 336 1162 1917 1241">
     <span class='ocr_line' id='line_1_13' title="bbox 336 1162 1917 1241; baseline -0.006 -17"><span class='ocrx_word' id='word_1_75' title='bbox 336 1171 627 1241; x_wconf 79' lang='lat' dir='ltr'><strong>ligibilium</strong></span> <span class='ocrx_word' id='word_1_76' title='bbox 679 1177 736 1223; x_wconf 91' lang='lat' dir='ltr'><strong>et</strong></span> <span class='ocrx_word' id='word_1_77' title='bbox 792 1165 1193 1222; x_wconf 80' lang='lat' dir='ltr'><strong>rationabilium</strong></span> <span class='ocrx_word' id='word_1_78' title='bbox 1215 1164 1517 1234; x_wconf 81' lang='lat' dir='ltr'><strong>ceguitione</strong></span> <span class='ocrx_word' id='word_1_79' title='bbox 1551 1162 1766 1216; x_wconf 80' lang='lat' dir='ltr'><strong>valeant</strong></span> <span class='ocrx_word' id='word_1_80' title='bbox 1792 1177 1917 1230; x_wconf 81' lang='lat' dir='ltr'><strong>pro-</strong></span> 
     </span>
    </p>
   </div>
   <div class='ocr_carea' id='block_1_14' title="bbox 338 1251 1915 1324">
    <p class='ocr_par' dir='ltr' id='par_1_14' title="bbox 338 1251 1915 1324">
     <span class='ocr_line' id='line_1_14' title="bbox 338 1251 1915 1324; baseline -0.006 -10"><span class='ocrx_word' id='word_1_81' title='bbox 338 1260 599 1323; x_wconf 81' lang='lat' dir='ltr'><strong>hiberi‘;</strong></span> <span class='ocrx_word' id='word_1_82' title='bbox 650 1273 773 1311; x_wconf 88' lang='lat' dir='ltr'><strong>nam</strong></span> <span class='ocrx_word' id='word_1_83' title='bbox 829 1256 1076 1311; x_wconf 81' lang='lat' dir='ltr'><strong>omnibus</strong></span> <span class='ocrx_word' id='word_1_84' title='bbox 1120 1255 1411 1324; x_wconf 84' lang='lat' dir='ltr'><strong>capacibus</strong></span> <span class='ocrx_word' id='word_1_85' title='bbox 1450 1252 1560 1306; x_wconf 77' lang='lat' dir='ltr'><strong>suis</strong></span> <span class='ocrx_word' id='word_1_86' title='bbox 1591 1251 1613 1283; x_wconf 81' lang='grc'>³</span> <span class='ocrx_word' id='word_1_87' title='bbox 1644 1252 1915 1305; x_wconf 89' lang='lat' dir='ltr'><strong>universa-</strong></span> 
     </span>
    </p>
   </div>
   <div class='ocr_carea' id='block_1_15' title="bbox 339 1342 1919 1413">
    <p class='ocr_par' dir='ltr' id='par_1_15' title="bbox 339 1342 1919 1413">
     <span class='ocr_line' id='line_1_15' title="bbox 339 1342 1919 1413; baseline -0.003 -12"><span class='ocrx_word' id='word_1_88' title='bbox 339 1348 469 1403; x_wconf 87' lang='lat' dir='ltr'><strong>liter</strong></span> <span class='ocrx_word' id='word_1_89' title='bbox 489 1348 902 1410; x_wconf 88' lang='lat' dir='ltr'><strong>distribuuntur,</strong></span> <span class='ocrx_word' id='word_1_90' title='bbox 931 1343 1183 1413; x_wconf 68' lang='lat' dir='ltr'><strong>nullaque</strong></span> <span class='ocrx_word' id='word_1_91' title='bbox 1231 1351 1480 1397; x_wconf 79' lang='lat' dir='ltr'><strong>creatura</strong></span> <span class='ocrx_word' id='word_1_92' title='bbox 1513 1342 1722 1397; x_wconf 84' lang='lat' dir='ltr'><strong>iﬂorum</strong></span> <span class='ocrx_word' id='word_1_93' title='bbox 1759 1355 1919 1409; x_wconf 61' lang='lat' dir='ltr'><strong>prae»</strong></span> 
     </span>
    </p>
   </div>
   <div class='ocr_carea' id='block_1_16' title="bbox 337 1432 1914 1506">
    <p class='ocr_par' dir='ltr' id='par_1_16' title="bbox 337 1432 1914 1506">
     <span class='ocr_line' id='line_1_16' title="bbox 337 1432 1914 1506; baseline -0.005 -14"><span class='ocrx_word' id='word_1_94' title='bbox 337 1439 515 1492; x_wconf 80' lang='lat' dir='ltr'><strong>sentin</strong></span> <span class='ocrx_word' id='word_1_95' title='bbox 538 1438 797 1506; x_wconf 80' lang='lat' dir='ltr'><strong>privatur,</strong></span> <span class='ocrx_word' id='word_1_96' title='bbox 824 1434 1355 1503; x_wconf 68' lang='lat' dir='ltr'><strong>iiiestque&#39;omnibus</strong></span> <span class='ocrx_word' id='word_1_97' title='bbox 1383 1432 1700 1503; x_wconf 77' lang='lat' dir='ltr'><strong>cognitionis</strong></span> <span class='ocrx_word' id='word_1_98' title='bbox 1728 1446 1914 1486; x_wconf 85' lang='lat' dir='ltr'><strong>eorum</strong></span> 
     </span>
    </p>
   </div>
   <div class='ocr_carea' id='block_1_17' title="bbox 333 1522 1920 1596">
    <p class='ocr_par' dir='ltr' id='par_1_17' title="bbox 333 1522 1920 1596">
     <span class='ocr_line' id='line_1_17' title="bbox 333 1522 1920 1596; baseline -0.003 -15"><span class='ocrx_word' id='word_1_99' title='bbox 333 1527 600 1582; x_wconf 75' lang='lat' dir='ltr'><strong>naturalis</strong></span> <span class='ocrx_word' id='word_1_100' title='bbox 652 1522 982 1596; x_wconf 82' lang='lat' dir='ltr'><strong>possibilitas</strong></span> <span class='ocrx_word' id='word_1_101' title='bbox 1020 1532 1346 1594; x_wconf 89' lang='lat' dir='ltr'><strong>:propterea</strong></span> <span class='ocrx_word' id='word_1_102' title='bbox 1370 1523 1524 1577; x_wconf 62' lang='lat' dir='ltr'><strong>’dic‘tt</strong></span> <span class='ocrx_word' id='word_1_103' title='bbox 1555 1539 1568 1575; x_wconf 88' lang='lat'><strong>:</strong></span> <span class='ocrx_word' id='word_1_104' title='bbox 1602 1536 1774 1591; x_wconf 88' lang='lat' dir='ltr'><strong>neque</strong></span> <span class='ocrx_word' id='word_1_105' title='bbox 1820 1536 1920 1590; x_wconf 89' lang='lat' dir='ltr'><strong>per</strong></span> 
     </span>
    </p>
   </div>
   <div class='ocr_carea' id='block_1_18' title="bbox 330 1611 1918 1685">
    <p class='ocr_par' dir='ltr' id='par_1_18' title="bbox 330 1611 1918 1685">
     <span class='ocr_line' id='line_1_18' title="bbox 330 1611 1918 1685; baseline -0.003 -15"><span class='ocrx_word' id='word_1_106' title='bbox 330 1631 668 1685; x_wconf 74' lang='lat' dir='ltr'><strong>provrsorum</strong></span> <span class='ocrx_word' id='word_1_107' title='bbox 691 1615 964 1684; x_wconf 88' lang='lat' dir='ltr'><strong>propriam</strong></span> <span class='ocrx_word' id='word_1_108' title='bbox 990 1621 1319 1682; x_wconf 84' lang='lat' dir='ltr'><strong>potestatem</strong></span> <span class='ocrx_word' id='word_1_109' title='bbox 1336 1613 1520 1667; x_wconf 88' lang='lat' dir='ltr'><strong>divina</strong></span> <span class='ocrx_word' id='word_1_110' title='bbox 1551 1611 1775 1666; x_wconf 82' lang='lat' dir='ltr'><strong>lumina&#39;</strong></span> <span class='ocrx_word' id='word_1_111' title='bbox 1792 1626 1918 1681; x_wconf 84' lang='lat' dir='ltr'><strong>pro-</strong></span> 
     </span>
    </p>
   </div>
   <div class='ocr_carea' id='block_1_19' title="bbox 328 1702 1919 1762">
    <p class='ocr_par' dir='ltr' id='par_1_19' title="bbox 328 1702 1919 1762">
     <span class='ocr_line' id='line_1_19' title="bbox 328 1702 1919 1762; baseline -0.004 0"><span class='ocrx_word' id='word_1_112' title='bbox 328 1708 487 1762; x_wconf 87' lang='lat' dir='ltr'><strong>vidae</strong></span> <span class='ocrx_word' id='word_1_113' title='bbox 528 1705 940 1760; x_wconf 88' lang='lat' dir='ltr'><strong>illuminationis</strong></span> <span class='ocrx_word' id='word_1_114' title='bbox 975 1705 1355 1759; x_wconf 86' lang='lat' dir='ltr'><strong>obcaecantur.</strong></span> <span class='ocrx_word' id='word_1_115' title='bbox 1402 1702 1528 1758; x_wconf 87' lang='lat' dir='ltr'><strong>Sive</strong></span> <span class='ocrx_word' id='word_1_116' title='bbox 1574 1703 1721 1757; x_wconf 83' lang='lat' dir='ltr'><strong>enim</strong></span> <span class='ocrx_word' id='word_1_117' title='bbox 1762 1703 1919 1757; x_wconf 89' lang='lat' dir='ltr'><strong>intel-</strong></span> 
     </span>
    </p>
   </div>
   <div class='ocr_carea' id='block_1_20' title="bbox 330 1796 1915 1859">
    <p class='ocr_par' dir='ltr' id='par_1_20' title="bbox 330 1796 1915 1859">
     <span class='ocr_line' id='line_1_20' title="bbox 330 1796 1915 1859; baseline -0.006 -1"><span class='ocrx_word' id='word_1_118' title='bbox 330 1803 587 1859; x_wconf 81' lang='lat' dir='ltr'><strong>lectuaies</strong></span> <span class='ocrx_word' id='word_1_119' title='bbox 609 1804 722 1857; x_wconf 87' lang='lat' dir='ltr'><strong>sive</strong></span> <span class='ocrx_word' id='word_1_120' title='bbox 748 1802 1047 1857; x_wconf 87' lang='lat' dir='ltr'><strong>rationales</strong></span> <span class='ocrx_word' id='word_1_121' title='bbox 1093 1810 1376 1857; x_wconf 86' lang='lat' dir='ltr'><strong>creaturae</strong></span> <span class='ocrx_word' id='word_1_122' title='bbox 1398 1801 1541 1854; x_wconf 85' lang='lat' dir='ltr'><strong>intra</strong></span> <span class='ocrx_word' id='word_1_123' title='bbox 1570 1799 1594 1830; x_wconf 70' lang='grc'>⁴</span> <span class='ocrx_word' id='word_1_124' title='bbox 1638 1796 1915 1852; x_wconf 88' lang='lat' dir='ltr'><strong>naturales</strong></span> 
     </span>
    </p>
   </div>
   <div class='ocr_carea' id='block_1_21' title="bbox 329 1885 1917 1961">
    <p class='ocr_par' dir='ltr' id='par_1_21' title="bbox 329 1885 1917 1961">
     <span class='ocr_line' id='line_1_21' title="bbox 329 1885 1917 1961; baseline -0.004 -16"><span class='ocrx_word' id='word_1_125' title='bbox 329 1891 502 1946; x_wconf 78' lang='lat' dir='ltr'><strong>suos&quot;</strong></span> <span class='ocrx_word' id='word_1_126' title='bbox 531 1901 705 1947; x_wconf 85' lang='lat' dir='ltr'><strong>motus</strong></span> <span class='ocrx_word' id='word_1_127' title='bbox 749 1899 1117 1961; x_wconf 87' lang='lat' dir='ltr'><strong>permaneant,</strong></span> <span class='ocrx_word' id='word_1_128' title='bbox 1149 1905 1349 1958; x_wconf 88' lang='lat' dir='ltr'><strong>eosque</strong></span> <span class='ocrx_word' id='word_1_129' title='bbox 1374 1903 1479 1943; x_wconf 89' lang='lat' dir='ltr'><strong>non</strong></span> <span class='ocrx_word' id='word_1_130' title='bbox 1503 1892 1777 1957; x_wconf 85' lang='lat' dir='ltr'><strong>rumpant,</strong></span> <span class='ocrx_word' id='word_1_131' title='bbox 1803 1885 1917 1939; x_wconf 87' lang='lat' dir='ltr'><strong>sive</strong></span> 
     </span>
    </p>
   </div>
   <div class='ocr_carea' id='block_1_22' title="bbox 332 1977 1913 2050">
    <p class='ocr_par' dir='ltr' id='par_1_22' title="bbox 332 1977 1913 2050">
     <span class='ocr_line' id='line_1_22' title="bbox 332 1977 1913 2050; baseline -0.005 -14"><span class='ocrx_word' id='word_1_132' title='bbox 332 1996 427 2050; x_wconf 87' lang='lat' dir='ltr'><strong>per</strong></span> <span class='ocrx_word' id='word_1_133' title='bbox 452 1980 756 2036; x_wconf 84' lang='lat' dir='ltr'><strong>contrarios</strong></span> <span class='ocrx_word' id='word_1_134' title='bbox 776 1989 959 2036; x_wconf 89' lang='lat' dir='ltr'><strong>motus</strong></span> <span class='ocrx_word' id='word_1_135' title='bbox 988 1990 1218 2034; x_wconf 86' lang='lat' dir='ltr'><strong>naturae</strong></span> <span class='ocrx_word' id='word_1_136' title='bbox 1247 1979 1511 2032; x_wconf 82' lang='lat' dir='ltr'><strong>terminos</strong></span> <span class='ocrx_word' id='word_1_137' title='bbox 1536 1977 1708 2031; x_wconf 85' lang='lat' dir='ltr'><strong>velint</strong></span> <span class='ocrx_word' id='word_1_138' title='bbox 1733 1985 1913 2030; x_wconf 86' lang='lat' dir='ltr'><strong>trans-</strong></span> 
     </span>
    </p>
   </div>
   <div class='ocr_carea' id='block_1_23' title="bbox 332 2065 1917 2142">
    <p class='ocr_par' dir='ltr' id='par_1_23' title="bbox 332 2065 1917 2142">
     <span class='ocr_line' id='line_1_23' title="bbox 332 2065 1917 2142; baseline -0.004 -19"><span class='ocrx_word' id='word_1_139' title='bbox 332 2071 479 2139; x_wconf 77' lang='lat' dir='ltr'><strong>gredi</strong></span> <span class='ocrx_word' id='word_1_140' title='bbox 505 2087 520 2135; x_wconf 88' lang='lat'><strong>;</strong></span> <span class='ocrx_word' id='word_1_141' title='bbox 553 2072 693 2126; x_wconf 84' lang='lat' dir='ltr'><strong>sicut</strong></span> <span class='ocrx_word' id='word_1_142' title='bbox 715 2070 923 2125; x_wconf 88' lang='lat' dir='ltr'><strong>divinas</strong></span> <span class='ocrx_word' id='word_1_143' title='bbox 968 2071 1113 2142; x_wconf 77' lang='lat' dir='ltr'><strong>leges</strong></span> <span class='ocrx_word' id='word_1_144' title='bbox 1145 2070 1427 2132; x_wconf 78' lang='lat' dir='ltr'><strong>excedere,</strong></span> <span class='ocrx_word' id='word_1_145' title='bbox 1461 2068 1534 2122; x_wconf 89' lang='lat' dir='ltr'><strong>ita</strong></span> <span class='ocrx_word' id='word_1_146' title='bbox 1561 2066 1759 2121; x_wconf 81' lang='lat' dir='ltr'><strong>divinis</strong></span> <span class='ocrx_word' id='word_1_147' title='bbox 1788 2065 1917 2119; x_wconf 87' lang='lat' dir='ltr'><strong>illu-</strong></span> 
     </span>
    </p>
   </div>
   <div class='ocr_carea' id='block_1_24' title="bbox 337 2159 1915 2230">
    <p class='ocr_par' dir='ltr' id='par_1_24' title="bbox 337 2159 1915 2230">
     <span class='ocr_line' id='line_1_24' title="bbox 337 2159 1915 2230; baseline -0.003 -18"><span class='ocrx_word' id='word_1_148' title='bbox 337 2161 714 2215; x_wconf 84' lang='lat' dir='ltr'><strong>minationibus</strong></span> <span class='ocrx_word' id='word_1_149' title='bbox 739 2163 1096 2215; x_wconf 86' lang='lat' dir='ltr'><strong>communiter</strong></span> <span class='ocrx_word' id='word_1_150' title='bbox 1130 2170 1183 2215; x_wconf 87' lang='lat' dir='ltr'><strong>et</strong></span> <span class='ocrx_word' id='word_1_151' title='bbox 1223 2159 1555 2230; x_wconf 83' lang='lat' dir='ltr'><strong>generaliter</strong></span> <span class='ocrx_word' id='word_1_152' title='bbox 1577 2169 1767 2212; x_wconf 86' lang='lat' dir='ltr'><strong>carere</strong></span> <span class='ocrx_word' id='word_1_153' title='bbox 1803 2171 1915 2209; x_wconf 89' lang='lat' dir='ltr'><strong>non</strong></span> 
     </span>
    </p>
   </div>
   <div class='ocr_carea' id='block_1_25' title="bbox 341 2247 1917 2318">
    <p class='ocr_par' dir='ltr' id='par_1_25' title="bbox 341 2247 1917 2318">
     <span class='ocr_line' id='line_1_25' title="bbox 341 2247 1917 2318; baseline -0.001 -19"><span class='ocrx_word' id='word_1_154' title='bbox 341 2250 581 2318; x_wconf 74' lang='lat' dir='ltr'><strong>possunt.</strong></span> <span class='ocrx_word' id='word_1_155' title='bbox 616 2248 723 2305; x_wconf 89' lang='lat' dir='ltr'><strong>Sed</strong></span> <span class='ocrx_word' id='word_1_156' title='bbox 751 2250 882 2304; x_wconf 78' lang='lat' dir='ltr'><strong>facit</strong></span> <span class='ocrx_word' id='word_1_157' title='bbox 923 2251 1299 2305; x_wconf 83' lang='lat' dir='ltr'><strong>dissimilitmlo</strong></span> <span class='ocrx_word' id='word_1_158' title='bbox 1346 2248 1796 2305; x_wconf 88' lang='lat' dir='ltr'><strong>intellectualium</strong></span> <span class='ocrx_word' id='word_1_159' title='bbox 1831 2247 1917 2299; x_wconf 87' lang='lat' dir='ltr'><strong>vi-</strong></span> 
     </span>
    </p>
   </div>
   <div class='ocr_carea' id='block_1_26' title="bbox 337 2339 1917 2411">
    <p class='ocr_par' dir='ltr' id='par_1_26' title="bbox 337 2339 1917 2411">
     <span class='ocr_line' id='line_1_26' title="bbox 337 2339 1917 2411; baseline 0.001 -19"><span class='ocrx_word' id='word_1_160' title='bbox 337 2341 578 2404; x_wconf 86' lang='lat' dir='ltr'><strong>sionum,</strong></span> <span class='ocrx_word' id='word_1_161' title='bbox 602 2354 696 2395; x_wconf 86' lang='lat' dir='ltr'><strong>seu</strong></span> <span class='ocrx_word' id='word_1_162' title='bbox 719 2341 977 2403; x_wconf 84' lang='lat' dir='ltr'><strong>vultuum,</strong></span> <span class='ocrx_word' id='word_1_163' title='bbox 1009 2339 1124 2409; x_wconf 75' lang='grc' dir='ltr'><strong>ὅψις</strong></span> <span class='ocrx_word' id='word_1_164' title='bbox 1143 2341 1166 2372; x_wconf 84' lang='grc'>⁶</span> <span class='ocrx_word' id='word_1_165' title='bbox 1190 2357 1421 2411; x_wconf 86' lang='lat' dir='ltr'><strong>namque</strong></span> <span class='ocrx_word' id='word_1_166' title='bbox 1446 2350 1501 2397; x_wconf 88' lang='lat' dir='ltr'><strong>et</strong></span> <span class='ocrx_word' id='word_1_167' title='bbox 1522 2341 1655 2395; x_wconf 80' lang='lat' dir='ltr'><strong>visio</strong></span> <span class='ocrx_word' id='word_1_168' title='bbox 1668 2339 1917 2394; x_wconf 80' lang='lat' dir='ltr'><strong>etvultus</strong></span> 
     </span>
    </p>
   </div>
   <div class='ocr_carea' id='block_1_27' title="bbox 338 2428 1910 2496">
    <p class='ocr_par' dir='ltr' id='par_1_27' title="bbox 338 2428 1910 2496">
     <span class='ocr_line' id='line_1_27' title="bbox 338 2428 1910 2496; baseline -0.001 -16"><span class='ocrx_word' id='word_1_169' title='bbox 338 2428 693 2496; x_wconf 86' lang='lat' dir='ltr'><strong>interpretari</strong></span> <span class='ocrx_word' id='word_1_170' title='bbox 731 2436 930 2496; x_wconf 82' lang='lat' dir='ltr'><strong>potest,</strong></span> <span class='ocrx_word' id='word_1_171' title='bbox 955 2428 1093 2482; x_wconf 83' lang='lat' dir='ltr'><strong>iucis</strong></span> <span class='ocrx_word' id='word_1_172' title='bbox 1115 2430 1456 2483; x_wconf 86' lang='lat' dir='ltr'><strong>donationem</strong></span> <span class='ocrx_word' id='word_1_173' title='bbox 1477 2444 1543 2481; x_wconf 81' lang='lat' dir='ltr'><strong>ex</strong></span> <span class='ocrx_word' id='word_1_174' title='bbox 1571 2428 1910 2496; x_wconf 61' lang='lat' dir='ltr'><strong>superpieua,</strong></span> 
     </span>
    </p>
   </div>
   <div class='ocr_carea' id='block_1_28' title="bbox 336 2520 1915 2590">
    <p class='ocr_par' dir='ltr' id='par_1_28' title="bbox 336 2520 1915 2590">
     <span class='ocr_line' id='line_1_28' title="bbox 336 2520 1915 2590; baseline 0.001 -17"><span class='ocrx_word' id='word_1_175' title='bbox 336 2520 443 2573; x_wconf 85' lang='lat' dir='ltr'><strong>hoc</strong></span> <span class='ocrx_word' id='word_1_176' title='bbox 464 2527 569 2581; x_wconf 87' lang='lat' dir='ltr'><strong>est,</strong></span> <span class='ocrx_word' id='word_1_177' title='bbox 600 2520 724 2589; x_wconf 87' lang='lat' dir='ltr'><strong>plus</strong></span> <span class='ocrx_word' id='word_1_178' title='bbox 782 2536 945 2589; x_wconf 88' lang='lat' dir='ltr'><strong>quam</strong></span> <span class='ocrx_word' id='word_1_179' title='bbox 982 2521 1138 2590; x_wconf 89' lang='lat' dir='ltr'><strong>plena</strong></span> <span class='ocrx_word' id='word_1_180' title='bbox 1171 2531 1393 2590; x_wconf 89' lang='lat' dir='ltr'><strong>paterna</strong></span> <span class='ocrx_word' id='word_1_181' title='bbox 1438 2522 1681 2575; x_wconf 80' lang='lat' dir='ltr'><strong>bonitate</strong></span> <span class='ocrx_word' id='word_1_182' title='bbox 1724 2522 1769 2584; x_wconf 78' lang='grc'><strong>⁷,</strong></span> <span class='ocrx_word' id='word_1_183' title='bbox 1825 2530 1915 2575; x_wconf 84' lang='lat' dir='ltr'><strong>aut</strong></span> 
     </span>
    </p>
   </div>
   <div class='ocr_carea' id='block_1_29' title="bbox 330 2611 1920 2681">
    <p class='ocr_par' dir='ltr' id='par_1_29' title="bbox 330 2611 1920 2681">
     <span class='ocr_line' id='line_1_29' title="bbox 330 2611 1920 2681; baseline 0.001 -16"><span class='ocrx_word' id='word_1_184' title='bbox 330 2611 560 2665; x_wconf 80' lang='lat' dir='ltr'><strong>omnino</strong></span> <span class='ocrx_word' id='word_1_185' title='bbox 586 2626 692 2666; x_wconf 89' lang='lat' dir='ltr'><strong>non</strong></span> <span class='ocrx_word' id='word_1_186' title='bbox 714 2613 1097 2681; x_wconf 87' lang='lat' dir='ltr'><strong>participatam</strong></span> <span class='ocrx_word' id='word_1_187' title='bbox 1120 2621 1176 2667; x_wconf 87' lang='lat' dir='ltr'><strong>et</strong></span> <span class='ocrx_word' id='word_1_188' title='bbox 1210 2628 1316 2666; x_wconf 92' lang='lat' dir='ltr'><strong>non</strong></span> <span class='ocrx_word' id='word_1_189' title='bbox 1343 2611 1684 2667; x_wconf 77' lang='lat' dir='ltr'><strong>distributum</strong></span> <span class='ocrx_word' id='word_1_190' title='bbox 1715 2614 1780 2666; x_wconf 89' lang='lat' dir='ltr'><strong>ad</strong></span> <span class='ocrx_word' id='word_1_191' title='bbox 1828 2628 1920 2666; x_wconf 84' lang='lat' dir='ltr'><strong>ea-</strong></span> 
     </span>
    </p>
   </div>
   <div class='ocr_carea' id='block_1_30' title="bbox 331 2700 1912 2765">
    <p class='ocr_par' dir='ltr' id='par_1_30' title="bbox 331 2700 1912 2765">
     <span class='ocr_line' id='line_1_30' title="bbox 331 2700 1912 2765; baseline 0.001 -12"><span class='ocrx_word' id='word_1_192' title='bbox 331 2714 477 2765; x_wconf 87' lang='lat' dir='ltr'><strong>rum,</strong></span> <span class='ocrx_word' id='word_1_193' title='bbox 504 2701 774 2756; x_wconf 85' lang='lat' dir='ltr'><strong>visionum</strong></span> <span class='ocrx_word' id='word_1_194' title='bbox 804 2701 1075 2763; x_wconf 72' lang='lat' dir='ltr'><strong>videlicet,</strong></span> <span class='ocrx_word' id='word_1_195' title='bbox 1100 2701 1561 2755; x_wconf 80' lang='lat' dir='ltr'><strong>reformationem.</strong></span> <span class='ocrx_word' id='word_1_196' title='bbox 1590 2700 1730 2755; x_wconf 80' lang='lat' dir='ltr'><strong>&#39;Sunt</strong></span> <span class='ocrx_word' id='word_1_197' title='bbox 1748 2704 1912 2764; x_wconf 87' lang='lat' dir='ltr'><strong>enim,</strong></span> 
     </span>
    </p>
   </div>
   <div class='ocr_carea' id='block_1_31' title="bbox 333 2790 1909 2861">
    <p class='ocr_par' dir='ltr' id='par_1_31' title="bbox 333 2790 1909 2861">
     <span class='ocr_line' id='line_1_31' title="bbox 333 2790 1909 2861; baseline 0.001 -18"><span class='ocrx_word' id='word_1_198' title='bbox 333 2791 430 2861; x_wconf 87' lang='lat' dir='ltr'><strong>qui</strong></span> <span class='ocrx_word' id='word_1_199' title='bbox 475 2791 688 2846; x_wconf 82' lang='lat' dir='ltr'><strong>divinae</strong></span> <span class='ocrx_word' id='word_1_200' title='bbox 729 2790 1138 2845; x_wconf 84' lang='lat' dir='ltr'><strong>iiluminationis</strong></span> <span class='ocrx_word' id='word_1_201' title='bbox 1188 2791 1403 2845; x_wconf 84' lang='lat' dir='ltr'><strong>radium</strong></span> <span class='ocrx_word' id='word_1_202' title='bbox 1435 2790 1536 2845; x_wconf 87' lang='lat' dir='ltr'><strong>sibi</strong></span> <span class='ocrx_word' id='word_1_203' title='bbox 1580 2798 1909 2860; x_wconf 82' lang='lat' dir='ltr'><strong>praesentem</strong></span> 
     </span>
    </p>
   </div>
   <div class='ocr_carea' id='block_1_32' title="bbox 339 2879 1908 2957">
    <p class='ocr_par' dir='ltr' id='par_1_32' title="bbox 339 2879 1908 2957">
     <span class='ocr_line' id='line_1_32' title="bbox 339 2879 1908 2957; baseline -0.001 -24"><span class='ocrx_word' id='word_1_204' title='bbox 339 2879 532 2934; x_wconf 83' lang='lat' dir='ltr'><strong>nolunt</strong></span> <span class='ocrx_word' id='word_1_205' title='bbox 558 2880 906 2957; x_wconf 73' lang='lat' dir='ltr'><strong>participare,</strong></span> <span class='ocrx_word' id='word_1_206' title='bbox 935 2895 1028 2934; x_wconf 89' lang='lat' dir='ltr'><strong>seu</strong></span> <span class='ocrx_word' id='word_1_207' title='bbox 1069 2879 1171 2934; x_wconf 89' lang='lat' dir='ltr'><strong>sibi</strong></span> <span class='ocrx_word' id='word_1_208' title='bbox 1221 2880 1561 2934; x_wconf 87' lang='lat' dir='ltr'><strong>distributum</strong></span> <span class='ocrx_word' id='word_1_209' title='bbox 1592 2881 1722 2944; x_wconf 82' lang='lat' dir='ltr'><strong>ﬁeri,</strong></span> <span class='ocrx_word' id='word_1_210' title='bbox 1750 2881 1908 2935; x_wconf 86' lang='lat' dir='ltr'><strong>intel-</strong></span> 
     </span>
    </p>
   </div>
   <div class='ocr_carea' id='block_1_33' title="bbox 339 2968 1907 3038">
    <p class='ocr_par' dir='ltr' id='par_1_33' title="bbox 339 2968 1907 3038">
     <span class='ocr_line' id='line_1_33' title="bbox 339 2968 1907 3038; baseline 0.002 -17"><span class='ocrx_word' id='word_1_211' title='bbox 339 2970 601 3023; x_wconf 79' lang='lat' dir='ltr'><strong>lectuales</strong></span> <span class='ocrx_word' id='word_1_212' title='bbox 620 2984 748 3024; x_wconf 86' lang='lat' dir='ltr'><strong>suos</strong></span> <span class='ocrx_word' id='word_1_213' title='bbox 766 2968 948 3024; x_wconf 90' lang='lat' dir='ltr'><strong>oculos</strong></span> <span class='ocrx_word' id='word_1_214' title='bbox 967 2970 989 3001; x_wconf 78' lang='grc'>⁸</span> <span class='ocrx_word' id='word_1_215' title='bbox 1020 2978 1212 3038; x_wconf 87' lang='lat' dir='ltr'><strong>sponte</strong></span> <span class='ocrx_word' id='word_1_216' title='bbox 1234 2984 1351 3035; x_wconf 85' lang='lat' dir='ltr'><strong>sua,</strong></span> <span class='ocrx_word' id='word_1_217' title='bbox 1375 2982 1442 3023; x_wconf 90' lang='lat' dir='ltr'><strong>ne</strong></span> <span class='ocrx_word' id='word_1_218' title='bbox 1476 2970 1701 3022; x_wconf 89' lang='lat' dir='ltr'><strong>divinum</strong></span> <span class='ocrx_word' id='word_1_219' title='bbox 1726 2970 1907 3024; x_wconf 88' lang='lat' dir='ltr'><strong>lumen</strong></span> 
     </span>
    </p>
   </div>
   <div class='ocr_carea' id='block_1_34' title="bbox 337 3057 1904 3126">
    <p class='ocr_par' dir='ltr' id='par_1_34' title="bbox 337 3057 1904 3126">
     <span class='ocr_line' id='line_1_34' title="bbox 337 3057 1904 3126; baseline 0.004 -17"><span class='ocrx_word' id='word_1_220' title='bbox 337 3057 621 3125; x_wconf 87' lang='lat' dir='ltr'><strong>recipiant,</strong></span> <span class='ocrx_word' id='word_1_221' title='bbox 655 3058 1141 3124; x_wconf 71' lang='lat' dir='ltr'><strong>claudendo,‘dono</strong></span> <span class='ocrx_word' id='word_1_222' title='bbox 1160 3060 1315 3115; x_wconf 88' lang='lat' dir='ltr'><strong>liberi</strong></span> <span class='ocrx_word' id='word_1_223' title='bbox 1362 3060 1567 3114; x_wconf 85' lang='lat' dir='ltr'><strong>arbitrii</strong></span> <span class='ocrx_word' id='word_1_224' title='bbox 1598 3061 1904 3126; x_wconf 83' lang='lat' dir='ltr'><strong>abutentes,</strong></span> 
     </span>
    </p>
   </div>
   <div class='ocr_carea' id='block_1_35' title="bbox 332 3147 1905 3217">
    <p class='ocr_par' dir='ltr' id='par_1_35' title="bbox 332 3147 1905 3217">
     <span class='ocr_line' id='line_1_35' title="bbox 332 3147 1905 3217; baseline 0.003 -18"><span class='ocrx_word' id='word_1_225' title='bbox 332 3156 413 3209; x_wconf 91' lang='lat' dir='ltr'><strong>et,</strong></span> <span class='ocrx_word' id='word_1_226' title='bbox 444 3147 587 3214; x_wconf 88' lang='lat' dir='ltr'><strong>quod</strong></span> <span class='ocrx_word' id='word_1_227' title='bbox 631 3150 699 3201; x_wconf 91' lang='lat' dir='ltr'><strong>ad</strong></span> <span class='ocrx_word' id='word_1_228' title='bbox 745 3148 1185 3203; x_wconf 75' lang='lat' dir='ltr'><strong>reformationem</strong></span> <span class='ocrx_word' id='word_1_229' title='bbox 1232 3165 1383 3203; x_wconf 88' lang='lat' dir='ltr'><strong>suam</strong></span> <span class='ocrx_word' id='word_1_230' title='bbox 1409 3149 1511 3204; x_wconf 85' lang='lat' dir='ltr'><strong>sibi</strong></span> <span class='ocrx_word' id='word_1_231' title='bbox 1538 3149 1905 3217; x_wconf 87' lang='lat' dir='ltr'><strong>distribuitur,</strong></span> 
     </span>
    </p>
   </div>
   <div class='ocr_carea' id='block_1_36' title="bbox 331 3237 1916 3309">
    <p class='ocr_par' dir='ltr' id='par_1_36' title="bbox 331 3237 1916 3309">
     <span class='ocr_line' id='line_1_36' title="bbox 331 3237 1916 3309; baseline 0.004 -21"><span class='ocrx_word' id='word_1_232' title='bbox 331 3248 687 3303; x_wconf 85' lang='lat' dir='ltr'><strong>respuentes;</strong></span> <span class='ocrx_word' id='word_1_233' title='bbox 723 3237 1071 3292; x_wconf 85' lang='lat' dir='ltr'><strong>obcaecatum</strong></span> <span class='ocrx_word' id='word_1_234' title='bbox 1121 3239 1263 3293; x_wconf 88' lang='lat' dir='ltr'><strong>enim</strong></span> <span class='ocrx_word' id='word_1_235' title='bbox 1309 3245 1393 3293; x_wconf 89' lang='lat' dir='ltr'><strong>est</strong></span> <span class='ocrx_word' id='word_1_236' title='bbox 1435 3238 1458 3270; x_wconf 81' lang='lat'><strong>’</strong></span> <span class='ocrx_word' id='word_1_237' title='bbox 1501 3239 1765 3309; x_wconf 89' lang='lat' dir='ltr'><strong>insipiens</strong></span> <span class='ocrx_word' id='word_1_238' title='bbox 1819 3254 1916 3294; x_wconf 88' lang='lat' dir='ltr'><strong>cor</strong></span> 
     </span>
    </p>
   </div>
   <div class='ocr_carea' id='block_1_37' title="bbox 326 3326 1915 3383">
    <p class='ocr_par' dir='ltr' id='par_1_37' title="bbox 326 3326 1915 3383">
     <span class='ocr_line' id='line_1_37' title="bbox 326 3326 1915 3383; baseline 0.003 -6"><span class='ocrx_word' id='word_1_239' title='bbox 326 3338 534 3377; x_wconf 83' lang='lat' dir='ltr'><strong>eorum.</strong></span> <span class='ocrx_word' id='word_1_240' title='bbox 566 3326 672 3379; x_wconf 82' lang='lat' dir='ltr'><strong>Aut</strong></span> <span class='ocrx_word' id='word_1_241' title='bbox 694 3326 884 3381; x_wconf 85' lang='lat' dir='ltr'><strong>eadem</strong></span> <span class='ocrx_word' id='word_1_242' title='bbox 918 3327 1296 3383; x_wconf 87' lang='lat' dir='ltr'><strong>dissimilitudo</strong></span> <span class='ocrx_word' id='word_1_243' title='bbox 1322 3328 1765 3383; x_wconf 81' lang='lat' dir='ltr'><strong>intellectualium</strong></span> <span class='ocrx_word' id='word_1_244' title='bbox 1788 3328 1915 3382; x_wconf 85' lang='lat' dir='ltr'><strong>vul-</strong></span> 
     </span>
    </p>
   </div>
   <div class='ocr_carea' id='block_1_38' title="bbox 327 3415 1915 3487">
    <p class='ocr_par' dir='ltr' id='par_1_38' title="bbox 327 3415 1915 3487">
     <span class='ocr_line' id='line_1_38' title="bbox 327 3415 1915 3487; baseline 0.002 -19"><span class='ocrx_word' id='word_1_245' title='bbox 327 3421 474 3468; x_wconf 81' lang='lat' dir='ltr'><strong>tuum</strong></span> <span class='ocrx_word' id='word_1_246' title='bbox 526 3415 970 3484; x_wconf 88' lang='lat' dir='ltr'><strong>participationes</strong></span> <span class='ocrx_word' id='word_1_247' title='bbox 1015 3416 1146 3472; x_wconf 79' lang='lat' dir='ltr'><strong>facit</strong></span> <span class='ocrx_word' id='word_1_248' title='bbox 1195 3417 1529 3483; x_wconf 72' lang='lat' dir='ltr'><strong>differentes,</strong></span> <span class='ocrx_word' id='word_1_249' title='bbox 1580 3431 1777 3487; x_wconf 85' lang='lat' dir='ltr'><strong>parvas</strong></span> <span class='ocrx_word' id='word_1_250' title='bbox 1820 3426 1915 3471; x_wconf 87' lang='lat' dir='ltr'><strong>aut</strong></span> 
     </span>
    </p>
   </div>
   <div class='ocr_carea' id='block_1_39' title="bbox 328 3508 1913 3579">
    <p class='ocr_par' dir='ltr' id='par_1_39' title="bbox 328 3508 1913 3579">
     <span class='ocr_line' id='line_1_39' title="bbox 328 3508 1913 3579; baseline 0.003 -20"><span class='ocrx_word' id='word_1_251' title='bbox 328 3518 570 3578; x_wconf 75' lang='lat' dir='ltr'><strong>magnas,</strong></span> <span class='ocrx_word' id='word_1_252' title='bbox 603 3508 883 3571; x_wconf 88' lang='lat' dir='ltr'><strong>obscuras,</strong></span> <span class='ocrx_word' id='word_1_253' title='bbox 933 3509 1109 3564; x_wconf 90' lang='lat' dir='ltr'><strong>claras</strong></span> <span class='ocrx_word' id='word_1_254' title='bbox 1135 3510 1214 3576; x_wconf 84' lang='grc'><strong>¹⁰;</strong></span> <span class='ocrx_word' id='word_1_255' title='bbox 1246 3510 1468 3579; x_wconf 85' lang='lat' dir='ltr'><strong>quidam</strong></span> <span class='ocrx_word' id='word_1_256' title='bbox 1496 3524 1735 3578; x_wconf 86' lang='lat' dir='ltr'><strong>namque</strong></span> <span class='ocrx_word' id='word_1_257' title='bbox 1774 3508 1913 3563; x_wconf 88' lang='lat' dir='ltr'><strong>divi-</strong></span> 
     </span>
    </p>
   </div>
   <div class='ocr_carea' id='block_1_40' title="bbox 326 3600 1915 3671">
    <p class='ocr_par' dir='ltr' id='par_1_40' title="bbox 326 3600 1915 3671">
     <span class='ocr_line' id='line_1_40' title="bbox 326 3600 1915 3671; baseline 0.001 -18"><span class='ocrx_word' id='word_1_258' title='bbox 326 3613 452 3653; x_wconf 86' lang='lat' dir='ltr'><strong>num</strong></span> <span class='ocrx_word' id='word_1_259' title='bbox 480 3601 810 3670; x_wconf 87' lang='lat' dir='ltr'><strong>participant</strong></span> <span class='ocrx_word' id='word_1_260' title='bbox 834 3602 1014 3656; x_wconf 85' lang='lat' dir='ltr'><strong>lumen</strong></span> <span class='ocrx_word' id='word_1_261' title='bbox 1037 3603 1235 3667; x_wconf 90' lang='lat' dir='ltr'><strong>minus,</strong></span> <span class='ocrx_word' id='word_1_262' title='bbox 1260 3603 1481 3671; x_wconf 87' lang='lat' dir='ltr'><strong>quidam</strong></span> <span class='ocrx_word' id='word_1_263' title='bbox 1509 3600 1652 3670; x_wconf 86' lang='lat' dir='ltr'><strong>plus,</strong></span> <span class='ocrx_word' id='word_1_264' title='bbox 1686 3600 1915 3670; x_wconf 83' lang='lat' dir='ltr'><strong>quidam</strong></span> 
     </span>
    </p>
   </div>
   <div class='ocr_carea' id='block_1_41' title="bbox 327 3689 1913 3761">
    <p class='ocr_par' dir='ltr' id='par_1_41' title="bbox 327 3689 1913 3761">
     <span class='ocr_line' id='line_1_41' title="bbox 327 3689 1913 3761; baseline 0 -16"><span class='ocrx_word' id='word_1_265' title='bbox 327 3689 633 3755; x_wconf 79' lang='lat' dir='ltr'><strong>obscurius,</strong></span> <span class='ocrx_word' id='word_1_266' title='bbox 681 3692 901 3760; x_wconf 84' lang='lat' dir='ltr'><strong>quidam</strong></span> <span class='ocrx_word' id='word_1_267' title='bbox 950 3693 1164 3747; x_wconf 89' lang='lat' dir='ltr'><strong>clarius.</strong></span> <span class='ocrx_word' id='word_1_268' title='bbox 1196 3692 1392 3748; x_wconf 56' lang='lat' dir='ltr'><strong>&#39;Unius</strong></span> <span class='ocrx_word' id='word_1_269' title='bbox 1438 3700 1495 3746; x_wconf 92' lang='lat' dir='ltr'><strong>et</strong></span> <span class='ocrx_word' id='word_1_270' title='bbox 1545 3691 1808 3761; x_wconf 85' lang='lat' dir='ltr'><strong>simplicis</strong></span> <span class='ocrx_word' id='word_1_271' title='bbox 1858 3700 1913 3747; x_wconf 87' lang='lat' dir='ltr'><strong>et</strong></span> 
     </span>
    </p>
   </div>
   <div class='ocr_carea' id='block_1_42' title="bbox 328 3782 1913 3849">
    <p class='ocr_par' dir='ltr' id='par_1_42' title="bbox 328 3782 1913 3849">
     <span class='ocr_line' id='line_1_42' title="bbox 328 3782 1913 3849; baseline 0.002 -15"><span class='ocrx_word' id='word_1_272' title='bbox 328 3794 544 3849; x_wconf 79' lang='lat' dir='ltr'><strong>semper</strong></span> <span class='ocrx_word' id='word_1_273' title='bbox 574 3783 759 3836; x_wconf 87' lang='lat' dir='ltr'><strong>eodem</strong></span> <span class='ocrx_word' id='word_1_274' title='bbox 803 3785 963 3837; x_wconf 89' lang='lat' dir='ltr'><strong>modo</strong></span> <span class='ocrx_word' id='word_1_275' title='bbox 1011 3783 1524 3838; x_wconf 89' lang='lat' dir='ltr'><strong>ineommutabiliter</strong></span> <span class='ocrx_word' id='word_1_276' title='bbox 1550 3782 1830 3849; x_wconf 76' lang='lat' dir='ltr'><strong>habentis,</strong></span> <span class='ocrx_word' id='word_1_277' title='bbox 1857 3790 1913 3837; x_wconf 87' lang='lat' dir='ltr'><strong>et</strong></span> 
     </span>
    </p>
   </div>
   <div class='ocr_carea' id='block_1_43' title="bbox 329 3876 1916 3949">
    <p class='ocr_par' dir='ltr' id='par_1_43' title="bbox 329 3876 1916 3949">
     <span class='ocr_line' id='line_1_43' title="bbox 329 3876 1916 3949; baseline 0.003 -22"><span class='ocrx_word' id='word_1_278' title='bbox 329 3887 498 3940; x_wconf 85' lang='lat' dir='ltr'><strong>super</strong></span> <span class='ocrx_word' id='word_1_279' title='bbox 540 3876 762 3944; x_wconf 77' lang='lat' dir='ltr'><strong>expansi</strong></span> <span class='ocrx_word' id='word_1_280' title='bbox 809 3877 889 3943; x_wconf 83' lang='lat'><strong>“;</strong></span> <span class='ocrx_word' id='word_1_281' title='bbox 942 3878 1074 3941; x_wconf 81' lang='lat' dir='ltr'><strong>sive,</strong></span> <span class='ocrx_word' id='word_1_282' title='bbox 1108 3886 1165 3931; x_wconf 89' lang='lat' dir='ltr'><strong>ut</strong></span> <span class='ocrx_word' id='word_1_283' title='bbox 1202 3889 1381 3948; x_wconf 83' lang='lat' dir='ltr'><strong>potest</strong></span> <span class='ocrx_word' id='word_1_284' title='bbox 1402 3877 1916 3949; x_wconf 79' lang='lat' dir='ltr'><strong>transferri,super-</strong></span> 
     </span>
    </p>
   </div>
   <div class='ocr_carea' id='block_1_44' title="bbox 331 3965 1915 4041">
    <p class='ocr_par' dir='ltr' id='par_1_44' title="bbox 331 3965 1915 4041">
     <span class='ocr_line' id='line_1_44' title="bbox 331 3965 1915 4041; baseline 0.005 -24"><span class='ocrx_word' id='word_1_285' title='bbox 331 3967 539 4020; x_wconf 76' lang='lat' dir='ltr'><strong>extenti</strong></span> <span class='ocrx_word' id='word_1_286' title='bbox 563 3965 781 4022; x_wconf 80' lang='lat' dir='ltr'><strong>fontalis</strong></span> <span class='ocrx_word' id='word_1_287' title='bbox 809 3971 962 4034; x_wconf 89' lang='lat' dir='ltr'><strong>radii,</strong></span> <span class='ocrx_word' id='word_1_288' title='bbox 1004 3971 1097 4025; x_wconf 86' lang='lat' dir='ltr'><strong>Dei</strong></span> <span class='ocrx_word' id='word_1_289' title='bbox 1128 3970 1288 4025; x_wconf 75' lang='lat' dir='ltr'><strong>Verbi</strong></span> <span class='ocrx_word' id='word_1_290' title='bbox 1339 3970 1516 4041; x_wconf 88' lang='lat' dir='ltr'><strong>plane,</strong></span> <span class='ocrx_word' id='word_1_291' title='bbox 1551 3986 1613 4025; x_wconf 83' lang='lat' dir='ltr'><strong>ex</strong></span> <span class='ocrx_word' id='word_1_292' title='bbox 1658 3981 1915 4040; x_wconf 88' lang='lat' dir='ltr'><strong>paternae</strong></span> 
     </span>
    </p>
   </div>
   <div class='ocr_carea' id='block_1_45' title="bbox 334 4052 1916 4126">
    <p class='ocr_par' dir='ltr' id='par_1_45' title="bbox 334 4052 1916 4126">
     <span class='ocr_line' id='line_1_45' title="bbox 334 4052 1916 4126; baseline 0.006 -18"><span class='ocrx_word' id='word_1_293' title='bbox 334 4052 593 4109; x_wconf 83' lang='lat' dir='ltr'><strong>bonitatis</strong></span> <span class='ocrx_word' id='word_1_294' title='bbox 624 4056 768 4111; x_wconf 81' lang='lat' dir='ltr'><strong>fonte</strong></span> <span class='ocrx_word' id='word_1_295' title='bbox 800 4062 1090 4126; x_wconf 77' lang='lat' dir='ltr'><strong>nascentis,</strong></span> <span class='ocrx_word' id='word_1_296' title='bbox 1113 4070 1168 4115; x_wconf 93' lang='lat' dir='ltr'><strong>et</strong></span> <span class='ocrx_word' id='word_1_297' title='bbox 1194 4062 1443 4115; x_wconf 85' lang='lat' dir='ltr'><strong>omnibus</strong></span> <span class='ocrx_word' id='word_1_298' title='bbox 1468 4061 1916 4118; x_wconf 78' lang='lat' dir='ltr'><strong>intellectualibus</strong></span> 
     </span>
    </p>
   </div>
   <div class='ocr_carea' id='block_1_46' title="bbox 329 4142 1915 4222">
    <p class='ocr_par' dir='ltr' id='par_1_46' title="bbox 329 4142 1915 4222">
     <span class='ocr_line' id='line_1_46' title="bbox 329 4142 1915 4222; baseline 0.006 -27"><span class='ocrx_word' id='word_1_299' title='bbox 329 4142 504 4198; x_wconf 88' lang='lat' dir='ltr'><strong>oculis</strong></span> <span class='ocrx_word' id='word_1_300' title='bbox 516 4148 878 4202; x_wconf 88' lang='lat' dir='ltr'><strong>communiter</strong></span> <span class='ocrx_word' id='word_1_301' title='bbox 896 4150 1188 4219; x_wconf 80' lang='lat' dir='ltr'><strong>superfusi,</strong></span> <span class='ocrx_word' id='word_1_302' title='bbox 1213 4153 1325 4205; x_wconf 84' lang='lat' dir='ltr'><strong>sive</strong></span> <span class='ocrx_word' id='word_1_303' title='bbox 1347 4152 1468 4220; x_wconf 80' lang='lat' dir='ltr'><strong>quis</strong></span> <span class='ocrx_word' id='word_1_304' title='bbox 1484 4166 1604 4206; x_wconf 89' lang='lat' dir='ltr'><strong>eum</strong></span> <span class='ocrx_word' id='word_1_305' title='bbox 1629 4152 1915 4222; x_wconf 85' lang='lat' dir='ltr'><strong>receperit,</strong></span> 
     </span>
    </p>
   </div>
   <div class='ocr_carea' id='block_1_47' title="bbox 330 4234 1918 4312">
    <p class='ocr_par' dir='ltr' id='par_1_47' title="bbox 330 4234 1918 4312">
     <span class='ocr_line' id='line_1_47' title="bbox 330 4234 1918 4312; baseline 0.006 -24"><span class='ocrx_word' id='word_1_306' title='bbox 330 4234 453 4288; x_wconf 83' lang='lat' dir='ltr'><strong>sive</strong></span> <span class='ocrx_word' id='word_1_307' title='bbox 491 4251 619 4289; x_wconf 90' lang='lat' dir='ltr'><strong>non.</strong></span> <span class='ocrx_word' id='word_1_308' title='bbox 662 4238 870 4293; x_wconf 80' lang='lat' dir='ltr'><strong>Etenim</strong></span> <span class='ocrx_word' id='word_1_309' title='bbox 895 4252 946 4293; x_wconf 88' lang='lat' dir='ltr'><strong>et</strong></span> <span class='ocrx_word' id='word_1_310' title='bbox 976 4242 1054 4295; x_wconf 89' lang='lat' dir='ltr'><strong>sol</strong></span> <span class='ocrx_word' id='word_1_311' title='bbox 1096 4242 1197 4296; x_wconf 86' lang='lat' dir='ltr'><strong>iste</strong></span> <span class='ocrx_word' id='word_1_312' title='bbox 1228 4241 1453 4297; x_wconf 74' lang='lat' dir='ltr'><strong>visibilis</strong></span> <span class='ocrx_word' id='word_1_313' title='bbox 1482 4243 1776 4312; x_wconf 85' lang='lat' dir='ltr'><strong>aequaliter</strong></span> <span class='ocrx_word' id='word_1_314' title='bbox 1801 4258 1918 4297; x_wconf 87' lang='lat' dir='ltr'><strong>om-</strong></span> 
     </span>
    </p>
   </div>
   <div class='ocr_carea' id='block_1_48' title="bbox 333 4323 1917 4398">
    <p class='ocr_par' dir='ltr' id='par_1_48' title="bbox 333 4323 1917 4398">
     <span class='ocr_line' id='line_1_48' title="bbox 333 4323 1917 4398; baseline 0.008 -22"><span class='ocrx_word' id='word_1_315' title='bbox 333 4323 498 4378; x_wconf 88' lang='lat' dir='ltr'><strong>nibus</strong></span> <span class='ocrx_word' id='word_1_316' title='bbox 528 4326 607 4379; x_wconf 91' lang='lat' dir='ltr'><strong>sui</strong></span> <span class='ocrx_word' id='word_1_317' title='bbox 629 4327 841 4385; x_wconf 88' lang='lat' dir='ltr'><strong>luminis</strong></span> <span class='ocrx_word' id='word_1_318' title='bbox 873 4331 1079 4385; x_wconf 87' lang='lat' dir='ltr'><strong>radium</strong></span> <span class='ocrx_word' id='word_1_319' title='bbox 1108 4332 1356 4386; x_wconf 84' lang='lat' dir='ltr'><strong>diﬂ‘undit</strong></span> <span class='ocrx_word' id='word_1_320' title='bbox 1382 4334 1449 4398; x_wconf 70' lang='grc' dir='ltr'><strong>ι’,</strong></span> <span class='ocrx_word' id='word_1_321' title='bbox 1495 4350 1600 4389; x_wconf 87' lang='lat' dir='ltr'><strong>non</strong></span> <span class='ocrx_word' id='word_1_322' title='bbox 1647 4343 1822 4389; x_wconf 87' lang='lat' dir='ltr'><strong>tamen</strong></span> <span class='ocrx_word' id='word_1_323' title='bbox 1849 4334 1917 4389; x_wconf 88' lang='lat' dir='ltr'><strong>ab</strong></span> 
     </span>
    </p>
   </div>
   <div class='ocr_carea' id='block_1_49' title="bbox 2020 535 3608 605">
    <p class='ocr_par' dir='ltr' id='par_1_49' title="bbox 2020 535 3608 605">
     <span class='ocr_line' id='line_1_49' title="bbox 2020 535 3608 605; baseline -0.001 -11"><span class='ocrx_word' id='word_1_324' title='bbox 2020 542 2164 594; x_wconf 89' lang='lat' dir='ltr'><strong>niam</strong></span> <span class='ocrx_word' id='word_1_325' title='bbox 2196 541 2382 595; x_wconf 84' lang='lat' dir='ltr'><strong>statuit</strong></span> <span class='ocrx_word' id='word_1_326' title='bbox 2433 540 2680 593; x_wconf 79' lang='lat' dir='ltr'><strong>excelsus</strong></span> <span class='ocrx_word' id='word_1_327' title='bbox 2708 537 2971 590; x_wconf 85' lang='lat' dir='ltr'><strong>terminos</strong></span> <span class='ocrx_word' id='word_1_328' title='bbox 3024 535 3259 605; x_wconf 73' lang='lat' dir='ltr'><strong>gentium</strong></span> <span class='ocrx_word' id='word_1_329' title='bbox 3308 537 3608 593; x_wconf 78' lang='lat' dir='ltr'><strong>secundum</strong></span> 
     </span>
    </p>
   </div>
   <div class='ocr_carea' id='block_1_50' title="bbox 2018 626 3609 701">
    <p class='ocr_par' dir='ltr' id='par_1_50' title="bbox 2018 626 3609 701">
     <span class='ocr_line' id='line_1_50' title="bbox 2018 626 3609 701; baseline -0.003 -15"><span class='ocrx_word' id='word_1_330' title='bbox 2018 648 2300 686; x_wconf 86' lang='lat' dir='ltr'><strong>numerum</strong></span> <span class='ocrx_word' id='word_1_331' title='bbox 2333 631 2644 701; x_wconf 81' lang='lat' dir='ltr'><strong>angelorum</strong></span> <span class='ocrx_word' id='word_1_332' title='bbox 2669 629 2788 694; x_wconf 88' lang='lat' dir='ltr'><strong>Dei,</strong></span> <span class='ocrx_word' id='word_1_333' title='bbox 2811 637 2867 683; x_wconf 90' lang='lat' dir='ltr'><strong>et</strong></span> <span class='ocrx_word' id='word_1_334' title='bbox 2891 628 3145 697; x_wconf 88' lang='lat' dir='ltr'><strong>quoniam</strong></span> <span class='ocrx_word' id='word_1_335' title='bbox 3200 626 3425 681; x_wconf 80' lang='lat' dir='ltr'><strong>Michael</strong></span> <span class='ocrx_word' id='word_1_336' title='bbox 3455 629 3609 696; x_wconf 86' lang='lat' dir='ltr'><strong>prin-</strong></span> 
     </span>
    </p>
   </div>
   <div class='ocr_carea' id='block_1_51' title="bbox 2016 718 3604 792">
    <p class='ocr_par' dir='ltr' id='par_1_51' title="bbox 2016 718 3604 792">
     <span class='ocr_line' id='line_1_51' title="bbox 2016 718 3604 792; baseline -0.003 -15"><span class='ocrx_word' id='word_1_337' title='bbox 2016 723 2189 792; x_wconf 86' lang='lat' dir='ltr'><strong>cipem</strong></span> <span class='ocrx_word' id='word_1_338' title='bbox 2208 723 2573 777; x_wconf 87' lang='lat' dir='ltr'><strong>Hebraeorum</strong></span> <span class='ocrx_word' id='word_1_339' title='bbox 2600 720 2643 751; x_wconf 81' lang='grc'><strong>¹⁶</strong></span> <span class='ocrx_word' id='word_1_340' title='bbox 2665 735 2786 775; x_wconf 83' lang='lat' dir='ltr'><strong>esse</strong></span> <span class='ocrx_word' id='word_1_341' title='bbox 2808 719 3086 787; x_wconf 85' lang='lat' dir='ltr'><strong>Scriptura</strong></span> <span class='ocrx_word' id='word_1_342' title='bbox 3113 726 3363 782; x_wconf 87' lang='lat' dir='ltr'><strong>testatur,</strong></span> <span class='ocrx_word' id='word_1_343' title='bbox 3388 718 3604 782; x_wconf 86' lang='lat' dir='ltr'><strong>deinde,</strong></span> 
     </span>
    </p>
   </div>
   <div class='ocr_carea' id='block_1_52' title="bbox 2016 807 3607 878">
    <p class='ocr_par' dir='ltr' id='par_1_52' title="bbox 2016 807 3607 878">
     <span class='ocr_line' id='line_1_52' title="bbox 2016 807 3607 878; baseline -0.004 -10"><span class='ocrx_word' id='word_1_344' title='bbox 2016 814 2119 868; x_wconf 88' lang='lat' dir='ltr'><strong>hoc</strong></span> <span class='ocrx_word' id='word_1_345' title='bbox 2166 822 2268 878; x_wconf 90' lang='lat' dir='ltr'><strong>est,</strong></span> <span class='ocrx_word' id='word_1_346' title='bbox 2303 815 2404 867; x_wconf 89' lang='lat' dir='ltr'><strong>hac</strong></span> <span class='ocrx_word' id='word_1_347' title='bbox 2430 814 2471 844; x_wconf 74' lang='grc' dir='ltr'>ιτ</span> <span class='ocrx_word' id='word_1_348' title='bbox 2494 813 2559 867; x_wconf 92' lang='lat' dir='ltr'><strong>de</strong></span> <span class='ocrx_word' id='word_1_349' title='bbox 2606 825 2768 866; x_wconf 86' lang='lat' dir='ltr'><strong>causa</strong></span> <span class='ocrx_word' id='word_1_350' title='bbox 2817 810 2973 863; x_wconf 87' lang='lat' dir='ltr'><strong>datur</strong></span> <span class='ocrx_word' id='word_1_351' title='bbox 3030 807 3273 878; x_wconf 80' lang='lat' dir='ltr'><strong>intelligi,</strong></span> <span class='ocrx_word' id='word_1_352' title='bbox 3315 809 3442 877; x_wconf 88' lang='lat' dir='ltr'><strong>quia</strong></span> <span class='ocrx_word' id='word_1_353' title='bbox 3498 824 3607 864; x_wconf 83' lang='lat' dir='ltr'><strong>non</strong></span> 
     </span>
    </p>
   </div>
   <div class='ocr_carea' id='block_1_53' title="bbox 2015 899 3604 971">
    <p class='ocr_par' dir='ltr' id='par_1_53' title="bbox 2015 899 3604 971">
     <span class='ocr_line' id='line_1_53' title="bbox 2015 899 3604 971; baseline -0.003 -14"><span class='ocrx_word' id='word_1_354' title='bbox 2015 902 2349 971; x_wconf 80' lang='lat' dir='ltr'><strong>alienigenae</strong></span> <span class='ocrx_word' id='word_1_355' title='bbox 2375 902 2591 970; x_wconf 88' lang='lat' dir='ltr'><strong>quidam</strong></span> <span class='ocrx_word' id='word_1_356' title='bbox 2617 901 2956 970; x_wconf 88' lang='lat' dir='ltr'><strong>imperabant</strong></span> <span class='ocrx_word' id='word_1_357' title='bbox 2984 899 3057 952; x_wconf 90' lang='lat' dir='ltr'><strong>dii</strong></span> <span class='ocrx_word' id='word_1_358' title='bbox 3094 908 3151 953; x_wconf 90' lang='lat' dir='ltr'><strong>et</strong></span> <span class='ocrx_word' id='word_1_359' title='bbox 3179 899 3300 953; x_wconf 86' lang='lat' dir='ltr'><strong>aliis</strong></span> <span class='ocrx_word' id='word_1_360' title='bbox 3333 900 3604 969; x_wconf 82' lang='lat' dir='ltr'><strong>gentibus,</strong></span> 
     </span>
    </p>
   </div>
   <div class='ocr_carea' id='block_1_54' title="bbox 2015 989 3607 1061">
    <p class='ocr_par' dir='ltr' id='par_1_54' title="bbox 2015 989 3607 1061">
     <span class='ocr_line' id='line_1_54' title="bbox 2015 989 3607 1061; baseline -0.003 -15"><span class='ocrx_word' id='word_1_361' title='bbox 2015 1007 2084 1046; x_wconf 78' lang='lat' dir='ltr'><strong>ex</strong></span> <span class='ocrx_word' id='word_1_362' title='bbox 2121 993 2319 1061; x_wconf 85' lang='lat' dir='ltr'><strong>quibus</strong></span> <span class='ocrx_word' id='word_1_363' title='bbox 2340 1002 2395 1046; x_wconf 92' lang='lat' dir='ltr'><strong>et</strong></span> <span class='ocrx_word' id='word_1_364' title='bbox 2418 1005 2518 1046; x_wconf 90' lang='lat' dir='ltr'><strong>nos</strong></span> <span class='ocrx_word' id='word_1_365' title='bbox 2548 990 2905 1060; x_wconf 73' lang='lat' dir='ltr'><strong>respeximus,</strong></span> <span class='ocrx_word' id='word_1_366' title='bbox 2937 989 3043 1043; x_wconf 85' lang='lat' dir='ltr'><strong>hoc</strong></span> <span class='ocrx_word' id='word_1_367' title='bbox 3061 999 3163 1053; x_wconf 90' lang='lat' dir='ltr'><strong>est,</strong></span> <span class='ocrx_word' id='word_1_368' title='bbox 3200 989 3526 1045; x_wconf 88' lang='lat' dir='ltr'><strong>credidimus</strong></span> <span class='ocrx_word' id='word_1_369' title='bbox 3553 990 3607 1043; x_wconf 89' lang='lat' dir='ltr'><strong>in</strong></span> 
     </span>
    </p>
   </div>
   <div class='ocr_carea' id='block_1_55' title="bbox 2015 1081 3604 1153">
    <p class='ocr_par' dir='ltr' id='par_1_55' title="bbox 2015 1081 3604 1153">
     <span class='ocr_line' id='line_1_55' title="bbox 2015 1081 3604 1153; baseline -0.002 -15"><span class='ocrx_word' id='word_1_370' title='bbox 2015 1083 2148 1138; x_wconf 87' lang='lat' dir='ltr'><strong>illud</strong></span> <span class='ocrx_word' id='word_1_371' title='bbox 2175 1092 2424 1153; x_wconf 87' lang='lat' dir='ltr'><strong>apertum</strong></span> <span class='ocrx_word' id='word_1_372' title='bbox 2457 1092 2509 1137; x_wconf 88' lang='lat' dir='ltr'><strong>et</strong></span> <span class='ocrx_word' id='word_1_373' title='bbox 2538 1098 2790 1153; x_wconf 81' lang='lat' dir='ltr'><strong>maguum</strong></span> <span class='ocrx_word' id='word_1_374' title='bbox 2821 1089 2873 1136; x_wconf 90' lang='lat' dir='ltr'><strong>et</strong></span> <span class='ocrx_word' id='word_1_375' title='bbox 2900 1082 3176 1151; x_wconf 89' lang='lat' dir='ltr'><strong>copiosum</strong></span> <span class='ocrx_word' id='word_1_376' title='bbox 3207 1081 3425 1153; x_wconf 73' lang='lat' dir='ltr'><strong>pelagus</strong></span> <span class='ocrx_word' id='word_1_377' title='bbox 3445 1098 3604 1152; x_wconf 81' lang='lat' dir='ltr'><strong>para-</strong></span> 
     </span>
    </p>
   </div>
   <div class='ocr_carea' id='block_1_56' title="bbox 2016 1172 3603 1240">
    <p class='ocr_par' dir='ltr' id='par_1_56' title="bbox 2016 1172 3603 1240">
     <span class='ocr_line' id='line_1_56' title="bbox 2016 1172 3603 1240; baseline -0.001 -11"><span class='ocrx_word' id='word_1_378' title='bbox 2016 1184 2125 1230; x_wconf 86' lang='lat' dir='ltr'><strong>tum</strong></span> <span class='ocrx_word' id='word_1_379' title='bbox 2155 1174 2407 1228; x_wconf 82' lang='lat' dir='ltr'><strong>omnibus</strong></span> <span class='ocrx_word' id='word_1_380' title='bbox 2437 1175 2491 1226; x_wconf 91' lang='lat' dir='ltr'><strong>in</strong></span> <span class='ocrx_word' id='word_1_381' title='bbox 2519 1173 2860 1226; x_wconf 87' lang='lat' dir='ltr'><strong>traditionem</strong></span> <span class='ocrx_word' id='word_1_382' title='bbox 2894 1172 2957 1224; x_wconf 81' lang='grc'><strong>¹⁸.</strong></span> <span class='ocrx_word' id='word_1_383' title='bbox 3008 1172 3320 1240; x_wconf 81' lang='lat' dir='ltr'><strong>Promptum</strong></span> <span class='ocrx_word' id='word_1_384' title='bbox 3368 1188 3603 1240; x_wconf 86' lang='lat' dir='ltr'><strong>namque</strong></span> 
     </span>
    </p>
   </div>
   <div class='ocr_carea' id='block_1_57' title="bbox 2013 1261 3608 1331">
    <p class='ocr_par' dir='ltr' id='par_1_57' title="bbox 2013 1261 3608 1331">
     <span class='ocr_line' id='line_1_57' title="bbox 2013 1261 3608 1331; baseline 0 -14"><span class='ocrx_word' id='word_1_385' title='bbox 2013 1272 2096 1318; x_wconf 87' lang='lat' dir='ltr'><strong>est</strong></span> <span class='ocrx_word' id='word_1_386' title='bbox 2123 1263 2370 1317; x_wconf 80' lang='lat' dir='ltr'><strong>inﬁnitae</strong></span> <span class='ocrx_word' id='word_1_387' title='bbox 2429 1262 2705 1317; x_wconf 24' lang='lat' dir='ltr'><strong>bonitatis.</strong></span> <span class='ocrx_word' id='word_1_388' title='bbox 2721 1261 2960 1331; x_wconf 81' lang='lat' dir='ltr'><strong>pelagus,</strong></span> <span class='ocrx_word' id='word_1_389' title='bbox 3022 1262 3233 1316; x_wconf 85' lang='lat' dir='ltr'><strong>tradere</strong></span> <span class='ocrx_word' id='word_1_390' title='bbox 3276 1262 3608 1317; x_wconf 79' lang='lat' dir='ltr'><strong>seemnibus</strong></span> 
     </span>
    </p>
   </div>
   <div class='ocr_carea' id='block_1_58' title="bbox 2015 1349 3603 1422">
    <p class='ocr_par' dir='ltr' id='par_1_58' title="bbox 2015 1349 3603 1422">
     <span class='ocr_line' id='line_1_58' title="bbox 2015 1349 3603 1422; baseline -0.003 -14"><span class='ocrx_word' id='word_1_391' title='bbox 2015 1354 2316 1408; x_wconf 84' lang='lat' dir='ltr'><strong>valentibus</strong></span> <span class='ocrx_word' id='word_1_392' title='bbox 2363 1353 2689 1422; x_wconf 79' lang='lat' dir='ltr'><strong>participare</strong></span> <span class='ocrx_word' id='word_1_393' title='bbox 2736 1350 2902 1415; x_wconf 89' lang='lat' dir='ltr'><strong>illud;</strong></span> <span class='ocrx_word' id='word_1_394' title='bbox 2938 1349 3064 1404; x_wconf 90' lang='lat' dir='ltr'><strong>nulli</strong></span> <span class='ocrx_word' id='word_1_395' title='bbox 3095 1350 3238 1405; x_wconf 89' lang='lat' dir='ltr'><strong>enim</strong></span> <span class='ocrx_word' id='word_1_396' title='bbox 3286 1352 3603 1421; x_wconf 80' lang='lat' dir='ltr'><strong>denegatur,</strong></span> 
     </span>
    </p>
   </div>
   <div class='ocr_carea' id='block_1_59' title="bbox 2015 1442 3606 1514">
    <p class='ocr_par' dir='ltr' id='par_1_59' title="bbox 2015 1442 3606 1514">
     <span class='ocr_line' id='line_1_59' title="bbox 2015 1442 3606 1514; baseline -0.001 -16"><span class='ocrx_word' id='word_1_397' title='bbox 2015 1445 2140 1514; x_wconf 87' lang='lat' dir='ltr'><strong>quia</strong></span> <span class='ocrx_word' id='word_1_398' title='bbox 2166 1445 2296 1498; x_wconf 89' lang='lat' dir='ltr'><strong>nulli</strong></span> <span class='ocrx_word' id='word_1_399' title='bbox 2322 1443 2548 1507; x_wconf 86' lang='lat' dir='ltr'><strong>invidet,</strong></span> <span class='ocrx_word' id='word_1_400' title='bbox 2578 1458 2684 1496; x_wconf 89' lang='lat' dir='ltr'><strong>non</strong></span> <span class='ocrx_word' id='word_1_401' title='bbox 2710 1450 2795 1495; x_wconf 90' lang='lat' dir='ltr'><strong>est</strong></span> <span class='ocrx_word' id='word_1_402' title='bbox 2815 1442 2957 1495; x_wconf 84' lang='lat' dir='ltr'><strong>enim</strong></span> <span class='ocrx_word' id='word_1_403' title='bbox 2984 1443 3227 1509; x_wconf 86' lang='lat' dir='ltr'><strong>acceptio</strong></span> <span class='ocrx_word' id='word_1_404' title='bbox 3250 1456 3606 1510; x_wconf 83' lang='lat' dir='ltr'><strong>personarum</strong></span> 
     </span>
    </p>
   </div>
   <div class='ocr_carea' id='block_1_60' title="bbox 2017 1531 3602 1604">
    <p class='ocr_par' dir='ltr' id='par_1_60' title="bbox 2017 1531 3602 1604">
     <span class='ocr_line' id='line_1_60' title="bbox 2017 1531 3602 1604; baseline -0.001 -15"><span class='ocrx_word' id='word_1_405' title='bbox 2017 1534 2160 1604; x_wconf 89' lang='lat' dir='ltr'><strong>apud</strong></span> <span class='ocrx_word' id='word_1_406' title='bbox 2186 1534 2355 1589; x_wconf 84' lang='lat' dir='ltr'><strong>Deum</strong></span> <span class='ocrx_word' id='word_1_407' title='bbox 2381 1551 2395 1598; x_wconf 93' lang='lat'><strong>;</strong></span> <span class='ocrx_word' id='word_1_408' title='bbox 2436 1533 2821 1589; x_wconf 85' lang='lat' dir='ltr'><strong>communicari</strong></span> <span class='ocrx_word' id='word_1_409' title='bbox 2849 1531 2917 1585; x_wconf 89' lang='lat' dir='ltr'><strong>ab</strong></span> <span class='ocrx_word' id='word_1_410' title='bbox 2942 1531 3193 1586; x_wconf 87' lang='lat' dir='ltr'><strong>omnibus</strong></span> <span class='ocrx_word' id='word_1_411' title='bbox 3220 1531 3424 1587; x_wconf 85' lang='lat' dir='ltr'><strong>volens.</strong></span> <span class='ocrx_word' id='word_1_412' title='bbox 3452 1532 3602 1588; x_wconf 83' lang='lat' dir='ltr'><strong>Alie—</strong></span> 
     </span>
    </p>
   </div>
   <div class='ocr_carea' id='block_1_61' title="bbox 2016 1622 3604 1696">
    <p class='ocr_par' dir='ltr' id='par_1_61' title="bbox 2016 1622 3604 1696">
     <span class='ocr_line' id='line_1_61' title="bbox 2016 1622 3604 1696; baseline -0.001 -17"><span class='ocrx_word' id='word_1_413' title='bbox 2016 1626 2237 1696; x_wconf 82' lang='lat' dir='ltr'><strong>nigenas</strong></span> <span class='ocrx_word' id='word_1_414' title='bbox 2263 1634 2441 1678; x_wconf 88' lang='lat' dir='ltr'><strong>autem</strong></span> <span class='ocrx_word' id='word_1_415' title='bbox 2472 1624 2600 1677; x_wconf 88' lang='lat' dir='ltr'><strong>deos</strong></span> <span class='ocrx_word' id='word_1_416' title='bbox 2621 1622 3176 1693; x_wconf 81' lang='lat' dir='ltr'><strong>appellatdaemones,</strong></span> <span class='ocrx_word' id='word_1_417' title='bbox 3202 1636 3337 1691; x_wconf 88' lang='lat' dir='ltr'><strong>quos</strong></span> <span class='ocrx_word' id='word_1_418' title='bbox 3350 1622 3604 1693; x_wconf 78' lang='lat' dir='ltr'><strong>alienige-</strong></span> 
     </span>
    </p>
   </div>
   <div class='ocr_carea' id='block_1_62' title="bbox 2018 1708 3601 1781">
    <p class='ocr_par' dir='ltr' id='par_1_62' title="bbox 2018 1708 3601 1781">
     <span class='ocr_line' id='line_1_62' title="bbox 2018 1708 3601 1781; baseline -0.001 -13"><span class='ocrx_word' id='word_1_419' title='bbox 2018 1730 2119 1768; x_wconf 90' lang='lat' dir='ltr'><strong>nae</strong></span> <span class='ocrx_word' id='word_1_420' title='bbox 2148 1714 2398 1768; x_wconf 88' lang='lat' dir='ltr'><strong>nationes</strong></span> <span class='ocrx_word' id='word_1_421' title='bbox 2422 1720 2635 1781; x_wconf 87' lang='lat' dir='ltr'><strong>praeter</strong></span> <span class='ocrx_word' id='word_1_422' title='bbox 2678 1710 2951 1776; x_wconf 83' lang='lat' dir='ltr'><strong>Hebraeos</strong></span> <span class='ocrx_word' id='word_1_423' title='bbox 2994 1708 3601 1781; x_wconf 48' lang='lat' dir='ltr'><strong>colebaiit,.ignorantes</strong></span> 
     </span>
    </p>
   </div>
   <div class='ocr_carea' id='block_1_63' title="bbox 1948 1778 3599 1870">
    <p class='ocr_par' dir='ltr' id='par_1_63' title="bbox 1948 1778 3599 1870">
     <span class='ocr_line' id='line_1_63' title="bbox 1948 1778 3599 1870; baseline -0.002 -14"><span class='ocrx_word' id='word_1_424' title='bbox 1948 1778 1991 1838; x_wconf 70' lang='grc' dir='ltr'><strong>Β</strong></span> <span class='ocrx_word' id='word_1_425' title='bbox 2018 1803 2156 1857; x_wconf 76' lang='lat' dir='ltr'><strong>filios</strong></span> <span class='ocrx_word' id='word_1_426' title='bbox 2186 1802 2280 1856; x_wconf 86' lang='lat' dir='ltr'><strong>Dei</strong></span> <span class='ocrx_word' id='word_1_427' title='bbox 2308 1802 2408 1856; x_wconf 89' lang='lat' dir='ltr'><strong>sibi</strong></span> <span class='ocrx_word' id='word_1_428' title='bbox 2436 1801 2753 1870; x_wconf 83' lang='lat' dir='ltr'><strong>imperasse.</strong></span> <span class='ocrx_word' id='word_1_429' title='bbox 2786 1798 2962 1853; x_wconf 84' lang='lat' dir='ltr'><strong>Unum</strong></span> <span class='ocrx_word' id='word_1_430' title='bbox 2986 1808 3159 1852; x_wconf 84' lang='lat' dir='ltr'><strong>autem</strong></span> <span class='ocrx_word' id='word_1_431' title='bbox 3194 1799 3429 1851; x_wconf 85' lang='lat' dir='ltr'><strong>omnium</strong></span> <span class='ocrx_word' id='word_1_432' title='bbox 3446 1800 3599 1868; x_wconf 85' lang='lat' dir='ltr'><strong>prin-</strong></span> 
     </span>
    </p>
   </div>
   <div class='ocr_carea' id='block_1_64' title="bbox 2016 1892 3607 1963">
    <p class='ocr_par' dir='ltr' id='par_1_64' title="bbox 2016 1892 3607 1963">
     <span class='ocr_line' id='line_1_64' title="bbox 2016 1892 3607 1963; baseline -0.002 -17"><span class='ocrx_word' id='word_1_433' title='bbox 2016 1894 2232 1963; x_wconf 85' lang='lat' dir='ltr'><strong>cipium,</strong></span> <span class='ocrx_word' id='word_1_434' title='bbox 2265 1901 2315 1946; x_wconf 81' lang='lat' dir='ltr'><strong>et</strong></span> <span class='ocrx_word' id='word_1_435' title='bbox 2348 1893 2416 1945; x_wconf 87' lang='lat' dir='ltr'><strong>ad</strong></span> <span class='ocrx_word' id='word_1_436' title='bbox 2441 1894 2606 1961; x_wconf 83' lang='lat' dir='ltr'><strong>ipsum</strong></span> <span class='ocrx_word' id='word_1_437' title='bbox 2632 1892 2949 1945; x_wconf 75' lang='lat' dir='ltr'><strong>reduxerunt</strong></span> <span class='ocrx_word' id='word_1_438' title='bbox 2989 1900 3276 1960; x_wconf 75' lang='lat' dir='ltr'><strong>sequentes,</strong></span> <span class='ocrx_word' id='word_1_439' title='bbox 3322 1892 3607 1946; x_wconf 80' lang='lat' dir='ltr'><strong>secundum</strong></span> 
     </span>
    </p>
   </div>
   <div class='ocr_carea' id='block_1_65' title="bbox 2014 1982 3603 2054">
    <p class='ocr_par' dir='ltr' id='par_1_65' title="bbox 2014 1982 3603 2054">
     <span class='ocr_line' id='line_1_65' title="bbox 2014 1982 3603 2054; baseline 0 -16"><span class='ocrx_word' id='word_1_440' title='bbox 2014 2000 2445 2054; x_wconf 73' lang='lat' dir='ltr'><strong>unamquamque</strong></span> <span class='ocrx_word' id='word_1_441' title='bbox 2480 1992 2678 2054; x_wconf 83' lang='lat' dir='ltr'><strong>gentem</strong></span> <span class='ocrx_word' id='word_1_442' title='bbox 2732 1983 2777 2014; x_wconf 71' lang='grc'>⁸⁸</span> <span class='ocrx_word' id='word_1_443' title='bbox 2836 1983 3186 2053; x_wconf 84' lang='lat' dir='ltr'><strong>principantes</strong></span> <span class='ocrx_word' id='word_1_444' title='bbox 3239 1983 3281 2014; x_wconf 87' lang='grc'><strong>²⁰</strong></span> <span class='ocrx_word' id='word_1_445' title='bbox 3330 1982 3511 2054; x_wconf 75' lang='lat' dir='ltr'><strong>Angeli</strong></span> <span class='ocrx_word' id='word_1_446' title='bbox 3537 1985 3603 2038; x_wconf 79' lang='lat'><strong>&quot;.</strong></span> 
     </span>
    </p>
   </div>
   <div class='ocr_carea' id='block_1_66' title="bbox 2018 2073 3603 2144">
    <p class='ocr_par' dir='ltr' id='par_1_66' title="bbox 2018 2073 3603 2144">
     <span class='ocr_line' id='line_1_66' title="bbox 2018 2073 3603 2144; baseline -0.002 -12"><span class='ocrx_word' id='word_1_447' title='bbox 2018 2077 2197 2133; x_wconf 89' lang='lat' dir='ltr'><strong>Unum</strong></span> <span class='ocrx_word' id='word_1_448' title='bbox 2244 2087 2327 2131; x_wconf 88' lang='lat' dir='ltr'><strong>est</strong></span> <span class='ocrx_word' id='word_1_449' title='bbox 2370 2076 2513 2130; x_wconf 90' lang='lat' dir='ltr'><strong>enim</strong></span> <span class='ocrx_word' id='word_1_450' title='bbox 2540 2075 2778 2129; x_wconf 86' lang='lat' dir='ltr'><strong>omnium</strong></span> <span class='ocrx_word' id='word_1_451' title='bbox 2804 2073 3148 2144; x_wconf 87' lang='lat' dir='ltr'><strong>principium,</strong></span> <span class='ocrx_word' id='word_1_452' title='bbox 3185 2073 3251 2128; x_wconf 89' lang='lat' dir='ltr'><strong>ad</strong></span> <span class='ocrx_word' id='word_1_453' title='bbox 3277 2076 3419 2144; x_wconf 86' lang='lat' dir='ltr'><strong>quod</strong></span> <span class='ocrx_word' id='word_1_454' title='bbox 3448 2076 3603 2144; x_wconf 88' lang='lat' dir='ltr'><strong>prin-</strong></span> 
     </span>
    </p>
   </div>
   <div class='ocr_carea' id='block_1_67' title="bbox 2015 2164 3603 2237">
    <p class='ocr_par' dir='ltr' id='par_1_67' title="bbox 2015 2164 3603 2237">
     <span class='ocr_line' id='line_1_67' title="bbox 2015 2164 3603 2237; baseline 0.001 -15"><span class='ocrx_word' id='word_1_455' title='bbox 2015 2168 2257 2237; x_wconf 85' lang='lat' dir='ltr'><strong>cipantes</strong></span> <span class='ocrx_word' id='word_1_456' title='bbox 2290 2164 2462 2235; x_wconf 72' lang='lat' dir='ltr'><strong>angeli</strong></span> <span class='ocrx_word' id='word_1_457' title='bbox 2501 2180 2600 2234; x_wconf 90' lang='lat' dir='ltr'><strong>per</strong></span> <span class='ocrx_word' id='word_1_458' title='bbox 2626 2165 2862 2235; x_wconf 80' lang='lat' dir='ltr'><strong>singulas</strong></span> <span class='ocrx_word' id='word_1_459' title='bbox 2908 2174 3098 2236; x_wconf 76' lang='lat' dir='ltr'><strong>gentes</strong></span> <span class='ocrx_word' id='word_1_460' title='bbox 3143 2166 3492 2233; x_wconf 74' lang='lat' dir='ltr'><strong>reduxerunt,</strong></span> <span class='ocrx_word' id='word_1_461' title='bbox 3516 2180 3603 2224; x_wconf 84' lang='lat' dir='ltr'><strong>se-</strong></span> 
     </span>
    </p>
   </div>
   <div class='ocr_carea' id='block_1_68' title="bbox 2014 2254 3602 2325">
    <p class='ocr_par' dir='ltr' id='par_1_68' title="bbox 2014 2254 3602 2325">
     <span class='ocr_line' id='line_1_68' title="bbox 2014 2254 3602 2325; baseline 0.001 -15"><span class='ocrx_word' id='word_1_462' title='bbox 2014 2262 2263 2325; x_wconf 85' lang='lat' dir='ltr'><strong>quentes,</strong></span> <span class='ocrx_word' id='word_1_463' title='bbox 2309 2254 2624 2310; x_wconf 87' lang='lat' dir='ltr'><strong>obedientes</strong></span> <span class='ocrx_word' id='word_1_464' title='bbox 2688 2255 2937 2309; x_wconf 85' lang='lat' dir='ltr'><strong>videlicet</strong></span> <span class='ocrx_word' id='word_1_465' title='bbox 2992 2255 3114 2309; x_wconf 82' lang='lat' dir='ltr'><strong>sibi.</strong></span> <span class='ocrx_word' id='word_1_466' title='bbox 3175 2254 3431 2323; x_wconf 80' lang='lat' dir='ltr'><strong>Sequitur</strong></span> <span class='ocrx_word' id='word_1_467' title='bbox 3482 2255 3602 2311; x_wconf 85' lang='lat' dir='ltr'><strong>laus</strong></span> 
     </span>
    </p>
   </div>
   <div class='ocr_carea' id='block_1_69' title="bbox 2016 2345 3599 2416">
    <p class='ocr_par' dir='ltr' id='par_1_69' title="bbox 2016 2345 3599 2416">
     <span class='ocr_line' id='line_1_69' title="bbox 2016 2345 3599 2416; baseline 0.002 -16"><span class='ocrx_word' id='word_1_468' title='bbox 2016 2345 2416 2400; x_wconf 74' lang='lat' dir='ltr'><strong>Melchisedech</strong></span> <span class='ocrx_word' id='word_1_469' title='bbox 2472 2345 2616 2416; x_wconf 77' lang='lat' dir='ltr'><strong>regis</strong></span> <span class='ocrx_word' id='word_1_470' title='bbox 2642 2355 2697 2400; x_wconf 89' lang='lat' dir='ltr'><strong>et</strong></span> <span class='ocrx_word' id='word_1_471' title='bbox 2725 2347 3023 2403; x_wconf 82' lang='lat' dir='ltr'><strong>sacerdotis</strong></span> <span class='ocrx_word' id='word_1_472' title='bbox 3049 2345 3436 2403; x_wconf 84' lang='lat' dir='ltr'><strong>Hebraeorum.</strong></span> <span class='ocrx_word' id='word_1_473' title='bbox 3462 2346 3599 2403; x_wconf 78' lang='lat' dir='ltr'><strong>Mcl-</strong></span> 
     </span>
    </p>
   </div>
   <div class='ocr_carea' id='block_1_70' title="bbox 2013 2433 3600 2504">
    <p class='ocr_par' dir='ltr' id='par_1_70' title="bbox 2013 2433 3600 2504">
     <span class='ocr_line' id='line_1_70' title="bbox 2013 2433 3600 2504; baseline 0.004 -16"><span class='ocrx_word' id='word_1_474' title='bbox 2013 2434 2281 2488; x_wconf 80' lang='lat' dir='ltr'><strong>cltisedeclt</strong></span> <span class='ocrx_word' id='word_1_475' title='bbox 2302 2433 2693 2504; x_wconf 81' lang='lat' dir='ltr'><strong>intelligendum</strong></span> <span class='ocrx_word' id='word_1_476' title='bbox 2724 2452 2987 2489; x_wconf 80' lang='lat' dir='ltr'><strong>summum</strong></span> <span class='ocrx_word' id='word_1_477' title='bbox 3007 2437 3351 2501; x_wconf 82' lang='lat' dir='ltr'><strong>sacerdotem,</strong></span> <span class='ocrx_word' id='word_1_478' title='bbox 3375 2439 3600 2494; x_wconf 69' lang='lat' dir='ltr'><strong>existen-</strong></span> 
     </span>
    </p>
   </div>
   <div class='ocr_carea' id='block_1_71' title="bbox 2013 2523 3599 2591">
    <p class='ocr_par' dir='ltr' id='par_1_71' title="bbox 2013 2523 3599 2591">
     <span class='ocr_line' id='line_1_71' title="bbox 2013 2523 3599 2591; baseline 0.003 -15"><span class='ocrx_word' id='word_1_479' title='bbox 2013 2532 2114 2576; x_wconf 83' lang='lat' dir='ltr'><strong>tem</strong></span> <span class='ocrx_word' id='word_1_480' title='bbox 2138 2523 2233 2577; x_wconf 90' lang='lat' dir='ltr'><strong>Dei</strong></span> <span class='ocrx_word' id='word_1_481' title='bbox 2255 2524 2629 2577; x_wconf 82' lang='lat' dir='ltr'><strong>amicissimum</strong></span> <span class='ocrx_word' id='word_1_482' title='bbox 2645 2524 2985 2578; x_wconf 72' lang='lat' dir='ltr'><strong>existentibus</strong></span> <span class='ocrx_word' id='word_1_483' title='bbox 3011 2524 3079 2588; x_wconf 80' lang='lat'><strong>”,</strong></span> <span class='ocrx_word' id='word_1_484' title='bbox 3104 2540 3208 2578; x_wconf 86' lang='lat' dir='ltr'><strong>non</strong></span> <span class='ocrx_word' id='word_1_485' title='bbox 3245 2527 3599 2591; x_wconf 72' lang='lat' dir='ltr'><strong>existentium,</strong></span> 
     </span>
    </p>
   </div>
   <div class='ocr_carea' id='block_1_72' title="bbox 2012 2614 3604 2683">
    <p class='ocr_par' dir='ltr' id='par_1_72' title="bbox 2012 2614 3604 2683">
     <span class='ocr_line' id='line_1_72' title="bbox 2012 2614 3604 2683; baseline 0.003 -16"><span class='ocrx_word' id='word_1_486' title='bbox 2012 2616 2102 2668; x_wconf 87' lang='lat' dir='ltr'><strong>sed</strong></span> <span class='ocrx_word' id='word_1_487' title='bbox 2131 2631 2245 2669; x_wconf 80' lang='lat' dir='ltr'><strong>vere</strong></span> <span class='ocrx_word' id='word_1_488' title='bbox 2266 2616 2533 2669; x_wconf 74' lang='lat' dir='ltr'><strong>existentis</strong></span> <span class='ocrx_word' id='word_1_489' title='bbox 2568 2614 2758 2669; x_wconf 70' lang='lat' dir='ltr'><strong>excelsi</strong></span> <span class='ocrx_word' id='word_1_490' title='bbox 2783 2615 2897 2667; x_wconf 87' lang='lat' dir='ltr'><strong>Dei.</strong></span> <span class='ocrx_word' id='word_1_491' title='bbox 2923 2614 3072 2680; x_wconf 85' lang='lat' dir='ltr'><strong>Quae</strong></span> <span class='ocrx_word' id='word_1_492' title='bbox 3100 2615 3218 2668; x_wconf 89' lang='lat' dir='ltr'><strong>laus</strong></span> <span class='ocrx_word' id='word_1_493' title='bbox 3239 2617 3604 2683; x_wconf 87' lang='lat' dir='ltr'><strong>apertioribus</strong></span> 
     </span>
    </p>
   </div>
   <div class='ocr_carea' id='block_1_73' title="bbox 2018 2701 3603 2772">
    <p class='ocr_par' dir='ltr' id='par_1_73' title="bbox 2018 2701 3603 2772">
     <span class='ocr_line' id='line_1_73' title="bbox 2018 2701 3603 2772; baseline 0 -15"><span class='ocrx_word' id='word_1_494' title='bbox 2018 2704 2198 2758; x_wconf 86' lang='lat' dir='ltr'><strong>verbis</strong></span> <span class='ocrx_word' id='word_1_495' title='bbox 2224 2709 2405 2772; x_wconf 87' lang='lat' dir='ltr'><strong>potest</strong></span> <span class='ocrx_word' id='word_1_496' title='bbox 2431 2701 2694 2770; x_wconf 88' lang='lat' dir='ltr'><strong>depromi,</strong></span> <span class='ocrx_word' id='word_1_497' title='bbox 2746 2712 2807 2754; x_wconf 89' lang='lat' dir='ltr'><strong>ut</strong></span> <span class='ocrx_word' id='word_1_498' title='bbox 2831 2701 2903 2755; x_wconf 88' lang='lat' dir='ltr'><strong>sit</strong></span> <span class='ocrx_word' id='word_1_499' title='bbox 2944 2716 3135 2756; x_wconf 87' lang='lat' dir='ltr'><strong>sensus</strong></span> <span class='ocrx_word' id='word_1_500' title='bbox 3164 2719 3177 2754; x_wconf 90' lang='lat'><strong>:</strong></span> <span class='ocrx_word' id='word_1_501' title='bbox 3208 2702 3603 2758; x_wconf 82' lang='lat' dir='ltr'><strong>Melchisedech</strong></span> 
     </span>
    </p>
   </div>
   <div class='ocr_carea' id='block_1_74' title="bbox 2012 2775 3604 2863">
    <p class='ocr_par' dir='ltr' id='par_1_74' title="bbox 2012 2775 3604 2863">
     <span class='ocr_line' id='line_1_74' title="bbox 2012 2775 3604 2863; baseline -0.004 -15"><span class='ocrx_word' id='word_1_502' title='bbox 2012 2792 2395 2863; x_wconf 86' lang='lat' dir='ltr'><strong>intelligendus</strong></span> <span class='ocrx_word' id='word_1_503' title='bbox 2450 2790 2496 2822; x_wconf 79' lang='lat'><strong>”</strong></span> <span class='ocrx_word' id='word_1_504' title='bbox 2533 2775 2615 2843; x_wconf 78' lang='lat' dir='ltr'><strong>est</strong></span> <span class='ocrx_word' id='word_1_505' title='bbox 2652 2804 2896 2845; x_wconf 87' lang='lat' dir='ltr'><strong>summus</strong></span> <span class='ocrx_word' id='word_1_506' title='bbox 2923 2791 3174 2845; x_wconf 83' lang='lat' dir='ltr'><strong>sacerdos</strong></span> <span class='ocrx_word' id='word_1_507' title='bbox 3218 2792 3452 2844; x_wconf 72' lang='lat' dir='ltr'><strong>existere</strong></span> <span class='ocrx_word' id='word_1_508' title='bbox 3496 2805 3604 2846; x_wconf 87' lang='lat' dir='ltr'><strong>non</strong></span> 
     </span>
    </p>
   </div>
   <div class='ocr_carea' id='block_1_75' title="bbox 2011 2877 3607 2948">
    <p class='ocr_par' dir='ltr' id='par_1_75' title="bbox 2011 2877 3607 2948">
     <span class='ocr_line' id='line_1_75' title="bbox 2011 2877 3607 2948; baseline -0.001 -14"><span class='ocrx_word' id='word_1_509' title='bbox 2011 2896 2197 2943; x_wconf 87' lang='lat' dir='ltr'><strong>eorum</strong></span> <span class='ocrx_word' id='word_1_510' title='bbox 2232 2880 2302 2944; x_wconf 70' lang='grc'><strong>²’*,</strong></span> <span class='ocrx_word' id='word_1_511' title='bbox 2351 2893 2492 2948; x_wconf 84' lang='lat' dir='ltr'><strong>quae</strong></span> <span class='ocrx_word' id='word_1_512' title='bbox 2552 2885 2678 2932; x_wconf 87' lang='lat' dir='ltr'><strong>sunt</strong></span> <span class='ocrx_word' id='word_1_513' title='bbox 2732 2877 2801 2942; x_wconf 78' lang='lat'><strong>“,</strong></span> <span class='ocrx_word' id='word_1_514' title='bbox 2858 2879 2953 2931; x_wconf 90' lang='lat' dir='ltr'><strong>sed</strong></span> <span class='ocrx_word' id='word_1_515' title='bbox 3009 2892 3136 2932; x_wconf 85' lang='lat' dir='ltr'><strong>vere</strong></span> <span class='ocrx_word' id='word_1_516' title='bbox 3190 2877 3470 2934; x_wconf 80' lang='lat' dir='ltr'><strong>existentis</strong></span> <span class='ocrx_word' id='word_1_517' title='bbox 3503 2892 3607 2935; x_wconf 75' lang='lat' dir='ltr'><strong>er.-</strong></span> 
     </span>
    </p>
   </div>
   <div class='ocr_carea' id='block_1_76' title="bbox 2012 2964 3602 3033">
    <p class='ocr_par' dir='ltr' id='par_1_76' title="bbox 2012 2964 3602 3033">
     <span class='ocr_line' id='line_1_76' title="bbox 2012 2964 3602 3033; baseline -0.003 -10"><span class='ocrx_word' id='word_1_518' title='bbox 2012 2970 2142 3024; x_wconf 86' lang='lat' dir='ltr'><strong>celsi</strong></span> <span class='ocrx_word' id='word_1_519' title='bbox 2195 2968 2321 3033; x_wconf 90' lang='lat' dir='ltr'><strong>Dei,</strong></span> <span class='ocrx_word' id='word_1_520' title='bbox 2370 2965 2732 3021; x_wconf 78' lang='lat' dir='ltr'><strong>aiiiicissiiitus</strong></span> <span class='ocrx_word' id='word_1_521' title='bbox 2769 2964 2866 3018; x_wconf 89' lang='lat' dir='ltr'><strong>Dei</strong></span> <span class='ocrx_word' id='word_1_522' title='bbox 2935 2977 3002 3017; x_wconf 83' lang='lat' dir='ltr'><strong>ex</strong></span> <span class='ocrx_word' id='word_1_523' title='bbox 3077 2964 3192 3028; x_wconf 90' lang='lat' dir='ltr'><strong>his,</strong></span> <span class='ocrx_word' id='word_1_524' title='bbox 3249 2978 3387 3033; x_wconf 88' lang='lat' dir='ltr'><strong>quae</strong></span> <span class='ocrx_word' id='word_1_525' title='bbox 3455 2979 3602 3020; x_wconf 88' lang='lat' dir='ltr'><strong>sunt.</strong></span> 
     </span>
    </p>
   </div>
   <div class='ocr_carea' id='block_1_77' title="bbox 2013 3054 3603 3126">
    <p class='ocr_par' dir='ltr' id='par_1_77' title="bbox 2013 3054 3603 3126">
     <span class='ocr_line' id='line_1_77' title="bbox 2013 3054 3603 3126; baseline -0.003 -11"><span class='ocrx_word' id='word_1_526' title='bbox 2013 3062 2198 3116; x_wconf 83' lang='lat' dir='ltr'><strong>Potest</strong></span> <span class='ocrx_word' id='word_1_527' title='bbox 2253 3060 2418 3113; x_wconf 89' lang='lat' dir='ltr'><strong>etiam</strong></span> <span class='ocrx_word' id='word_1_528' title='bbox 2488 3058 2567 3112; x_wconf 88' lang='lat' dir='ltr'><strong>sic</strong></span> <span class='ocrx_word' id='word_1_529' title='bbox 2614 3056 2961 3126; x_wconf 89' lang='lat' dir='ltr'><strong>interpretari</strong></span> <span class='ocrx_word' id='word_1_530' title='bbox 3016 3071 3030 3109; x_wconf 90' lang='lat'><strong>:</strong></span> <span class='ocrx_word' id='word_1_531' title='bbox 3079 3054 3468 3112; x_wconf 80' lang='lat' dir='ltr'><strong>Melchisedech</strong></span> <span class='ocrx_word' id='word_1_532' title='bbox 3518 3058 3603 3113; x_wconf 90' lang='lat' dir='ltr'><strong>in-</strong></span> 
     </span>
    </p>
   </div>
   <div class='ocr_carea' id='block_1_78' title="bbox 2018 3147 3603 3221">
    <p class='ocr_par' dir='ltr' id='par_1_78' title="bbox 2018 3147 3603 3221">
     <span class='ocr_line' id='line_1_78' title="bbox 2018 3147 3603 3221; baseline -0.001 -16"><span class='ocrx_word' id='word_1_533' title='bbox 2018 3151 2365 3221; x_wconf 80' lang='lat' dir='ltr'><strong>telligendum</strong></span> <span class='ocrx_word' id='word_1_534' title='bbox 2415 3165 2684 3205; x_wconf 87' lang='lat' dir='ltr'><strong>summum</strong></span> <span class='ocrx_word' id='word_1_535' title='bbox 2738 3147 3097 3215; x_wconf 88' lang='lat' dir='ltr'><strong>sacerdotem,</strong></span> <span class='ocrx_word' id='word_1_536' title='bbox 3140 3148 3457 3204; x_wconf 73' lang='lat' dir='ltr'><strong>esistentem</strong></span> <span class='ocrx_word' id='word_1_537' title='bbox 3510 3148 3603 3204; x_wconf 80' lang='lat' dir='ltr'><strong>Dei</strong></span> 
     </span>
    </p>
   </div>
   <div class='ocr_carea' id='block_1_79' title="bbox 2021 3239 3605 3307">
    <p class='ocr_par' dir='ltr' id='par_1_79' title="bbox 2021 3239 3605 3307">
     <span class='ocr_line' id='line_1_79' title="bbox 2021 3239 3605 3307; baseline -0.003 -8"><span class='ocrx_word' id='word_1_538' title='bbox 2021 3246 2410 3300; x_wconf 86' lang='lat' dir='ltr'><strong>amicissimum</strong></span> <span class='ocrx_word' id='word_1_539' title='bbox 2472 3241 2842 3307; x_wconf 75' lang='lat' dir='ltr'><strong>existentium,</strong></span> <span class='ocrx_word' id='word_1_540' title='bbox 2911 3257 3017 3295; x_wconf 90' lang='lat' dir='ltr'><strong>non</strong></span> <span class='ocrx_word' id='word_1_541' title='bbox 3079 3239 3444 3305; x_wconf 77' lang='lat' dir='ltr'><strong>existentium,</strong></span> <span class='ocrx_word' id='word_1_542' title='bbox 3506 3239 3605 3295; x_wconf 86' lang='lat' dir='ltr'><strong>sed</strong></span> 
     </span>
    </p>
   </div>
   <div class='ocr_carea' id='block_1_80' title="bbox 2022 3330 3602 3406">
    <p class='ocr_par' dir='ltr' id='par_1_80' title="bbox 2022 3330 3602 3406">
     <span class='ocr_line' id='line_1_80' title="bbox 2022 3330 3602 3406; baseline -0.004 -14"><span class='ocrx_word' id='word_1_543' title='bbox 2022 3337 2192 3406; x_wconf 88' lang='lat' dir='ltr'><strong>ipsius</strong></span> <span class='ocrx_word' id='word_1_544' title='bbox 2224 3352 2352 3392; x_wconf 81' lang='lat' dir='ltr'><strong>vere</strong></span> <span class='ocrx_word' id='word_1_545' title='bbox 2375 3335 2658 3392; x_wconf 74' lang='lat' dir='ltr'><strong>existentis</strong></span> <span class='ocrx_word' id='word_1_546' title='bbox 2700 3332 3052 3389; x_wconf 76' lang='lat' dir='ltr'><strong>excelsissimi</strong></span> <span class='ocrx_word' id='word_1_547' title='bbox 3092 3332 3207 3386; x_wconf 91' lang='lat' dir='ltr'><strong>Dei.</strong></span> <span class='ocrx_word' id='word_1_548' title='bbox 3249 3330 3385 3386; x_wconf 87' lang='lat' dir='ltr'><strong>Fere</strong></span> <span class='ocrx_word' id='word_1_549' title='bbox 3425 3340 3602 3386; x_wconf 88' lang='lat' dir='ltr'><strong>tamen</strong></span> 
     </span>
    </p>
   </div>
   <div class='ocr_carea' id='block_1_81' title="bbox 2021 3423 3604 3494">
    <p class='ocr_par' dir='ltr' id='par_1_81' title="bbox 2021 3423 3604 3494">
     <span class='ocr_line' id='line_1_81' title="bbox 2021 3423 3604 3494; baseline -0.004 -11"><span class='ocrx_word' id='word_1_550' title='bbox 2021 3445 2161 3483; x_wconf 90' lang='lat' dir='ltr'><strong>unus</strong></span> <span class='ocrx_word' id='word_1_551' title='bbox 2209 3444 2426 3494; x_wconf 86' lang='lat' dir='ltr'><strong>sensus;</strong></span> <span class='ocrx_word' id='word_1_552' title='bbox 2487 3442 2551 3481; x_wconf 83' lang='lat' dir='ltr'><strong>ac</strong></span> <span class='ocrx_word' id='word_1_553' title='bbox 2592 3427 2637 3481; x_wconf 90' lang='lat' dir='ltr'><strong>si</strong></span> <span class='ocrx_word' id='word_1_554' title='bbox 2690 3426 2897 3480; x_wconf 88' lang='lat' dir='ltr'><strong>diceret</strong></span> <span class='ocrx_word' id='word_1_555' title='bbox 2945 3423 3370 3494; x_wconf 76' lang='lat' dir='ltr'><strong>:lntelligendus</strong></span> <span class='ocrx_word' id='word_1_556' title='bbox 3425 3423 3473 3456; x_wconf 78' lang='lat'>“</span> <span class='ocrx_word' id='word_1_557' title='bbox 3518 3431 3604 3479; x_wconf 76' lang='lat' dir='ltr'><strong>est</strong></span> 
     </span>
    </p>
   </div>
   <div class='ocr_carea' id='block_1_82' title="bbox 2018 3513 3599 3587">
    <p class='ocr_par' dir='ltr' id='par_1_82' title="bbox 2018 3513 3599 3587">
     <span class='ocr_line' id='line_1_82' title="bbox 2018 3513 3599 3587; baseline -0.003 -14"><span class='ocrx_word' id='word_1_558' title='bbox 2018 3518 2409 3573; x_wconf 84' lang='lat' dir='ltr'><strong>Melchisedech</strong></span> <span class='ocrx_word' id='word_1_559' title='bbox 2440 3516 2595 3587; x_wconf 87' lang='lat' dir='ltr'><strong>quasi</strong></span> <span class='ocrx_word' id='word_1_560' title='bbox 2618 3516 2662 3547; x_wconf 84' lang='grc'><strong>¹⁷</strong></span> <span class='ocrx_word' id='word_1_561' title='bbox 2703 3529 2946 3570; x_wconf 89' lang='lat' dir='ltr'><strong>summus</strong></span> <span class='ocrx_word' id='word_1_562' title='bbox 2971 3513 3224 3569; x_wconf 88' lang='lat' dir='ltr'><strong>sacerdos</strong></span> <span class='ocrx_word' id='word_1_563' title='bbox 3248 3522 3302 3568; x_wconf 89' lang='lat' dir='ltr'><strong>et</strong></span> <span class='ocrx_word' id='word_1_564' title='bbox 3329 3513 3599 3571; x_wconf 85' lang='lat' dir='ltr'><strong>amicissi-</strong></span> 
     </span>
    </p>
   </div>
   <div class='ocr_carea' id='block_1_83' title="bbox 2016 3603 3599 3669">
    <p class='ocr_par' dir='ltr' id='par_1_83' title="bbox 2016 3603 3599 3669">
     <span class='ocr_line' id='line_1_83' title="bbox 2016 3603 3599 3669; baseline -0.004 -7"><span class='ocrx_word' id='word_1_565' title='bbox 2016 3622 2137 3662; x_wconf 87' lang='lat' dir='ltr'><strong>mus</strong></span> <span class='ocrx_word' id='word_1_566' title='bbox 2173 3607 2516 3661; x_wconf 79' lang='lat' dir='ltr'><strong>existentium</strong></span> <span class='ocrx_word' id='word_1_567' title='bbox 2556 3604 2695 3669; x_wconf 90' lang='lat' dir='ltr'><strong>Deo;</strong></span> <span class='ocrx_word' id='word_1_568' title='bbox 2747 3618 2853 3657; x_wconf 83' lang='lat' dir='ltr'><strong>non</strong></span> <span class='ocrx_word' id='word_1_569' title='bbox 2884 3603 3231 3657; x_wconf 86' lang='lat' dir='ltr'><strong>existentium</strong></span> <span class='ocrx_word' id='word_1_570' title='bbox 3266 3611 3467 3667; x_wconf 88' lang='lat' dir='ltr'><strong>tamen,</strong></span> <span class='ocrx_word' id='word_1_571' title='bbox 3505 3605 3599 3657; x_wconf 66' lang='lat' dir='ltr'><strong>sed</strong></span> 
     </span>
    </p>
   </div>
   <div class='ocr_carea' id='block_1_84' title="bbox 2017 3691 3601 3768">
    <p class='ocr_par' dir='ltr' id='par_1_84' title="bbox 2017 3691 3601 3768">
     <span class='ocr_line' id='line_1_84' title="bbox 2017 3691 3601 3768; baseline -0.003 -16"><span class='ocrx_word' id='word_1_572' title='bbox 2017 3697 2186 3768; x_wconf 85' lang='lat' dir='ltr'><strong>ipsius</strong></span> <span class='ocrx_word' id='word_1_573' title='bbox 2222 3711 2349 3751; x_wconf 86' lang='lat' dir='ltr'><strong>vere</strong></span> <span class='ocrx_word' id='word_1_574' title='bbox 2394 3694 2678 3755; x_wconf 78' lang='lat' dir='ltr'><strong>existentis</strong></span> <span class='ocrx_word' id='word_1_575' title='bbox 2702 3692 3057 3748; x_wconf 77' lang='lat' dir='ltr'><strong>excelsissimi</strong></span> <span class='ocrx_word' id='word_1_576' title='bbox 3106 3691 3200 3746; x_wconf 88' lang='lat' dir='ltr'><strong>Dei</strong></span> <span class='ocrx_word' id='word_1_577' title='bbox 3250 3691 3296 3723; x_wconf 76' lang='grc'><strong>⁸⁸</strong></span> <span class='ocrx_word' id='word_1_578' title='bbox 3343 3691 3601 3747; x_wconf 76' lang='lat' dir='ltr'><strong>sacerdos</strong></span> 
     </span>
    </p>
   </div>
   <div class='ocr_carea' id='block_1_85' title="bbox 2016 3781 3599 3852">
    <p class='ocr_par' dir='ltr' id='par_1_85' title="bbox 2016 3781 3599 3852">
     <span class='ocr_line' id='line_1_85' title="bbox 2016 3781 3599 3852; baseline -0.005 -10"><span class='ocrx_word' id='word_1_579' title='bbox 2016 3797 2120 3843; x_wconf 80' lang='lat' dir='ltr'><strong>est.</strong></span> <span class='ocrx_word' id='word_1_580' title='bbox 2161 3788 2367 3842; x_wconf 75' lang='lat' dir='ltr'><strong>Etenim</strong></span> <span class='ocrx_word' id='word_1_581' title='bbox 2399 3788 2474 3841; x_wconf 87' lang='lat' dir='ltr'><strong>sic</strong></span> <span class='ocrx_word' id='word_1_582' title='bbox 2504 3785 2810 3852; x_wconf 81' lang='lat' dir='ltr'><strong>simpliciter</strong></span> <span class='ocrx_word' id='word_1_583' title='bbox 2846 3781 3221 3836; x_wconf 75' lang='lat' dir='ltr'><strong>Melchisedech</strong></span> <span class='ocrx_word' id='word_1_584' title='bbox 3258 3782 3352 3852; x_wconf 81' lang='lat' dir='ltr'><strong>ipsi</strong></span> <span class='ocrx_word' id='word_1_585' title='bbox 3395 3781 3599 3836; x_wconf 79' lang='lat' dir='ltr'><strong>theoso-</strong></span> 
     </span>
    </p>
   </div>
   <div class='ocr_carea' id='block_1_86' title="bbox 2016 3872 3597 3952">
    <p class='ocr_par' dir='ltr' id='par_1_86' title="bbox 2016 3872 3597 3952">
     <span class='ocr_line' id='line_1_86' title="bbox 2016 3872 3597 3952; baseline -0.004 -21"><span class='ocrx_word' id='word_1_586' title='bbox 2016 3879 2103 3948; x_wconf 83' lang='lat' dir='ltr'><strong>phi</strong></span> <span class='ocrx_word' id='word_1_587' title='bbox 2134 3895 2237 3932; x_wconf 86' lang='lat' dir='ltr'><strong>non</strong></span> <span class='ocrx_word' id='word_1_588' title='bbox 2261 3879 2488 3932; x_wconf 88' lang='lat' dir='ltr'><strong>amicum</strong></span> <span class='ocrx_word' id='word_1_589' title='bbox 2519 3876 2611 3952; x_wconf 83' lang='lat' dir='ltr'><strong>Dei</strong></span> <span class='ocrx_word' id='word_1_590' title='bbox 2642 3883 2873 3938; x_wconf 87' lang='lat' dir='ltr'><strong>tantum,</strong></span> <span class='ocrx_word' id='word_1_591' title='bbox 2905 3872 2995 3925; x_wconf 88' lang='lat' dir='ltr'><strong>sed</strong></span> <span class='ocrx_word' id='word_1_592' title='bbox 3024 3882 3071 3926; x_wconf 79' lang='lat' dir='ltr'><strong>et</strong></span> <span class='ocrx_word' id='word_1_593' title='bbox 3098 3872 3419 3925; x_wconf 80' lang='lat' dir='ltr'><strong>sacerdotem</strong></span> <span class='ocrx_word' id='word_1_594' title='bbox 3447 3888 3597 3926; x_wconf 80' lang='lat' dir='ltr'><strong>racu-</strong></span> 
     </span>
    </p>
   </div>
   <div class='ocr_carea' id='block_1_87' title="bbox 2018 3961 3600 4036">
    <p class='ocr_par' dir='ltr' id='par_1_87' title="bbox 2018 3961 3600 4036">
     <span class='ocr_line' id='line_1_87' title="bbox 2018 3961 3600 4036; baseline -0.005 -12"><span class='ocrx_word' id='word_1_595' title='bbox 2018 3978 2219 4024; x_wconf 79' lang='lat' dir='ltr'><strong>rerunt.</strong></span> <span class='ocrx_word' id='word_1_596' title='bbox 2259 3968 2340 4022; x_wconf 82' lang='lat' dir='ltr'><strong>An</strong></span> <span class='ocrx_word' id='word_1_597' title='bbox 2362 3977 2417 4020; x_wconf 83' lang='lat' dir='ltr'><strong>ut</strong></span> <span class='ocrx_word' id='word_1_598' title='bbox 2449 3968 2704 4036; x_wconf 84' lang='lat' dir='ltr'><strong>sapientes</strong></span> <span class='ocrx_word' id='word_1_599' title='bbox 2734 3972 2908 4033; x_wconf 83' lang='lat' dir='ltr'><strong>aperte</strong></span> <span class='ocrx_word' id='word_1_600' title='bbox 2941 3961 3321 4031; x_wconf 77' lang='lat' dir='ltr'><strong>signiﬁcarent,</strong></span> <span class='ocrx_word' id='word_1_601' title='bbox 3350 3961 3474 4028; x_wconf 84' lang='lat' dir='ltr'><strong>quia</strong></span> <span class='ocrx_word' id='word_1_602' title='bbox 3497 3978 3600 4016; x_wconf 82' lang='lat' dir='ltr'><strong>non</strong></span> 
     </span>
    </p>
   </div>
   <div class='ocr_carea' id='block_1_88' title="bbox 2019 4047 3596 4124">
    <p class='ocr_par' dir='ltr' id='par_1_88' title="bbox 2019 4047 3596 4124">
     <span class='ocr_line' id='line_1_88' title="bbox 2019 4047 3596 4124; baseline -0.009 -11"><span class='ocrx_word' id='word_1_603' title='bbox 2019 4060 2188 4114; x_wconf 78' lang='lat' dir='ltr'><strong>scium</strong></span> <span class='ocrx_word' id='word_1_604' title='bbox 2214 4059 2287 4111; x_wconf 84' lang='lat' dir='ltr'><strong>eis</strong></span> <span class='ocrx_word' id='word_1_605' title='bbox 2309 4057 2365 4110; x_wconf 89' lang='lat' dir='ltr'><strong>in</strong></span> <span class='ocrx_word' id='word_1_606' title='bbox 2394 4058 2584 4124; x_wconf 82' lang='lat' dir='ltr'><strong>ipsum,</strong></span> <span class='ocrx_word' id='word_1_607' title='bbox 2611 4055 2698 4123; x_wconf 84' lang='lat' dir='ltr'><strong>qui</strong></span> <span class='ocrx_word' id='word_1_608' title='bbox 2729 4069 2846 4105; x_wconf 81' lang='lat' dir='ltr'><strong>vere</strong></span> <span class='ocrx_word' id='word_1_609' title='bbox 2869 4061 2965 4116; x_wconf 87' lang='lat' dir='ltr'><strong>est,</strong></span> <span class='ocrx_word' id='word_1_610' title='bbox 3002 4049 3170 4106; x_wconf 70' lang='lat' dir='ltr'><strong>Deum</strong></span> <span class='ocrx_word' id='word_1_611' title='bbox 3198 4047 3470 4108; x_wconf 79' lang='lat' dir='ltr'><strong>convertit,</strong></span> <span class='ocrx_word' id='word_1_612' title='bbox 3496 4049 3596 4104; x_wconf 76' lang='lat' dir='ltr'><strong>cd-</strong></span> 
     </span>
    </p>
   </div>
   <div class='ocr_carea' id='block_1_89' title="bbox 2019 4133 3599 4204">
    <p class='ocr_par' dir='ltr' id='par_1_89' title="bbox 2019 4133 3599 4204">
     <span class='ocr_line' id='line_1_89' title="bbox 2019 4133 3599 4204; baseline -0.01 -2"><span class='ocrx_word' id='word_1_613' title='bbox 2019 4149 2120 4203; x_wconf 79' lang='lat' dir='ltr'><strong>Ituc</strong></span> <span class='ocrx_word' id='word_1_614' title='bbox 2143 4155 2319 4198; x_wconf 80' lang='lat' dir='ltr'><strong>autem</strong></span> <span class='ocrx_word' id='word_1_615' title='bbox 2349 4152 2395 4196; x_wconf 85' lang='lat' dir='ltr'><strong>et</strong></span> <span class='ocrx_word' id='word_1_616' title='bbox 2426 4141 2545 4195; x_wconf 84' lang='lat' dir='ltr'><strong>aliis</strong></span> <span class='ocrx_word' id='word_1_617' title='bbox 2577 4152 2631 4194; x_wconf 88' lang='lat' dir='ltr'><strong>ut</strong></span> <span class='ocrx_word' id='word_1_618' title='bbox 2657 4155 2891 4193; x_wconf 88' lang='lat' dir='ltr'><strong>summus</strong></span> <span class='ocrx_word' id='word_1_619' title='bbox 2921 4136 3164 4190; x_wconf 84' lang='lat' dir='ltr'><strong>sacerdos</strong></span> <span class='ocrx_word' id='word_1_620' title='bbox 3187 4133 3362 4187; x_wconf 71' lang='lat' dir='ltr'><strong>eduxit</strong></span> <span class='ocrx_word' id='word_1_621' title='bbox 3384 4148 3445 4184; x_wconf 87' lang='lat' dir='ltr'><strong>ea</strong></span> <span class='ocrx_word' id='word_1_622' title='bbox 3467 4150 3599 4204; x_wconf 80' lang='lat' dir='ltr'><strong>quae</strong></span> 
     </span>
    </p>
   </div>
   <div class='ocr_carea' id='block_1_90' title="bbox 2023 4221 3595 4294">
    <p class='ocr_par' dir='ltr' id='par_1_90' title="bbox 2023 4221 3595 4294">
     <span class='ocr_line' id='line_1_90' title="bbox 2023 4221 3595 4294; baseline -0.008 -4"><span class='ocrx_word' id='word_1_623' title='bbox 2023 4249 2100 4294; x_wconf 79' lang='lat' dir='ltr'><strong>est</strong></span> <span class='ocrx_word' id='word_1_624' title='bbox 2137 4237 2183 4268; x_wconf 80' lang='grc'><strong>²⁹</strong></span> <span class='ocrx_word' id='word_1_625' title='bbox 2234 4236 2302 4288; x_wconf 84' lang='lat' dir='ltr'><strong>ad</strong></span> <span class='ocrx_word' id='word_1_626' title='bbox 2333 4247 2504 4287; x_wconf 80' lang='lat' dir='ltr'><strong>verum</strong></span> <span class='ocrx_word' id='word_1_627' title='bbox 2546 4239 2593 4283; x_wconf 82' lang='lat' dir='ltr'><strong>et</strong></span> <span class='ocrx_word' id='word_1_628' title='bbox 2630 4228 2795 4282; x_wconf 86' lang='lat' dir='ltr'><strong>solam</strong></span> <span class='ocrx_word' id='word_1_629' title='bbox 2840 4225 3166 4279; x_wconf 82' lang='lat' dir='ltr'><strong>divinitatem</strong></span> <span class='ocrx_word' id='word_1_630' title='bbox 3198 4221 3499 4279; x_wconf 73' lang='lat' dir='ltr'><strong>reductiona</strong></span> <span class='ocrx_word' id='word_1_631' title='bbox 3528 4225 3595 4277; x_wconf 79' lang='grc' dir='ltr'><strong>³ο.</strong></span> 
     </span>
    </p>
   </div>
   <div class='ocr_carea' id='block_1_91' title="bbox 2020 4308 3597 4394">
    <p class='ocr_par' dir='ltr' id='par_1_91' title="bbox 2020 4308 3597 4394">
     <span class='ocr_line' id='line_1_91' title="bbox 2020 4308 3597 4394; baseline -0.014 -8"><span class='ocrx_word' id='word_1_632' title='bbox 2020 4333 2103 4386; x_wconf 85' lang='lat' dir='ltr'><strong>An</strong></span> <span class='ocrx_word' id='word_1_633' title='bbox 2135 4327 2295 4394; x_wconf 84' lang='lat' dir='ltr'><strong>forte,</strong></span> <span class='ocrx_word' id='word_1_634' title='bbox 2330 4322 2526 4394; x_wconf 89' lang='lat' dir='ltr'><strong>inquit,</strong></span> <span class='ocrx_word' id='word_1_635' title='bbox 2570 4318 2733 4375; x_wconf 87' lang='lat' dir='ltr'><strong>divini</strong></span> <span class='ocrx_word' id='word_1_636' title='bbox 2777 4316 3048 4385; x_wconf 82' lang='lat' dir='ltr'><strong>sapientes</strong></span> <span class='ocrx_word' id='word_1_637' title='bbox 3084 4326 3189 4365; x_wconf 90' lang='lat' dir='ltr'><strong>non</strong></span> <span class='ocrx_word' id='word_1_638' title='bbox 3232 4308 3460 4366; x_wconf 84' lang='lat' dir='ltr'><strong>amicum</strong></span> <span class='ocrx_word' id='word_1_639' title='bbox 3497 4312 3597 4367; x_wconf 88' lang='lat' dir='ltr'><strong>Dei</strong></span> 
     </span>
    </p>
   </div>
   <div class='ocr_carea' id='block_1_92' title="bbox 333 4397 3593 4495">
    <p class='ocr_par' dir='ltr' id='par_1_92' title="bbox 333 4397 3593 4495">
     <span class='ocr_line' id='line_1_92' title="bbox 333 4397 3593 4495; baseline 0.008 -30"><span class='ocrx_word' id='word_1_640' title='bbox 333 4416 609 4481; x_wconf 87' lang='lat' dir='ltr'><strong>omnibus,</strong></span> <span class='ocrx_word' id='word_1_641' title='bbox 648 4420 843 4487; x_wconf 86' lang='lat' dir='ltr'><strong>quibus</strong></span> <span class='ocrx_word' id='word_1_642' title='bbox 872 4418 1188 4478; x_wconf 80' lang='lat' dir='ltr'><strong>diil&#39;unditur</strong></span> <span class='ocrx_word' id='word_1_643' title='bbox 1216 4423 1258 4454; x_wconf 76' lang='grc'><strong>⁸³</strong></span> <span class='ocrx_word' id='word_1_644' title='bbox 1289 4424 1583 4493; x_wconf 87' lang='lat' dir='ltr'><strong>aequaliter</strong></span> <span class='ocrx_word' id='word_1_645' title='bbox 1627 4424 1917 4495; x_wconf 85' lang='lat' dir='ltr'><strong>participa-</strong></span> <span class='ocrx_word' id='word_1_646' title='bbox 1946 4437 1995 4495; x_wconf 82' lang='lat' dir='ltr'><strong>D</strong></span> <span class='ocrx_word' id='word_1_647' title='bbox 2024 4427 2254 4480; x_wconf 66' lang='lat' dir='ltr'><strong>tantum.</strong></span> <span class='ocrx_word' id='word_1_648' title='bbox 2279 4426 2466 4479; x_wconf 81' lang='lat' dir='ltr'><strong>verum</strong></span> <span class='ocrx_word' id='word_1_649' title='bbox 2494 4418 2549 4465; x_wconf 71' lang='grc' dir='ltr'><strong>ει</strong></span> <span class='ocrx_word' id='word_1_650' title='bbox 2584 4405 2916 4462; x_wconf 62' lang='lat' dir='ltr'><strong>sacerdowm</strong></span> <span class='ocrx_word' id='word_1_651' title='bbox 2961 4399 3053 4455; x_wconf 47' lang='grc' dir='ltr'>[δεῖ</span> <span class='ocrx_word' id='word_1_652' title='bbox 3105 4405 3436 4495; x_wconf 33' lang='lat' dir='ltr'><strong>infavstum</strong></span> 
     </span>
    </p>
   </div>
   <div class='ocr_carea' id='block_1_93' title="bbox 336 4507 1905 4583">
    <p class='ocr_par' dir='ltr' id='par_1_93' title="bbox 336 4507 1905 4583">
     <span class='ocr_line' id='line_1_93' title="bbox 336 4507 1905 4583; baseline 0.012 -30"><span class='ocrx_word' id='word_1_653' title='bbox 336 4511 427 4556; x_wconf 90' lang='lat' dir='ltr'><strong>tur</strong></span> <span class='ocrx_word' id='word_1_654' title='bbox 457 4521 471 4556; x_wconf 92' lang='lat'><strong><em>:</em></strong></span> <span class='ocrx_word' id='word_1_655' title='bbox 508 4507 704 4560; x_wconf 90' lang='lat' dir='ltr'><strong>vitrum</strong></span> <span class='ocrx_word' id='word_1_656' title='bbox 750 4521 1017 4578; x_wconf 87' lang='lat' dir='ltr'><strong>penetrat,</strong></span> <span class='ocrx_word' id='word_1_657' title='bbox 1056 4512 1208 4567; x_wconf 81' lang='lat' dir='ltr'><strong>silice</strong></span> <span class='ocrx_word' id='word_1_658' title='bbox 1241 4513 1594 4581; x_wconf 88' lang='lat' dir='ltr'><strong>repercutitur</strong></span> <span class='ocrx_word' id='word_1_659' title='bbox 1621 4514 1682 4577; x_wconf 75' lang='lat'><strong>&quot;,</strong></span> <span class='ocrx_word' id='word_1_660' title='bbox 1712 4528 1905 4583; x_wconf 82' lang='lat' dir='ltr'><strong>purum</strong></span> 
     </span>
    </p>
   </div>
   <div class='ocr_carea' id='block_1_94' title="bbox 331 4599 1446 4671">
    <p class='ocr_par' dir='ltr' id='par_1_94' title="bbox 331 4599 1446 4671">
     <span class='ocr_line' id='line_1_94' title="bbox 331 4599 1446 4671; baseline 0.008 -23"><span class='ocrx_word' id='word_1_661' title='bbox 331 4608 455 4648; x_wconf 81' lang='lat' dir='ltr'><strong>aera</strong></span> <span class='ocrx_word' id='word_1_662' title='bbox 483 4599 752 4666; x_wconf 87' lang='lat' dir='ltr'><strong>pervolat,</strong></span> <span class='ocrx_word' id='word_1_663' title='bbox 789 4616 986 4671; x_wconf 84' lang='lat' dir='ltr'><strong>aquosa</strong></span> <span class='ocrx_word' id='word_1_664' title='bbox 1026 4604 1166 4657; x_wconf 88' lang='lat' dir='ltr'><strong>nube</strong></span> <span class='ocrx_word' id='word_1_665' title='bbox 1203 4604 1446 4657; x_wconf 88' lang='lat' dir='ltr'><strong>resultat.</strong></span> 
     </span>
    </p>
   </div>
   <div class='ocr_carea' id='block_1_95' title="bbox 402 4683 1908 4763">
    <p class='ocr_par' dir='ltr' id='par_1_95' title="bbox 402 4683 1908 4763">
     <span class='ocr_line' id='line_1_95' title="bbox 402 4683 1908 4763; baseline 0.003 -24"><span class='ocrx_word' id='word_1_666' title='bbox 402 4683 431 4756; x_wconf 63' lang='grc' dir='ltr'>ξ</span> <span class='ocrx_word' id='word_1_667' title='bbox 458 4688 513 4739; x_wconf 70' lang='grc' dir='ltr'><strong>ὅ.</strong></span> <span class='ocrx_word' id='word_1_668' title='bbox 546 4687 750 4743; x_wconf 85' lang='lat' dir='ltr'><strong>Deinde</strong></span> <span class='ocrx_word' id='word_1_669' title='bbox 785 4692 910 4762; x_wconf 87' lang='lat' dir='ltr'><strong>quia</strong></span> <span class='ocrx_word' id='word_1_670' title='bbox 938 4704 984 4746; x_wconf 88' lang='lat' dir='ltr'><strong>et</strong></span> <span class='ocrx_word' id='word_1_671' title='bbox 1028 4693 1147 4747; x_wconf 83' lang='lat' dir='ltr'><strong>aliis</strong></span> <span class='ocrx_word' id='word_1_672' title='bbox 1169 4694 1426 4763; x_wconf 82' lang='lat' dir='ltr'><strong>gentibus,</strong></span> <span class='ocrx_word' id='word_1_673' title='bbox 1448 4710 1511 4746; x_wconf 77' lang='lat' dir='ltr'><strong>ea:</strong></span> <span class='ocrx_word' id='word_1_674' title='bbox 1530 4695 1715 4762; x_wconf 86' lang='lat' dir='ltr'><strong>quibus</strong></span> <span class='ocrx_word' id='word_1_675' title='bbox 1740 4701 1787 4747; x_wconf 83' lang='lat' dir='ltr'><strong>et</strong></span> <span class='ocrx_word' id='word_1_676' title='bbox 1816 4708 1908 4745; x_wconf 85' lang='lat' dir='ltr'><strong>nos</strong></span> 
     </span>
    </p>
   </div>
   <div class='ocr_carea' id='block_1_96' title="bbox 330 4777 1910 4853">
    <p class='ocr_par' dir='ltr' id='par_1_96' title="bbox 330 4777 1910 4853">
     <span class='ocr_line' id='line_1_96' title="bbox 330 4777 1910 4853; baseline 0.004 -25"><span class='ocrx_word' id='word_1_677' title='bbox 330 4777 652 4843; x_wconf 67' lang='lat' dir='ltr'><strong>respeximus</strong></span> <span class='ocrx_word' id='word_1_678' title='bbox 678 4781 733 4833; x_wconf 84' lang='lat' dir='ltr'><strong>in</strong></span> <span class='ocrx_word' id='word_1_679' title='bbox 758 4780 891 4836; x_wconf 83' lang='lat' dir='ltr'><strong>illud</strong></span> <span class='ocrx_word' id='word_1_680' title='bbox 914 4784 1151 4837; x_wconf 83' lang='lat' dir='ltr'><strong>omnibus</strong></span> <span class='ocrx_word' id='word_1_681' title='bbox 1170 4795 1414 4853; x_wconf 84' lang='lat' dir='ltr'><strong>paratum</strong></span> <span class='ocrx_word' id='word_1_682' title='bbox 1434 4784 1490 4838; x_wconf 84' lang='lat' dir='ltr'><strong>in</strong></span> <span class='ocrx_word' id='word_1_683' title='bbox 1510 4785 1841 4839; x_wconf 81' lang='lat' dir='ltr'><strong>traditionem</strong></span> <span class='ocrx_word' id='word_1_684' title='bbox 1867 4783 1910 4814; x_wconf 81' lang='grc'><strong><em>³⁸</em></strong></span> 
     </span>
    </p>
   </div>
   <div class='ocr_carea' id='block_1_97' title="bbox 330 4871 1910 4946">
    <p class='ocr_par' dir='ltr' id='par_1_97' title="bbox 330 4871 1910 4946">
     <span class='ocr_line' id='line_1_97' title="bbox 330 4871 1910 4946; baseline 0.003 -25"><span class='ocrx_word' id='word_1_685' title='bbox 330 4874 381 4916; x_wconf 76' lang='grc' dir='ltr'><strong>ει</strong></span> <span class='ocrx_word' id='word_1_686' title='bbox 421 4877 661 4937; x_wconf 79' lang='lat' dir='ltr'><strong>apertum</strong></span> <span class='ocrx_word' id='word_1_687' title='bbox 701 4871 865 4927; x_wconf 74' lang='lat' dir='ltr'><strong>divini</strong></span> <span class='ocrx_word' id='word_1_688' title='bbox 911 4873 1124 4929; x_wconf 83' lang='lat' dir='ltr'><strong>luminis</strong></span> <span class='ocrx_word' id='word_1_689' title='bbox 1193 4886 1243 4930; x_wconf 85' lang='lat' dir='ltr'><strong>et</strong></span> <span class='ocrx_word' id='word_1_690' title='bbox 1280 4890 1526 4946; x_wconf 83' lang='lat' dir='ltr'><strong>magnum</strong></span> <span class='ocrx_word' id='word_1_691' title='bbox 1570 4884 1619 4929; x_wconf 87' lang='lat' dir='ltr'><strong>et</strong></span> <span class='ocrx_word' id='word_1_692' title='bbox 1644 4874 1910 4938; x_wconf 81' lang='lat' dir='ltr'><strong>copiosum</strong></span> 
     </span>
    </p>
   </div>
   <div class='ocr_carea' id='block_1_98' title="bbox 2015 4490 3594 4571">
    <p class='ocr_par' dir='ltr' id='par_1_98' title="bbox 2015 4490 3594 4571">
     <span class='ocr_line' id='line_1_98' title="bbox 2015 4490 3594 4571; baseline -0.015 -5"><span class='ocrx_word' id='word_1_693' title='bbox 2015 4505 2327 4569; x_wconf 82' lang='lat' dir='ltr'><strong>cliisedech,</strong></span> <span class='ocrx_word' id='word_1_694' title='bbox 2355 4511 2413 4556; x_wconf 90' lang='lat' dir='ltr'><strong>ut</strong></span> <span class='ocrx_word' id='word_1_695' title='bbox 2448 4497 2782 4571; x_wconf 88' lang='lat' dir='ltr'><strong>sapientibus</strong></span> <span class='ocrx_word' id='word_1_696' title='bbox 2821 4501 3004 4564; x_wconf 89' lang='lat' dir='ltr'><strong>aperte</strong></span> <span class='ocrx_word' id='word_1_697' title='bbox 3038 4490 3426 4560; x_wconf 86' lang='lat' dir='ltr'><strong>evidenterque</strong></span> <span class='ocrx_word' id='word_1_698' title='bbox 3452 4491 3499 4525; x_wconf 75' lang='lat'>“</span> <span class='ocrx_word' id='word_1_699' title='bbox 3520 4492 3594 4548; x_wconf 85' lang='lat' dir='ltr'><strong>si-</strong></span> 
     </span>
    </p>
   </div>
   <div class='ocr_carea' id='block_1_99' title="bbox 2015 4580 3590 4669">
    <p class='ocr_par' dir='ltr' id='par_1_99' title="bbox 2015 4580 3590 4669">
     <span class='ocr_line' id='line_1_99' title="bbox 2015 4580 3590 4669; baseline -0.01 -16"><span class='ocrx_word' id='word_1_700' title='bbox 2015 4596 2355 4669; x_wconf 79' lang='lat' dir='ltr'><strong>gniﬁcarent,</strong></span> <span class='ocrx_word' id='word_1_701' title='bbox 2385 4593 2509 4663; x_wconf 88' lang='lat' dir='ltr'><strong>quia</strong></span> <span class='ocrx_word' id='word_1_702' title='bbox 2552 4605 2659 4644; x_wconf 87' lang='lat' dir='ltr'><strong>non</strong></span> <span class='ocrx_word' id='word_1_703' title='bbox 2690 4587 2861 4642; x_wconf 87' lang='lat' dir='ltr'><strong>solum</strong></span> <span class='ocrx_word' id='word_1_704' title='bbox 2890 4586 2958 4639; x_wconf 90' lang='lat' dir='ltr'><strong>ab</strong></span> <span class='ocrx_word' id='word_1_705' title='bbox 2988 4582 3093 4647; x_wconf 90' lang='lat' dir='ltr'><strong>eis,</strong></span> <span class='ocrx_word' id='word_1_706' title='bbox 3124 4580 3384 4639; x_wconf 84' lang='lat' dir='ltr'><strong>Hebraeis</strong></span> <span class='ocrx_word' id='word_1_707' title='bbox 3411 4582 3590 4652; x_wconf 84' lang='lat' dir='ltr'><strong>plane,</strong></span> 
     </span>
    </p>
   </div>
   <div class='ocr_carea' id='block_1_100' title="bbox 2016 4670 3592 4744">
    <p class='ocr_par' dir='ltr' id='par_1_100' title="bbox 2016 4670 3592 4744">
     <span class='ocr_line' id='line_1_100' title="bbox 2016 4670 3592 4744; baseline -0.01 -1"><span class='ocrx_word' id='word_1_708' title='bbox 2016 4690 2071 4744; x_wconf 91' lang='lat' dir='ltr'><strong>iu</strong></span> <span class='ocrx_word' id='word_1_709' title='bbox 2103 4688 2266 4740; x_wconf 77' lang='lat' dir='ltr'><strong>Deum</strong></span> <span class='ocrx_word' id='word_1_710' title='bbox 2297 4680 2585 4743; x_wconf 87' lang='lat' dir='ltr'><strong>convertit,</strong></span> <span class='ocrx_word' id='word_1_711' title='bbox 2613 4677 2790 4732; x_wconf 88' lang='lat' dir='ltr'><strong>adhuc</strong></span> <span class='ocrx_word' id='word_1_712' title='bbox 2818 4684 2996 4731; x_wconf 89' lang='lat' dir='ltr'><strong>autem</strong></span> <span class='ocrx_word' id='word_1_713' title='bbox 3023 4681 3080 4729; x_wconf 91' lang='lat' dir='ltr'><strong>et</strong></span> <span class='ocrx_word' id='word_1_714' title='bbox 3108 4674 3177 4728; x_wconf 89' lang='lat' dir='ltr'><strong>ab</strong></span> <span class='ocrx_word' id='word_1_715' title='bbox 3211 4670 3332 4727; x_wconf 87' lang='lat' dir='ltr'><strong>aliis</strong></span> <span class='ocrx_word' id='word_1_716' title='bbox 3355 4673 3592 4730; x_wconf 85' lang='lat' dir='ltr'><strong>nationi-</strong></span> 
     </span>
    </p>
   </div>
   <div class='ocr_carea' id='block_1_101' title="bbox 2017 4762 3596 4833">
    <p class='ocr_par' dir='ltr' id='par_1_101' title="bbox 2017 4762 3596 4833">
     <span class='ocr_line' id='line_1_101' title="bbox 2017 4762 3596 4833; baseline -0.01 0"><span class='ocrx_word' id='word_1_717' title='bbox 2017 4777 2118 4833; x_wconf 88' lang='lat' dir='ltr'><strong>bus</strong></span> <span class='ocrx_word' id='word_1_718' title='bbox 2148 4773 2335 4830; x_wconf 78' lang='lat' dir='ltr'><strong>eduxit</strong></span> <span class='ocrx_word' id='word_1_719' title='bbox 2357 4784 2599 4827; x_wconf 84' lang='lat' dir='ltr'><strong>suminus</strong></span> <span class='ocrx_word' id='word_1_720' title='bbox 2618 4767 2872 4823; x_wconf 87' lang='lat' dir='ltr'><strong>sacerdos</strong></span> <span class='ocrx_word' id='word_1_721' title='bbox 2896 4779 2957 4819; x_wconf 86' lang='lat' dir='ltr'><strong>ea</strong></span> <span class='ocrx_word' id='word_1_722' title='bbox 2989 4762 3324 4827; x_wconf 87' lang='lat' dir='ltr'><strong>reductione,</strong></span> <span class='ocrx_word' id='word_1_723' title='bbox 3349 4775 3490 4831; x_wconf 86' lang='lat' dir='ltr'><strong>quae</strong></span> <span class='ocrx_word' id='word_1_724' title='bbox 3512 4771 3596 4817; x_wconf 84' lang='lat' dir='ltr'><strong>est</strong></span> 
     </span>
    </p>
   </div>
   <div class='ocr_carea' id='block_1_102' title="bbox 2019 4844 3592 4924">
    <p class='ocr_par' dir='ltr' id='par_1_102' title="bbox 2019 4844 3592 4924">
     <span class='ocr_line' id='line_1_102' title="bbox 2019 4844 3592 4924; baseline -0.01 -1"><span class='ocrx_word' id='word_1_725' title='bbox 2019 4870 2090 4924; x_wconf 88' lang='lat' dir='ltr'><strong>ad</strong></span> <span class='ocrx_word' id='word_1_726' title='bbox 2117 4880 2300 4921; x_wconf 83' lang='lat' dir='ltr'><strong>veram</strong></span> <span class='ocrx_word' id='word_1_727' title='bbox 2325 4871 2380 4920; x_wconf 91' lang='lat' dir='ltr'><strong>et</strong></span> <span class='ocrx_word' id='word_1_728' title='bbox 2407 4844 2576 4919; x_wconf 85' lang='lat' dir='ltr'><strong>solam</strong></span> <span class='ocrx_word' id='word_1_729' title='bbox 2598 4858 2964 4922; x_wconf 83' lang='lat' dir='ltr'><strong>Divinitatem,</strong></span> <span class='ocrx_word' id='word_1_730' title='bbox 2988 4854 3095 4910; x_wconf 83' lang='lat' dir='ltr'><strong>ﬁde</strong></span> <span class='ocrx_word' id='word_1_731' title='bbox 3120 4852 3371 4910; x_wconf 88' lang='lat' dir='ltr'><strong>videlicet</strong></span> <span class='ocrx_word' id='word_1_732' title='bbox 3389 4860 3444 4909; x_wconf 90' lang='lat' dir='ltr'><strong>et</strong></span> <span class='ocrx_word' id='word_1_733' title='bbox 3469 4860 3592 4908; x_wconf 84' lang='lat' dir='ltr'><strong>actu</strong></span> 
     </span>
    </p>
   </div>
   <div class='ocr_carea' id='block_1_103' title="bbox 1612 5002 2299 5069">
    <p class='ocr_par' dir='ltr' id='par_1_103' title="bbox 1612 5002 2299 5069">
     <span class='ocr_line' id='line_1_103' title="bbox 1612 5002 2299 5069; baseline -0.013 0"><span class='ocrx_word' id='word_1_734' title='bbox 1612 5012 1864 5069; x_wconf 81' lang='lat' dir='ltr'><strong>VARIAE</strong></span> <span class='ocrx_word' id='word_1_735' title='bbox 1900 5002 2299 5065; x_wconf 81' lang='lat' dir='ltr'><strong>LECTIONES.</strong></span> 
     </span>
    </p>
   </div>
   <div class='ocr_carea' id='block_1_104' title="bbox 403 5100 3591 5199">
    <p class='ocr_par' dir='ltr' id='par_1_104' title="bbox 403 5100 3591 5199">
     <span class='ocr_line' id='line_1_104' title="bbox 403 5100 3591 5199; baseline -0.006 -22"><span class='ocrx_word' id='word_1_736' title='bbox 403 5120 418 5152; x_wconf 83' lang='lat'>&#39;</span> <span class='ocrx_word' id='word_1_737' title='bbox 457 5132 506 5176; x_wconf 79' lang='lat' dir='ltr'><strong>et</strong></span> <span class='ocrx_word' id='word_1_738' title='bbox 533 5140 647 5180; x_wconf 92' lang='lat' dir='ltr'><strong>om.</strong></span> <span class='ocrx_word' id='word_1_739' title='bbox 674 5126 735 5181; x_wconf 81' lang='grc' dir='ltr'><strong>Β.</strong></span> <span class='ocrx_word' id='word_1_740' title='bbox 809 5129 831 5158; x_wconf 79' lang='grc'>³</span> <span class='ocrx_word' id='word_1_741' title='bbox 868 5128 908 5183; x_wconf 88' lang='grc' dir='ltr'><strong>Β</strong></span> <span class='ocrx_word' id='word_1_742' title='bbox 938 5131 1213 5199; x_wconf 82' lang='lat' dir='ltr'><strong>perhiberi.</strong></span> <span class='ocrx_word' id='word_1_743' title='bbox 1290 5132 1315 5164; x_wconf 84' lang='grc'><strong><em>³</em></strong></span> <span class='ocrx_word' id='word_1_744' title='bbox 1350 5132 1442 5186; x_wconf 89' lang='lat' dir='ltr'><strong>Sic</strong></span> <span class='ocrx_word' id='word_1_745' title='bbox 1489 5127 1597 5182; x_wconf 81' lang='lat' dir='ltr'><strong>AB.</strong></span> <span class='ocrx_word' id='word_1_746' title='bbox 1674 5127 1695 5156; x_wconf 77' lang='grc'>⁸</span> <span class='ocrx_word' id='word_1_747' title='bbox 1733 5119 2038 5199; x_wconf 45' lang='grc' dir='ltr'><strong>(Σοί-πηιὶξ.Δ</strong></span> <span class='ocrx_word' id='word_1_748' title='bbox 2057 5120 2146 5174; x_wconf 83' lang='lat' dir='ltr'><strong>AB</strong></span> <span class='ocrx_word' id='word_1_749' title='bbox 2190 5119 2358 5199; x_wconf 49' lang='lat' dir='ltr'><strong>intem.</strong></span> <span class='ocrx_word' id='word_1_750' title='bbox 2419 5115 2443 5145; x_wconf 84' lang='grc'><strong><em>⁸</em></strong></span> <span class='ocrx_word' id='word_1_751' title='bbox 2477 5114 2519 5167; x_wconf 86' lang='grc' dir='ltr'><strong>Β</strong></span> <span class='ocrx_word' id='word_1_752' title='bbox 2553 5129 2689 5199; x_wconf 51' lang='lat' dir='ltr'><strong>suos.</strong></span> <span class='ocrx_word' id='word_1_753' title='bbox 2719 5105 3114 5199; x_wconf 30' lang='lat' dir='ltr'><strong>naturalem“:</strong></span> <span class='ocrx_word' id='word_1_754' title='bbox 3140 5104 3313 5199; x_wconf 43' lang='grc' dir='ltr'><strong>ἕξεις.</strong></span> 
     </span>
    </p>
   </div>
   <div class='ocr_carea' id='block_1_105' title="bbox 327 5191 1823 5262">
    <p class='ocr_par' dir='ltr' id='par_1_105' title="bbox 327 5191 1823 5262">
     <span class='ocr_line' id='line_1_105' title="bbox 327 5191 1823 5262; baseline 0.004 -21"><span class='ocrx_word' id='word_1_755' title='bbox 327 5191 493 5245; x_wconf 79' lang='lat' dir='ltr'><strong>nitate</strong></span> <span class='ocrx_word' id='word_1_756' title='bbox 515 5205 756 5262; x_wconf 83' lang='lat' dir='ltr'><strong>paterna.</strong></span> <span class='ocrx_word' id='word_1_757' title='bbox 834 5199 856 5230; x_wconf 84' lang='grc'><strong><em>⁸</em></strong></span> <span class='ocrx_word' id='word_1_758' title='bbox 893 5191 948 5254; x_wconf 82' lang='grc' dir='ltr'><strong>Β’</strong></span> <span class='ocrx_word' id='word_1_759' title='bbox 984 5202 1160 5256; x_wconf 67' lang='lat' dir='ltr'><strong>acutos</strong></span> <span class='ocrx_word' id='word_1_760' title='bbox 1190 5219 1330 5257; x_wconf 86' lang='lat' dir='ltr'><strong>suos.</strong></span> <span class='ocrx_word' id='word_1_761' title='bbox 1428 5202 1451 5233; x_wconf 85' lang='grc'><strong>⁹</strong></span> <span class='ocrx_word' id='word_1_762' title='bbox 1479 5200 1518 5252; x_wconf 87' lang='grc' dir='ltr'>Β</span> <span class='ocrx_word' id='word_1_763' title='bbox 1565 5204 1637 5252; x_wconf 83' lang='lat' dir='ltr'><strong>est</strong></span> <span class='ocrx_word' id='word_1_764' title='bbox 1668 5197 1823 5250; x_wconf 80' lang='lat' dir='ltr'><strong>enim.</strong></span> 
     </span>
    </p>
   </div>
   <div class='ocr_carea' id='block_1_106' title="bbox 834 5199 1330 5257">
    <p class='ocr_par' dir='ltr' id='par_1_106' title="bbox 834 5199 1330 5257">
     <span class='ocr_line' id='line_1_106' title="bbox 834 5199 1330 5257; baseline 0.004 -4"><span class='ocrx_word' id='word_1_765' title='bbox 834 5199 856 5230; x_wconf 84' lang='grc'><strong><em>⁸</em></strong></span> <span class='ocrx_word' id='word_1_766' title='bbox 893 5200 935 5254; x_wconf 87' lang='grc' dir='ltr'><strong>Β</strong></span> <span class='ocrx_word' id='word_1_767' title='bbox 984 5202 1160 5256; x_wconf 84' lang='lat' dir='ltr'><strong>oculos</strong></span> <span class='ocrx_word' id='word_1_768' title='bbox 1190 5219 1330 5257; x_wconf 86' lang='lat' dir='ltr'><strong>suos.</strong></span> 
     </span>
    </p>
   </div>
   <div class='ocr_carea' id='block_1_107' title="bbox 324 5262 2168 5341">
    <p class='ocr_par' dir='ltr' id='par_1_107' title="bbox 324 5262 2168 5341">
     <span class='ocr_line' id='line_1_107' title="bbox 324 5262 2168 5341; baseline -0.009 -13"><span class='ocrx_word' id='word_1_769' title='bbox 324 5264 595 5341; x_wconf 61' lang='grc' dir='ltr'><strong>ςπρειιξὶε.</strong></span> <span class='ocrx_word' id='word_1_770' title='bbox 673 5268 781 5341; x_wconf 30' lang='grc' dir='ltr'><strong>³⁸-Δ</strong></span> <span class='ocrx_word' id='word_1_771' title='bbox 809 5270 1069 5340; x_wconf 79' lang='lat' dir='ltr'><strong>defundit.</strong></span> <span class='ocrx_word' id='word_1_772' title='bbox 1145 5273 1189 5304; x_wconf 77' lang='grc'><strong>⁸³</strong></span> <span class='ocrx_word' id='word_1_773' title='bbox 1220 5272 1537 5341; x_wconf 74' lang='lat' dir='ltr'><strong>(ti/funditur</strong></span> <span class='ocrx_word' id='word_1_774' title='bbox 1561 5283 1697 5331; x_wconf 89' lang='lat' dir='ltr'><strong>om.,</strong></span> <span class='ocrx_word' id='word_1_775' title='bbox 1725 5262 1899 5341; x_wconf 68' lang='lat' dir='ltr'><strong>addidi</strong></span> <span class='ocrx_word' id='word_1_776' title='bbox 1925 5277 1990 5341; x_wconf 56' lang='lat' dir='ltr'><strong>es</strong></span> <span class='ocrx_word' id='word_1_777' title='bbox 2023 5262 2168 5315; x_wconf 89' lang='lat' dir='ltr'><strong>coni.</strong></span> 
     </span>
    </p>
   </div>
   <div class='ocr_carea' id='block_1_108' title="bbox 1470 5331 2344 5409">
    <p class='ocr_par' dir='ltr' id='par_1_108' title="bbox 1470 5331 2344 5409">
     <span class='ocr_line' id='line_1_108' title="bbox 1470 5331 2344 5409; baseline -0.017 -17"><span class='ocrx_word' id='word_1_778' title='bbox 1470 5350 1797 5409; x_wconf 58' lang='lat' dir='ltr'><strong>graecorum,</strong></span> <span class='ocrx_word' id='word_1_779' title='bbox 1826 5332 1883 5387; x_wconf 87' lang='lat' dir='ltr'><strong>-C</strong></span> <span class='ocrx_word' id='word_1_780' title='bbox 1925 5331 2216 5409; x_wconf 59' lang='lat' dir='ltr'><strong>ebrearum.</strong></span> <span class='ocrx_word' id='word_1_781' title='bbox 2249 5397 2260 5408; x_wconf 40' lang='lat'><em>.</em></span> <span class='ocrx_word' id='word_1_782' title='bbox 2299 5331 2344 5406; x_wconf 38' lang='lat'><strong>&#39;7.</strong></span> 
     </span>
    </p>
   </div>
   <div class='ocr_carea' id='block_1_109' title="bbox 1631 5398 2535 5474">
    <p class='ocr_par' dir='ltr' id='par_1_109' title="bbox 1631 5398 2535 5474">
     <span class='ocr_line' id='line_1_109' title="bbox 1631 5398 2535 5474; baseline -0.015 -15"><span class='ocrx_word' id='word_1_783' title='bbox 1631 5406 1718 5460; x_wconf 80' lang='lat' dir='ltr'><strong>AB</strong></span> <span class='ocrx_word' id='word_1_784' title='bbox 1756 5398 1946 5474; x_wconf 72' lang='lat' dir='ltr'><strong>gentes.</strong></span> <span class='ocrx_word' id='word_1_785' title='bbox 2010 5401 2068 5447; x_wconf 80' lang='grc'><strong>.²⁰</strong></span> <span class='ocrx_word' id='word_1_786' title='bbox 2108 5398 2149 5451; x_wconf 87' lang='grc' dir='ltr'><strong>Β</strong></span> <span class='ocrx_word' id='word_1_787' title='bbox 2181 5398 2535 5474; x_wconf 72' lang='lat' dir='ltr'><strong>principante.</strong></span> 
     </span>
    </p>
   </div>
   <div class='ocr_carea' id='block_1_110' title="bbox 323 5466 2505 5553">
    <p class='ocr_par' dir='ltr' id='par_1_110' title="bbox 323 5466 2505 5553">
     <span class='ocr_line' id='line_1_110' title="bbox 323 5466 2505 5553; baseline -0.004 -31"><span class='ocrx_word' id='word_1_788' title='bbox 323 5483 394 5523; x_wconf 76' lang='lat' dir='ltr'><strong>ex</strong></span> <span class='ocrx_word' id='word_1_789' title='bbox 428 5486 575 5528; x_wconf 87' lang='lat' dir='ltr'><strong>vers.</strong></span> <span class='ocrx_word' id='word_1_790' title='bbox 604 5485 663 5530; x_wconf 92' lang='lat' dir='ltr'><strong>et</strong></span> <span class='ocrx_word' id='word_1_791' title='bbox 684 5487 814 5534; x_wconf 74' lang='lat' dir='ltr'><strong>test.</strong></span> <span class='ocrx_word' id='word_1_792' title='bbox 843 5498 1055 5553; x_wconf 55' lang='lat' dir='ltr'><strong>graec;</strong></span> <span class='ocrx_word' id='word_1_793' title='bbox 1112 5498 1216 5552; x_wconf 81' lang='lat' dir='ltr'><strong>pro</strong></span> <span class='ocrx_word' id='word_1_794' title='bbox 1237 5480 1517 5553; x_wconf 76' lang='lat' dir='ltr'><strong>angeliAB</strong></span> <span class='ocrx_word' id='word_1_795' title='bbox 1558 5466 1776 5549; x_wconf 54' lang='lat' dir='ltr'><strong>populi:</strong></span> <span class='ocrx_word' id='word_1_796' title='bbox 1831 5474 1874 5502; x_wconf 64' lang='grc' dir='ltr'><strong>’ί</strong></span> <span class='ocrx_word' id='word_1_797' title='bbox 1890 5472 1950 5524; x_wconf 83' lang='grc' dir='ltr'><strong>Β·</strong></span> <span class='ocrx_word' id='word_1_798' title='bbox 1980 5485 2123 5526; x_wconf 89' lang='lat' dir='ltr'><strong>corr.</strong></span> <span class='ocrx_word' id='word_1_799' title='bbox 2154 5466 2505 5521; x_wconf 59' lang='lat' dir='ltr'><strong>existentium.</strong></span> 
     </span>
    </p>
   </div>
   <div class='ocr_carea' id='block_1_111' title="bbox 553 5571 2220 5650">
    <p class='ocr_par' dir='ltr' id='par_1_111' title="bbox 553 5571 2220 5650">
     <span class='ocr_line' id='line_1_111' title="bbox 553 5571 2220 5650; baseline 0.007 -18"><span class='ocrx_word' id='word_1_800' title='bbox 553 5577 600 5609; x_wconf 72' lang='lat'>&quot;</span> <span class='ocrx_word' id='word_1_801' title='bbox 644 5581 735 5636; x_wconf 88' lang='lat' dir='ltr'><strong>Sic</strong></span> <span class='ocrx_word' id='word_1_802' title='bbox 762 5584 870 5650; x_wconf 83' lang='lat' dir='ltr'><strong>AC,</strong></span> <span class='ocrx_word' id='word_1_803' title='bbox 900 5586 942 5643; x_wconf 89' lang='lat' dir='ltr'><strong>B</strong></span> <span class='ocrx_word' id='word_1_804' title='bbox 980 5605 1083 5643; x_wconf 86' lang='lat' dir='ltr'><strong>non</strong></span> <span class='ocrx_word' id='word_1_805' title='bbox 1104 5605 1286 5644; x_wconf 78' lang='lat' dir='ltr'><strong>eorum</strong></span> <span class='ocrx_word' id='word_1_806' title='bbox 1314 5585 1550 5640; x_wconf 71' lang='lat' dir='ltr'><strong>existere.</strong></span> <span class='ocrx_word' id='word_1_807' title='bbox 1626 5579 1673 5612; x_wconf 79' lang='grc'><strong>’⁸</strong></span> <span class='ocrx_word' id='word_1_808' title='bbox 1709 5593 1845 5650; x_wconf 51' lang='lat' dir='ltr'><strong>quas:</strong></span> <span class='ocrx_word' id='word_1_809' title='bbox 1879 5585 1997 5650; x_wconf 61' lang='lat' dir='ltr'><strong>sui}!</strong></span> <span class='ocrx_word' id='word_1_810' title='bbox 2020 5588 2135 5650; x_wconf 75' lang='lat' dir='ltr'><strong>9m:</strong></span> <span class='ocrx_word' id='word_1_811' title='bbox 2160 5571 2220 5623; x_wconf 75' lang='grc' dir='ltr'><strong>Β·</strong></span> 
     </span>
    </p>
   </div>
   <div class='ocr_carea' id='block_1_112' title="bbox 325 5629 2708 5722">
    <p class='ocr_par' dir='ltr' id='par_1_112' title="bbox 325 5629 2708 5722">
     <span class='ocr_line' id='line_1_112' title="bbox 325 5629 2708 5722; baseline -0.019 3"><span class='ocrx_word' id='word_1_812' title='bbox 325 5629 500 5714; x_wconf 42' lang='grc'><strong>0⁷⁸6⁷³*</strong></span> <span class='ocrx_word' id='word_1_813' title='bbox 537 5651 578 5707; x_wconf 76' lang='lat' dir='ltr'><strong>C</strong></span> <span class='ocrx_word' id='word_1_814' title='bbox 605 5629 870 5722; x_wconf 35' lang='lat' dir='ltr'><strong>Vcs-&#39;1“,</strong></span> <span class='ocrx_word' id='word_1_815' title='bbox 890 5629 942 5690; x_wconf 52' lang='grc' dir='ltr'><em>ἦ</em></span> <span class='ocrx_word' id='word_1_816' title='bbox 971 5629 1294 5714; x_wconf 49' lang='grc' dir='ltr'><strong>ἦῗεῖᾌήἶᾶ</strong></span> <span class='ocrx_word' id='word_1_817' title='bbox 1314 5629 1652 5711; x_wconf 53' lang='lat' dir='ltr'><strong>Eiii&#39;l&#39;oei</strong></span> <span class='ocrx_word' id='word_1_818' title='bbox 1677 5629 1785 5722; x_wconf 62' lang='lat' dir='ltr'><strong>oi&#39;u.</strong></span> <span class='ocrx_word' id='word_1_819' title='bbox 1810 5645 1871 5698; x_wconf 85' lang='grc' dir='ltr'><strong>Β.</strong></span> <span class='ocrx_word' id='word_1_820' title='bbox 1948 5644 1993 5722; x_wconf 66' lang='grc' dir='ltr'><strong>’ξ</strong></span> <span class='ocrx_word' id='word_1_821' title='bbox 2020 5642 2153 5697; x_wconf 77' lang='lat' dir='ltr'><strong>Rud.</strong></span> <span class='ocrx_word' id='word_1_822' title='bbox 2177 5654 2323 5695; x_wconf 88' lang='lat' dir='ltr'><strong>corr.</strong></span> <span class='ocrx_word' id='word_1_823' title='bbox 2357 5637 2438 5699; x_wconf 84' lang='lat' dir='ltr'><strong>B‘,</strong></span> <span class='ocrx_word' id='word_1_824' title='bbox 2467 5629 2555 5686; x_wconf 88' lang='lat' dir='ltr'><strong>AB</strong></span> <span class='ocrx_word' id='word_1_825' title='bbox 2580 5642 2708 5682; x_wconf 80' lang='lat' dir='ltr'><strong>esse.</strong></span> 
     </span>
    </p>
   </div>
   <div class='ocr_carea' id='block_1_113' title="bbox 328 5342 1576 5472">
    <p class='ocr_par' dir='ltr' id='par_1_113' title="bbox 328 5342 1576 5472">
     <span class='ocr_line' id='line_1_113' title="bbox 328 5342 1576 5409; baseline 0.013 -29"><span class='ocrx_word' id='word_1_826' title='bbox 328 5342 676 5389; x_wconf 84' lang='lat' dir='ltr'><strong>traditionem</strong></span> <span class='ocrx_word' id='word_1_827' title='bbox 706 5342 769 5393; x_wconf 83' lang='lat' dir='ltr'><strong>A.</strong></span> <span class='ocrx_word' id='word_1_828' title='bbox 802 5342 1243 5396; x_wconf 83' lang='lat' dir='ltr'><strong>intradictionem.</strong></span> <span class='ocrx_word' id='word_1_829' title='bbox 1325 5342 1366 5371; x_wconf 80' lang='grc'><strong>¹⁸</strong></span> <span class='ocrx_word' id='word_1_830' title='bbox 1394 5342 1433 5394; x_wconf 83' lang='grc' dir='ltr'><strong>Β</strong></span> <span class='ocrx_word' id='word_1_831' title='bbox 1470 5355 1576 5409; x_wconf 59' lang='lat' dir='ltr'><strong>grai</strong></span> 
     </span>
     <span class='ocr_line' id='line_1_114' title="bbox 328 5398 1576 5472; baseline 0.008 -19"><span class='ocrx_word' id='word_1_832' title='bbox 328 5398 375 5430; x_wconf 79' lang='grc'><strong><em>⁸³</em></strong></span> <span class='ocrx_word' id='word_1_833' title='bbox 413 5399 458 5455; x_wconf 78' lang='grc' dir='ltr'><strong>Α</strong></span> <span class='ocrx_word' id='word_1_834' title='bbox 506 5404 947 5465; x_wconf 75' lang='lat' dir='ltr'><strong>intradictionem.</strong></span> <span class='ocrx_word' id='word_1_835' title='bbox 1024 5413 1068 5444; x_wconf 72' lang='grc' dir='ltr'>ι’</span> <span class='ocrx_word' id='word_1_836' title='bbox 1112 5413 1249 5466; x_wconf 80' lang='lat' dir='ltr'><strong>Rad.</strong></span> <span class='ocrx_word' id='word_1_837' title='bbox 1293 5426 1442 5466; x_wconf 88' lang='lat' dir='ltr'><strong>corr.</strong></span> <span class='ocrx_word' id='word_1_838' title='bbox 1495 5410 1576 5472; x_wconf 84' lang='lat' dir='ltr'><strong>B‘,</strong></span> 
     </span>
    </p>
   </div>
   <div class='ocr_carea' id='block_1_114' title="bbox 326 5332 1243 5396">
    <p class='ocr_par' dir='ltr' id='par_1_114' title="bbox 326 5332 1243 5396">
     <span class='ocr_line' id='line_1_115' title="bbox 326 5332 1243 5396; baseline 0.015 -16"><span class='ocrx_word' id='word_1_839' title='bbox 326 5332 676 5389; x_wconf 85' lang='lat' dir='ltr'><strong>traditionem</strong></span> <span class='ocrx_word' id='word_1_840' title='bbox 706 5337 769 5393; x_wconf 83' lang='lat' dir='ltr'><strong>A.</strong></span> <span class='ocrx_word' id='word_1_841' title='bbox 802 5332 1243 5396; x_wconf 63' lang='lat' dir='ltr'><strong>int&#39;radictionem.</strong></span> 
     </span>
    </p>
   </div>
   <div class='ocr_carea' id='block_1_115' title="bbox 322 5577 473 5630">
    <p class='ocr_par' dir='ltr' id='par_1_115' title="bbox 322 5577 473 5630">
     <span class='ocr_line' id='line_1_116' title="bbox 322 5577 473 5630; baseline -0.007 -2"><span class='ocrx_word' id='word_1_842' title='bbox 322 5577 473 5630; x_wconf 87' lang='lat' dir='ltr'><strong>dum.</strong></span> 
     </span>
    </p>
   </div>
   <div class='ocr_carea' id='block_1_116' title="bbox 1902 5182 2836 5256">
    <p class='ocr_par' dir='ltr' id='par_1_116' title="bbox 1902 5182 2836 5256">
     <span class='ocr_line' id='line_1_117' title="bbox 1902 5182 2836 5256; baseline -0.016 -11"><span class='ocrx_word' id='word_1_843' title='bbox 1902 5193 1943 5224; x_wconf 82' lang='grc'><strong>¹⁰</strong></span> <span class='ocrx_word' id='word_1_844' title='bbox 1979 5192 2041 5244; x_wconf 84' lang='lat' dir='ltr'><strong>B&#39;</strong></span> <span class='ocrx_word' id='word_1_845' title='bbox 2079 5204 2240 5256; x_wconf 86' lang='lat' dir='ltr'><strong>supra</strong></span> <span class='ocrx_word' id='word_1_846' title='bbox 2293 5185 2471 5240; x_wconf 84' lang='lat' dir='ltr'><strong>adscr.</strong></span> <span class='ocrx_word' id='word_1_847' title='bbox 2511 5182 2836 5256; x_wconf 48' lang='lat' dir='ltr'><strong>quieturas.</strong></span> 
     </span>
    </p>
   </div>
   <div class='ocr_carea' id='block_1_117' title="bbox 2914 5166 3587 5230">
    <p class='ocr_par' dir='ltr' id='par_1_117' title="bbox 2914 5166 3587 5230">
     <span class='ocr_line' id='line_1_118' title="bbox 2914 5166 3587 5230; baseline -0.016 -1"><span class='ocrx_word' id='word_1_848' title='bbox 2914 5178 2956 5206; x_wconf 79' lang='lat'>“</span> <span class='ocrx_word' id='word_1_849' title='bbox 3002 5173 3136 5229; x_wconf 73' lang='lat' dir='ltr'><strong>Had.</strong></span> <span class='ocrx_word' id='word_1_850' title='bbox 3169 5166 3310 5225; x_wconf 71' lang='lat' dir='ltr'><strong>corr.</strong></span> <span class='ocrx_word' id='word_1_851' title='bbox 3361 5170 3445 5230; x_wconf 65' lang='lat' dir='ltr'><strong>B&quot;,</strong></span> <span class='ocrx_word' id='word_1_852' title='bbox 3498 5166 3587 5218; x_wconf 87' lang='lat' dir='ltr'><strong>AB</strong></span> 
     </span>
    </p>
   </div>
   <div class='ocr_carea' id='block_1_118' title="bbox 2244 5230 3585 5314">
    <p class='ocr_par' dir='ltr' id='par_1_118' title="bbox 2244 5230 3585 5314">
     <span class='ocr_line' id='line_1_119' title="bbox 2244 5230 3585 5314; baseline -0.019 -3"><span class='ocrx_word' id='word_1_853' title='bbox 2244 5230 2925 5314; x_wconf 18' lang='lat' dir='ltr'><strong>“Fifth-etii:&#39;ADVsilicere</strong></span> <span class='ocrx_word' id='word_1_854' title='bbox 2953 5242 3256 5314; x_wconf 63' lang='lat' dir='ltr'><strong>percutitur.</strong></span> <span class='ocrx_word' id='word_1_855' title='bbox 3332 5236 3376 5266; x_wconf 84' lang='lat'><strong>&quot;</strong></span> <span class='ocrx_word' id='word_1_856' title='bbox 3400 5230 3585 5314; x_wconf 54' lang='lat' dir='ltr'><strong>Prpin</strong></span> 
     </span>
    </p>
   </div>
   <div class='ocr_carea' id='block_1_119' title="bbox 2299 5302 3582 5387">
    <p class='ocr_par' dir='ltr' id='par_1_119' title="bbox 2299 5302 3582 5387">
     <span class='ocr_line' id='line_1_120' title="bbox 2299 5302 3582 5387; baseline -0.023 -6"><span class='ocrx_word' id='word_1_857' title='bbox 2299 5302 2824 5387; x_wconf 41' lang='lat' dir='ltr'><strong>&#39;7&quot;§ié&quot;d‘éi7..arg.</strong></span> <span class='ocrx_word' id='word_1_858' title='bbox 2876 5302 3068 5387; x_wconf 27' lang='lat' dir='ltr'><strong>adscra</strong></span> <span class='ocrx_word' id='word_1_859' title='bbox 3084 5310 3167 5371; x_wconf 82' lang='lat' dir='ltr'><strong>B‘,</strong></span> <span class='ocrx_word' id='word_1_860' title='bbox 3183 5306 3290 5387; x_wconf 17' lang='lat' dir='ltr'><strong>Altoc</strong></span> <span class='ocrx_word' id='word_1_861' title='bbox 3315 5302 3582 5387; x_wconf 31' lang='lat' dir='ltr'><strong>o‘mu‘Alt.</strong></span> 
     </span>
    </p>
   </div>
   <div class='ocr_carea' id='block_1_120' title="bbox 2593 5369 3582 5450">
    <p class='ocr_par' dir='ltr' id='par_1_120' title="bbox 2593 5369 3582 5450">
     <span class='ocr_line' id='line_1_121' title="bbox 2593 5369 3582 5450; baseline -0.011 -9"><span class='ocrx_word' id='word_1_862' title='bbox 2901 5369 3267 5450; x_wconf 51' lang='lat' dir='ltr'><strong>pritgt&#39;paytfﬁ-</strong></span> <span class='ocrx_word' id='word_1_863' title='bbox 3302 5442 3314 5450; x_wconf 39' lang='grc' dir='ltr'>ι</span> <span class='ocrx_word' id='word_1_864' title='bbox 3346 5373 3389 5403; x_wconf 76' lang='grc'>¹¹</span> <span class='ocrx_word' id='word_1_865' title='bbox 3411 5369 3582 5450; x_wconf 54' lang='lat' dir='ltr'><strong>EO&quot;.</strong></span> 
     </span>
    </p>
   </div>
   <div class='ocr_carea' id='block_1_121' title="bbox 2602 5440 3584 5511">
    <p class='ocr_par' dir='ltr' id='par_1_121' title="bbox 2602 5440 3584 5511">
     <span class='ocr_line' id='line_1_122' title="bbox 2602 5440 3584 5511; baseline -0.018 1"><span class='ocrx_word' id='word_1_866' title='bbox 2602 5458 2647 5486; x_wconf 80' lang='grc'><strong>’³</strong></span> <span class='ocrx_word' id='word_1_867' title='bbox 2687 5440 2781 5509; x_wconf 81' lang='lat' dir='ltr'><strong>Sic</strong></span> <span class='ocrx_word' id='word_1_868' title='bbox 2808 5440 2950 5506; x_wconf 67' lang='lat' dir='ltr'><strong>cor&#39;r.</strong></span> <span class='ocrx_word' id='word_1_869' title='bbox 3006 5440 3091 5509; x_wconf 72' lang='lat' dir='ltr'><strong>B‘,</strong></span> <span class='ocrx_word' id='word_1_870' title='bbox 3122 5441 3253 5497; x_wconf 79' lang='lat' dir='ltr'><strong>ABG</strong></span> <span class='ocrx_word' id='word_1_871' title='bbox 3296 5440 3584 5511; x_wconf 81' lang='lat' dir='ltr'><strong>intelligen-</strong></span> 
     </span>
    </p>
   </div>
   <div class='ocr_carea' id='block_1_122' title="bbox 2322 5528 3584 5677">
    <p class='ocr_par' dir='ltr' id='par_1_122' title="bbox 2322 5528 3584 5677">
     <span class='ocr_line' id='line_1_123' title="bbox 2322 5528 3584 5622; baseline -0.012 -8"><span class='ocrx_word' id='word_1_872' title='bbox 2322 5568 2369 5599; x_wconf 78' lang='grc'><strong>³⁸</strong></span> <span class='ocrx_word' id='word_1_873' title='bbox 2399 5566 2489 5619; x_wconf 87' lang='lat' dir='ltr'><strong>Sic</strong></span> <span class='ocrx_word' id='word_1_874' title='bbox 2524 5559 2629 5622; x_wconf 81' lang='lat' dir='ltr'><strong>BC,</strong></span> <span class='ocrx_word' id='word_1_875' title='bbox 2664 5557 2708 5610; x_wconf 82' lang='grc' dir='ltr'>Α</span> <span class='ocrx_word' id='word_1_876' title='bbox 2746 5528 3154 5619; x_wconf 59' lang='lat' dir='ltr'><strong>intelligendum.</strong></span> <span class='ocrx_word' id='word_1_877' title='bbox 3230 5547 3273 5578; x_wconf 81' lang='grc'><strong>’⁷</strong></span> <span class='ocrx_word' id='word_1_878' title='bbox 3320 5546 3498 5618; x_wconf 78' lang='lat' dir='ltr'><strong>Conj.,</strong></span> <span class='ocrx_word' id='word_1_879' title='bbox 3538 5546 3584 5600; x_wconf 76' lang='grc' dir='ltr'>Α</span> 
     </span>
     <span class='ocr_line' id='line_1_124' title="bbox 2357 5617 3583 5677; baseline -0.007 0"><span class='ocrx_word' id='word_1_880' title='bbox 2357 5637 2437 5677; x_wconf 78' lang='lat' dir='ltr'><strong>R‘-</strong></span> <span class='ocrx_word' id='word_1_881' title='bbox 2469 5629 2555 5677; x_wconf 85' lang='lat' dir='ltr'><strong>AB</strong></span> <span class='ocrx_word' id='word_1_882' title='bbox 2580 5642 2708 5677; x_wconf 76' lang='lat' dir='ltr'><strong>esse.</strong></span> <span class='ocrx_word' id='word_1_883' title='bbox 2783 5623 2828 5655; x_wconf 86' lang='grc'><em>³⁰</em></span> <span class='ocrx_word' id='word_1_884' title='bbox 2863 5622 2997 5676; x_wconf 76' lang='lat' dir='ltr'><strong>Had.</strong></span> <span class='ocrx_word' id='word_1_885' title='bbox 3024 5635 3167 5677; x_wconf 85' lang='lat' dir='ltr'><strong>corr.</strong></span> <span class='ocrx_word' id='word_1_886' title='bbox 3201 5617 3279 5677; x_wconf 77' lang='lat' dir='ltr'><strong>B‘.</strong></span> <span class='ocrx_word' id='word_1_887' title='bbox 3309 5617 3395 5674; x_wconf 81' lang='lat' dir='ltr'><strong>AB</strong></span> <span class='ocrx_word' id='word_1_888' title='bbox 3431 5618 3583 5671; x_wconf 84' lang='lat' dir='ltr'><strong>redu-</strong></span> 
     </span>
    </p>
   </div>
   <div class='ocr_carea' id='block_1_123' title="bbox 329 5714 2038 5801">
    <p class='ocr_par' dir='ltr' id='par_1_123' title="bbox 329 5714 2038 5801">
     <span class='ocr_line' id='line_1_125' title="bbox 329 5714 2038 5801; baseline -0.004 -29"><span class='ocrx_word' id='word_1_889' title='bbox 329 5723 579 5778; x_wconf 84' lang='lat' dir='ltr'><strong>ctionem.</strong></span> <span class='ocrx_word' id='word_1_890' title='bbox 615 5714 627 5722; x_wconf 77' lang='grc'><em>’</em></span> <span class='ocrx_word' id='word_1_891' title='bbox 659 5726 699 5756; x_wconf 85' lang='grc'><strong>³¹</strong></span> <span class='ocrx_word' id='word_1_892' title='bbox 743 5729 895 5785; x_wconf 81' lang='lat' dir='ltr'><strong>Corr.</strong></span> <span class='ocrx_word' id='word_1_893' title='bbox 925 5730 1013 5801; x_wconf 74' lang='lat' dir='ltr'><strong>B&#39;,</strong></span> <span class='ocrx_word' id='word_1_894' title='bbox 1052 5731 1140 5786; x_wconf 81' lang='lat' dir='ltr'><strong>AB</strong></span> <span class='ocrx_word' id='word_1_895' title='bbox 1165 5729 1513 5797; x_wconf 69' lang='lat' dir='ltr'><strong>videntcrque,</strong></span> <span class='ocrx_word' id='word_1_896' title='bbox 1546 5722 1587 5777; x_wconf 86' lang='lat' dir='ltr'><strong>C</strong></span> <span class='ocrx_word' id='word_1_897' title='bbox 1613 5718 1870 5774; x_wconf 76' lang='lat' dir='ltr'><strong>evidenter</strong></span> <span class='ocrx_word' id='word_1_898' title='bbox 1896 5714 2038 5783; x_wconf 88' lang='lat' dir='ltr'><strong>quia.</strong></span> 
     </span>
    </p>
   </div>
  </div>
