4178 6266
367 378 517 434 εει.

1217 368 1439 426 SUPER
1476 316 1901 423 lEBARllelAM
1943 361 2354 423 CAELESTEM
2397 360 2458 418 S.
2497 362 2811 419 DiONYSll.

3520 371 3628 427 222

373 497 665 553 daemones
715 488 915 559 plane,
972 487 1258 556 imperare.
1312 483 1588 537 Adversus
1641 480 1947 551 superbiam
1984 489 2022 544 Α
2054 484 2265 531 ctorum
2315 484 2623 544 angelorum
2676 476 2882 530 viritim
2935 475 2979 508 η
3021 477 3073 531 in
3124 478 3320 536 ceteris
3377 484 3628 552 gentibus

373 584 697 642 Judaeon
743 580 847 633 hoc
891 577 1090 631 dictum
1133 575 1390 637 arbitror,
1432 572 1521 640 qui
1567 571 1742 638 ipsum
1779 569 1944 622 Deum

374 691 476 745 per
524 688 582 728 se
624 673 812 740 ipsum,
886 682 991 722 non
1044 681 1143 736 per
1193 665 1427 733 aliquem
1464 661 1778 731 angelorum
1814 659 1946 713 sui‘

380 767 643 833 imperare
661 760 761 815 sibi
785 765 1090 818 autumant,
1119 755 1349 823 ideoque
1392 767 1451 807 se
1470 754 1490 783 ’
1521 748 1950 829 ltonorabiliores
1978 748 1987 763 ‘

376 852 565 908 ceteris
587 850 833 920 gentibus
864 846 1190 916 gloriantur,
1222 843 1376 913 quasi
1404 840 1635 910 speciale
1659 838 1948 908 imperium

372 945 527 996 unius
576 940 669 994 Dei
698 939 907 993 electus
953 935 1182 1006 populus
1201 932 1388 987 Israel.
1422 930 1678 1000 Sequitur
1718 945 1735 981 :
1764 927 1873 983 Sed
1900 937 1949 981 et

369 1031 627 1101 eloquium
651 1027 782 1101 illud
811 1025 1101 1080 secundum
1125 1025 1289 1091 ipsum
1322 1037 1526 1075 sacram
1554 1019 1951 1089 intelligentiam

369 1100 747 1188 accipiendum;
778 1115 823 1167 ³.
866 1113 989 1179 Non
1048 1114 1364 1175 secundum,
1400 1110 1596 1179 inquit,
1633 1107 1822 1162 falsam
1863 1122 1953 1162 su-

374 1210 715 1279 perbamque
767 1203 792 1235 ‘
833 1201 1114 1257 Iudaicam
1162 1200 1489 1269 opinionem,
1540 1212 1645 1267 qua
1699 1213 1761 1251 se
1790 1196 1952 1251 veluti

376 1298 657 1370 propriam
689 1295 785 1351 Dei
814 1293 1200 1350 hereditatem
1219 1289 1526 1359 jactitant',
1570 1290 1747 1345 divina
1776 1289 1955 1358 provi-

381 1389 566 1444 dentia
598 1385 903 1454 accipienda
941 1391 1057 1446 est,
1089 1382 1181 1436 sed
1213 1380 1486 1449 eloquium
1526 1379 1653 1434 illud
1692 1379 1959 1448 accipien-

381 1477 537 1541 dum,
567 1476 671 1530 hoc
700 1481 805 1537 est,
833 1472 1009 1527 divina
1042 1469 1323 1540 Scriptura
1347 1471 1634 1525 scrutanda
1658 1469 1955 1524 secundum

379 1566 556 1633 ipsam
602 1571 841 1618 sanctam
888 1559 1325 1629 intelligentiam,
1367 1574 1504 1628 quae
1527 1558 1706 1622 docet,
1743 1572 1959 1628 rempu-

372 1656 575 1711 blicam
618 1651 944 1708 universalis
978 1661 1263 1707 creaturae
1308 1651 1576 1706 comtmmi
1621 1650 1958 1720 providentia

369 1753 426 1800 et
466 1742 688 1799 salute“
717 1742 1030 1813 gubernari.
1055 1739 1348 1811 Propterea
1392 1740 1640 1796 subditur
1675 1759 1691 1794 :
1740 1737 1865 1793 Non
1903 1749 1960 1794 ut

2051 566 2356 635 imperium,
2390 572 2449 619 ιιι
2476 579 2573 634 per
2598 577 2751 629 eum,
2783 565 3032 634 angelum
3067 564 3340 635 videlicet,
3384 583 3622 641 gentem,

2050 655 2136 710 cui
2166 662 2400 724 praeest,
2430 653 2484 706 in
2522 654 2886 724 cognitionem
2909 656 3067 711 unius
3085 659 3324 713 omnium
3356 661 3632 734 principii,

2050 743 2191 811 quod
2215 742 2327 810 ipse
2359 740 2616 796 Dominus
2658 752 2763 807 est,
2806 745 3124 800 reduceret:
3170 757 3452 818 propterea
3490 752 3628 809 dixit

2049 829 2277 886 Michael
2312 828 2596 884 Iudaicum
2638 831 2859 887 duxisse
2901 834 3173 903 populum,
3228 844 3288 891 ut
3333 853 3431 908 per
3457 856 3626 898 unum

2051 920 2242 975 ducem
2290 918 2451 974 unius
2474 919 2514 950 ‘7
2561 920 2737 988 gentis
2785 936 3041 987 expresse
3081 926 3421 982 nominatum
3460 930 3503 962 ¹⁸
3534 944 3627 987 ee—

2051 1017 2198 1065 teros
2226 1017 2531 1065 ceterarum
2569 1010 2813 1079 gentium
2838 1013 3003 1066 duces
3051 1015 3208 1070 nobis
3235 1017 3535 1076 insinuaret
3559 1025 3630 1089 ³ο,

2052 1108 2107 1155 ει
2130 1109 2191 1153 ιιι
2230 1098 2422 1152 falsam
2458 1100 2764 1168 opinionem
2795 1100 3122 1158 Judaeorum
3168 1107 3493 1177 destrueret,
3537 1115 3633 1184 qui

2051 1188 2361 1257 Opinantur,
2381 1188 2582 1243 nullum
2600 1189 2896 1260 principem
2920 1192 3023 1245 nisi
3051 1194 3223 1263 ipsum
3248 1196 3418 1251 Deum
3436 1196 3630 1257 inime-

2053 1277 2197 1332 diate
2221 1277 2323 1331 sibi
2346 1278 2629 1347 imperare.
2658 1278 2915 1349 Sequitur
2938 1300 2952 1334 :
2980 1283 3168 1351 Aperte
3200 1292 3301 1340 ‘nos
3325 1289 3547 1345 edocens
3560 1293 3630 1356 ³⁸,

2054 1382 2214 1420 unam
2252 1367 2297 1397 ἰ
2344 1383 2454 1425 esse
2504 1368 2736 1421 omnium
2779 1371 3155 1439 providentiam
3205 1376 3249 1407 “
3298 1378 3457 1431 simul
3520 1397 3633 1435 om-

2056 1456 2211 1511 nibus
2259 1457 2610 1513 inuisibilibus
2676 1469 2728 1512 et
2786 1460 3074 1519 t-isibilibus
3125 1464 3403 1522 virtutibus
3453 1482 3638 1540 super-

2056 1550 2401 1604 essentialiter
2426 1549 2888 1619 supercollocatnnt
2909 1554 2976 1607 ⁸³.
3012 1553 3288 1627 Tanquam
3320 1561 3368 1614 si
3394 1560 3634 1618 diceret:

2056 1639 2348 1710 Propterea
2401 1642 2664 1713 theologia
2692 1644 2738 1676 ⁸³
2772 1646 3014 1716 singulos
3036 1649 3369 1720 singularum
3409 1667 3637 1722 generad

2061 1731 2265 1785 tinuum
2311 1732 2530 1801 angelos
2583 1735 2786 1799 tradit,
2841 1752 3003 1795 unam
3047 1740 3139 1793 uni
3180 1741 3542 1810 distribuens,
3583 1755 3643 1801 ut

368 1834 632 1903 puniente
681 1831 791 1885 Deo
848 1846 970 1884 cum
1028 1829 1151 1883 aliis
1201 1830 1304 1885 diis
1338 1840 1430 1884 aut
1471 1829 1673 1900 angelis
1718 1839 1955 1884 nostrum
1986 1839 2029 1899 Β
2059 1831 2243 1894 aperte
2258 1839 2377 1883 .nos
2397 1824 2643 1891 edoceat,
2674 1842 2835 1879 unum
2858 1827 2906 1859 ⁸⁸
2933 1844 3052 1883 esse
3079 1831 3320 1887 omnium
3349 1836 3642 1902 providen-

369 1925 650 1989 ducatum,
686 1930 735 1976 et
782 1919 957 1975 Israel
996 1921 1061 1974 in
1107 1922 1273 1990 gentis
1324 1921 1677 1990 principatum
1714 1929 1764 1974 et
1799 1920 1962 1991 gentis

372 2015 627 2068 ducatum
667 2021 907 2067 contento
936 2011 980 2076 ',
1033 2012 1125 2065 sed
1172 2022 1227 2065 ut
1255 2013 1370 2081 ipsa
1411 2013 1621 2083 quidem
1662 2028 1770 2066 una
1805 2010 1967 2081 simul

376 2104 611 2158 omnium
631 2102 841 2162 excelsa
854 2101 1178 2171 prouidentia
1206 2117 1383 2157 omnes
1405 2102 1640 2156 homines
1655 2101 1966 2155 salutariter

378 2193 711 2262 propriorum
753 2190 1054 2260 angelorum
1093 2191 1427 2245 restitutoriis
1465 2189 1966 2255 mmtuductionibus

388 2282 744 2344 distribuente,
778 2281 887 2334 solo
934 2280 1041 2348 fere
1083 2281 1106 2311 "
1138 2280 1275 2335 ultra
1333 2298 1510 2335 omnes
1552 2280 1727 2335 Israel
1763 2282 1821 2335 in
1858 2281 1967 2335 veri

397 2371 609 2427 Domini
633 2372 1065 2425 illuminationent
1094 2382 1142 2424 et
1180 2373 1518 2440 cognitionem
1552 2387 1820 2426 conuerso.
1849 2369 1967 2424 Non

396 2462 574 2534 quasi,
622 2463 816 2530 inquit,
863 2462 1155 2529 partiretur
1193 2462 1337 2515 Deus
1369 2477 1493 2516 cum
1519 2462 1704 2518 alteris
1741 2462 1849 2516 diis
1876 2469 1969 2517 aut

391 2556 624 2628 angelis,
671 2557 775 2609 hoc
808 2563 913 2616 est,
943 2551 1245 2608 divideret’
1294 2554 1437 2606 inter
1490 2554 1690 2608 alteros
1718 2553 1846 2608 deos
1880 2561 1970 2607 aut

387 2646 612 2717 angelos
639 2652 888 2700 nostrum
916 2643 1193 2707 ducatum,
1218 2649 1524 2696 ceterarum
1572 2640 1825 2695 videlicet
1848 2628 1970 2711 gen;

391 2740 547 2800 tium,
572 2752 640 2790 ex
679 2735 876 2804 quibus
905 2734 973 2788 ad
997 2732 1203 2787 cultum
1237 2732 1398 2787 unius
1427 2732 1538 2786 veri
1578 2731 1671 2786 Dei
1698 2746 1969 2797 vocantur,

390 2826 678 2895 imperium
716 2823 783 2888 ιο,
832 2823 987 2892 quasi
1038 2830 1329 2876 contentus
1367 2821 1411 2853 “
1438 2820 1504 2875 sit
1552 2819 1666 2875 solo
1698 2820 1863 2875 lsrael
1910 2821 1969 2874 in

396 2915 572 2985 gentis
628 2914 991 2983 principatum
1044 2911 1336 2981 gentisque
1384 2909 1653 2974 ducatum,
1706 2918 1767 2962 ut
1828 2918 1972 2965 esset

403 3003 655 3073 princeps
707 3001 888 3072 gentis
931 3008 986 3057 et
1030 3000 1140 3055 dux
1180 3000 1377 3069 gentis,
1430 3013 1535 3057 non
1578 2998 1830 3069 alicujus,
1867 3001 1970 3054 nisi

406 3092 575 3148 solius
619 3090 897 3154 Judaicae,
946 3090 1039 3145 sed
1090 3091 1241 3159 quasi
1296 3103 1399 3144 una
1444 3089 1776 3158 providentia
1813 3089 1975 3144 simul

2065 1914 2195 1970 tiam
2222 1953 2238 1979 ,
2283 1929 2425 1984 quae
2468 1916 2627 1970 simul
2666 1919 2915 1974 outnibus
2960 1920 3316 1979 invisibilibus
3342 1932 3399 1980 et
3418 1925 3643 1983 visibilio

2063 2006 2168 2060 bus
2195 2006 2484 2061 virtutibus
2526 2021 2692 2077 super
2733 2023 2948 2065 omnem
3000 2014 3289 2068 essentiam
3319 2017 3648 2086 supercollo-

2065 2105 2242 2154 catur.
2285 2096 2478 2154 Omnes
2514 2108 2691 2153 autem
2731 2118 2822 2171 per
2858 2102 3094 2173 singulas
3122 2115 3294 2174 gentes
3334 2108 3647 2178 imperantes

2066 2186 2280 2257 angelos
2304 2227 2321 2252 ,
2366 2188 2421 2240 in
2452 2188 2620 2257 ipsum
2657 2201 2712 2242 ut
2733 2193 2997 2259 proprium
3021 2194 3332 2266 principium
3358 2211 3643 2268 sequentes,

2069 2277 2335 2332 voluntate
2360 2278 2624 2335 essentiali
2648 2297 2877 2352 quasque
2898 2285 3111 2339 virtutes
3128 2289 3427 2343 extendere.
3478 2292 3518 2345 A
3553 2310 3646 2348 su-

2068 2369 2370 2438 perioribus
2396 2371 2746 2429 subauditur:
2774 2382 2835 2428 ut
2876 2375 3096 2431 doceret
3139 2393 3239 2433 nos
3272 2381 3461 2435 cadent
3502 2383 3650 2437 theo-
3684 2394 3693 2399 ‘

2071 2456 2235 2527 logia,
2274 2458 2421 2527 quod
2468 2474 2657 2515 omnes
2694 2461 3023 2532 imperantes
3060 2466 3233 2537 angeli
3273 2483 3373 2538 per
3410 2469 3652 2540 singulas

2071 2553 2261 2617 gentes
2300 2548 2621 2615 extendunt,
2678 2550 2781 2605 hoc
2827 2561 2942 2618 est,
2976 2555 3281 2611 subvehunt
3328 2569 3643 2630 sequentes,

2070 2635 2380 2693 obedientes
2419 2637 2626 2693 scilicet
2663 2640 2765 2694 sibi
2798 2642 3070 2698 voluntate
3091 2647 3366 2700 essentiali
3386 2648 3453 2712 “,
3483 2649 3652 2704 libero

2070 2725 2262 2796 plenae
2289 2722 2336 2759 ²¹
2370 2726 2665 2781 voluntatis
2692 2730 2918 2784 arbitrio
2938 2769 2954 2794 ,
2979 2733 3123 2799 quod
3161 2735 3523 2791 essentialiter
3553 2738 3651 2793 Ιιιισ

2074 2817 2253 2871 manis
2302 2816 2573 2872 mentibus
2626 2818 2784 2883 inest,
2837 2835 3080 2888 quasque
3130 2826 3395 2891 virtutes,
3444 2828 3496 2881 id
3547 2838 3653 2896 est,

2075 2920 2425 2976 quascunque
2452 2906 2497 2939 ³⁸
2531 2908 2759 2962 virtutes
2796 2909 3100 2964 animorum
3148 2912 3299 2967 libito
3345 2930 3404 2970 se
3429 2932 3657 2985 sequen-

2078 3001 2243 3063 tium,
2276 2999 2328 3052 in
2358 2999 2535 3069 ipsum
2564 2999 2734 3056 Deum
2773 3009 2826 3055 ul
2857 3003 3130 3072 proprium
3161 3005 3512 3077 principium;
3545 3024 3660 3065 mc-

2079 3089 2186 3143 rito
2211 3128 2227 3154 ,
2277 3088 2404 3158 quia
2435 3090 2700 3146 Dominus
2744 3092 3021 3162 proprium
3063 3102 3119 3148 et
3166 3095 3339 3151 solum
3378 3099 3658 3157 rationalis

404 3181 649 3237 omnium
687 3179 903 3234 excelsa
926 3192 1114 3234 omnes
1144 3179 1389 3233 homines
1420 3178 1754 3245 salutariter,
1809 3193 1974 3235 causa
2002 3192 2047 3254 ρ
2076 3188 2363 3235 creaturae
2404 3182 2727 3252 principium
2776 3192 2879 3240 est.
2954 3183 3100 3242 Ordo
3143 3186 3323 3257 itaque
3364 3189 3659 3245 dictionum

402 3270 651 3325 videlicet
702 3269 940 3323 omnium
981 3267 1187 3331 salutis,
1239 3268 1581 3324 distribueret
1620 3270 1975 3325 restitutoriis

394 3360 455 3418 in
509 3361 715 3419 cultum
769 3360 864 3414 Dei
918 3359 1458 3424 manuductionibus,
1508 3360 1726 3416 auxiliis
1774 3360 1974 3429 plane,

391 3454 737 3526 propriorum
765 3451 1095 3522 angelorum,
1118 3453 1248 3507 dum
1285 3452 1433 3507 solus
1463 3452 1581 3508 fere
1598 3461 1760 3507 extra
1788 3466 1978 3508 omnes

392 3545 643 3600 nationes
668 3544 723 3597 in
757 3543 873 3597 veri
896 3542 1104 3599 Domini
1133 3542 1311 3598 lucem
1334 3551 1391 3597 et
1417 3543 1778 3612 cognitionem
1811 3541 1978 3597 Israel

394 3648 696 3691 conversus
745 3632 837 3686 sit.
881 3629 1030 3687 Unde
1078 3630 1335 3701 theologia
1378 3632 1591 3702 quidem
1620 3648 1676 3686 se
1716 3632 1759 3664 ι’
1808 3630 1978 3699 ipsum

394 3724 688 3794 possedisse
717 3721 888 3779 Israel
926 3722 981 3775 in
1017 3737 1131 3775 vere
1162 3720 1258 3775 Dei
1296 3720 1612 3790 famulatum
1651 3721 1977 3790 signiﬁcans,

401 3815 543 3883 [acta
569 3823 647 3869 est
675 3813 846 3884 portio
862 3811 1093 3876 Domini,
1111 3813 1207 3865 ait.
1234 3811 1386 3869 Unde
1404 3811 1979 3881 “,quamobreni,qua

401 3908 471 3963 de
494 3922 685 3970 causa,
711 3905 968 3975 quoniam
1002 3903 1149 3958 solus
1174 3902 1289 3961 fere
1337 3903 1503 3958 Israel
1534 3903 1588 3957 in
1618 3904 1981 3972 cognitionem

402 4010 698 4053 conversus
716 4003 817 4056 est,
835 3993 1099 4064 theologia
1123 4008 1183 4050 se
1205 3993 1402 4061 ipsum,
1419 3993 1701 4047 Dominum
1715 3992 1978 4060 profecto,

400 4086 710 4157 possedisse
758 4083 926 4139 Israel
969 4084 1023 4138 in
1069 4081 1386 4136 famulatum
1434 4096 1591 4137 suum
1646 4081 1978 4151 signiﬁcans,

402 4176 550 4232 facta
570 4184 656 4233 est
668 4175 847 4245 portio
865 4173 1097 4237 Domini,
1113 4173 1207 4226 ait.
1223 4172 1408 4227 Potest
1425 4174 1587 4227 etiam
1604 4173 1944 4241 interpretari
1964 4189 1979 4226 :

404 4267 609 4324 Factus
652 4276 758 4333 est,
815 4276 879 4322 ut
916 4265 1267 4322 subaudiatur
1303 4265 1488 4330 lsrael,
1521 4266 1696 4334 portio
1742 4264 1980 4321 Domini.

410 4358 703 4413 Ostendens
755 4369 930 4413 autem
991 4366 1039 4410 et
1093 4372 1210 4411 eum
1261 4357 1455 4410 viritim
1512 4357 1694 4410 ceteris
1748 4355 1987 4425 gentibus

410 4447 733 4503 distribuisse
758 4447 970 4505 cuidam
999 4455 1300 4501 sanctorum
1347 4444 1651 4514 angelorum
1693 4446 1747 4498 in
1797 4460 1985 4513 cogno-

2074 3279 2198 3327 est:
2226 3286 2414 3326 omnes
2439 3285 2536 3341 per
2577 3274 2814 3344 singulas
2847 3284 3034 3346 gentes
3076 3277 3405 3347 imperantes
3442 3281 3660 3352 angelos

2076 3370 2362 3431 sequentes
2397 3378 2749 3434 quascunque
2787 3367 3017 3422 virtutes
3063 3368 3336 3424 voluntate
3383 3372 3659 3427 essentiali

2076 3453 2132 3508 in
2164 3453 2343 3522 ipsum
2389 3462 2443 3508 et
2484 3456 2763 3525 proprium
2805 3457 3128 3527 principium
3174 3461 3466 3516 extendere
3507 3463 3663 3518 docet

2080 3543 2367 3614 theologia.
2428 3545 2484 3599 lu
2531 3546 2634 3601 bac
2680 3558 2785 3600 una
2815 3550 3080 3603 sententia
3125 3550 3408 3607 sanissima
3434 3559 3490 3608 et
3513 3552 3664 3608 altis-

2078 3634 2214 3688 sima
2237 3635 2466 3689 traditur
2494 3636 2645 3691 nobis
2678 3637 2943 3691 doctrina.
2983 3637 3223 3693 Primum
3247 3641 3462 3710 quidem
3484 3683 3498 3708 ,
3534 3643 3661 3710 quia

2078 3723 2251 3777 sancti
2282 3723 2456 3794 angeli
2485 3725 2652 3778 nostri
2687 3726 2962 3793 praesules
3000 3734 3152 3792 sunt,
3184 3735 3239 3781 et
3277 3744 3381 3783 non
3404 3728 3564 3782 aliam
3589 3734 3660 3784 ob

2077 3827 2296 3868 causam
2341 3814 2610 3883 imperant
2657 3814 2849 3880 nobis,
2894 3815 2995 3870 nisi
3043 3823 3104 3869 ut
3149 3830 3247 3870 nos
3285 3826 3539 3872 revocent
3566 3833 3663 3873 no-

2080 3902 2207 3956 stris
2245 3902 2586 3957 “erroribus
2633 3911 2690 3955 et
2735 3903 3056 3973 ignorantiis
3116 3904 3169 3957 in
3222 3907 3380 3962 unius
3420 3907 3663 3962 omnium

2078 3990 2333 4058 principii
2369 3997 2422 4045 et
2466 4006 2666 4045 causae
2712 3992 3071 4060 cognitionem
3095 4030 3110 4054 ,
3163 4006 3301 4060 quae
3336 3993 3447 4048 sola
3479 4002 3661 4049 nostra

2081 4076 2227 4130 salus
2252 4086 2410 4131 estet
2434 4077 2480 4107 "
2510 4078 2758 4148 purgatio
2779 4089 2833 4133 et
2860 4079 3182 4133 illuminatio
3221 4090 3277 4134 et
3301 4078 3561 4149 perfectio
3607 4091 3665 4138 et

2082 4180 2291 4220 summa
2334 4166 2612 4221 beatitudo
2655 4175 2711 4221 et
2758 4168 3047 4222 deillcatio.
3104 4168 3338 4236 thuod
3374 4182 3535 4224 nemo
3561 4184 3663 4225 no-

2082 4262 2253 4311 strum
2298 4253 2497 4307 invitus
2533 4254 2830 4318 reducitur,
2864 4271 2934 4309 ne
2968 4255 3234 4310 naturalis
3258 4257 3426 4326 gloria
3450 4260 3666 4315 divinae

2083 4345 2373 4417 imaginis,
2431 4344 2847 4417 quaemaxime
2889 4345 2942 4399 in
2987 4347 3236 4400 libertate
3275 4349 3483 4402 arbitrii
3509 4350 3666 4409 nobis

2082 4435 2204 4491 data
2230 4443 2336 4501 est,
2389 4434 2729 4490 decoloretur
2754 4434 2820 4500 ",
2849 4435 2943 4490 sed
2972 4434 3390 4508 uniuscujusque
3418 4447 3662 4498 nostrum

409 4540 654 4593 scendum
678 4555 770 4608 per
804 4555 924 4594 eum
957 4553 1118 4592 unum
1139 4536 1369 4591 omnium
1394 4536 1731 4606 principium,
1757 4534 1982 4590 Michael
2011 4536 2058 4596 ι)
2086 4526 2331 4583 interiori
2358 4526 2543 4582 virtuti
2572 4526 2769 4581 electio
2796 4528 2955 4581 datur
2978 4538 3034 4583 et
3066 4526 3289 4586 libertas
3317 4537 3372 4586 et
3397 4532 3669 4601 possibili-

407 4630 539 4683 dixit
578 4629 868 4684 Judaicum
913 4627 1124 4681 duxisse
1164 4626 1431 4706 papulum.
1468 4624 1538 4680 Ut
1564 4625 1609 4656 υ
1649 4626 1981 4689 ostenderet,

412 4718 585 4788 inquit
618 4718 687 4785 “,
726 4718 901 4787 ipsum
942 4715 1229 4771 Dominum
1258 4714 1595 4771 distribuisse
1616 4716 1827 4769 cuidam
1861 4730 1985 4770 san-

2089 4627 2171 4673 tas
2202 4618 2457 4697 redeundi
2506 4618 2558 4672 in
2609 4633 2731 4671 eum
2753 4657 2770 4681 ,
2816 4615 2883 4674 ad
2909 4619 3061 4691 cujus
3090 4620 3375 4692 imaginem
3409 4622 3533 4680 facti
3574 4641 3667 4680 su-

2090 4727 2229 4776 mus,
2255 4711 2384 4764 etin
2415 4711 2531 4780 ipso
2557 4707 2840 4765 deiﬁcandi
2871 4710 2917 4743 "
2943 4721 2997 4769 et
3022 4713 3389 4784 beatiﬁcandi,
3428 4716 3545 4786 ipso
3570 4732 3667 4788 per

1716 4840 1971 4899 γΑιίιΑΕ
2007 4840 2407 4897 LECTIONES.

480 4987 501 5018 ¹
564 4985 659 5039 Sic
705 4999 808 5054 pro
847 5000 1083 5040 scarum.
1182 4984 1218 5054 Ἀ
1255 4999 1313 5038 se
1347 4998 1458 5039 om.
1500 4982 1564 5037 B.

409 5127 665 5180 diuidere.
741 5124 786 5156 “
816 5123 881 5177 B'
929 5125 1108 5179 adscr.
1156 5133 1205 5177 et
1256 5121 1564 5192 imperium.

407 5203 705 5249 contentus.
732 5192 776 5248 C
825 5196 975 5263 quasi
995 5203 1347 5263 contemptus.

405 5265 581 5335 inquit
630 5267 672 5318 Β
729 5261 845 5317 in.’
911 5263 956 5294 “
993 5261 1059 5315 B“
1115 5261 1287 5332 marg,
1347 5261 1573 5333 adscn’:

406 5367 673 5424 quamque
695 5338 975 5477 unicuique

407 5432 465 5476 et
507 5426 626 5477 rad.
667 5439 812 5477 corr.
901 5427 941 5477 '.

1014 5354 1091 5424 vel
1119 5352 1326 5424 singula
1360 5352 1600 5424 singulis.

407 5432 465 5476 et
507 5426 626 5477 rad.
667 5439 812 5479 corr.

988 5422 1080 5476 AB
1116 5422 1422 5477 insinuem.

1666 4982 1687 5015 ⁸
1740 4982 1798 5015 Ω.
1861 4983 2020 5015 ΩΙΙΩΙΙ-
2093 5000 2119 5015 Δ

480 4987 501 5018 ¹
564 4985 659 5039 Sic
705 4999 808 5054 pro
847 5000 1083 5040 scarum.
1182 4984 1205 5017 ³
1255 4999 1313 5038 se
1347 4998 1458 5039 om.
1500 4982 1564 5037 B.
1666 4982 1687 5015 ³
1737 4982 1798 5035 B'
1859 4983 2037 5038 adscr.
2091 4993 2184 5039 est.
2286 4983 2308 5016 ‘
2341 4983 2433 5040 Sic
2482 4982 2689 5047 C,'AB
2730 4999 2811 5052 su;

412 5056 436 5087 ⁶
470 5055 626 5111 SicC
650 5065 708 5110 et
729 5069 872 5108 corr.
894 5054 984 5117 B‘,
1015 5055 1107 5108 AB
1138 5052 1319 5108 saluti.
1394 5056 1413 5085 "
1439 5055 1487 5106 B
1532 5061 1843 5118 contempto,
1886 5052 1948 5106 B'
2002 5068 2144 5107 corr.
2197 5063 2455 5107 contento.
2530 5054 2553 5085 ⁸
2587 5053 2631 5105 Α
2659 5060 2811 5106 vere.‘

412 5127 665 5176 diuidere.
741 5124 786 5156 “
816 5123 881 5176 B'
929 5125 1108 5176 adscr.
1156 5133 1205 5176 et
1256 5121 1564 5176 imperium.
1679 5123 1719 5159 ³⁸
1759 5121 1914 5176 Carr.
1980 5122 2077 5176 D‘:
2134 5136 2235 5176 oro
2283 5122 2437 5176 quasi
2495 5131 2767 5175 contentus

1460 5139 1564 5176 um.
1679 5138 1719 5159 ι·
1759 5138 1914 5176 υοιϊ.
1980 5138 2077 5188 tr;
2134 5138 2235 5192 pro
2283 5139 2406 5193 quat

1460 5192 1504 5229 ³³
1529 5192 1742 5263 quidem
1793 5206 1902 5263 om.
1927 5191 2002 5263 ρ,
2044 5209 2106 5263 se
2145 5206 2252 5263 om.
2297 5192 2406 5245 AB.

1616 5264 1655 5315 i.
1704 5277 1751 5315 ο.
1801 5255 2104 5331 singillatim
2146 5261 2222 5315 vel
2275 5270 2333 5315 ut
2396 5262 2689 5331 expressius
2743 5260 2954 5312 dicatur
3014 5272 3173 5311 unam
3220 5256 3314 5308 uni
3383 5255 3460 5309 rel
3504 5272 3677 5313 unum

1707 5352 1746 5384 ³⁷
1777 5351 1842 5405 Β*
1876 5368 2036 5421 supra
2068 5351 2247 5421 adscr.
2279 5359 2337 5421 et
2357 5350 2535 5421 unius.

1520 5423 1565 5454 ’°
1600 5421 1690 5477 Sic
1716 5420 1758 5477 C
1789 5432 1844 5477 et
1880 5419 2171 5477 rad.'corr.
2197 5420 2282 5485 B',
2314 5419 2403 5472 AB
2446 5420 2709 5474 sedocens.

3268 4984 3291 5017 ⁸
3309 4983 3397 5039 AC
3444 4985 3661 5039 iactant.

2892 5055 2919 5119 _’
2955 5053 3048 5106 Sic
3097 5053 3138 5106 C
3178 5060 3233 5106 et
3263 5068 3406 5107 corr.
3452 5053 3538 5117 B‘,
3575 5056 3668 5109 ΑΒ

2134 5136 2235 5192 pro
2283 5122 2437 5195 (λαειή
2495 5131 2767 5195 contentus
2813 5121 2865 5195 A__
2890 5136 3043 5195 quae.
3068 5131 3409 5195 contemptus,
3444 5120 3673 5195 Dgnus

2509 5191 2553 5222 ³³
2592 5190 2701 5246 Pro
2740 5190 2876 5242 unde
2905 5187 2951 5241 Α
2997 5188 3128 5241 vide.
3164 5206 3166 5209 ·
3207 5187 3329 5240 ³⁸6
3359 5198 3406 5239 et
3483 5187 3669 5245 "'Pro

2286 4983 2308 5016 ‘
2341 4983 2433 5040 Sic
2482 4983 2573 5055 C,
2599 4982 2689 5055 AB
2730 4982 3146 5055 superbiamque.

2649 5348 2694 5380 ¹⁸
2728 5347 2818 5401 Sic
2848 5345 2911 5409 C,
2947 5345 3037 5398 AB
3074 5343 3352 5409 minatum.
3429 5342 3474 5375 ι’
3511 5342 3668 5400 SicC

2808 5414 2855 5446 ’ί
2893 5408 2935 5467 Α
2961 5426 3138 5465 unum.
3236 5411 3281 5440 “
3319 5408 3409 5464 AB
3429 5429 3520 5467 un.
3557 5429 3669 5469 esse

407 5476 649 5547 omnium
676 5476 820 5549 ’ἐξὲξ
854 5476 1253 5567 providentiam.
1327 5492 1372 5525 ”
1393 5492 1550 5547 Corr.
1580 5476 1681 5556 B',
1719 5476 1809 5547 AB
1836 5476 2324 5561 supercollocatum.
2397 5488 2562 5544 “Sic
2589 5489 2648 5550 C,
2758 5484 2827 5569 (ft!
2858 5481 3168 5576 ακολοθίσνῖξ
3191 5476 3232 5531 Β
3259 5479 3329 5569 ξεί
3351 5481 3663 5576 theologia?

409 5581 627 5653 (punct.
650 5583 759 5638 adi.
788 5585 894 5657 B‘).
968 5583 1082 5639 “A
1112 5602 1235 5640 una.
1308 5584 1357 5618 "
1386 5585 1429 5639 Β
1456 5581 1896 5652 superessentiali.
1972 5584 2018 5614 ’⁸⁷
2048 5580 2113 5648 C,
2135 5588 2190 5636 et
2214 5595 2357 5634 corr.
2390 5579 2448 5633 Β·
2479 5579 2652 5649 plane.
2696 5568 2860 5624 ’“B‘
2895 5586 3064 5642 marg.
3099 5568 3279 5629 adscr.
3311 5574 3386 5630 vel
3406 5568 3660 5648 singulas.

412 5668 559 5744 ’11P
585 5689 748 5744 super
777 5674 952 5730 adscr.
981 5692 1012 5730 a
1042 5674 1261 5732 nostris.
1341 5677 1385 5710 ³ο
1414 5658 1686 5742 (Ξὸὶὶ-ΪΒἈ
1713 5673 1801 5729 ΑΒ
1830 5683 1921 5742 ut;
1948 5682 1997 5729 et
2024 5672 2193 5731 om.C
2265 5672 2306 5703 “
2337 5669 2426 5725 Sic
2462 5668 2569 5735 AC,
2604 5666 2647 5719 Β
2671 5661 3010 5723 Αιεοιενεωιῖ·
3086 5661 3130 5694 ⁸¹
3158 5661 3251 5722 Sic
3276 5666 3318 5724 C
3341 5677 3396 5725 el
3417 5682 3557 5725 θοντο
3580 5667 3669 5733 θ’,

407 5742 508 5798 ao
536 5742 852 5825 deiﬁci‘di.
