4178 6266
526 330 634 385 925

1624 330 2123 401 EXPOSITIONES
2158 331 2444 389 JOANNIS
2485 334 2680 393 SCOTI

3652 416 3659 425 _
3699 352 3804 408 εει

529 437 747 508 angelos
770 454 899 496 suos
917 454 1014 499 nos
1035 447 1321 495 revocante
1344 439 1384 506 ’,
1416 439 1721 511 adiuvante,
1752 443 1844 511 qui
1877 458 2115 499 commu—
2146 448 2191 504 Α
2221 444 2347 499 dum
2393 446 2661 501 ditlicilior
2681 488 2694 510 ,
2739 449 2992 517 quoniam
3048 465 3246 504 causae
3294 453 3539 510 omnium
3584 463 3804 519 omnino

530 528 672 582 nitcr
706 537 873 585 totum
904 530 1077 599 diligit
1107 545 1275 600 genus
1298 530 1614 584 humanum.

1055 641 1451 697 CAPITULUM
1505 644 1573 697 X.

1104 731 1269 799 Cujus
1302 732 1487 786 titulus
1513 750 1526 786 :

648 818 905 888 Repetitio
940 829 988 873 et
1022 835 1254 890 anagoge
1282 822 1546 889 angelicae
1572 824 1921 880 ordinationis
1944 838 1991 879 α.

592 909 650 963 1n
700 911 803 964 hoc
844 909 1079 979 capitulo
1129 910 1288 962 trium
1345 912 1665 966 caelestium
1717 915 2108 970 ierarcliiarum

524 1001 788 1071 expositio
830 1001 1092 1070 repetitur
1133 1002 1369 1056 breviter
1411 1018 1710 1076 carumque
1749 1008 2110 1064 ordinationis

523 1093 864 1164 congregatio
888 1101 943 1148 et
967 1092 1269 1148 differentia
1293 1096 1335 1147 ¹.

588 1182 620 1254 §
662 1185 711 1238 1.
748 1181 994 1238 Conpressa
1020 1194 1094 1238 est
1126 1185 1302 1254 itaque
1331 1185 1407 1239 sic
1441 1184 1554 1254 ipsa
1588 1187 1796 1255 quidem
1828 1188 2107 1242 honorabi-

523 1273 725 1328 lissima
760 1277 900 1328 circa
944 1275 1111 1329 Deum
1139 1276 1435 1329 animorum
1456 1276 1730 1346 dispositio
1755 1294 1820 1331 ea:
1857 1278 2104 1332 teletltar-

520 1366 668 1420 cltica
686 1367 707 1397 ³
734 1366 1115 1421 illuminatione
1136 1367 1158 1398 ‘
1186 1368 1512 1435 sanctiﬁcata
1543 1369 1583 1433 ⁸,
1622 1369 1676 1421 in
1698 1385 1812 1422 eam
1835 1370 2099 1423 immedia-

519 1467 573 1510 te
609 1457 632 1491 ⁸
681 1458 1006 1513 ascendendo
1030 1499 1046 1524 ,
1085 1459 1337 1513 occultior
1360 1469 1408 1514 et
1454 1461 1782 1530 manifestior
1809 1461 2104 1516 Divinitatis

519 1547 904 1603 iiluminatione
941 1559 1197 1621 purgatur
1238 1559 1286 1603 et
1318 1549 1657 1604 illuminatur
1712 1560 1760 1604 et
1811 1551 2099 1619 per/icitur.

515 1635 769 1690 Connexa
815 1644 938 1700 est,
981 1634 1267 1704 conjuncta
1312 1636 1564 1691 videlicet
1612 1637 1719 1692 sibi
1766 1637 1996 1691 invicem
2050 1645 2105 1692 et

518 1724 954 1793 inseparabiliter
976 1726 1224 1795 copulata
1241 1765 1255 1790 ,
1282 1726 1395 1795 ipsa
1431 1727 1899 1781 honorabilissima
1923 1728 2102 1797 dispo-

2212 538 2464 592 invisibili
2479 539 3069 608 ct‘incomprehcnsibili
3086 543 3805 612 propinquiorManifestior

2211 642 2343 682 vero
2370 640 2428 683 ut
2454 639 2580 683 ante
2610 629 2754 691 data,
2786 631 2887 684 hoc
2910 640 2997 685 est
3019 650 3034 684 :
3058 643 3342 701 propterea
3371 638 3716 697 manifestior
3735 648 3796 710 ³⁷,

2210 719 2337 787 quia
2381 729 2507 773 ante
2550 721 2732 774 omnia
2779 721 2900 776 data
2953 731 3008 775 et
3036 725 3363 788 constituta,
3396 743 3502 782 non
3535 739 3800 803 tempore,

2212 823 2397 864 verum
2428 810 2691 879 dignitate
2722 821 2780 866 et
2823 811 3153 866 sublimitate
3182 823 3437 882 naturae,
3465 830 3520 874 et
3539 822 3666 890 quia
3692 825 3800 894 pri-

2213 915 2321 963 mo,
2350 910 2475 954 ante
2499 902 2701 965 omnia,
2719 901 2998 972 Iucetpost
3015 902 3410 962 inacessibilem
3436 909 3633 979 lucem,
3655 930 3796 984 quae

2211 1005 2332 1051 eam
2363 991 2640 1054 condidit,
2672 999 2727 1046 et
2769 993 2895 1060 quia
2944 994 3303 1051 universalior
3326 1003 3546 1068 ceteris,
3588 1005 3642 1059 id
3683 1015 3795 1073 est,

2208 1081 2355 1134 omni
2433 1081 2695 1136 varietate
2745 1091 2800 1136 et
2854 1084 3293 1142 dissimilitudine
3355 1091 3685 1160 absolutior,
3735 1107 3795 1153 et

2208 1169 2334 1238 quia
2375 1171 2547 1241 magis
2579 1171 2631 1224 in
2663 1185 2781 1229 eam
2809 1213 2825 1237 ,
2851 1184 3114 1242 quantum
3142 1186 3359 1246 oportet
3385 1184 3789 1251 comprehendi,

2208 1260 2379 1314 forma
2403 1260 2641 1315 omnium
2666 1261 2831 1317 effusa
2868 1275 2953 1319 est
2974 1304 2990 1326 ,
3037 1266 3370 1337 unigenitum
3418 1270 3669 1328 videlicet
3698 1274 3792 1330 Dei

2208 1350 2444 1406 Verbum
2472 1392 2486 1417 ,
2536 1352 2603 1407 ad
2631 1353 2675 1384 ¹⁸
2702 1356 2845 1422 quod
2868 1365 2921 1408 et
2945 1371 3040 1425 per
3075 1360 3218 1426 quod
3255 1358 3562 1416 formantur
3590 1366 3790 1421 omnia.

2206 1441 2448 1508 Quatuor
2476 1443 2650 1498 modis
2692 1444 3032 1500 manifestior
3063 1456 3146 1501 est
3181 1449 3301 1505 aliis
3341 1454 3594 1509 omnibus
3617 1456 3794 1512 ierar-

2205 1533 2363 1588 cbiis.
2401 1534 2640 1589 Primum
2666 1535 2884 1605 quidem
2906 1576 2923 1602 ,
2969 1538 3097 1606 quia
3128 1549 3255 1595 ante
3282 1546 3711 1601 omnescondita
3734 1547 3793 1605 in

2204 1625 2596 1681 exeelsitudine
2622 1637 2880 1695 naturae;
2912 1633 3150 1687 secundo
3168 1673 3183 1698 ,
3217 1635 3341 1703 quia
3364 1636 3792 1705 primordialiter

2204 1726 2325 1787 post
2369 1720 2539 1773 Deum
2587 1720 2731 1776 lucet
2775 1732 2831 1778 ct
2872 1739 2932 1779 se
2976 1727 3329 1795 sequentibus
3366 1738 3421 1785 et
3461 1730 3504 1762 "
3534 1732 3781 1800 sibimet;

514 1816 664 1881 sitio,
704 1816 818 1885 ipse
846 1817 1003 1886 plane
1033 1818 1276 1873 sublimis
1302 1826 1548 1882 ornatus,
1583 1819 1911 1883 animorum,
1940 1821 2029 1889 qui
2049 1820 2088 1884 ',

2205 1812 2382 1876 tertio,
2418 1813 2544 1881 quia
2588 1816 2812 1871 ordines
2856 1818 3024 1887 ipsius
3073 1820 3521 1887 universaliores,
3551 1824 3653 1879 hoc
3679 1836 3783 1888 est.

513 1906 821 1961 immediate
845 1908 866 1939 ⁸
914 1908 1058 1962 circa
1097 1909 1264 1963 Deum
1308 1917 1464 1973 sunt,
1512 1918 1622 1965 tres
1648 1910 1858 1965 scilicet
1885 1910 2104 1967 ordines

510 1994 718 2062 primae
744 1996 1074 2062 ierarcbiae;
1107 2004 1162 2052 et
1188 2009 1271 2053 est
1308 1998 1424 2068 ipsa
1461 2000 1743 2071 dispositio
1773 2018 1840 2058 ex
1887 2005 2102 2060 teletar-

511 2081 666 2136 cbica
720 2083 1151 2151 illuminatione,
1197 2087 1249 2141 id
1296 2097 1381 2143 est
1445 2091 1561 2159 ipsa
1601 2091 1910 2157 Divinitate,
1960 2112 2101 2167 quae

514 2170 821 2225 teletarcltis
847 2172 1074 2239 dicitur;
1112 2176 1503 2244 perfectionem
1526 2181 1545 2211 ν
1563 2181 1758 2250 quippe
1781 2192 1835 2236 et
1865 2185 2102 2240 sanctifi-

508 2261 781 2316 cationum
807 2264 1060 2334 princeps
1081 2275 1195 2333 est;
1226 2270 1585 2337 sanctificata,
1610 2275 1695 2327 vel
1715 2274 1854 2329 sicut
1878 2291 2102 2346 expres-

509 2352 624 2407 sius
653 2353 980 2409 transfertur
1011 2356 1080 2421 “,
1109 2360 1358 2425 quamvis
1390 2361 1698 2418 inusitatius
1718 2406 1732 2430 ,
1764 2368 2095 2434 poutificata,

507 2440 561 2494 in
592 2441 955 2510 pontificalem
983 2444 1234 2501 videlicet
1274 2449 1519 2504 ordinem
1561 2453 1815 2507 subvecta
1847 2463 1902 2510 et
1931 2458 2097 2510 subli-

508 2537 683 2593 mata;
716 2532 830 2601 ipsa
859 2547 1092 2604 namque
1125 2545 1211 2590 est
1237 2537 1471 2606 primum
1509 2542 1869 2597 sacerdotium
1908 2545 1945 2576 ¹¹
1974 2560 2096 2600 cae-

506 2615 720 2673 lestium
768 2623 1172 2688 essentiarum,
1225 2624 1294 2677 ab
1349 2611 1465 2694 ipso
1507 2627 1618 2683 Deo
1662 2631 1987 2697 constituta;
2040 2634 2092 2689 in

504 2719 647 2769 eam,
688 2706 1086 2764 teletarcbicam
1114 2710 1273 2781 plane
1306 2713 1750 2772 illuminationem
1784 2719 2093 2778 immediate

505 2797 848 2851 ascendendo
877 2802 1075 2854 ceteris
1106 2804 1458 2871 sequentibus
1488 2821 1547 2861 se
1587 2807 1867 2863 ierarchiis
1911 2814 2093 2865 occub-

502 2882 609 2937 tior
658 2892 712 2937 ct
758 2887 1096 2943 manifestior
1143 2905 1240 2960 per
1292 2891 1740 2950 illuminationem
1786 2899 2091 2956 Divinitatis

499 2982 763 3042 purgatur
791 2986 845 3030 et
878 2976 1213 3034 illuminatur
1235 2988 1293 3035 et
1323 2981 1621 3049 perficitur.
1679 2976 1948 3056 Purgatur
1967 2990 2086 3059 qui-

500 3063 623 3118 dem
675 3065 822 3120 omni
856 3067 898 3098 ¹¹
929 3069 1265 3138 ignorantia,
1314 3071 1647 3126 illuminatur
1677 3078 1822 3128 omni
1872 3078 2084 3146 sapien-

2205 1901 2346 1956 inter
2371 1916 2429 1956 se
2471 1904 2703 1959 invicem
2725 1906 3014 1963 similiores
3053 1918 3210 1974 sunt;
3253 1920 3470 1980 quarto,
3500 1915 3627 1984 quia
3661 1916 3713 1969 in
3738 1916 3786 1957 η

2203 2005 2321 2045 eam
2344 1991 2465 2060 plus
2492 2007 2653 2060 quam
2686 1994 2740 2048 in
2771 1994 2890 2051 aliis
2916 1998 3155 2052 omnium
3191 1999 3365 2054 forma
3400 2001 3786 2057 diffunditur“

2203 2082 2628 2152 expressiusque
2674 2084 2727 2138 in
2757 2099 2819 2139 ea
2848 2086 3244 2143 manifestatur.
3303 2090 3598 2146 Obscurior
3620 2094 3787 2164 igitur

2201 2174 2398 2229 ceteris
2440 2176 2616 2244 prima
2653 2177 2899 2233 caelestis
2925 2178 3222 2245 ierarehia,
3263 2182 3388 2252 quia
3418 2184 3778 2252 manifestior,

2202 2263 2254 2319 id
2297 2273 2381 2319 cst
2425 2265 2676 2333 lucidior,
2727 2278 2783 2323 et
2831 2270 3088 2335 lucidior,
3132 2273 3260 2342 quia
3302 2274 3604 2330 obscurior.
3645 2277 3782 2333 Nam

2198 2353 2420 2409 claritas
2451 2356 2620 2425 ipsius
2660 2366 2965 2413 ceterorum
3001 2362 3314 2416 caelestium
3357 2363 3662 2418 animorum
3693 2380 3783 2419 su-

2197 2454 2350 2514 perat
2397 2444 2682 2514 fulgorem,
2725 2448 2911 2517 eisque
2961 2449 3126 2504 infert
3167 2451 3483 2521 caliginem,
3525 2453 3667 2508 sicut
3698 2456 3781 2509 sol

2197 2532 2531 2591 intuentibus
2552 2552 2675 2591 eum
2694 2539 2924 2593 vertitur
2943 2540 2996 2593 in
3017 2541 3286 2596 tenebras.
3308 2541 3616 2612 Sapientior
3636 2547 3779 2601 enim

2195 2623 2444 2678 omnibus
2468 2633 2554 2679 est
2605 2634 2662 2679 et
2702 2626 3319 2697 incomprehensibilior.
3361 2632 3437 2684 Ab
3466 2633 3578 2701 ipsa
3604 2644 3776 2690 autem

2193 2716 2381 2769 iterum
2398 2718 2443 2747 “
2459 2718 2916 2786 proporlivnaliter
2941 2721 3167 2774 secunda
3193 2720 3262 2787 ",
3285 2732 3332 2776 et
3357 2739 3389 2776 a
3415 2724 3643 2777 secunda
3670 2733 3777 2779 ter-

2193 2806 2290 2871 tia,
2317 2816 2364 2860 et
2388 2823 2453 2859 ea:
2497 2809 2650 2860 tertia
2681 2808 2969 2863 secundum
3011 2826 3104 2864 nos
3151 2812 3408 2866 ierarcltia
3432 2853 3447 2877 ,
3487 2817 3773 2869 secundum

2192 2897 2356 2965 ipsam
2406 2897 2530 2951 bene
2559 2899 2795 2952 amantis
2828 2899 2873 2931 ³⁵
2898 2901 3222 2956 taxiarcltiae
3245 2901 3440 2973 legem,
3472 2904 3527 2958 in
3563 2906 3775 2961 harmo-

2192 2988 2281 3042 nia
2307 2988 2484 3043 divina
2513 2999 2560 3042 et
2591 2990 2839 3061 analogia
2857 3033 2872 3057 ,
2920 2994 2990 3047 ad
3017 2993 3177 3047 simul
3208 2997 3374 3050 omnis
3412 2996 3532 3051 boni
3560 3012 3774 3061 ornatus

2190 3081 2636 3150 superprincipale
2687 3084 3000 3152 principium
3037 3094 3085 3139 et
3134 3086 3629 3143 consummationem
3672 3091 3772 3143 ier-

500 3150 602 3213 tia,
659 3153 937 3221 perficitur
1002 3157 1149 3210 omni
1209 3155 1546 3214 deificatione
1606 3161 1669 3214 ¹³.
1703 3162 1855 3228 Quali
1905 3175 2084 3229 autem
2114 3146 2157 3205 (ἶ
2189 3146 2395 3225 arcltice
2420 3173 2467 3204 ³⁸
2519 3146 2789 3227 reducitur
2811 3146 2877 3228 ’5'.
2909 3175 3062 3231 Patet
3086 3177 3228 3245 quod
3260 3178 3355 3232 ait.
3411 3179 3492 3232 Ab
3521 3180 3636 3248 ipso
3661 3180 3771 3235 Deo

495 3240 704 3295 ratione
748 3243 1012 3297 occultior
1057 3244 1128 3297 sit
1167 3253 1223 3298 ct
1267 3247 1608 3303 manifestior
1654 3266 1759 3305 una
1789 3255 2086 3323 eademque

496 3327 672 3396 prima
701 3328 966 3385 ierarcbia
991 3372 1006 3396 ,
1041 3331 1382 3404 subiungitur
1409 3355 1422 3390 :
1463 3336 1732 3394 Occultior
1765 3343 1977 3405 quidem
2017 3346 2080 3412 “,

494 3426 745 3487 tanquam
760 3419 1307 3493 invisibilioretmagis
1331 3428 1624 3498 simplieata
1669 3432 1714 3461 ¹⁵
1738 3442 1787 3486 et
1810 3434 2078 3502 uni/icata,

494 3508 825 3575 manifestior
847 3527 989 3577 vero,
1024 3524 1077 3566 ut
1107 3524 1229 3567 ante
1254 3517 1381 3570 data
1417 3529 1463 3572 et
1503 3523 1671 3588 primo
1705 3521 1838 3577 lucet
1881 3534 1929 3577 et
1966 3527 2081 3580 uni—

495 3598 765 3666 uersalior,
802 3609 851 3655 et
875 3604 1043 3673 magis
1070 3605 1125 3657 in
1149 3622 1287 3672 eam,
1312 3618 1367 3661 ut
1399 3621 1628 3680 oportet,
1677 3614 1849 3681 forma
1887 3616 2076 3684 effusa.

492 3689 769 3746 Occultior
794 3702 879 3748 est
914 3696 1141 3762 ceteris,
1170 3699 1292 3766 quia
1318 3699 1437 3767 plus
1482 3703 1802 3771 invisibilis;
1832 3708 1914 3760 vel
1940 3708 2081 3764 sicut

493 3783 809 3850 erpressius
836 3784 1180 3855 interpretari
1199 3798 1393 3858 potest,
1412 3793 1843 3861 intellectualior,
1868 3801 1994 3868 quia
2032 3803 2076 3833 ¹¹²

494 3870 615 3941 plus
644 3875 842 3930 ceteris
882 3876 1258 3935 intellectualis
1306 3892 1408 3948 est,
1457 3895 1675 3955 propter
1703 3890 2076 3959 prepinquita-

496 3968 602 4015 tem
651 3963 1015 4022 immediatam
1048 3970 1191 4025 illius
1214 4011 1230 4035 ,
1260 3972 1352 4042 qui
1386 3985 1604 4044 superat
1623 3991 1837 4034 omnem
1869 3981 2075 4038 intelle-

492 4061 661 4117 ctum,
691 4064 747 4109 et
776 4058 946 4127 magis
972 4059 1161 4129 simpla
1190 4060 1334 4118 facta
1367 4073 1529 4120 estet
1558 4068 1834 4124 unificata.
1879 4072 2074 4130 Tribus

490 4140 674 4209 itaque
704 4147 876 4202 modis
893 4149 1158 4206 occultior
1194 4161 1279 4207 est
1328 4156 1553 4221 ceteris,
1605 4159 1729 4228 quia
1775 4160 1894 4231 plus
1940 4164 2071 4218 invi-

490 4231 665 4288 sibilis
692 4245 747 4290 ct
772 4238 1168 4307 intellectualis,
1195 4252 1250 4298 et
1280 4246 1405 4313 quia
1434 4249 1605 4318 magis
1630 4250 1839 4321 simpla,
1867 4264 1921 4307 et
1943 4257 2069 4324 quia

489 4328 661 4396 magis
690 4330 837 4385 unita
868 4334 1161 4389 constituta
1189 4344 1290 4390 est.
1343 4336 1531 4394 Omnis
1568 4342 1765 4411 quippe
1794 4354 2066 4413 creatura,

481 4414 539 4469 in
574 4431 835 4486 quantum
866 4423 1243 4481 intellectualis
1271 4439 1327 4480 et
1367 4430 1558 4498 simpla
1583 4439 1640 4485 et
1674 4433 1822 4485 unita
1859 4444 1974 4499 est,
2009 4437 2060 4490 in

2184 3264 2431 3332 proxima
2470 3266 2572 3320 sibi
2604 3266 2870 3321 icrarchia
2920 3268 2975 3321 in
3026 3282 3085 3323 se
3118 3268 3292 3339 ipsum
3333 3271 3622 3337 reducitur,
3663 3273 3770 3327 hoc

2185 3362 2288 3419 est,
2324 3370 2543 3410 sursum
2567 3357 2786 3411 dicitur.
2838 3358 2921 3413 Ab
2954 3359 3069 3427 ipsa
3095 3369 3275 3415 autem
3307 3361 3475 3430 prima
3503 3362 3764 3416 corratin-

2183 3445 2442 3501 nabiliter
2482 3449 2759 3503 reducitur
2807 3451 3076 3516 secunda;
3135 3467 3166 3506 a
3214 3454 3449 3508 secunda
3490 3454 3764 3508 reducitur

2184 3538 2376 3601 tertia;
2422 3555 2490 3593 cx
2534 3541 2692 3596 tertia
2736 3549 2944 3607 nostra,
2988 3542 3041 3596 id
3083 3551 3168 3598 est
3213 3544 3445 3598 humana
3489 3545 3765 3600 reducitur

2180 3627 2450 3683 ierarcliia
2491 3629 2646 3699 juxta
2703 3630 2847 3702 leges
2905 3631 3042 3687 bene
3104 3637 3349 3690 ornantis
3410 3636 3762 3699 taxiarcbiac,

2178 3718 2404 3775 Deitatis
2434 3721 2722 3788 videlicet,
2775 3725 2828 3777 in
2873 3724 3198 3781 adunatione
3234 3726 3416 3782 divina
3452 3738 3507 3783 et
3533 3743 3759 3799 propor-

2179 3813 2345 3867 tione.
2385 3814 2453 3867 Et
2475 3828 2735 3882 quorsum
2765 3832 2953 3873 omnes
2976 3821 3353 3875 reducuntur?
3391 3820 3615 3876 Sursum
3638 3838 3760 3891 pro-

2175 3900 2317 3956 fecto
2363 3903 2429 3955 ad
2466 3906 2927 3976 superprincipale
2992 3909 3313 3979 principium
3364 3919 3422 3964 et
3467 3925 3760 3980 supercon-

2173 3993 2552 4047 summativam
2578 3998 3099 4054 consummationem
3147 4001 3323 4054 omnis
3360 4001 3482 4055 boui
3513 4009 3754 4065 ornatus,

2172 4081 2240 4136 ad
2264 4082 2441 4151 ipsum
2469 4082 2627 4153 plane
2655 4084 2845 4151 Deum,
2873 4087 2963 4157 qui
2996 4095 3082 4141 est
3108 4088 3347 4142 omnium
3370 4089 3756 4157 principiorum

2171 4172 2495 4242 principium
2517 4182 2573 4229 et
2591 4175 2873 4245 plusquam
2902 4178 3246 4248 principium,
3281 4180 3588 4234 etomnium
3625 4194 3755 4234 con-

2170 4266 2591 4322 summationem
2639 4273 3062 4337 consummatio,
3112 4272 3164 4327 id
3219 4281 3331 4339 est,
3376 4273 3498 4330 linis
3545 4282 3601 4328 ct
3636 4273 3755 4343 plus

2168 4366 2331 4421 quam
2363 4355 2513 4421 linis;
2543 4357 2842 4415 ierarehice
2873 4361 2916 4391 "'
2952 4369 3134 4415 autem
3172 4361 3471 4429 reducitur,
3502 4363 3607 4417 hoc
3636 4373 3747 4427 est,

2169 4458 2527 4518 unaquaeque
2554 4447 2824 4505 ierarchia
2852 4450 3147 4505 secundum
3177 4466 3303 4506 suas
3341 4452 3487 4522 leges
3526 4452 3581 4506 in
3611 4451 3749 4507 divi-

481 4515 692 4564 tantum
720 4515 918 4570 ceteris
943 4520 1212 4573 creaturis
1238 4519 1520 4576 obscurior
1542 4531 1599 4576 et
1631 4525 1698 4578 ad
1734 4540 2065 4594 cognoscen-
2101 4548 2145 4605 υ
2170 4549 2296 4588 nam
2333 4515 2648 4591 subvehitur
2675 4539 3013 4595 harmoniam
3042 4549 3096 4596 et
3120 4541 3441 4612 analogiam.

1727 4634 1813 4691 VA
1822 4634 1980 4693 RlAE
2014 4640 2396 4699 LECTIONES

587 4740 649 4792 Β·
678 4755 839 4807 supra
868 4742 1043 4799 adscr.
1068 4756 1115 4799 et
1142 4746 1224 4807 adj

591 4765 628 4792 υ
678 4765 839 4807 supra
868 4765 1043 4799 auscr.
1068 4765 1115 4799 et
1142 4765 1206 4799 an
1234 4765 1447 4811 ttvante,
1479 4765 1518 4805 υ
1544 4767 1642 4806 nos
1665 4765 1876 4810 vocante
1899 4768 1940 4811 et

489 4809 576 4883 β’,
607 4809 695 4861 AB
717 4812 1040 4883 teletaprcltia.
1149 4816 1170 4846 ‘
1194 4765 1350 4870 (iorr.
1380 4819 1462 4883 B',
1489 4820 1576 4873 AB
1604 4823 1940 4881 illuminatio.

478 4881 807 4959 dictale._m"
854 4880 946 4937 Sic
987 4884 1140 4959 ABC,
1170 4885 1229 4938 B'
1274 4902 1413 4959 c_orr.
1450 4880 1725 4959 quoniam.

464 4964 593 5007 om.
642 4949 796 5013 ΑΒΕ,
820 4994 823 4997 λ
845 4967 931 5005 ma

477 5018 859 5103 aediﬁcatione.
937 5018 989 5054 “v
1006 5025 1046 5077 Β
1068 5035 1268 5103 tamen.
1280 5097 1291 5103 _
1341 5029 1390 5103 ‘f
1407 5029 1467 5082 Β·
1492 5045 1635 5085 corr.
1659 5033 2013 5103 simpliﬁeata.

478 5087 538 5141 Β·
576 5092 943 5165 supra_adscr.
991 5104 1087 5149 est.
1166 5096 1209 5127 ¹⁸
1236 5096 1326 5152 Sic
1352 5098 1392 5153 C
1428 5108 1483 5155 et
1508 5116 1655 5154 corr.
1712 5087 1796 5165 13‘,
1832 5087 2030 5160 'ABal.

1234 4761 1447 4811 uvante,
1479 4751 1518 4805 C
1544 4767 1642 4806 nos
1665 4765 1876 4810 vocante
1899 4767 1944 4811 et
1966 4759 2272 4829 adjuvante.
2348 4766 2368 4796 ²
2400 4764 2464 4818 1η
2492 4767 2588 4819 hoc
2611 4768 2839 4834 capitulo
2862 4799 2929 4808 ——
2948 4769 3239 4891 di/éerentra
3264 4782 3370 4822 om.
3403 4767 3465 4821 Β.
3541 4768 3562 4799 ³
3583 4768 3720 4824 Corr

1236 4833 1350 4870 orr.
1380 4819 1462 4883 B‘,
1489 4820 1576 4873 AB
1604 4823 1966 4905 illuntinqtio._
2051 4832 2072 4861 ⁵
2094 4833 2247 4905 ()orr.
2282 4834 2360 4895 B‘,
2391 4835 2481 4905 Ali
2516 4837 2860 4905 sanctiﬁcatvi.
2967 4839 2987 4868 ⁶
3061 4854 3118 4891 ro
3148 4838 3443 4892 immediate
3475 4839 3521 4893 Α
3559 4839 3613 4893 in
3640 4856 3720 4893 mc

1828 4854 1940 4881 mu.
2051 4854 2071 4861 '
2094 4854 2247 4885 ωπ.
2282 4854 2322 4886 υ
2347 4874 2360 4895 ,
2391 4854 2481 4887 ΑΙ)
2516 4854 2860 4905 διιηειιρειηιι.
2968 4854 2987 4868 ⁸³
3014 4854 3118 4891 [ΤΟ
3148 4854 3443 4892 immediate
3475 4854 3521 4893 Δ
3559 4854 3613 4893 τη
3640 4856 3750 4893 ηιθ-

1828 4896 1850 4928 ⁸
1875 4900 1915 4950 Α
1948 4900 2003 4952 in
2033 4901 2324 4955 medietate.
2416 4904 2436 4933 ⁹
2472 4906 2561 4955 Sic
2609 4906 2724 4955 BC.
2773 4907 2815 4955 A
2850 4906 3248 4955 nrofeetimmm.
3355 4907 3399 4938 ¹⁰
3429 4908 3750 4955 transfertur

938 4970 1017 5054 ag.
1074 4957 1255 5010 adscr.
1294 4957 1384 5059 8:5
1431 4957 1545 5049 ίξΑ
1574 4963 1924 5045 sacerdotum.
2004 4969 2045 4999 "
2096 4969 2187 5023 Sic
2234 4970 2401 5036 ΑΒΘ,
2438 4957 2498 5027 Βί
2555 4957 2725 5043 εὐρέε(
2761 4957 3271 5063 iizécr'."‘ai'diaiii.

938 5133 943 5144 ,
991 5025 1326 5167 εῗιῖίῘ¹¹ῗὶηὲίο
1352 5098 1392 5153 c
1407 5029 2030 5165 ἳιῗιῗξτῒ.⁸¹ἱῗῖζ¹¹ί¹ἰῗ¹2ῑ.
2092 5039 2702 5167 ’ῗοξῖἓιὲἓῗζιθξιέὶθ
2721 5062 2907 5167 ἃῗωῗδ
2934 5048 2998 5167 i‘
3034 5062 3293 5167 ὥῖἒῖιωιίἰῗ

2215 5076 2301 5094 ulla
2324 5076 2465 5097 bllllo
2502 5076 2539 5098 υ
2567 5085 2581 5102 ς
2613 5076 2702 5097 nu
2726 5076 2907 5108 quur",
2956 5076 2998 5100 υ
3047 5076 3316 5108 ιιῐιυηηυη.

2112 5109 2154 5140 19
2187 5109 2276 5140 ατη
2315 5114 2392 5140 Δι’

478 5108 520 5141 υ
576 5108 736 5166 supra
766 5108 943 5146 auscr.
991 5108 1087 5149 est.
1166 5108 1209 5127 ‘°
1236 5108 1326 5152 διο
1352 5108 1392 5153 U
1428 5108 1483 5155 et
1508 5116 1655 5154 corr.
1712 5108 1796 5165 B',
1835 5108 1926 5157 ΑΒ
1956 5117 2030 5160 at.
2112 5109 2154 5140 ¹⁹
2187 5108 2276 5165 Sic
2307 5114 2422 5175 AC,
2458 5125 2505 5167 et
2557 5130 2666 5168 om.
2721 5108 2781 5168 Β.

477 5173 645 5245 magis
667 5159 721 5212 in
747 5160 947 5230 (punct.
967 5166 1072 5220 adi.
1100 5165 1211 5236 B').
1287 5169 1329 5199 ²¹
1360 5169 1400 5223 Β
1428 5171 1748 5239 cli/funditur
1772 5176 2005 5228 omnium
2032 5176 2223 5244 forma.
2302 5184 2345 5213 "
2367 5182 2411 5235 A
2442 5186 2630 5238 iterum
2661 5196 2856 5239 autem.

472 5266 615 5305 corr.
644 5251 727 5318 B‘,
759 5253 848 5307 AB
882 5259 1208 5315 ornantibus.
1282 5262 1332 5293 ”
1374 5261 1528 5317 Corr.
1560 5262 1647 5330 B',
1683 5263 1772 5318 AB
1795 5264 2102 5320 ierarcltiae.

3047 4771 3239 4823 'erentta
3264 4782 3370 4822 om.
3403 4767 3465 4821 Β.
3541 4768 3562 4799 ³
3583 4768 3742 4824 Corr.

3355 4907 3399 4938 ¹⁰
3429 4908 3751 4962 transfertur

3348 4976 3394 5008 "
3426 4975 3519 5033 Sic
3560 4975 3671 5039 AC,
3706 4980 3747 5033 Β

3394 5048 3434 5077 ³⁷
3468 5046 3559 5102 Sic
3587 5039 3742 5105 ΑΒΕ.

2858 5115 2902 5146 ¹⁰
2934 5116 2976 5168 Α
3034 5117 3158 5185 quia
3199 5116 3365 5184 magis
3397 5116 3478 5186 in,
3530 5116 3570 5186 ll
3619 5121 3747 5186 quia

2933 5186 2979 5216 ’³
3007 5184 3239 5238 secunda
3263 5201 3372 5240 om.
3395 5184 3436 5239 Β
3531 5185 3583 5216 ’δ
3606 5184 3739 5241 Rati.

2204 5271 2249 5302 ³⁸
2283 5272 2326 5326 Α
2355 5276 2585 5331 ducitur.
2662 5277 2707 5309 '7
2734 5275 2779 5330 Α
2802 5278 3112 5332 ierarehice.

2416 4904 2436 4933 ⁹
2472 4906 2561 4959 Sic
2609 4904 2725 4970 BC,
2773 4907 2816 4960 A
2848 4906 3248 4975 profectionum.

2555 4990 2716 5051 supgt
2761 4978 2940 5029 adscr.
2966 4977 3056 5051 “ab
3103 4977 3271 5051 omni.

1967 5375 2218 5437 NOTAE.

547 5454 679 5536 a'A,
718 5454 1186 5536 litterisminiatis
1227 5461 1485 5536 decimum
1529 5464 1845 5536 capitulum,
1895 5469 2046 5536 cujus

474 5521 657 5607 titulus
712 5522 961 5607 Repetitio
1018 5539 1065 5607 et
1112 5546 1342 5607 anagoge
1378 5521 1604 5607 (supple
1641 5521 2044 5607 ordinttliortiit):

470 5589 526 5661 In
560 5590 661 5661 hoc
688 5589 923 5661 capitulo
973 5599 1137 5649 trium
1171 5589 1496 5655 eavelcsti‘um'
1518 5589 1637 5656 -cet..
1661 5602 1702 5655 B
1727 5589 2049 5661 litteris'mi;

474 5659 672 5715 niatis:
700 5659 999 5740 capitulum
1033 5667 1382 5740 undecimum,
1413 5670 1498 5722 cui
1528 5672 1710 5725 titulus
1736 5683 1842 5727 est:
1868 5659 2048 5740 Quare

468 5743 646 5781 omnes
680 5736 920 5785 caelestes
959 5736 1210 5788 essentiae
1239 5742 1582 5794 communiter
1607 5744 1815 5798 virtutes
1854 5736 2044 5801 nocan-

2154 5488 2275 5542 tnr,
2331 5480 2391 5533 B‘
2452 5494 2755 5539 atramento
2810 5499 2909 5553 pro
2978 5487 3311 5549 undecimum
3385 5500 3534 5541 corr.
3596 5487 3740 5541 deci-

2152 5563 2293 5627 mum
2312 5591 2327 5613 ,
2353 5554 3115 5627 v'ocilttts_t;ttare+-vocantur
3138 5564 3319 5627 punct.
3361 5558 3473 5627 atlj,
3498 5597 3513 5621 ,
3542 5558 3738 5627 margi-

2152 5618 2320 5698 nique
2353 5622 2530 5698 adscr.
2569 5618 2822 5695 Repetitio
2847 5642 3108 5698 synagoge
3140 5618 3615 5696 'angelicae‘bonae
3652 5618 3740 5681 5r-

2152 5688 2457 5745 dinationia.
2645 5688 2653 5695 ’
2875 5688 2896 5696 ⁷
2979 5688 3000 5697 ⁷
3046 5688 3068 5698 ⁷
3220 5688 3242 5696 ⁷

3388 5772 3417 5795 Α
