4178 6266
385 287 494 348 295

961 281 1459 341 EXPOSITIONES
1488 281 1713 342 SUPER
1749 277 2176 340 [EBABCBIAM
2217 279 2630 364 CAELESTEM
2670 284 2728 340 S.
2771 265 3086 342 DlONYSli.

3543 290 3670 372 226.

457 404 566 478 μ.
610 402 1036 474 Hanifestatores
1063 409 1238 455 autem
1267 417 1470 466 omnes,
1494 409 1542 454 et
1573 397 1966 468 angelicorum,
1994 397 2048 458 Α
2074 395 2163 452 tiis
2208 394 2541 474 intelligitur.
2579 397 2684 452 Alii
2712 399 2932 468 quidem
2994 400 3118 466 alte,
3166 399 3256 456 alii
3282 402 3466 471 altius,
3497 388 3670 486 altis-2

386 498 478 566 qui
505 501 625 548 ante
653 493 814 562 ipsos,
843 499 1002 555 sunt;
1033 491 1133 561 ipsi
1159 490 1367 560 quidem
1393 488 1836 544 honorabilissimi
1865 487 1967 542 Dei
2009 504 2038 532 ο
2068 488 2204 544 sime
2253 487 2298 519 ’⁷
2351 488 2474 554 alii;
2529 487 2614 543 vel
2664 489 2709 521 ’⁸
2764 499 2914 545 certe
2969 508 3076 548 non
3159 491 3334 548 solum
3408 495 3656 567 singulae

389 584 672 650 mouentis,
701 580 1154 653 proportionaliter
1196 588 1372 634 autem
1416 579 1573 654 ceteri
1601 595 1665 634 ea:
1701 578 1812 632 Deo
1848 593 1964 632 mo-

387 684 586 730 torum.
625 671 816 728 Omnes
838 672 1066 726 virtutes
1087 669 1348 726 caelestes
1374 668 1811 744 manifestatores
1842 676 1968 723 sunt

387 774 444 821 et
481 763 648 834 angeli
671 777 878 828 eorum,
922 761 1016 831 qui
1064 776 1123 816 se
1167 761 1520 831 praecedunt,
1560 760 1636 815 ita
1661 769 1722 814 ut
1745 761 1966 816 ordines

385 855 588 924 primae
611 853 934 918 ierarchiae,
979 853 1075 922 qui
1107 861 1233 908 sunt
1281 861 1584 908 ceterorum
1623 852 1964 908 excellentis-

379 944 540 1011 simi,
606 943 1055 1001 maniiestatores
1099 951 1157 999 et
1217 944 1391 1015 angeli
1426 945 1441 975 ί
1470 943 1581 998 sint
1617 945 1636 974 '
1672 942 1810 1009 Dei,
1868 943 1963 1013 qui

377 1051 564 1092 omnes
597 1044 810 1102 movet,
853 1035 1027 1092 centri
1077 1048 1205 1090 vero
1261 1034 1738 1106 proportionaliter
1783 1033 1960 1104 angeli

375 1125 488 1179 sint
512 1125 533 1156 ⁸
559 1140 775 1190 eorum,
821 1124 914 1195 qui
943 1139 1012 1180 ex
1039 1125 1149 1180 Deo
1170 1135 1474 1180 moventur.
1529 1123 1604 1180 Ut
1624 1125 1764 1179 enim
1787 1124 1960 1194 prima

378 1215 652 1270 ierarchia
675 1214 854 1285 ipsum
885 1214 1058 1269 Deum
1084 1214 1396 1278 annuntiat,
1439 1213 1515 1268 ita
1559 1212 1736 1268 media
1761 1227 1964 1267 annun-

381 1305 488 1360 tiat
510 1305 533 1335 "
563 1304 796 1374 primum
830 1303 852 1336 '
880 1305 1092 1371 tertiae,
1145 1313 1198 1360 et
1224 1303 1378 1360 tertia
1409 1303 1690 1358 annuntiat
1729 1303 1960 1358 mediam

381 1405 805 1467 quartae,-quae
835 1403 918 1452 est
942 1405 1146 1451 nostra.
1183 1396 1252 1451 Et
1281 1405 1342 1451 ut
1363 1396 1598 1450 breviter
1620 1395 1794 1450 dicam
1826 1412 1839 1447 :
1872 1393 1958 1448 in-

380 1485 612 1541 feriores
649 1486 864 1542 ordines
906 1487 1170 1557 gradatim
1228 1487 1579 1542 ascendentes
1623 1485 1960 1557 superiorum

377 1592 442 1633 se
485 1577 656 1648 angeli
687 1585 830 1644 sunt,
861 1585 918 1633 et
951 1592 1142 1632 omnes
1173 1577 1533 1633 communiter
1556 1575 1676 1631 Dei.
1734 1575 1960 1630 Tantum

372 1669 509 1722 enim
578 1667 810 1722 omnium
861 1667 1309 1737 superessentialis
1352 1667 1632 1720 harmonia
1684 1665 1961 1735 unicuique

2068 578 2370 635 ierarchiae
2395 617 2412 645 ,
2464 587 2519 636 et
2556 581 2669 650 ipsa
2708 581 2976 651 generalis
3028 582 3084 636 in
3117 583 3322 652 primas
3352 591 3409 639 et
3445 588 3654 643 medias

2067 679 2122 727 et
2182 671 2398 726 ultimas
2455 671 2768 728 dividuntur
2836 673 3080 729 virtutes.
3135 673 3242 728 Sed
3287 690 3397 731 non
3443 683 3653 733 temere

2065 761 2375 827 dicendum,
2422 761 2594 831 ipsam
2642 763 3049 832 dispositionem
3093 778 3190 834 per
3237 749 3476 836 singulas
3523 755 3668 837 spe-ﬁ

2067 851 2297 916 cialiter,
2327 851 2378 906 id
2394 861 2480 906 est
2504 852 2743 922 singulos
2765 853 2982 908 ordines
2993 835 3666 924 singularumiierarch—ia;

2065 954 2186 994 rum
2213 939 2279 1004 ",
2302 941 2356 995 in
2385 940 2517 1010 ipsis
2541 941 2588 972 ὀ
2611 940 2806 996 divinis
2828 942 3128 998 harmoniis
3153 957 3184 996 a
3227 934 3666 1036 supersubstan-A

2063 1029 2177 1105 tiali
2202 1030 2482 1084 harmonia
2507 1030 2770 1087 discretos
2796 1046 2916 1088 esse
2938 1032 2994 1089 in
3009 1033 3236 1104 primas,
3259 1035 3548 1102 medias“,
3564 1037 3650 1092 ul-

2063 1121 2226 1175 timas
2259 1121 2307 1152 “
2335 1121 2585 1178 virtutes.
2629 1123 2697 1176 Et
2719 1132 2778 1179 ut
2806 1125 3044 1194 apertius
3072 1125 3286 1182 dicam:
3329 1143 3438 1183 non
3472 1119 3663 1185 solum

2062 1209 2308 1281 singulae
2351 1211 2651 1267 ierarchiae
2712 1214 2767 1268 in
2821 1223 2931 1270 tres
2973 1216 3190 1272 ordines
3240 1217 3644 1286 discernuntur,

2062 1316 2250 1358 verum
2276 1305 2438 1360 etiam
2463 1313 2517 1360 et
2546 1307 2915 1379 unusquisque
2963 1309 3095 1364 ordo
3117 1309 3172 1363 in
3192 1311 3421 1379 primas,
3452 1320 3509 1367 et
3532 1329 3646 1368 me-

2060 1394 2197 1460 dias,
2225 1404 2279 1450 et
2306 1395 2524 1452 ultimas
2569 1399 2798 1455 virtutes
2841 1400 3180 1455 discernitur.
3235 1400 3395 1458 Verbi
3443 1405 3643 1475 gratia,

2059 1483 2236 1554 prima
2264 1485 2531 1541 ierarchia
2561 1487 2614 1541 in
2645 1487 2928 1558 Seraphim
2957 1490 3120 1546 veluti
3158 1493 3384 1562 primas,
3411 1506 3468 1549 et
3493 1495 3638 1553 Che-

2062 1575 2240 1630 rubim
2262 1575 2427 1630 veluti
2456 1578 2684 1644 medias,
2716 1587 2772 1634 et
2808 1579 3056 1636 Thronos
3098 1583 3264 1639 veluti
3290 1585 3508 1641 ultimas
3532 1587 3644 1644 dis-

2064 1666 2307 1720 cernitur
2342 1667 2589 1726 virtutes.
2641 1669 2709 1724 Et
2755 1670 2953 1726 iterum
3007 1673 3290 1744 Seraphim
3325 1679 3460 1733 ordo
3513 1693 3642 1738 suas

368 1761 717 1816 rationalium
756 1770 807 1815 et
845 1759 1278 1816 intellectualium
1314 1777 1465 1815 sacro
1508 1767 1699 1815 ornatu
1735 1767 1785 1813 et
1819 1753 1962 1812 ordi-
1987 1749 2035 1810 B
2062 1755 2267 1824 primas
2301 1765 2355 1810 et
2397 1757 2602 1813 medias
2649 1767 2705 1813 et
2758 1758 2974 1817 ultimas
3001 1763 3244 1832 possidet
3282 1763 3638 1824 differentias.

367 1861 494 1908 nata
535 1853 784 1909 ductione
830 1853 1111 1923 praevidit,
1139 1861 1393 1913 quantum
1433 1854 1543 1924 ipse
1577 1851 1958 1908 ierarchiarum

367 1943 728 2014 unusquisque
774 1943 905 1999 ordo
952 1943 973 1976 ⁸
993 1960 1141 1999 sacra
1191 1953 1240 1998 et
1285 1943 1524 1999 decenter
1574 1942 1773 1996 positus
1814 1940 1834 1972 '
1857 1949 1953 1996 est.

366 2030 630 2098 Tantum,
659 2033 869 2104 inquit,
899 2033 1362 2105 superessentialis
1389 2032 1702 2094 harmonia,
1744 2046 1953 2087 summa

364 2126 618 2182 videlicet
641 2127 884 2183 omnium
912 2141 1072 2184 causa
1097 2167 1113 2194 ,
1161 2125 1429 2198 praevidit
1459 2124 1751 2194 unicuique
1784 2123 1956 2179 ratio-

368 2217 479 2273 nali
505 2218 946 2279 ‘etjntellectuali
975 2227 1262 2277 creaturae
1287 2226 1483 2278 ornatu
1511 2233 1671 2274 sacro
1713 2224 1770 2274 et
1805 2215 1956 2272 ordi-

374 2317 505 2362 nata
529 2309 841 2368 reductione
866 2312 889 2344 ⁸
937 2313 1262 2370 distribuere
1285 2353 1302 2379 ,
1343 2320 1606 2383 quantum
1641 2311 1760 2381 ipse
1785 2324 1956 2366 unus-

375 2399 611 2469 quisque
656 2403 678 2434 ⁹
704 2401 955 2458 videlicet
998 2405 1131 2460 ordo
1155 2404 1546 2460 ierarchiarnm
1578 2403 1622 2435 ὀ
1671 2410 1857 2459 sancte
1896 2409 1954 2458 et

373 2489 640 2561 pulchre,
670 2490 776 2548 hoc
807 2500 921 2560 est,
957 2495 1011 2548 in
1039 2503 1300 2565 quantum
1339 2496 1470 2552 ordo
1497 2493 1884 2550 ierarchiarum
1907 2490 1952 2528 ’⁸

368 2582 562 2653 exigit,
581 2583 638 2640 in
657 2592 870 2640 tantum
891 2586 939 2641 ei
965 2586 1308 2642 distribuitur
1317 2603 1384 2641 ex
1399 2585 1828 2657 superessentiali
1839 2599 1952 2640 om-

363 2674 521 2730 nium
549 2675 898 2733 adunatione.
936 2677 1012 2732 Et
1045 2695 1252 2733 omnem
1294 2679 1610 2734 ieram/tiam
1648 2679 1872 2733 videmus
1899 2679 1954 2734 in

363 2765 561 2835 prims
603 2774 654 2822 et
685 2767 892 2822 medias
928 2776 980 2823 et
1030 2767 1245 2822 ultimas
1292 2769 1504 2822 virtutes
1543 2768 1783 2822 divisam.
1839 2767 1951 2824 Hoc

369 2859 534 2914 etiam
561 2859 614 2915 in
636 2859 1006 2930 superioribus
1023 2860 1296 2930 capitibus
1318 2867 1402 2915 est
1429 2859 1780 2930 praedictum,
1802 2859 1948 2930 quod

371 2951 553 3006 omnis
579 2950 844 3006 ierarchia
871 2951 1043 3008 tribus
1068 2951 1348 3007 ordinibus
1383 2950 1666 3006 substituta
1692 2951 1779 3015 sit,
1813 2965 1947 3020 quo-

375 3053 503 3093 rum
528 3039 632 3094 duo
671 3040 1107 3106 extremitatum,
1156 3039 1346 3096 tertius
1391 3039 1690 3096 medietatis
1735 3038 1946 3096 obtinet

2062 1843 2326 1900 Similiter
2375 1847 2440 1902 de
2499 1849 2696 1903 ceteris
2747 1851 3028 1907 ordinibus
3078 1854 3411 1924 singularum
3467 1858 3640 1913 ierar—

2057 1935 2304 1991 cbiarum
2357 1938 2783 2010 intelligendum.
2849 1942 3002 2011 Quod
3057 1955 3242 2017 aperte
3300 1950 3639 2021 subsequen-

2059 2025 2204 2082 tibus
2228 2029 2407 2084 verbis
2457 2031 2616 2085 datur
2670 2032 2914 2105 intelligi.
2973 2032 3191 2106 Propter
3217 2040 3358 2109 quod
3405 2049 3454 2095 et
3498 2041 3637 2113 ipsos

2057 2117 2410 2174 divinissimos
2449 2119 2725 2192 Seraphim
2769 2124 2868 2195 ipsi
2926 2125 2972 2158 ’³
3023 2125 3246 2200 theologi
3296 2131 3445 2186 aiunt
3475 2131 3521 2163 “
3555 2133 3639 2189 al-

2057 2215 2226 2262 terum
2259 2210 2329 2263 ad
2376 2209 2600 2266 alterum
2651 2212 2897 2281 clamare,
2952 2217 3007 2271 in
3061 2217 3178 2286 hoc,
3226 2229 3283 2274 ut
3313 2223 3529 2278 aestimo
3560 2223 3632 2292 ’⁸,

2057 2298 2405 2367 declarantes,
2450 2303 2698 2372 quoniam
2751 2306 3064 2380 theologicas
3107 2312 3352 2367 scientias
3378 2313 3480 2384 ipsi
3523 2315 3636 2384 pri-

2056 2391 2130 2445 mi
2171 2393 2411 2448 secundis
2446 2395 2678 2450 tradunt.
2734 2397 3026 2471 Propterea
3057 2443 3072 2469 ,
3114 2403 3332 2474 inquit,
3392 2407 3631 2479 theologi

2059 2483 2276 2550 dicunt,
2363 2485 2593 2544 alterum
2644 2489 2712 2544 ad
2780 2491 3010 2548 alterum
3059 2495 3107 2526 “
3168 2496 3454 2570 Serapbim
3524 2500 3636 2557 cla-

2053 2590 2224 2643 mare,
2253 2585 2313 2633 ut
2339 2593 2438 2649 per
2459 2580 2562 2636 hoc
2591 2581 2961 2652 declararent,
2987 2588 3130 2657 quod
3169 2589 3270 2659 ipsi
3317 2590 3629 2664 Seraphim,

2052 2669 2143 2736 qui
2171 2669 2377 2738 primas
2403 2670 2633 2727 virtutes
2663 2673 2882 2741 habent,
2910 2679 3163 2734 secundis
3191 2679 3496 2752 Seraphim,
3538 2685 3636 2755 qui

2051 2758 2340 2824 secundas,
2395 2759 2751 2830 theologicam
2805 2765 3026 2819 tradunt
3082 2767 3390 2836 scientiam,
3442 2773 3496 2827 id
3549 2781 3636 2830 est

2050 2849 2352 2904 divinarum
2382 2849 2649 2904 rationum
2695 2853 3118 2921 speculationem
3147 2857 3216 2910 ³⁷.
3254 2858 3458 2914 Eadem
3495 2863 3639 2919 ratio

2049 2941 2105 2997 in
2134 2940 2428 2997 Cherubim
2479 2950 2533 2996 et
2563 2940 2800 2998 Thronis
2847 2943 3286 3018 reliquarumque
3339 2951 3636 3009 ierarchia-

2049 3046 2172 3086 rum
2204 3030 2487 3088 ordinibus
2520 3033 2876 3090 observanda.
2921 3033 3204 3094 Praecedit
3259 3039 3441 3111 itaque
3471 3041 3633 3100 Sera-

375 3125 557 3183 locum
575 3168 590 3194 ,
618 3135 679 3182 ut
704 3137 789 3183 est
819 3103 1261 3199 archangelorum
1286 3129 1419 3185 ordo
1444 3129 1584 3183 inter
1608 3128 1946 3198 principatus

2053 3120 2198 3192 phim
2227 3119 2392 3175 alium
2417 3121 3100 3194 Seraphim,etCherubim
3123 3127 3288 3185 alium
3310 3103 3626 3201 Cherubim,

375 3231 433 3276 et
457 3219 692 3292 angelos.
715 3217 824 3276 Sed
851 3227 902 3275 et
919 3220 1103 3291 ipsam,
1139 3235 1232 3290 per
1252 3216 1484 3289 singulas
1509 3217 1810 3284 dicendum,
1839 3217 1949 3273 dis-

368 3311 677 3380 positionem
719 3309 848 3379 ipsis
893 3309 1084 3363 diuinis
1132 3308 1417 3363 harmoniis
1455 3307 1716 3362 discrevit.
1777 3310 1856 3363 Ac
1877 3307 1948 3370 ,si

367 3402 603 3457 diceret:
635 3414 744 3456 non
772 3397 945 3455 solum
973 3398 1210 3471 singulas
1239 3399 1281 3430 ι’
1312 3398 1612 3454 ierarchias
1635 3399 1880 3454 videmus
1902 3399 1948 3431 "

365 3491 417 3546 in
453 3491 659 3562 primas
681 3497 738 3547 et
764 3490 975 3547 medias
1000 3499 1057 3548 et
1083 3489 1300 3548 ultimas
1323 3489 1556 3544 virtutes
1585 3489 1818 3554 divisas,
1851 3489 1949 3544 sed

363 3582 529 3637 etiam
576 3582 863 3639 dicendum
888 3623 904 3650 ,
971 3581 1115 3653 quod
1156 3580 1627 3654 superessentialis
1663 3579 1946 3636 harmonia

362 3673 535 3753 ipsam
566 3673 874 3746 generalem
902 3675 1309 3744 dispositionem
1347 3674 1590 3730 omnium
1632 3672 1947 3730 caelestium

364 3761 758 3818 ierarchiarnm
789 3762 834 3794 “
860 3763 917 3818 in
942 3764 1076 3834 ipsis
1099 3763 1295 3822 divinis
1319 3763 1638 3828 barmoniis,
1665 3763 1948 3819 adunatio—

363 3854 526 3910 nibus
550 3855 840 3922 videlicet,
887 3871 987 3927 per
1037 3857 1274 3928 singulas
1303 3857 1601 3912 ierarchias
1643 3857 1948 3926 specialiter

361 3944 624 4000 discrevit
651 3945 698 3977 “
722 3945 778 4001 in
823 3946 1028 4017 primas
1073 3957 1129 4003 et
1149 3947 1356 4004 medias
1380 3955 1436 4002 et
1455 3947 1672 4003 ultimas
1691 3945 1940 4004 virtutes.

361 4032 638 4089 lerarchia
667 4036 933 4105 siquidem
967 4037 1248 4103 virtutum,
1278 4045 1629 4107 potestatum,
1679 4046 1735 4094 et
1768 4039 1943 4095 domi-

362 4127 644 4182 nationum
680 4130 1097 4200 proportionalis
1122 4131 1427 4186 medietatis
1469 4132 1611 4188 inter
1643 4141 1756 4187 tres
1786 4131 1830 4163 ’⁶
1857 4146 1946 4186 or-

365 4220 520 4275 dines
556 4222 767 4292 primae
806 4232 862 4279 et
901 4233 1012 4280 tres
1056 4225 1250 4280 tertiae
1278 4226 1581 4282 ierarcbiae
1603 4226 1944 4284 harmoniam

361 4311 629 4382 possidet.
667 4312 740 4368 Ut
778 4314 923 4370 enim
969 4329 999 4368 a
1027 4315 1202 4385 prima
1248 4317 1592 4386 praeceditur
1623 4318 1799 4374 media
1824 4358 1838 4384 ,
1869 4317 1944 4373 ita

361 4400 546 4456 media
569 4404 844 4472 praecedit
870 4405 1114 4470 tertiam;
1153 4413 1211 4460 et
1233 4407 1560 4474 conversim,
1594 4409 1944 4479 quemadmo-

2048 3219 2103 3267 et
2150 3213 2378 3268 thronus
2420 3213 2586 3270 alium
2615 3217 2887 3284 thronum,
2918 3218 3092 3276 virtus
3137 3219 3416 3292 virtutem,
3465 3234 3626 3297 pote-

2047 3312 2161 3360 stas
2199 3312 2546 3375 potestatem,
2600 3305 2900 3366 dominatio
2936 3309 3378 3382 dominationem,
3428 3317 3632 3387 princi-

2044 3403 2204 3464 patus
2250 3397 2634 3468 principatum,
2676 3401 3035 3472 archangelus
3083 3405 3485 3477 archangelum,
3537 3425 3633 3466 an-

2047 3487 2197 3557 gelus
2220 3489 2497 3559 angelum;
2536 3489 2590 3545 in
2620 3491 2898 3549 ordinibus
2943 3493 2990 3526 ’⁸
3038 3495 3320 3568 episcopus
3357 3498 3402 3531 ”
3431 3499 3634 3570 episco-

2045 3591 2194 3646 pum,
2245 3579 2500 3634 sacerdos
2548 3580 2881 3636 sacerdotem
2926 3582 2992 3648 ὀ,
3042 3584 3298 3642 diaconus
3344 3587 3632 3646 diaconum

2046 3678 2340 3740 ceteraque
2373 3670 2700 3742 hujusmodi,
2730 3671 2805 3726 ita
2845 3680 2904 3727 ut
2928 3674 3028 3729 sub
3050 3676 3254 3732 eisdem
3279 3676 3629 3749 signiﬁcatio-

2045 3761 2205 3817 nibus
2229 3763 2505 3818 nominum
2529 3765 2737 3836 primae
2765 3774 2822 3821 et
2847 3766 3058 3824 mediae
3099 3777 3154 3824 et
3181 3769 3402 3827 ultimae
3426 3772 3630 3829 intelli-

2045 3864 2243 3927 gantur
2271 3857 2313 3888 ³¹
2346 3859 2593 3914 virtutes.

2118 3945 2145 4017 ᾗ
2173 3947 2228 4000 5.
2257 3947 2566 4002 Addiderim
2594 3957 2768 4004 autem
2808 3951 3050 4021 fortassis
3090 3963 3137 4008 et
3169 3955 3266 4009 hoc
3295 3973 3400 4012 non
3444 3961 3628 4016 incon-

2044 4051 2192 4108 grue,
2216 4039 2340 4107 quia
2369 4048 2418 4092 et
2448 4042 2733 4095 secundum
2776 4058 2831 4096 se
2856 4043 3025 4112 ipsum
3053 4048 3406 4116 unusquisque
3432 4063 3476 4102 et
3504 4069 3626 4107 cae-

2047 4131 2190 4185 lestis
2223 4140 2276 4183 ut
2332 4132 2591 4187 humanus
2624 4135 2830 4188 animus
2878 4137 3123 4204 speciales
3159 4138 3311 4190 habet
3341 4149 3387 4191 et
3425 4141 3626 4210 primas

2022 4229 2094 4296 et
2111 4219 2309 4274 medias
2332 4232 2379 4273 et
2401 4220 2614 4276 ultimas
2640 4224 2992 4278 ordinationes
3014 4235 3063 4279 et
3093 4226 3322 4290 virtutes,
3355 4230 3424 4280 ad
3453 4232 3623 4286 dictas

2045 4329 2138 4384 per
2159 4313 2562 4383 unumquodque
2590 4313 3000 4368 ierarchicarum
3033 4314 3471 4373 illuminationum
3505 4338 3626 4389 pro-

2046 4407 2189 4479 prias
2220 4422 2483 4476 anagogas
2505 4401 2964 4476 proportionaliter
2998 4403 3322 4474 manifestas,
3363 4425 3457 4477 per
3489 4426 3623 4477 quas

361 4489 494 4544 dum
521 4493 864 4561 praeceditur
907 4495 1067 4550 tertia
1113 4510 1144 4550 a
1185 4497 1392 4561 media,
1416 4497 1491 4552 ita
1513 4475 1690 4554 media
1718 4513 1942 4568 praece-
1967 4475 2022 4535 D
2046 4475 2448 4570 unumquodque
2486 4475 2541 4550 in
2575 4495 2973 4568 participatione
3007 4497 3066 4566 ﬁt
3109 4494 3175 4562 ³⁸,
3216 4475 3371 4552 sicut
3394 4475 3625 4571 idipsum

357 4580 563 4636 ditura
591 4583 789 4653 prima.
838 4585 910 4642 Et
950 4585 1084 4643 haec
1124 4590 1436 4659 praecessio
1480 4599 1536 4643 et
1573 4590 1847 4646 successio
1889 4590 1945 4644 in

357 4671 666 4736 divinarum
710 4675 1163 4738 illuminationum
1205 4679 1634 4752 participationis
1690 4680 1944 4738 diﬂ‘eren-

2045 4601 2094 4646 et
2123 4592 2205 4662 [as
2237 4599 2310 4646 est
2345 4598 2391 4645 et
2428 4587 2669 4660 possibile
2692 4628 2708 4654 ,
2773 4587 3367 4661 superincognitissima‘e
3397 4604 3399 4606 ‘
3424 4611 3622 4666 purga-

2047 4684 2203 4738 tionis
2249 4682 2537 4754 plenissimi
2584 4679 2796 4735 luminis
2850 4681 3226 4753 anteperfectae
3262 4684 3619 4756 perfectionis.

1638 4804 1895 4862 VARIAE
1928 4804 2330 4863 LECTIONES.

432 4923 619 4998 ‘Corr.
646 4924 737 4993 B';
757 4941 857 4997 pro
875 4936 922 4982 et
937 4925 1137 4998 angeli,
1151 4926 1281 4984 ΑΒΕ
1314 4929 1531 4998 angelis.
1609 4930 1629 4961 ³
1660 4929 1910 4994 Emend.,
1937 4928 2070 4984 ABC
2097 4938 2239 4983 sunt.
2315 4927 2336 4961 ³
2363 4925 2762 4992 Emend.,ABC
2787 4937 2926 4984 sunt.
3002 4929 3025 4961 ⁴
3045 4929 3120 4985 ita
3133 4931 3308 4985 media
3341 4931 3624 4986 annuntiat

355 4993 589 5060 om.AB,
606 4993 778 5068 marg:
808 4993 1086 5064 adscr.‘B‘,
1109 4996 1176 5052 Ci
1219 5015 1336 5054 sum
1360 4993 1523 5055 Deum
1545 5001 1857 5054 annuntiant
1874 4993 2443 5065 secunde,itasecunda
2457 4999 2732 5052 annuntiat
2759 5000 2981 5068 primam
2995 5003 3161 5055 medie
3172 5011 3218 5055 et
3233 5001 3384 5054 tertia
3397 5001 3622 5054 mediam

355 5074 561 5122 auarte.
605 5081 659 5122 tt.
694 5083 741 5121 e.
783 5084 839 5122 η.
931 5068 954 5100 ⁸
976 5065 1129 5122 Corr.
1279 5069 1369 5122 AB
1392 5071 1562 5122 prima
1592 5071 1668 5122 in.
1743 5069 1765 5100 ⁸
1793 5069 2182 5122 ierarchiarum
2211 5068 2692 5122 videlicetauisanis
2741 5071 2869 5122 ordo
2909 5073 3260 5122 unusauisaue
3306 5073 3322 5122 l
3339 5081 3522 5122 nunct.
3555 5069 3619 5121 Β·

1228 5109 1244 5134 9

931 5068 954 5100 ⁸
976 5065 1129 5123 Corr.

354 5074 561 5132 quarte,
605 5081 659 5136 q.
694 5083 741 5121 e.
783 5084 839 5122 η.

1279 5069 1369 5122 AB
1391 5071 1562 5141 prima
1592 5071 1668 5124 in.
1743 5069 1765 5100 ⁸
1793 5069 2182 5124 icrarchiarum
2211 5068 2439 5156 uidelicet
2459 5069 2692 5156 quisquis
2741 5071 2869 5122 ordo
2909 5073 3282 5155 unusquisque.
3306 5073 3522 5140 (punct.
3555 5069 3619 5121 Β·

354 5152 465 5222 adj.
525 5155 785 5228 videtur).
878 5157 900 5190 ⁷
956 5156 1112 5214 Corr.
1150 5156 1234 5224 B‘,
1268 5158 1358 5212 AB
1386 5159 1594 5228 positos.
1697 5159 1720 5190 ⁸
1751 5159 1793 5212 Β
1833 5147 2228 5218 distributione:
2280 5143 2318 5195 ’θ’
2341 5141 2739 5228 ἒίἔίίξλῖᾗὶεε
2775 5160 2865 5228 qui
2890 5145 3282 5228 unusquisque.
3309 5161 3349 5211 Β
3383 5162 3490 5226 ipse
3527 5158 3621 5244 qui

353 5250 716 5321 unusquisque
741 5251 948 5321 (punct.
979 5249 1086 5375 add.
1123 5249 1335 5303 videtur
1371 5247 1477 5319 B‘).

354 5322 403 5352 ’³
431 5321 472 5374 Α
492 5321 755 5375 videntur.
835 5320 879 5351 "‘
909 5319 1002 5374 Sic
1053 5319 1089 5375 ‘.
1120 5319 1208 5373 AB
1231 5320 1477 5374 ierarchic

354 5322 403 5352 ’³
431 5321 472 5374 Α
492 5319 781 5378 υἱέιεήιωῖ
835 5320 879 5351 ’⁸
909 5319 1002 5374 Sic
1028 5319 1089 5384 C,

354 5393 402 5423 ’⁸
417 5389 524 5445 Pro
547 5392 622 5444 vel
647 5390 691 5444 B
718 5408 840 5473 non.
921 5390 963 5424 ’³
995 5389 1084 5445 Sic
1111 5389 1174 5472 ς),
1196 5389 1242 5444 Α
1265 5385 1695 5471 ierarchicarum',
1722 5388 1763 5442 B
1791 5391 2431 5474 ierarcltigarunt(punct.
2459 5387 2565 5456 adj.
2602 5387 2722 5508 8%..
2785 5385 2882 5439 ὀί]
2909 5386 2960 5437 iu
2983 5385 3183 5465 primis.
3211 5422 3214 5424 ν
3260 5385 3304 5462 ’ξ
3320 5385 3425 5434 Cet
3453 5397 3616 5453 supra

354 5461 614 5533 adscr:B'
633 5471 678 5515 et
698 5462 922 5516 medias.
983 5460 1251 5533 "ultimas
1265 5459 1817 5533 om.B,Cetulttmas.
1899 5460 2001 5514 “B
2045 5473 2093 5516 et
2116 5480 2233 5533 ipsi.
2289 5460 2640 5533 "_Bad;cor_r.
2730 5498 2743 5520 ,
2761 5453 3323 5533 ΑΙξιΙιεοζᾳῃιιιλιςηιξιςΪ
3401 5450 3617 5512 "Corr.

349 5461 533 5515 adscr.
551 5461 614 5514 B'
633 5471 678 5515 et
698 5462 922 5516 medias.
983 5460 1028 5492 ’³
1041 5461 1251 5515 ultimas
1265 5476 1373 5514 om.
1390 5461 1454 5526 B,
1469 5460 1566 5516 Cet
1583 5459 1812 5515 ultimas.

1558 5249 1600 5280 ὀ
1623 5247 1664 5302 Α
1695 5247 2126 5306 ierarclticarum.
2207 5251 2246 5282 ”
2279 5250 2370 5305 Sic
2411 5247 2472 5313 C,
2523 5246 2612 5300 AB
2641 5247 3066 5300 ieram/cicurum.
3148 5248 3188 5276 “
3214 5247 3258 5298 A
3301 5246 3616 5312 singulares.

1120 5319 1208 5373 AB
1231 5313 1660 5374 ierarchicarum.
1739 5320 1782 5351 ’⁸
1807 5320 1851 5373 Α
1875 5321 2114 5376 decrevit.
2193 5321 2236 5354 ’°
2261 5332 2362 5375 tres
2392 5315 2580 5373 om.B.
2658 5317 2700 5348 ’⁷
2732 5316 2792 5369 Β⁹
2819 5331 2986 5382 marg.
3007 5317 3185 5370 adscr.
3205 5314 3297 5382 alii
3328 5313 3612 5368 altissime.

2785 5385 2882 5439 ὀί]
2909 5381 2960 5437 iu
2983 5385 3183 5452 primis.
3211 5422 3214 5424 ν
3260 5381 3302 5453 "_
3320 5382 3616 5453 Cetusupra

348 5531 436 5595 B',
469 5531 561 5585 AB
585 5541 640 5585 ut
667 5532 981 5602 testimonio.
1057 5531 1102 5561 ‘°
1127 5533 1196 5585 ad
1240 5520 1460 5585 alterum
1510 5547 1618 5587 om.
1659 5533 1721 5593 B,
1755 5531 1822 5585 ad
1859 5547 2045 5602 marg.
2101 5520 2275 5602 adscr.
2327 5529 2411 5583 B‘.
2551 5529 2772 5602 alterum
2816 5523 3087 5602 Sqrqphim
3125 5520 3468 5602 pilarum
3508 5541 3618 5579 σια-

349 5618 521 5656 mare.
596 5602 640 5634 ’⁷
676 5595 894 5658 SicCet
924 5617 1067 5657 corr.
1085 5602 1275 5666 B‘,AB
1303 5603 1732 5671 speculationum.

348 5671 441 5739 B',
471 5673 561 5728 AB
590 5674 862 5744 episcOpis.
939 5672 984 5703 ³⁰
1015 5671 1104 5727 Sic
1132 5661 1192 5736 C,
1227 5661 1339 5727 ΑΠ’
1365 5673 1712 5730 sacerdotum.
1787 5672 1831 5706 ³⁸
1866 5670 1957 5728 Sic
1979 5670 2022 5726 C
2050 5681 2105 5752 et
2131 5661 2273 5728 corr.
2302 5671 2388 5735 B',
2417 5666 2508 5722 AB
2552 5661 2892 5732 ίηιειιευαιαν-

682 5762 954 5838 Pauor"
1017 5763 1278 5825 CXXII.

1829 5601 1874 5632 ss
1899 5591 2054 5656 Cof}.
2086 5602 2170 5668 Bo,
2201 5601 2290 5656 ΑΒ
2311 5598 2569 5668 munitius,
2592 5593 2632 5648 C
2739 5591 3098 5668 hominibus-
3130 5591 3293 5668 "_Si(‘.
3386 5605 3441 5668 et
3471 5609 3616 5652 corr.

2985 5659 3029 5693 ”
3059 5660 3240 5734 Conj.,
3271 5664 3357 5718 AB
3380 5664 3467 5720 sit.
