4178 6266
1587 243 1650 267 ,ν-

557 509 785 603 ultimis,
833 509 1252 592 distribuuntur.
1291 521 1444 590 Quod
1488 517 1730 575 breviter
1757 509 2138 582 colligendum.

556 631 788 700 Copiose
817 623 1020 681 habent
1043 619 1219 692 primo
1263 613 1485 671 ordines
1521 618 1577 666 et
1604 623 1734 664 suas
1764 613 1820 660 et
1847 602 2141 665 minorum,

561 693 661 781 sed
689 720 900 778 divinas
929 713 1108 787 primo
1136 711 1192 765 in
1223 722 1283 764 se
1333 711 1659 776 apparentes
1699 693 2142 777 illuminationes,

557 829 670 872 non
701 819 882 868 autem
914 774 1150 876 copiose,
1185 800 1238 855 id
1269 774 1775 854 estruniversaliter
1797 827 1813 853 ,
1843 774 1986 844 sicut
2013 781 2146 854 ipsis

559 901 772 975 primis,
805 899 900 954 sed
924 889 1327 967 particulariter
1347 902 1445 958 per
1478 884 1684 956 primos
1712 878 1950 943 ultimis,
1985 881 2147 947 prout

561 968 813 1064 analogia
843 1004 1034 1046 eorum
1061 984 1249 1042 exiuit.
1285 981 1506 1039 eaedem
1549 978 1567 1012 ³
1603 972 2026 1033 illuminationes
2067 968 2149 1024 di-

559 1084 926 1144 strihuuntur.

1011 1140 1500 1204 CAPITULUM
1558 1138 1700 1194 ΧΠ.

1050 1237 1218 1308 Cujus
1256 1241 1341 1290 est
1374 1229 1556 1288 titulus
1583 1229 1636 1282 ἐ

567 1338 746 1406 Quare
773 1331 1060 1390 secundum
1086 1327 1317 1406 homines
1358 1319 1665 1406 iera‘rchiaen
1681 1313 1853 1406 angeli
1873 1317 2148 1406 vocantur,

637 1384 1026 1474 infame
1067 1397 1255 1452 summi
1295 1391 1587 1448 sacerdotes
1619 1384 1887 1442 Ecclesiae
1916 1391 2151 1436 terrenae

569 1548 576 1552 _
638 1477 813 1533 adhuc
847 1470 1304 1548 a'ngeli’vocantur
1327 1476 1403 1538 ι..

640 1569 672 1643 5
704 1569 757 1624 l.
783 1544 1069 1634 Quaeritur
1089 1568 1264 1616 autem
1291 1566 1338 1612 et
1361 1557 1458 1610 hoc
1478 1547 1889 1623 intelligibilium
1916 1544 2156 1617 eloquio-

567 1639 688 1720 rum
717 1658 949 1715 studiose
999 1651 1341 1708 intuentibus.
1381 1648 1442 1703 Si
1488 1645 1625 1700 enim
1667 1639 2042 1714 participantia
2065 1653 2156 1691 ex-

567 1751 853 1810 celsiorum
898 1744 1298 1801 universitatum
1335 1754 1439 1793 non
1463 1745 1584 1792 sunt
1630 1734 1839 1799 ultima,
1888 1735 1950 1785 ob
1997 1744 2154 1800 quam

567 1853 788 1896 causam
849 1831 1136 1890 secundum
1185 1845 1278 1884 nos
1305 1827 1327 1860 ³
1383 1841 1618 1882 summus
1656 1820 1901 1878 sacerdos
1941 1817 2157 1888 angelus

565 1925 787 1986 Domini
813 1920 1180 1994 omnipotentis
1196 1917 1262 1973 ab
1276 1916 1496 1986 eloquiis
1525 1908 1898 1980 nominatur}?
1931 1906 2159 1976 Quaeri-

569 2025 686 2081 tur,
708 2014 918 2084 inquit,
941 2020 999 2066 et
1027 2011 1132 2066 hoc
1159 2008 1228 2064 ab
1255 2006 1362 2075 bis,
1389 2003 1481 2074 qui
1533 1998 1897 2071 intelligibilia
1923 1996 2162 2053 studiose

570 2082 855 2163 intuentur
879 2100 1117 2172 eloquia.
1175 2096 1236 2152 Si
1277 2095 1449 2159 enim,
1479 2099 1643 2162 prout
1687 2088 1872 2160 posuit
1910 2086 1954 2152 ',
1987 2082 2161 2140 ultimi

564 2197 794 2255 ‘ordines
824 2193 1186 2252 excelsiorum
1227 2187 1614 2244 universitates
1653 2197 1759 2237 non
1809 2177 2163 2251 participant,

573 2305 748 2362 quare
771 2301 1014 2344 summus
1048 2283 1305 2340 sacerdos
1337 2278 1561 2350 angelus
1589 2272 1802 2331 Domini
1828 2271 2165 2342 omnipoten-

573 2359 651 2438 tis
669 2395 702 2436 a
717 2393 872 2436 sacra
895 2377 1178 2447 Scriptura
1203 2371 1538 2434 nominatur,
1552 2367 1681 2432 dum
1703 2359 2169 2434 augeliciordincs

574 2471 994 2529 universitatem
1026 2483 1132 2523 non
1165 2461 1536 2538 participant?

651 2561 682 2634 ς
719 2561 776 2615 2.
813 2558 909 2614 Est
925 2565 1098 2612 autem
1116 2571 1221 2610 non
1239 2551 1509 2608 contraria
1532 2550 1690 2614 ratio,
1716 2555 1775 2600 ut
1791 2544 2029 2608 aestimo,
2051 2549 2172 2596 ante

575 2633 830 2724 deﬁnitis.
862 2650 1008 2708 Ordo
1039 2667 1052 2706 :
1083 2648 1180 2704 Est
1203 2653 1383 2702 autem
1426 2643 1568 2698 ratio
1614 2653 1725 2696 non
1765 2633 2075 2700 contraria,
2115 2639 2175 2686 ut

577 2749 816 2805 aestimo
837 2787 852 2815 ,
889 2754 1016 2802 ante
1051 2742 1322 2808 deﬁnitis,
1351 2736 1652 2795 rationibus
1677 2733 1900 2791 scilicet.
1935 2729 2174 2786 Dicimus

578 2843 742 2908 enim,
774 2842 889 2912 quia
911 2834 1193 2894 universali
1237 2834 1259 2866 ⁸
1303 2843 1351 2888 et
1381 2829 1705 2901 superposita
1732 2825 1999 2896 majorum
2033 2821 2052 2852 "
2085 2835 2176 2873 or-

580 2908 804 2990 natuum
824 2933 1010 2989 virtute
1023 2927 1390 2999 relinquuntur
1414 2923 1435 2956 ⁸
1459 2921 1650 2976 ultimi.
1689 2914 1952 2977 Dicimus,
1979 2908 2174 2980 inquit,

584 3028 713 3100 quia
735 3026 1138 3095 relinquuntur,
1173 3019 1228 3075 id
1253 3025 1337 3074 est
1371 3019 1394 3050 '
1426 3020 1772 3084 superantur,
1817 3005 1993 3062 ultimi
2018 3015 2180 3059 orna-

579 3089 674 3172 tus
697 3117 765 3171 ab
785 3089 1077 3169 universali
1101 3116 1157 3163 et
1177 3105 1518 3175 superposita
1543 3103 1745 3158 virtute
1773 3093 2069 3162 majorum,
2095 3089 2181 3145 vel

587 3207 734 3263 sicut
760 3202 980 3274 proprie
1001 3198 1353 3259 transfertur,
1376 3191 1840 3249 honorabiliorum
1865 3192 2177 3241 ornatuum.

586 3271 928 3352 Media—enim
950 3299 1000 3345 et
1018 3283 1456 3360 proportionabili
1477 3282 1792 3354 participant
1824 3279 2013 3333 virtute
2037 3273 2080 3306 ¹⁹
2103 3271 2185 3326 ul-

587 3383 713 3442 timi
758 3389 1016 3446 ornatus;
1051 3377 1285 3434 mediam
1321 3374 1461 3430 dixit
1502 3388 1602 3444 pro
1640 3367 1957 3441 particulari
1981 3382 1996 3432 ;
2022 3365 2185 3436 juxta

595 3488 760 3528 unam
783 3481 830 3525 et
861 3468 1246 3539 conjunctivam
1279 3464 1576 3520 societatem
1596 3502 1612 3527 ,
1642 3475 1752 3515 una
1781 3457 2047 3526 siquidem
2070 3469 2188 3509 om-

597 3564 762 3623 nibus
791 3570 877 3619 est
899 3561 1137 3617 societas
1161 3599 1177 3625 ,
1205 3557 1261 3614 in
1288 3571 1394 3628 qua
1420 3565 1599 3611 tamen
1637 3553 1680 3586 ⁸⁸
1711 3547 2044 3606 universales
2065 3548 2110 3579 “
2134 3555 2190 3602 et

597 3654 963 3734 particulares
1001 3652 1046 3685 “
1077 3658 1224 3706 sunt.
1249 3647 1419 3716 Quale
1441 3655 1553 3713 est,
1579 3653 1880 3700 sanctorum
1911 3637 2192 3696 Cherubim

595 3729 730 3804 ordo
749 3744 1029 3818 participat
1069 3741 1326 3812 sapientia
1365 3749 1415 3793 et
1452 3736 1673 3792 scientia
1699 3732 1906 3798 altiore,
1933 3729 2029 3784 sub
2054 3730 2194 3798 ipsos

569 3845 780 3892 -autent
801 3834 1148 3890 essentiarum
1177 3829 1540 3900 dispositiones
1566 3824 1880 3898 participant
1915 3820 2122 3893 quidem
2145 3826 2195 3872 et

599 3930 748 4000 ipsae
776 3927 1037 3998 sapientia
1065 3934 1113 3980 et
1140 3922 1358 3980 scientia
1379 3961 1394 3987 ,
1426 3917 1736 3991 particulari
1758 3925 1933 3970 tamen
1974 3912 2044 3966 ad
2073 3909 2196 3964 illos

604 4031 655 4079 et
679 4022 935 4093 subjecta.
963 4020 1079 4078 Non
1109 4029 1161 4075 te
1187 4023 1404 4074 moveat
1429 4011 1761 4070 constructio
1783 4021 1998 4080 graeca,
2014 4005 2068 4058 in
2093 4018 2198 4074 qua

606 4113 836 4169 verbum
860 4115 1101 4184 parile,
1141 4109 1288 4180 quod
1319 4115 1404 4162 est
1432 4099 1780 4176 participo“,
1812 4107 1865 4154 et
1904 4095 2200 4170 genitivum

606 4206 778 4262 trahit
805 4213 859 4262 et
886 4204 1210 4270 ablativum;
1235 4202 1445 4276 μετεχω
1461 4220 1579 4264 σου,
1599 4194 1865 4269 participo
1878 4191 1958 4248 tui
1982 4197 2038 4245 et
2063 4196 2116 4245 te
2131 4185 2199 4242 “.

610 4297 784 4364 Quale
810 4304 897 4352 est
923 4315 938 4351 :
970 4292 1280 4367 huiusmodi
1310 4302 1395 4349 est
1423 4292 1489 4356 “,
1517 4289 1693 4360 inquit
1721 4305 1736 4354 ;
1766 4283 2058 4350 dico,me
2085 4296 2204 4336 san-

608 4399 827 4448 ctorum
848 4389 1142 4446 Cherubim
1176 4386 1468 4457 participat
1497 4381 1818 4452 sapientiam
1839 4385 1892 4432 et
1920 4373 2203 4432 scientiam

782 408 790 414 .
931 317 958 325 ”
1714 321 1727 330 ’
1948 318 2236 384 JOANNIS
2275 313 2473 375 SCOTI

549 442 963 526 particulariter
991 451 1108 512 ,per
1155 436 1362 507 primos
1408 437 1465 488 et
1509 420 1992 502 proportionaliter
2037 418 2138 481 eis,
2169 418 2222 479 Α

3053 281 3510 295 .-κ-..-ι---ννουο-ο-ο-ν-νυο-
3557 280 3562 287 ι

2246 408 2629 483 dispositiones
2639 401 2959 483 inferiorum
2977 395 3361 460 essentiarnm,
3376 400 3432 450 et
3447 392 3598 465 ipsae
3614 391 3833 464 quidem

2248 474 2578 576 participant
2621 474 2856 552 eandem
2882 491 3206 562 sapientiam
3236 496 3294 543 et
3320 485 3641 570 scientiam,
3671 484 3832 554 parti-

2249 559 2419 655 culari
2445 559 2624 648 iameu
2652 597 2708 644 et
2734 559 2975 654 subjecta
3001 579 3419 654 participatione
3446 579 3488 610 ¹⁷
3520 575 3587 632 ad
3614 559 3755 642 illos,
3780 575 3832 631 in

2249 683 2652 755 comparatione
2688 676 2940 735 videlicet
2978 674 3196 730 illorum
3225 669 3538 728 Cherubim.
3567 667 3723 736 Quod
3747 683 3836 722 au-

2249 786 2361 834 tem
2390 774 2625 832 medium
2653 770 2901 826 ordinem
2918 767 3127 839 primae
3152 761 3452 820 ierarcbiae
3477 774 3577 832 pro
3590 758 3838 828 exemplo

2250 875 2574 948 posuit,-aut
2600 867 2884 927 brevitatis
2901 864 3189 938 occasione
3217 869 3312 918 aut
3339 857 3646 915 medietatis
3662 898 3677 922 ,
3708 872 3836 913 cum

2252 987 2358 1043 qua
2383 982 2599 1038 semper
2616 973 2862 1022 extrema
2892 956 3372 1028 subintelliguntur
3390 993 3406 1019 ,
3431 958 3711 1008 estactum
3732 990 3746 1017 ,
3776 959 3839 1005 ut

2252 1063 2465 1137 opinor.
2481 1059 2548 1116 Et
2574 1059 2783 1132 quidem
2804 1054 3018 1112 omnino
3043 1054 3100 1107 in
3119 1049 3516 1124 participatione
3551 1047 3839 1117 sapientiae

2253 1171 2364 1211 esse
2400 1162 2449 1208 et
2494 1150 2760 1215 scientiae,
2804 1160 3078 1204 commune
3123 1139 3479 1215 est_omnibus
3500 1137 3838 1209 deiformibus

2143 1269 2148 1274 -
2253 1241 2690 1300 intellectualibus
2746 1237 2813 1302 ⁸⁸,
2861 1244 3058 1290 attente
3114 1240 3287 1289 autem
3319 1239 3370 1283 et
3415 1229 3603 1299 primo,
3646 1235 3734 1280 aut
3761 1241 3842 1279 se-

2251 1335 2456 1395 cundo,
2503 1340 2595 1386 aut
2649 1330 2818 1400 infra,
2850 1339 3176 1398 nequaquam
3223 1336 3516 1385 commune,
3576 1318 3664 1372 sed
3713 1318 3844 1370 sicut

2256 1427 2537 1496 unicuique
2600 1430 2721 1478 ante
2785 1421 3000 1493 propria
3081 1415 3332 1486 deﬁnitur
3391 1410 3660 1482 analogia.
3747 1409 3846 1465 Pa-

2257 1526 2338 1575 tet
2392 1515 2537 1588 quod
2560 1501 2570 1510 ’
2597 1513 2692 1570 ait.
2764 1511 3062 1568 Commune
3107 1513 3192 1564 est
3239 1503 3485 1560 omnium
3539 1501 3847 1557 divinorum

2260 1607 2634 1667 intellectuum
2683 1602 3009 1675 sapientiam
3055 1606 3128 1668 et,
3153 1595 3439 1654 scientiam
3494 1590 3844 1665 participare.

2262 1701 2537 1759 Attentius
2581 1706 2786 1766 autem,
2837 1697 2942 1753 hoc
2986 1700 3070 1750 est
3109 1689 3478 1764 perspicacius
3529 1695 3585 1742 et
3632 1685 3846 1756 potius,

2186 1779 2234 1840 Β
2260 1802 2318 1850 et
2345 1788 2772 1863 primordialius,
2814 1795 2908 1842 aut
2945 1783 3211 1850 secundo,
3238 1788 3333 1836 aut
3366 1777 3593 1835 inferius
3620 1791 3727 1832 non
3764 1781 3851 1828 est

2261 1887 2500 1944 omnium
2524 1896 2832 1938 commune.
2868 1878 3050 1934 Prima
3081 1873 3346 1946 siquidem
3377 1870 3646 1928 ierarchia
3675 1869 3850 1940 primo

2261 1976 2580 2048 participat,
2609 1969 2845 2028 secunda
2874 1966 3145 2032 secundo,
3173 1965 3278 2020 hoc
3301 1971 3386 2018 est
3419 1959 3583 2034 paulo
3603 1957 3849 2023 inferius,

2265 2068 2426 2123 tertia
2451 2065 2620 2128 intra,
2650 2070 2863 2134 quarta,
2896 2062 3140 2118 humana
3161 2054 3446 2119 videlicet,
3487 2052 3686 2107 iterum
3709 2048 3850 2104 intra

2267 2160 2515 2226 tertiam,
2581 2154 2877 2212 secundum
2930 2151 2972 2186 "
3001 2139 3168 2221 quod
3219 2144 3638 2219 praedeiinitum
3680 2142 3725 2174 ³⁰
3765 2149 3852 2196 est

2265 2250 2420 2322 prius
2456 2249 2498 2281 ²¹
2543 2246 2832 2316 unicuique
2862 2241 3162 2300 ierarchiae
3202 2253 3301 2309 per
3337 2235 3614 2308 propriam
3660 2233 3851 2289 analo-

2269 2345 2436 2417 giam.
2465 2341 2582 2396 Hoc
2615 2348 2790 2395 autem
2810 2347 2858 2392 et
2891 2337 2957 2390 de
2979 2334 3219 2390 omnibus
3241 2332 3434 2414 divinis
3465 2329 3723 2385 mentibus
3751 2346 3854 2384 non

2270 2411 2513 2506 fortassis
2546 2431 2663 2503 quis
2699 2444 2882 2485 errans
2924 2424 3158 2494 deﬁniat.
3201 2411 3293 2478 Aci
3327 2421 3373 2477 si
3419 2421 3626 2490 diceret
3669 2436 3684 2472 :
3721 2418 3854 2484 Hoc,

2271 2526 2419 2598 quod
2441 2524 2509 2580 de
2526 2520 2811 2592 ordinibus
2835 2518 3038 2573 dictum
3067 2521 3184 2579 est,
3223 2511 3356 2568 alios
3382 2510 3639 2566 videlicet
3657 2511 3856 2581 primo,

2273 2621 2409 2676 alios
2433 2616 2673 2675 secundo
2694 2655 2710 2680 ,
2738 2614 2875 2670 alios
2905 2609 3043 2689 infra
3070 2610 3128 2666 in
3161 2606 3574 2680 participatione
3600 2605 3859 2661 scientiae

2255 2720 2331 2769 et
2363 2698 2665 2781 sapientiae
2686 2721 2830 2772 esse,
2867 2720 2977 2760 non
3006 2700 3233 2768 deliniet
3253 2698 3378 2770 quis
3408 2712 3601 2754 errans
3623 2695 3857 2765 idipsum

2252 2840 2258 2843 ›-
2276 2805 2345 2859 de
2372 2801 2626 2858 omnibus
2663 2791 3202 2860 divinismentibus.
3247 2787 3503 2860 Singulae
3542 2801 3789 2858 quaeque
3813 2787 3861 2817 “

2278 2894 2477 2966 quippe
2501 2891 2720 2949 divinae
2745 2897 2955 2945 mentes
2976 2885 3024 2920 ”
3054 2898 3163 2941 non
3185 2879 3484 2951 aequaliter
3514 2877 3864 2950 participant,

2255 3025 2258 3027 λ
2280 2986 2471 3061 primis
2485 2984 2532 3018 "
2549 2981 2818 3053 siquidem
2833 2978 2948 3035 suis
2960 2979 3007 3011 ³⁸
3023 2994 3043 3028 \
3056 2974 3311 3031 irtutibus
3329 2972 3375 3004 “
3397 2971 3595 3042 primo,
3611 2968 3806 3024 mediis
3819 2968 3865 3001 "'

2283 3057 2544 3140 secundo,
2575 3071 2780 3130 ultimis
2806 3073 2852 3104 "
2890 3066 3034 3125 infra
3069 3068 3126 3122 in
3165 3061 3584 3136 participatione
3610 3057 3871 3114 scientiae

2285 3177 2341 3228 et.
2361 3165 2659 3239 sapientiae
2681 3169 2826 3219 sunt.
2849 3158 3058 3214 Etenim
3084 3157 3218 3212 sicut
3237 3153 3393 3226 primi
3421 3151 3750 3207 abundanter
3777 3150 3871 3204 Ιια-

2262 3261 2405 3321 ,ὁοηι
2451 3257 2714 3312 minorum
2744 3261 2954 3306 sanctas
3003 3247 3348 3319 pulchrosque
3388 3241 3751 3314 proprietates,
3797 3240 3872 3294 sic

2287 3350 2476 3406 habent
2501 3345 2671 3402 ultimi
2694 3361 2781 3399 ens
2811 3343 3123 3412 primorum,
3155 3354 3258 3392 non
3281 3344 3453 3389 tamen
3483 3331 3746 3394 similiter,
3778 3328 3872 3384 sed

2291 3442 2454 3512 infra.
2481 3439 2598 3496 Hoc
2637 3438 2703 3493 de
2748 3433 3020 3491 communi
3058 3425 3466 3501 participatione
3505 3423 3706 3476 dictum
3744 3427 3870 3475 est:

2259 3591 2263 3593 _
2294 3535 2442 3591 Sicut
2483 3533 2628 3588 enim
2665 3529 2828 3602 primi
2873 3525 3092 3582 ordines
3126 3523 3169 3558 ²⁹
3211 3520 3566 3594 proprietates
3603 3515 3874 3570 minorum

2293 3645 2354 3688 se
2373 3670 2388 3696 ,
2420 3629 2495 3684 ita
2524 3624 2696 3682 ultimi
2725 3637 2814 3678 eas
2839 3620 3197 3692 proprietates
3217 3615 3459 3686 priorum
3485 3611 3528 3642 ³⁸
3551 3625 3609 3665 se
3637 3607 3870 3669 habent;

2296 3735 2407 3777 non
2440 3729 2620 3773 tamen
2645 3714 2915 3778 similiter,
2943 3709 3036 3766 sed
3064 3707 3225 3764 intra.
3269 3704 3549 3776 Siquidem
3601 3700 3877 3756 nitiversa-

2299 3811 2426 3866 liter
2467 3807 2631 3880 primi
2681 3804 3042 3877 proprietates
3093 3800 3430 3863 ultimorum,
3480 3791 3879 3866 particulariter

2259 3910 2480 3958 .antem
2559 3899 2736 3977 ultimi
2813 3895 3181 3968 proprietates
3260 3891 3501 3960 priorum
3577 3883 3875 3957 possident.

2299 3993 2455 4052 Nulla
2513 3991 2660 4048 enim
2723 3988 2897 4045 virtus
2947 3996 3030 4042 est.
3082 3985 3138 4040 in
3210 3982 3398 4036 ultimo
3448 3978 3679 4050 angelo,
3745 3988 3883 4042 quae

2303 4102 2414 4143 non
2485 4083 2558 4140 sit
2629 4083 2684 4137 in
2737 4078 3134 4141 excelsissimo;
3195 4073 3397 4129 multae
3440 4083 3613 4125 autem
3659 4068 3890 4121 virtutes

2304 4185 2434 4236 sunt
2473 4176 2529 4231 in
2569 4171 2966 4237 excelsissimo,
3018 4179 3158 4238 quae
3205 4158 3325 4220 non
3371 4169 3496 4218 sunt
3550 4160 3604 4214 in
3638 4156 3884 4210 ultimo.

2306 4268 2457 4326 Nihil
2500 4283 2641 4339 ergo,
2690 4273 2746 4318 ut
2791 4263 3034 4326 aestimo,
3059 4241 3441 4320 inordinatum,
3466 4254 3512 4307 si
3531 4261 3578 4306 et
3601 4247 3890 4304 secundum

2305 4381 2399 4420 nos
2435 4374 2699 4418 summum
2738 4356 3061 4412 sacerdotem
3106 4349 3353 4422 angelum
3405 4344 3664 4415 theologia
3714 4347 3893 4404 vocat,

554 4500 560 4504 ·
613 4431 1476 4548 altiorem.Altiorem'posuitpro
1492 4431 1674 4529 altrius.
1691 4472 1804 4527 Sub
1828 4471 1975 4539 ipsos
1997 4474 2204 4532 autem,
2300 4456 2459 4527 Ϊιιίαα
2510 4451 2751 4507 ﬁrmem
2813 4444 3080 4517 Ρτορτίανη
3126 4442 3528 4514 Ρανείοίραητεηι
3583 4431 3897 4506 απθείοηηη

612 4572 627 4576 -
652 4571 665 4576 -
858 4569 873 4576 -
911 4571 923 4576 -
995 4571 1007 4576 -
1135 4570 1150 4576 -
1417 4568 1434 4576 -
1516 4574 1522 4576 .
1676 4563 1689 4576 .
1727 4561 1739 4574 .
1819 4555 2172 4576 nmmum
2228 4514 2606 4576 numam“...
2653 4536 3056 4576 οιηνηηνὶριηιρ-
3081 4541 3129 4576 Δ
3155 4519 3224 4576 ad
3241 4525 3679 4576 manifestativam
3707 4535 3897 4575 eorum

611 4571 668 4626 id
688 4580 773 4628 est
794 4569 895 4626 sub
910 4570 1153 4638 insis,vel
1166 4584 1224 4626 se
1238 4568 1592 4625 extendentes
1610 4563 1710 4620 sub
1726 4561 1871 4632 ipsos
1881 4555 2202 4622 C’berubim,

696 4762 711 4792 ι
741 4753 896 4809 Corr.
945 4752 1033 4817 B‘,
1085 4751 1176 4805 AB
1213 4752 1392 4805 eadem
1421 4787 1437 4814 ,
1471 4747 1515 4803 C
1567 4747 1768 4817 eodem.

2307 4525 2634 4632 prophetica.
2653 4540 2696 4571 ³¹
2719 4536 3058 4609 proprietate,
3081 4541 3129 4588 et
3155 4531 3224 4586 ad
3241 4525 3679 4598 manifestativam
3707 4535 3899 4575 eorum

1813 4687 1816 4689 λ
1915 4666 2174 4724 VARIAE
2209 4655 2614 4720 LEGTIONES.
2777 4721 2788 4724 _
3232 4712 3275 4724 η
3508 4703 3510 4706 ,

1872 4783 1874 4785 .
1906 4701 2640 4799 £833":
2672 4721 2815 4799 conj.
2887 4723 2913 4799 ξ
2930 4735 3036 4799 nos
3072 4730 3181 4796 om.
3232 4712 3296 4777 B,
3336 4703 3747 4799 .mar§.nadsc't‘.
3800 4701 3899 4757 B'.

553 4775 560 4778 '
696 4774 711 4792 ι
741 4774 896 4809 hort.
945 4774 1033 4817 n‘,
1085 4774 1176 4805 AD
1213 4774 1392 4805 canem
1421 4787 1437 4814 ,
1471 4774 1515 4803 υ
1567 4774 1768 4802 cauam.
1872 4783 1874 4785 ι
1906 4774 2090 4796 tumm-
2132 4774 2243 4793 νει-ο
2273 4774 2343 4799 σιν
2402 4774 2526 4785 νιν-ν·-
2576 4774 2640 4780 ν-
2677 4774 2811 4792 -τ-νοέ
3282 4774 3292 4777 ν
3468 4774 3491 4778 --
3604 4774 3606 4776 τ

551 4867 558 4870 .
616 4825 639 4857 ι
685 4823 912 4880 Emend.
941 4863 957 4888 ,
1004 4822 1096 4877 ΑΒ
1127 4822 1485 4875 nominantur.
1565 4819 1586 4849 ⁸
1631 4816 1673 4869 Β
1699 4822 1949 4885 possunt,
1977 4811 2042 4865 Β·
2090 4822 2234 4863 corr.
2289 4803 2508 4873 posuit.,
2540 4797 2581 4852 C
2626 4794 2809 4867 possit.
2841 4868 2846 4870 _
2885 4790 2968 4844 ‘B
3005 4790 3059 4842 in
3089 4780 3390 4864 universali.
3439 4779 3484 4861 ."
3526 4775 3568 4832 Β
3605 4774 3896 4856 malorum.

1732 4885 1740 4888 -
1872 4885 1905 4888 __
1951 4883 1960 4888 .
1988 4881 1998 4888 .
2100 4879 2140 4888 .-
2183 4875 2236 4888 ι..
2332 4869 2450 4888 .nn
2501 4868 2562 4888 ιιι.
2593 4881 2713 4888 ,μη
2765 4862 3003 4888 μαλε-..
3050 4848 3896 4888 ,nonmossnnnhslom_mrlu!m-

619 4897 641 4927 ⁸
683 4893 933 4958 Emend.,
965 4892 1053 4948 ΑΒ
1088 4889 1419 4962 relinquitur.

1518 4890 1537 4921 ’
1575 4862 1914 4940 ι)τῖἕῖἓὲἷῇ
1934 4862 2020 4935 id.
2099 4862 2141 4910 ίο
2183 4862 2474 4934 δῆθἈΒΟ,
2501 4862 2733 4940 B‘__ci_)rr.
2764 4862 3095 4940 mediana-7p

3099 4871 3222 4925 ropo
3227 4846 3871 4925 rtionabilemf—nirtutem
3883 4882 3899 4896 .

620 4967 664 5000 “
683 4916 1844 5036 [filiil'félztiifmiﬂ'igq'X'Zizivet-saliii'tx,“13'
1863 4916 2485 5012 ὥιίῖέηαιίιῶλῷιῖηἶῖ
2501 4916 2729 5008 ndidi“).
2755 4916 2773 4985 ί
2807 4916 2851 4982 (³
2887 4930 2930 4987 C
2959 4916 3318 4986 uniuersum“
3344 4930 3401 4978 et
3427 4916 3901 4991 particularitates.

2127 5020 2164 5035 ..
2188 5020 2224 5034 ο.
2314 5035 2359 5036 ἡ
2448 5031 2477 5036 _
2544 5030 2554 5036 .
2726 5027 2737 5036 .
2776 5026 2786 5036 .
2831 5025 2841 5036 .
2979 5029 2991 5036 .
3040 5020 3051 5030 -
3093 5026 3127 5036 4.
3162 5024 3233 5036 _._
3293 5012 3335 5036 ι’)
3374 5007 3647 5036 ..-μοιρεηὲιι
3673 5003 3817 5036 ..ηιαιῖ
3848 5012 3901 5036 ιιι

624 5056 668 5087 ⁸⁵
706 5054 799 5110 Sic
827 5020 888 5118 li;
917 5051 962 5105 A
981 5049 1277 5122 participio,
1303 5047 1344 5101 Β
1365 5045 1640 5132 participio
1663 5020 1850 5115 (punct
1865 5039 1976 5110 adj.
2021 5020 2164 5109 8')...

544 5185 546 5188 '
621 5179 706 5223 ate
735 5166 926 5238 (punct
962 5161 1069 5234 adj.

543 5273 550 5350 ί
622 5245 834 5338 etcorr.
864 5277 1064 5350 B‘,_AAB
1085 5257 1238 5350 sicui.

549 5418 555 5423 ,
624 5330 896 5423 divinae:
929 5330 1087 5402 “Sic
1111 5345 1244 5423 C_,_B
1269 5342 1386 5400 rad.‘
1412 5330 1809 5423 εοςςξρ-τὶηιαε.
1851 5392 1854 5394 ν
1885 5330 2079 5423 "‘suis
2109 5345 2222 5423 (ἰηιὶ
2244 5330 2304 5386 Β.

545 5418 555 5464 ι’
625 5400 897 5476 “ili-iud.
926 5400 1078 5475 corr.
1103 5400 1338 5470 uliimae.
1412 5413 1459 5446 ⁸³
1497 5400 1656 5466 Bad.
1686 5419 1857 5475 marg.
1902 5402 2080 5460 adscr.
2121 5400 2330 5458 habent.

541 5529 550 5542 ‘
630 5518 672 5548 “
711 5517 863 5583 (Ioni.
891 5555 906 5580 ,
952 5514 1040 5569 AB
1078 5514 1134 5596 in
1163 5511 1417 5583 profetica

2188 5020 2280 5069 oo"
2304 5003 2398 5090 Sic
2438 5031 2503 5099 C,
2529 5003 2876 5100 Avparticipio
2905 5020 3051 5094 potui
3079 5026 3128 5073 et
3149 5024 3256 5082 ate,
3293 5012 3337 5067 Β
3373 5007 3647 5093 participio
3673 5003 3817 5092 pqtui
3846 5012 3905 5056 et

1109 5143 1262 5250 B7."
1299 5114 1429 5214 "VIB
1468 5167 1554 5248 est
1583 5118 1793 5229 .(punct
1821 5151 1927 5222 adj.
1961 5148 2067 5221 B‘).
2147 5149 2192 5182 "
2230 5147 2630 5220 participatione
2657 5157 2765 5199 om.
2800 5140 2862 5195 B.
2905 5125 3564 5193 “Bcornintellectibus.
3640 5120 3684 5154 “
3723 5117 3815 5172 Sic
3831 5114 3904 5182 C,

1339 5273 1387 5307 ¹⁰
1424 5270 1467 5324 Β
1494 5269 1794 5340 άίῃίηἰιιιηι.
1870 5264 1931 5340 '_’_
1953 5259 2097 5340 prius
2131 5261 2356 5340 om.__A.
2380 5261 2730 5340 “"“quaeque
2766 5249 2963 5340 om..B‘.

3041 5245 3090 5282 ”
3124 5244 3171 5299 A
3203 5240 3367 5296 diuini
3399 5235 3616 5298 utentis,
3641 5229 3683 5287 C
3710 5229 3908 5284 mentis

2380 5329 2426 5363 "
2465 5299 3090 5385 n"?§&?23r}'."ii?me..
3164 5315 3209 5385 '7
3253 5311 3296 5366 Β
3326 5309 3456 5385 rad_._
3487 5320 3628 5385 corr.
3672 5299 3908 5385 mediae.

2407 5399 2452 5433 ”
2467 5370 3375 5484 νδέὲᾚϐῗῖρξξρἶἆιιηι(ριιηοι
3397 5377 3461 5432 Β⁴
3497 5375 3606 5446 adj.
3637 5370 3906 5440 videtur).

2153 5567 2402 5627 NOTAE.

677 5669 703 5695 υ
731 5654 822 5708 Sic
843 5654 907 5717 A;
925 5653 966 5707 Β
982 5654 1178 5707 litteris
1197 5651 1436 5706 miniatis
1453 5667 1466 5703 :
1485 5644 1785 5719 Capitulum
1806 5603 2244 5719 tertiodecimu‘t‘nv
2258 5603 2281 5625 ⁸
2295 5603 2568 5696 ηιΐνρνιη
2592 5653 2624 5690 a
2649 5612 3540 5719 Seraphint—i'satasfbliterayit,
3561 5603 3924 5719 inimicitiae

2376 5711 2386 5719 .
2529 5708 2542 5719 .
2738 5704 2752 5719 .
3021 5709 3189 5719 --μυ
3232 5705 3256 5719 .
3277 5697 3411 5719 ..λη
3467 5697 3617 5719 ποι...
3727 5713 3741 5719 -

677 5679 703 5695 “
732 5679 822 5708 DIC
925 5679 966 5707 υ
982 5679 1178 5707 ιιιιῠινιδ
1197 5679 1436 5706 multa":
1454 5692 1466 5703 ι
1485 5679 1785 5719 υυμιιιισωυι
1806 5679 1871 5697 μοι
1885 5679 2218 5696 ιινιουνηηυιην
2323 5679 2363 5696 υ
2415 5679 2488 5693 νυ.
2504 5679 2568 5692 νη
2592 5679 2624 5690 υ-
2649 5679 2733 5689 υν-
2749 5679 2921 5702 -Ἲη---π
3005 5679 3015 5680 κ
3709 5679 3720 5688 _

632 5723 718 5793 (B‘
752 5731 1062 5793 atramento
1081 5738 1224 5778 corr.
1251 5718 1547 5793 duodecim)
1565 5716 1720 5793 cujus
1746 5713 1926 5793 titulus
1948 5729 1967 5767 :
1988 5711 2164 5793 quare
2185 5727 2221 5763 a
2323 5711 2497 5767 adscr.
2529 5708 2662 5766 haec
2687 5701 3000 5759 :hominum
3020 5691 3256 5750 ierarche
3277 5679 3741 5750 uocantur‘angelt.

635 5781 913 5866 ‘Seraphim
960 5791 1154 5848 dicitur
1191 5799 1443 5862 purgatus
1499 5781 1660 5860 fuisse
1712 5786 1960 5857 propheta
2009 5781 2246 5839 Ymias.‘
