4178 6266
515 437 626 499 9.39

1885 437 2170 498 JOANNIS
2212 437 2410 501 SCOTI

3686 441 3791 502 9.40

519 569 638 614 tum
667 565 913 628 penetrat
932 563 1094 625 atque
1117 554 1364 611 caleﬁcat
1384 552 1527 609 facili
1554 556 1887 625 operatione,
1914 546 2185 620 deinde'A
2207 554 2640 628 explanationem
2666 554 2878 611 divinae
2903 553 3120 612 virtutis
3137 564 3192 612 et
3215 551 3645 615 illuminationis.
3676 561 3790 628 Est,

517 666 619 722 per
650 649 970 706 calefactum
1018 662 1146 702 aera
1192 662 1385 715 aquam
1427 645 1699 718 frigidam,
1744 656 1837 702 aut
1875 647 2105 706 alterum

520 741 818 811 quippiam,
848 738 990 798 quod
1022 753 1127 792 non
1172 736 1328 791 facile
1370 746 1546 808 potest
1583 739 1841 804 calefieri,
1870 741 2106 797 naturali

519 833 895 890 convenientia
925 830 1190 886 caleﬁcat.
1219 830 1383 885 Plana
1419 839 1565 896 sunt,
1590 847 1728 902 quae
1762 843 2059 903 sequuntur
2089 850 2104 891 :

520 927 685 982 Juxta
723 927 859 979 hanc
899 923 1062 994 igitur
1128 923 1475 978 ordinationis
1520 926 1772 980 rationem
1805 927 1857 991 ¹,
1894 927 1949 981 id
1989 936 2105 994 εει,

519 1016 673 1085 juxta
705 1013 1114 1070 similitudinem
1160 1013 1295 1069 lucis
1336 1021 1391 1068 et
1429 1014 1655 1081 caloris,
1693 1018 2107 1086 supernaturalis

519 1105 632 1175 ipsa
664 1104 830 1158 omnis
859 1103 979 1156 boni
1001 1103 1022 1134 ³
1042 1114 1258 1157 ornatus
1277 1127 1286 1146 ι
1303 1102 1517 1157 visibilis
1543 1114 1590 1158 et
1613 1105 1883 1160 invisibilis
1910 1108 2111 1161 laxior-

520 1193 660 1258 chia,
692 1192 873 1247 divina
901 1193 1110 1248 scilicet
1135 1193 1333 1258 virtus,
1365 1209 1504 1263 quae
1534 1195 1698 1250 totius
1723 1196 1931 1250 ordinis
1958 1197 2109 1266 prin-

520 1283 721 1354 cipium
772 1291 856 1339 est
892 1291 948 1338 et
989 1284 1270 1354 princeps,
1301 1299 1561 1352 congruae
1591 1283 2026 1352 delucidationis,
2055 1285 2111 1341 id

522 1384 607 1431 est
653 1375 1074 1448 proportionalis
1123 1375 1551 1440 illuminationis,
1601 1375 1895 1431 claritatem
1941 1379 2110 1447 primo

527 1475 886 1534 apparentem,
913 1466 979 1522 ab
1009 1465 1235 1522 occultis
1259 1465 1513 1522 videlicet
1537 1467 1670 1533 suis,
1711 1468 1764 1522 in
1788 1468 1985 1539 quibus
2015 1483 2114 1538 per

521 1570 582 1611 se
626 1557 797 1626 ipsam
827 1557 1216 1613 inaccessibilis
1259 1567 1380 1625 est,
1420 1559 1804 1629 erumpentem"
1836 1561 1890 1615 in
1929 1573 2112 1616 rerum

521 1655 808 1716 naturam,
841 1651 1242 1719 copiosissimis,
1287 1651 1390 1706 hoc
1414 1660 1528 1719 est,
1561 1662 1821 1722 quantum
1847 1654 1902 1710 in
1931 1656 2114 1724 copio-

519 1739 753 1796 sissimis
782 1741 1158 1810 e/fusionibus,
1187 1742 1584 1810 excelsissimis,
1624 1746 1887 1816 proximis
1929 1747 2109 1816 plane,

522 1830 822 1899 manifestat
865 1833 1098 1887 essentiis
1119 1873 1132 1899 ,
1184 1843 1234 1887 et
1263 1851 1354 1904 per
1379 1851 1490 1901 eas,
1515 1851 1648 1906 quae
1685 1847 1798 1906 post
1825 1846 1948 1892 sunt
1977 1838 1999 1869 ³
2034 1855 2115 1892 es-

2213 647 2421 718 inquit,
2448 660 2736 703 commune
2783 659 2837 702 et
2883 647 3189 702 universale
3229 648 3440 704 cunctis
3479 649 3796 707 illuminatis

2211 738 2295 795 vel
2312 739 2677 795 illuminandis
2689 769 2762 783 —
2775 747 3063 808 utrumque
3082 738 3226 794 enim
3243 748 3420 808 potest
3436 739 3716 797 transferri
3729 741 3798 798 ab

2211 847 2297 898 eo,
2325 832 2468 902 quod
2497 841 2580 886 est
2607 835 2974 906 φωτοζομένοις
2993 861 3064 871 -
3083 831 3404 902 principium
3430 831 3792 888 illuminandi.

2210 921 2280 977 Et
2307 923 2450 992 quod
2493 930 2578 978 est
2619 923 2748 978 illud
2777 922 3138 993 principium?
3164 921 3299 977 Deus
3338 923 3547 994 quidem
3577 934 3791 990 natura,

2212 1025 2260 1069 et
2298 1030 2430 1079 vere,
2461 1022 2508 1068 et
2555 1016 2779 1084 proprie,
2821 1026 2875 1068 ut
2907 1014 2954 1046 ³⁸
2984 1014 3196 1070 luminis
3239 1016 3492 1083 essentia,
3536 1023 3588 1070 et
3628 1017 3792 1087 ipsius

2211 1121 2322 1160 esse
2338 1113 2386 1159 et
2407 1105 2578 1160 videre
2597 1106 2830 1160 causales
2853 1105 2918 1158 “.
2944 1104 3088 1161 Deus
3108 1106 3249 1160 enim
3273 1105 3630 1162 solus'natura
3652 1107 3794 1162 Deus

2211 1206 2317 1262 est,
2347 1205 2401 1252 et
2429 1196 2574 1252 solus
2602 1211 2728 1252 vere
2757 1205 2812 1251 et
2836 1197 3056 1267 proprie
3102 1197 3244 1252 Deus
3283 1205 3386 1253 est.
3416 1197 3593 1253 Ceteri
3627 1198 3790 1264 enim,

2213 1287 2305 1358 qui
2336 1288 2589 1343 dicuntur
2614 1288 2708 1353 dii,
2752 1296 2844 1342 aut
2871 1286 2990 1343 falsi
3014 1298 3169 1354 sunt,
3199 1296 3260 1344 ut
3287 1288 3359 1344 dii
3388 1289 3652 1360 gentium,
3675 1289 3797 1343 dae-

2212 1395 2422 1446 mones,
2451 1389 2546 1436 aut
2573 1381 2621 1435 si
2664 1381 2777 1436 veri
2815 1389 2968 1447 sunt,
3013 1395 3117 1436 non
3146 1396 3242 1452 per
3273 1391 3546 1447 naturam,
3585 1382 3677 1438 sed
3706 1395 3802 1452 per

2214 1471 2443 1543 gratiam
2476 1469 2548 1524 dii
2581 1478 2706 1524 sunt
2735 1470 2811 1535 ³⁷,
2841 1471 3036 1540 quibus
3075 1485 3172 1541 per
3203 1472 3522 1542 prophetam
3559 1471 3799 1526 dicitur:

2220 1577 2239 1611 ‹
2274 1559 2387 1630 Ego
2428 1559 2562 1625 dixi,
2592 1560 2668 1615 dii
2709 1561 2871 1628 estis,
2906 1570 2961 1617 et
2984 1560 3077 1615 lilii
3100 1561 3296 1616 excelsi
3329 1577 3518 1617 omnes
3550 1582 3597 1616 ι.
3627 1560 3692 1616 Ut
3721 1560 3803 1615 lu-

2216 1649 2378 1704 minis
2399 1652 2655 1718 essentia,
2681 1661 2735 1706 et
2760 1652 2928 1723 ipsius
2948 1667 3070 1708 esse
3090 1653 3352 1720 causalis;
3391 1672 3409 1705 ι
3429 1661 3489 1707 ut
3517 1671 3534 1704 ι
3553 1653 3600 1686 ’⁸
3621 1652 3675 1708 in
3697 1653 3802 1708 hoc

2215 1741 2334 1798 loco
2355 1745 2646 1816 apponitur
2670 1761 2769 1816 pro
2800 1745 2845 1777 ”
2868 1746 3072 1802 causali
3101 1745 3506 1816 conjunctione;
3539 1763 3602 1803 ac
3631 1749 3675 1803 si
3714 1747 3802 1802 di-

2199 1825 2366 1892 ceret
2404 1854 2417 1891 :
2445 1838 2606 1901 Deus,
2649 1837 2742 1907 qui
2768 1836 2913 1892 solus
2950 1847 3146 1894 natura
3173 1838 3314 1894 Deus
3340 1847 3452 1906 est,
3475 1854 3542 1895 ex
3569 1839 3672 1894 hoc
3713 1853 3804 1894 co-

518 1918 737 1986 sentiae,
773 1920 1007 1975 divinum
1055 1921 1078 1951 ⁸
1115 1923 1434 1993 participant
1481 1925 1710 1980 radium.
1763 1925 1875 1980 Eae
1905 1925 1931 1960 ³
1974 1927 2114 1983 enim
2140 1922 2188 1982 Β
2215 1931 2494 2002 gnoscitur
2537 1930 2854 1986 illuminatis
2897 1930 3224 2000 principium
3268 1931 3605 1986 illuminandi
3652 1946 3803 1997 esse,

520 2007 722 2086 primae
750 2019 1112 2080 cognoscentes
1143 2009 1341 2078 Deum,
1374 2022 1422 2067 et
1453 2015 1687 2071 divinant
1720 2017 2114 2086 supereminen-

521 2109 600 2154 ter
619 2100 640 2130 °
669 2099 1023 2158 desiderantes
1049 2103 1311 2170 virtutem,
1338 2113 1388 2159 et
1431 2109 1872 2177 pracepcratrices
1901 2107 1922 2140 τ
1973 2109 2114 2179 ﬁeri,

519 2187 774 2264 quantum
841 2194 1087 2265 possibile
1146 2196 1191 2261 ⁸,
1240 2195 1351 2251 Deo
1404 2199 1426 2230 ⁸
1491 2197 1653 2253 simili
1721 2200 1908 2262 virtute
1962 2202 2003 2233 “
2066 2211 2117 2257 et

519 2287 724 2340 actione
753 2286 794 2316 ¹¹
826 2287 1016 2358 dignae
1061 2289 1274 2358 effectae
1301 2299 1422 2344 sunt
1458 2289 1531 2357 “,
1562 2300 1612 2345 et
1646 2300 1762 2362 post
1797 2309 1852 2348 se
1875 2293 1920 2325 ¹³
1946 2310 2118 2349 essen.

522 2376 626 2430 tias
671 2377 814 2446 ipsae
853 2378 922 2432 ad
969 2378 1192 2436 similem
1237 2379 1498 2447 virtutem,
1548 2390 1606 2434 ut
1644 2382 1832 2448 virtus,
1873 2383 1980 2439 hoc
2008 2393 2112 2451 est,

517 2475 785 2536 quantum
823 2469 996 2524 virtus
1021 2470 1444 2541 uniuscujusque
1467 2473 1746 2528 ‘essentiae
1773 2473 1938 2529 divini
1977 2474 2114 2529 radii

523 2573 697 2628 capax
725 2568 829 2628 est,
872 2560 1196 2630 deiformiter
1223 2563 1538 2629 extendunt,
1573 2566 1778 2634 capiose
1823 2565 1949 2635 ipsis
1999 2574 2117 2621 tra-

524 2652 703 2709 dentes
739 2670 804 2709 εκ
845 2655 1233 2725 superveniente
1258 2655 1315 2710 in
1343 2672 1431 2710 eas
1475 2655 1746 2721 claritate,
1784 2666 1832 2712 et
1871 2656 1995 2713 illae
2023 2658 2117 2713 ite-

522 2759 664 2809 rum,
696 2744 750 2800 id
771 2753 874 2812 est,
898 2761 1038 2815 quae
1064 2754 1185 2815 post
1212 2747 1256 2779 “
1284 2747 1684 2804 excelsissimas
1705 2750 1971 2806 essentias
1992 2765 2116 2805 con-

523 2833 748 2890 stitutae
784 2843 927 2902 sunt,
957 2836 1203 2907 subjectis
1241 2838 1362 2904 sibi,
1388 2841 1862 2909 supervenientcm
1897 2841 2116 2898 tradunt

524 2925 850 2995 claritatem,
893 2937 943 2984 et
985 2945 1078 2999 per
1121 2929 1354 3000 singulas
1387 2931 1560 3000 prima
1598 2931 1666 2998 ei,
1710 2949 1845 3003 quae
1869 2943 1944 2986 est
1997 2941 2114 3004 post

524 3035 662 3083 eam,
711 3021 894 3075 tradit.
925 3017 1089 3076 Verbi
1138 3021 1313 3092 gratia
1362 3022 1536 3092 prima
1573 3023 1842 3081 ierarchia
1881 3025 2110 3090 mediae,

526 3111 708 3165 media
749 3112 964 3178 tertiae,
997 3111 1156 3167 tertia
1201 3120 1448 3182 quartae,
1480 3129 1622 3184 quae
1670 3125 1754 3172 est
1793 3115 1847 3171 in
1883 3115 2116 3171 homini-

525 3201 651 3264 bus,
682 3201 892 3258 divinas
915 3201 1104 3257 tribuit
1132 3201 1570 3259 illuminationes.
1597 3203 1840 3260 Tertium
1866 3207 2115 3275 sequitur

2216 2023 2342 2094 quia
2371 2022 2593 2079 luminis
2635 2023 2870 2080 essentia
2910 2031 3014 2078 est.
3045 2023 3102 2076 ln
3131 2022 3247 2092 ipso
3278 2023 3421 2078 enim
3453 2031 3508 2078 et
3539 2038 3699 2079 omne
3729 2023 3808 2078 lu-

2217 2128 2338 2168 men
2385 2127 2650 2184 omneque
2681 2115 2725 2147 ³⁶
2753 2113 3112 2170 illuminatum
3151 2114 3430 2180 subsistit,
3460 2115 3716 2185 quoniam
3749 2122 3807 2170 et

2215 2208 2385 2278 ipsius
2409 2208 2638 2264 essentia
2673 2208 2762 2264 lux
2787 2215 2891 2274 est,
2915 2216 2969 2264 et
2998 2209 3168 2278 ipsius
3195 2222 3315 2266 esse
3341 2222 3524 2263 causa.
3555 2195 3728 2263 Omne
3757 2207 3802 2240 “

2217 2300 2505 2371 siquidem,
2547 2301 2688 2369 quod
2716 2306 2830 2365 est,
2857 2314 2964 2354 non
3009 2298 3224 2354 aliunde
3251 2299 3301 2354 ei
3326 2313 3444 2355 esse
3473 2306 3576 2363 est,
3605 2297 3708 2352 nisi
3737 2297 3806 2352 ab

2216 2405 2301 2457 eo,
2334 2391 2426 2462 qui
2475 2391 2941 2461 supercssentialis
2980 2399 3064 2447 est
3092 2391 3161 2459 ³⁸,
3191 2401 3248 2446 ει
3275 2390 3508 2446 causalis
3537 2390 3706 2459 ipsius
3730 2389 3811 2444 vi-

2216 2481 2364 2537 dere.
2395 2481 2665 2536 lnﬁnitiva
2687 2480 2734 2512 ³⁸
2759 2480 2878 2537 loco
2906 2482 3187 2536 nominum
3209 2479 3410 2551 posuit.
3439 2478 3545 2536 Ubi
3589 2477 3811 2550 pulchre

2218 2574 2378 2629 datur
2421 2573 2670 2644 intelligi,
2715 2573 2862 2643 quod
2905 2585 3011 2626 non
3057 2571 3203 2628 aliud
3256 2580 3421 2626 estet
3461 2570 3562 2642 ipsi
3613 2571 3724 2626 Deo
3754 2578 3811 2625 et

2217 2664 2366 2720 omni
2417 2663 2666 2718 rationali
2713 2671 2768 2718 et
2817 2661 3165 2718 intellectuali
3214 2671 3498 2719 creaturae
3548 2676 3702 2727 esse,
3751 2670 3808 2716 ει

2219 2755 2366 2811 aliud
2410 2754 2500 2809 lux
2530 2769 2667 2818 esse,
2694 2763 2754 2822 ¹ει
2799 2754 2943 2810 aliud
2974 2753 3325 2821 videre,.hoc
3361 2762 3474 2819 est,
3505 2752 3808 2822 intelligere

2219 2847 2462 2918 gnostiea
2497 2850 2721 2901 virtute.
2766 2845 2823 2901 ld
2870 2845 3047 2916 ipsum
3084 2845 3262 2915 itaque
3307 2843 3438 2914 ipsis
3472 2852 3556 2899 est
3593 2857 3714 2898 esse
3752 2850 3809 2897 et

2219 2937 2402 2994 lucere
2431 2945 2486 2992 et
2509 2937 2708 2993 videre.
2747 2935 2879 2991 Esse
2899 2936 3046 2990 enim
3072 2936 3310 3007 ipsorum
3333 2933 3423 2988 lux
3446 2941 3531 2990 est
3567 2942 3622 2989 et
3646 2933 3806 2988 visio.

2220 3028 2338 3084 Hoc
2371 3028 2624 3099 deiforme
2667 3037 2713 3082 et
2759 3027 2870 3082 Deo
2904 3026 3073 3082 simile
3098 3035 3384 3097 permanet,
3421 3025 3563 3096 quod
3595 3024 3812 3097 proprie

2220 3119 2586 3177 transfertur:
2615 3119 2720 3174 hoc
2751 3117 3088 3173 deiformiter
3132 3125 3187 3173 et
3238 3117 3346 3172 Deo
3393 3117 3649 3173 similiter
3684 3131 3813 3172 con-

2219 3213 2482 3276 stituens;
2529 3211 2643 3282 ipse
2684 3209 2934 3266 videlicet
2962 3209 3054 3280 qui
3099 3209 3332 3266 causalis
3359 3208 3406 3241 "‘
3435 3210 3676 3265 omnium
3709 3219 3811 3264 est.

524 3293 845 3364 paradigma
877 3308 892 3347 :
919 3293 1047 3363 Ipsa
1077 3311 1217 3366 aqua
1257 3309 1428 3350 nonne
1464 3306 1513 3350 et
1534 3298 1598 3350 fin
1627 3314 1802 3352 omnes
1823 3300 2118 3370 proportio-
2143 3280 2190 3344 (ἶ
2219 3304 2287 3359 Ει
2311 3304 2440 3372 quid
2465 3280 2562 3358 est?
2585 3301 2750 3357 illud?
2781 3300 3126 3372 Superposita
3154 3302 3203 3356 ei
3228 3307 3339 3374 post
3361 3291 3425 3356 se
3469 3315 3813 3372 unaquaeque

526 3383 722 3438 naliter
760 3388 1030 3456 pervenit?
1057 3388 1137 3443 Ac
1184 3389 1229 3444 si
1266 3387 1470 3460 diceret
1511 3405 1526 3442 :
1561 3388 1748 3457 Nonne
1788 3390 1907 3462 ipsa
1953 3407 2113 3463 aqua,

529 3477 985 3545 quemadmodum
1015 3486 1070 3534 et
1100 3478 1296 3535 solaris
1323 3479 1545 3547 radius,
1573 3489 1629 3536 et
1667 3481 1912 3539 caliditas
1953 3485 2116 3554 ignis,

527 3569 1009 3639 proportionaliter
1044 3571 1100 3626 in
1133 3586 1324 3628 omnes
1352 3575 1598 3644 pervenit
1638 3577 1930 3634 materias?
1966 3576 2120 3634 Hunc

529 3661 710 3717 locum
741 3671 963 3732 propter
1001 3663 1388 3734 intelligentiae
1421 3664 1735 3722 facilitatem
1774 3667 1851 3722 ita
1880 3655 2122 3724 transtu-

528 3755 713 3824 liuius.
745 3753 929 3816 Potest
957 3764 1138 3812 tamen
1156 3756 1277 3828 plus
1300 3773 1554 3830 expresse
1579 3759 1647 3825 ",
1679 3758 1936 3832 quamvis
1956 3762 2000 3793 ¹⁶
2025 3763 2123 3818 ob-

531 3846 796 3922 strusius,
846 3846 1223 3918 interpretari,
1271 3849 1328 3904 in
1375 3852 1565 3908 eodem
1613 3850 1859 3920 profecto
1909 3867 2118 3909 sensu:

531 3951 674 4006 aqua
719 3953 827 3992 non
868 3937 1086 4008 quidem
1115 3953 1245 4011 ergo
1272 3947 1328 3996 et
1368 3940 1426 3996 in
1453 3940 1493 4011 ⁸7
1524 3947 1714 3997 omnes
1740 3941 1786 3974 ⁸⁸
1817 3942 2150 4013 proportio-.

535 4028 734 4092 utiliter
757 4031 1078 4101 perveniens
1102 4031 1181 4088 “1'
1210 4031 1491 4106 Tanquam
1505 4034 1711 4092 diceret
1744 4051 1758 4089 :
1789 4034 1979 4092 Nonne
2004 4035 2123 4108 qui-

533 4123 656 4178 dem
699 4137 828 4195 ergo
855 4140 997 4196 aqua
1037 4135 1094 4182 et
1139 4127 1195 4182 in
1239 4143 1428 4186 omnes
1481 4130 1738 4186 materias
1783 4123 2148 4188 distribuitur

531 4218 1003 4286 proportionaliter
1046 4223 1369 4292 perveniens
1395 4223 1464 4290 ⁸⁰,
1497 4224 1602 4280 hoc
1632 4232 1718 4281 est
1740 4264 1755 4291 ,
1792 4222 2127 4282 currationa-

529 4308 714 4377 biliter
737 4319 792 4366 et
818 4313 1070 4390 similiter
1095 4318 1416 4390 perveniens
1442 4317 1486 4350 ’ί
1524 4318 1687 4374 solari
1719 4319 1872 4374 radio
1912 4328 1968 4375 et
1995 4317 2126 4373 cali-

2220 3398 2395 3452 divina
2425 3395 2624 3450 lumina
2649 3413 2740 3466 per
2760 3412 2814 3450 se
2835 3394 2883 3428 ³⁵
2913 3397 2969 3450 in
2995 3395 3142 3450 illam
3181 3393 3526 3451 transvehere.
3561 3391 3675 3450 Hoc
3703 3400 3808 3459 est,

2220 3487 2448 3543 causalis
2491 3486 2732 3543 omnium
2779 3489 3098 3556 constituit,
3136 3497 3198 3544 ut
3255 3487 3597 3558 superposiu
3642 3499 3809 3556 quae-

2222 3591 2434 3644 cunque
2486 3577 2721 3632 essentia
2792 3578 3144 3651 subsequenti
3194 3567 3256 3634 se
3302 3577 3571 3636 essentiae
3627 3576 3810 3631 divina

2221 3664 2423 3720 lumina
2481 3681 2580 3737 per
2642 3681 2700 3722 se
2769 3667 2822 3721 in
2880 3666 2926 3699 "
2991 3667 3138 3723 illam
3199 3669 3516 3725 transvehat
3573 3667 3655 3721 vel
3720 3682 3812 3720 su-

2219 3757 2498 3826 pervehat.
2555 3757 2989 3832 Ὲποχιτιύισθαι
3045 3759 3090 3792 ³⁷
3149 3761 3293 3816 enim
3354 3769 3410 3817 et
3461 3761 3810 3816 transvehere

2221 3863 2346 3915 eos,
2379 3851 2755 3920 supervehere,
2791 3863 2846 3908 et
2891 3855 3147 3910 invehere
3201 3864 3380 3927 potest
3433 3853 3806 3926 interpretari.

2224 3943 2368 4016 Ergo
2407 3944 2894 4002 excellentissimam
2957 3947 3257 4004 caelestium
3329 3949 3627 4004 anintorum
3706 3947 3814 4003 dis-

2220 4039 2530 4110 positionem
2575 4039 2732 4093 simul
2780 4041 3011 4095 omnium
3061 4040 3381 4112 reliquarum
3443 4041 3488 4074 ³⁸
3539 4041 3811 4106 essentiae,

2222 4114 2508 4185 secundum
2535 4130 2675 4202 quod
2711 4147 3025 4203 consequens
3055 4141 3132 4188 est
3155 4142 3268 4203 post
3297 4131 3467 4188 Deum
3497 4132 3813 4202 principium

2223 4225 2506 4291 mirantur,
2540 4226 2706 4280 omnis
2739 4242 2922 4280 sacrae
2949 4236 2998 4280 et
3021 4226 3228 4281 divinae
3257 4226 3504 4281 scientiae
3530 4233 3578 4279 et
3607 4223 3819 4278 divinae-

2222 4318 2554 4386 imitationis,
2587 4330 2856 4393 tamquam
2883 4338 2976 4394 per
3007 4321 3130 4378 illas
3158 4324 3212 4378 in
3237 4340 3413 4379 omnes
3444 4330 3490 4378 et
3515 4339 3606 4376 nos
3635 4320 3814 4374 divina

532 4398 733 4467 ditati?
787 4399 948 4458 Humi
998 4403 1267 4473 siquidem
1309 4409 1572 4464 radicitus
1599 4409 1812 4464 occulte
1841 4410 2124 4464 arboribus
2225 4408 2612 4465 illuminatione
2647 4412 2926 4468 distributa
2971 4413 3039 4468 η.
3086 4413 3232 4471 Ordo
3275 4424 3332 4470 et
3378 4429 3572 4471 sensus
3611 4431 3624 4467 :
3671 4411 3814 4482 Ergo

534 4489 830 4580 herbisque
858 4492 1119 4559 illabitur,
1153 4497 1408 4564 deinceps
1433 4499 1704 4567 gradatim
1737 4499 1795 4552 in
1833 4499 2043 4568 stipites
2071 4508 2127 4555 et
2222 4501 2515 4567 mirantur,
2544 4502 2629 4558 vel
2665 4497 3028 4572 arbitrantur;
3060 4509 3297 4580 ἡγοῦνται
3326 4507 3470 4561 enim
3508 4513 3562 4559 et
3605 4503 3813 4557 miran-

535 4578 753 4646 thyrsos
777 4579 842 4645 ",
865 4596 1067 4647 ramos,
1091 4582 1241 4650 folia,
1265 4583 1442 4650 ﬂores,
1463 4585 1689 4643 fructus.
1712 4587 1803 4643 Est
1825 4604 1944 4659 ergo
1965 4587 2123 4643 simul
2150 4659 2190 4666 λ
2227 4599 2315 4646 tur
2337 4599 2391 4646 et
2416 4592 2462 4624 “
2487 4593 2823 4650 arbitrantur
2857 4604 3036 4666 potest
3079 4578 3454 4666 interpretari;
3483 4594 3602 4665 plus
3631 4603 3813 4648 tamen

535 4669 734 4724 cunctis
791 4669 1105 4726 illumin‘atts
1143 4673 1194 4705 ³⁸
1246 4677 1564 4745 principium
1606 4677 1963 4735 illuminandi.
1994 4679 2123 4738 Post
2150 4659 2202 4719 D
2227 4684 2480 4740 convenit
2521 4686 2706 4741 sensui
2751 4659 2946 4742 in'lioc
2971 4685 3091 4742 loco
3117 4659 3406 4759 mirantur,
3441 4659 3568 4756 quia
3597 4683 3666 4739 ad
3691 4682 3814 4738 lau-

535 4762 850 4854 paradigma
876 4767 944 4821 ad
973 4767 1312 4850 propositum
1341 4770 1662 4828 rerertimur
1686 4774 1755 4842 “,
1788 4775 1891 4832 hoc
1923 4783 2022 4841 est,
2054 4775 2123 4832 ad
2229 4775 2350 4830 dem
2387 4777 2642 4847 pertinet.
2684 4776 2828 4850 Ergo
2871 4779 3136 4836 mirantur
3176 4755 3656 4902 εἱιιιξεεεεηιίεε
3692 4789 3814 4832 om-
3899 4781 3904 4784 '

1831 4885 2087 4942 vanus
2123 4885 2528 4944 LECTIONES.
2881 4925 2884 4928 .
3243 4887 3252 4900 ’
3288 4885 3382 4971 g3..-
3421 4937 3427 4946 .

578 5034 629 5092 ,⁸
684 5035 726 5088 Β
780 5033 1036 5108 rationem
1096 5035 1461 5101 ordinationis.
1563 5001 1584 5070 έ
1635 5037 1726 5108 Sic
1782 5040 1824 5098 C
1881 5051 1937 5098 et
1986 5045 2101 5100 rad.
2157 5017 2300 5101 corr.
2355 5043 2456 5108 B',
2500 5044 2590 5100 AB
2644 5044 2810 5101 bonis.
2909 5046 2932 5078 ³
2991 5047 3087 5104 Sic
3135 5045 3180 5102 (ἶ.
3234 5053 3291 5101 et
3337 5045 3456 5100 rad.
3506 5057 3651 5098 corr.
3711 5040 3812 5108 B‘;

533 5118 636 5187 pro
674 5115 786 5176 post
817 5114 938 5187 sunt
966 5105 1063 5187 AB_
1097 5115 1331 5176 possunt.
1426 5108 1447 5138 "
1476 5108 1630 5187 Corr.
1683 5107 1766 5177 B‘,
1807 5112 2120 5187 AB_divino.
2197 5117 2218 5148 ⁸
2243 5115 2348 5171 Pro
2378 5105 2597 5187 EaeiB‘
2644 5133 2812 5186 marg.
2855 5117 3034 5174 adscr.
3063 5116 3204 5173 Hae.
3278 5116 3300 5148 ⁸
3333 5115 3510 5187 Corr._
3534 5113 3584 5187 Α
3629 5105 3816 5187 super;

534 5175 836 5255 eminentes,
871 5175 934 5229 B‘
968 5175 1266 5255 rat_l.’c_orr.
1312 5175 1834 5255 supereminen‘tem._
1874 5185 1913 5255 ‘7'
1953 5183 1994 5238 Β
2047 5187 2442 5255 aperatrices.”
2504 5186 2526 5217 ⁸
2560 5186 2620 5240 Β⁴⁵
2650 5175 2811 5255 supra
2840 5188 3017 5243 adscr.
3045 5198 3141 5242 est.
3197 5188 3238 5244 .'
3269 5187 3448 5248 Corn,
3486 5183 3576 5239 AB
3623 5175 3813 5255 Deum.

538 5247 588 5276 ¹⁰-
625 5247 670 5301 Α
705 5248 967 5319 virtutem,
1025 5247 1067 5300 Β
1122 5249 1358 5328 virtutem
1405 5251 1618 5319 (punct.
1670 5252 1776 5320 adj.
1807 5253 1926 5326 B').
2003 5257 2044 5286 “
2077 5247 2121 5310 Ᾱ
2150 5259 2426 5323 actionem,
2453 5257 2494 5311 Β
2516 5247 2772 5310 actionem
2819 5258 3026 5328 (punct.
3055 5255 3178 5326 adj.
3205 5256 3313 5328 B‘).
3390 5247 3443 5306 ¹⁸ξ
3467 5255 3628 5312 Cestri
3655 5253 3746 5324 Εἰ
3769 5253 3818 5308 Α

535 5338 719 5407 eﬂ‘ecta
754 5357 832 5422 es.
874 5389 880 5394 .
920 5324 1466 5422 "Cof.'nB‘,fiB:_-‘te.
1549 5379 1554 5394 τ
1590 5339 1632 5396 ¹¹ξ
1673 5324 1956 5422 post__om.
2003 5344 2068 5410 Β,
2117 5346 2196 5422 ad
2233 5361 2405 5416 marg.
2446 5347 2623 5422 adscr.
2649 5329 2740 5422 βξ.
2805 5324 3094 5422 ἰ’ξζῼοιῄη
3119 5324 3207 5398 ΑΒ
3229 5324 3812 5422 εὲρτεεεῇεςξᾷιξξεεη.

540 5412 955 5493 gitti-eamusque.
1035 5411 1078 5443 “
1108 5410 1396 5492 C9nj.,,AB
1423 5425 1578 5493 quam
1609 5426 1713 5490 vos.
1746 5484 1759 5493 Δ
1793 5413 1833 5445 ιτ
1865 5415 1920 5466 in
1955 5430 2063 5493 om.
2112 5410 2410 5493 AB,‘supra
2442 5417 2620 5493 adscr.
2649 5416 2733 5472 B'.
2753 5415 2936 5493 ῌ¹⁸ΑΒ⁶
2961 5410 3225 5493 ad'rnarg.
3253 5410 3438 5493 adscr.
3461 5411 3816 5493 distribuitur.

541 5477 581 5509 ³⁸
613 5477 792 5544 Conj.,
834 5476 944 5534 ΑΒ·
967 5476 1338 5552 pervenientes.
1433 5476 1484 5509 "
1522 5476 1699 5546 Conj.,
1732 5484 1776 5536 A
1803 5486 2116 5553 proveniant:

541 5549 902 5610 pervenientes.
1005 5554 1049 5584 "
1073 5552 1162 5609 AB
1187 5554 1358 5607 tirsos.
1436 5549 1481 5580 ’³
1505 5549 1658 5605 COI'I'.
1694 5552 1775 5610 B'.
1807 5554 1894 5606 AB
1929 5554 2116 5608 illumit

2210 5476 2261 5538 ’Β
2305 5476 2673 5556 pervenientes.
2751 5487 2795 5518 ²¹
2839 5485 3016 5555 Conj.,
3047 5486 3136 5540 ΑΒ
3172 5476 3513 5554 pet-venienti,
3571 5476 3814 5542 B"'cort'.

2210 5558 2295 5610 tis.
2370 5557 2416 5588 ”
2438 5557 2497 5609 Β*
2531 5557 2645 5610 rad.
2678 5575 2821 5610 corr.
2841 5559 3129 5610 revertitur.
3233 5555 3281 5586 "
3313 5555 3390 5609 Ex
3421 5568 3564 5608 vers.
3598 5560 3654 5605 et
3683 5557 3814 5604 text.

535 5563 902 5612 pervenientes.
1005 5563 1049 5584 "
1073 5563 1162 5609 Ali
1187 5563 1358 5607 ttrsos.
1436 5563 1481 5580 "
1505 5563 1658 5605 UOI'I'.
1696 5563 1775 5616 li',
1807 5563 1894 5606 AB
1929 5563 2116 5608 illumit

537 5630 618 5694 gr.
641 5655 654 5677 ,
683 5615 875 5696 AB_et._
942 5620 988 5650 "
1012 5621 1052 5672 Β
1078 5623 1322 5696 casualis,
1354 5623 1418 5677 Β·
1445 5633 1586 5676 corr.
1614 5623 1861 5696 causalis.
1937 5627 1994 5696 ³τᾷ
2007 5626 2049 5696 Β
2069 5642 2116 5696 st

2210 5563 2295 5610 tis.
2370 5563 2416 5588 υ
2438 5563 2497 5609 B'
2531 5563 2645 5610 rad.
2678 5575 2821 5614 corr.
2841 5563 3129 5612 revertitur.
3233 5563 3281 5586 "
3313 5563 3390 5609 Ex
3421 5568 3564 5626 vers.
3592 5563 3654 5626 et
3683 5563 3816 5604 ιειι.

2218 5629 2313 5680 dii.
2391 5628 2436 5658 ³⁸
2458 5627 2517 5679 Β·
2549 5643 2692 5682 corr.
2723 5639 2791 5684 et.
2869 5628 2911 5660 ²⁹
2939 5628 3092 5683 Corr.
3121 5624 3226 5696 B‘,
3259 5626 3348 5679 ΑΒ
3389 5641 3484 5694 pro
3538 5623 3626 5696 qui
3653 5635 3818 5690 appo-
3865 5675 3868 5677 .

537 5687 698 5738 nitur.
777 5688 821 5719 ³⁰
848 5690 894 5742 Α
924 5705 1246 5761 omne-mque,
1278 5691 1320 5745 Β
1355 5707 1656 5776 omnemque
1689 5693 1894 5762 (punct.
1932 5694 2038 5768 adj.
2067 5694 2175 5767 B‘).
2253 5697 2294 5728 ³¹
2339 5698 2379 5751 Β
2417 5713 2620 5751 omnem
2652 5700 2856 5770 (punct.
2895 5698 3002 5767 adj.
3025 5697 3132 5767 B‘).
3192 5687 3256 5726 ’³³
3298 5687 3524 5752 εειόιη.
3547 5687 3626 5766 ι’Β,
3655 5687 3822 5759 supra
3865 5731 3872 5736 .

537 5776 718 5862 adscr.
911 5778 1247 5862 _‘_"[§‘mend.,
1297 5782 1648 5862 Adin/inita.
1713 5785 1758 5862 ‘f
1786 5787 1824 5840 Β
1853 5788 2101 5862 casualis.
2179 5789 2225 5862 ii
2264 5807 2318 5844 se
2339 5805 2447 5843 om.
2476 5791 2534 5854 ll,
2560 5792 2628 5847 ad
2655 5807 2827 5862 marg.
2859 5791 3047 5862 adscr,
3066 5789 3149 5862 Bf.
3227 5787 3353 5862 iiiis
3377 5803 3493 5862 om.
3514 5783 3627 5849 ΑΒ.
3649 5789 3821 5862 ειίνλι
3868 5809 3874 5822 ‘

536 5846 718 5906 adscr.
745 5847 830 5908 B‘.
909 5850 950 5883 ⁸⁷
969 5851 1058 5906 AB
1083 5846 1476 5922 innxium”:
1532 5855 1578 5889 ³⁸
1591 5855 1651 5908 Β·
1675 5857 1927 5932 admarg.
1957 5860 2116 5922 adscr

2207 5846 2574 5932 ‘spositionunt.
2605 5846 2613 5847 ί
2653 5846 3057 5922 ³⁸οὦτ.Β⁴οΔΒ
3088 5859 3374 5916 distributi.
3452 5857 3497 5889 “
3535 5864 3583 5912 et
3612 5846 3735 5911 um:
3749 5848 3817 5910 Β.
