4178 6266
400 376 504 475 in

934 408 1432 475 EXPOSITIONES
1472 413 1699 472 SUPER
1732 386 2160 481 isnAncmAii
2199 403 2607 466 CAELESTEM
2645 406 2705 463 s.
2745 402 3062 465 monvsn.

3563 368 3677 468 “ita

403 528 562 589 siium
617 529 942 600 reliquarum
993 528 1302 584 caelestium
1354 528 1714 585 essentiamm
1762 528 1988 600 diSpOsi-
2017 532 2065 590 Λ
2094 531 2218 581 sunt
2266 524 2507 595 primae,
2561 521 2887 592 participant
2928 521 3143 591 quidem
3186 519 3410 579 inferius
3458 522 3674 602 igneam
3731 564 3755 579 .

407 623 588 678 tiones
603 623 640 675 ¹.
668 620 802 687 Quid
827 619 1109 675 mirantur?
1129 619 1649 676 Excellentissimam
1666 620 1981 676 caelestium

404 714 706 768 animorum
758 710 1162 780 dispositionem
1186 752 1201 777 ,
1258 714 1553 770 secundum
1599 713 1744 784 quod
1793 727 1985 767 conse-

404 818 572 875 quens
597 803 618 833 ⁸
644 811 746 868 est,
799 811 924 871 post
950 801 1141 856 Deum.
1174 800 1243 857 Et
1272 802 1400 872 quid
1431 802 1498 859 de
1537 817 1602 859 ea
1628 802 1896 858 mirantur
1937 801 1981 869 ³,

404 895 502 949 hoc
545 900 629 949 est
676 890 931 946 laudant?
975 891 1131 959 Quod
1174 892 1247 948 sit
1284 878 1618 963 prineipium‘
1646 902 1769 965 post
1810 892 1982 948 Deum

399 987 573 1041 omnis
616 996 813 1041 sacrae
852 992 908 1040 et
934 984 1152 1041 divinae
1188 985 1444 1042 scientiae
1482 995 1538 1042 et
1565 987 1775 1044 divinae
1802 987 1985 1042 imita-

399 1079 583 1143 tionis,
624 1088 885 1148 tanquam
911 1093 1012 1149 per
1045 1079 1188 1144 illas,
1216 1080 1698 1136 excellentissimae
1734 1080 1984 1136 videlicet

399 1167 777 1238 diSpositionis
818 1168 1109 1233 essentias,
1137 1168 1193 1223 in
1215 1184 1403 1225 omnes
1452 1179 1659 1225 ceteras
1702 1168 1995 1237 caelestes,

400 1271 457 1314 et
482 1260 539 1313 in
556 1273 659 1314 nos
681 1258 946 1322 homines,
972 1260 1062 1329 qui
1087 1259 1375 1316 humanam
1403 1261 1782 1331 participamus
1800 1275 1985 1315 essen-

404 1347 566 1412 tiam,
611 1349 792 1405 divina
808 1332 839 1382 "‘
869 1349 1260 1407 illuminatione
1280 1350 1584 1415 distributa,
1610 1352 1862 1424 quoniam
1887 1367 1985 1423 per

405 1436 530 1493 illas
570 1440 749 1495 divina
796 1439 1115 1496 illuminatio
1155 1440 1512 1508 distribuitur,
1558 1458 1623 1498 ac
1658 1441 1822 1497 veluti
1863 1447 1987 1513 post

405 1543 572 1582 unum
609 1538 662 1584 et
694 1529 923 1600 primum
965 1528 1210 1597 omnium
1256 1531 1604 1602 principium,
1634 1531 1802 1585 Deum
1840 1530 1984 1591 dico.

399 1628 453 1674 et
500 1622 805 1691 proximum
854 1623 1183 1680 substitutae
1226 1625 1335 1679 sint
1374 1625 1417 1679 ⁸.
1477 1621 1703 1695 Pr0pter
1757 1624 1897 1695 quod
1937 1632 1987 1677 et
2030 1675 2037 1681 .

390 1727 598 1765 omnem
636 1728 844 1767 sacram
878 1725 928 1769 et
959 1714 1070 1769 Deo
1097 1715 1321 1770 similem
1350 1716 1702 1786 operationem
1734 1714 1790 1769 in
1818 1713 1986 1770 Deum

388 1802 601 1872 quidem
631 1807 785 1874 quasi
805 1804 1072 1859 causalem
1098 1805 1352 1875 referunt.
1378 1804 1729 1871 Subauditur,
1765 1802 1937 1875 angeli
1966 1821 1980 1858 :

2084 618 2340 672 virtutem
2380 612 2687 684 Seraphim,
2736 613 3031 683 sapientem
3061 613 3428 685 scientemque
3466 613 3672 673 Cheru-

2083 708 2193 765 bim
2242 709 2522 774 virtutem,
2566 705 2661 761 Dei
2692 705 3078 777 susceptoriam
3125 707 3378 763 virtutem
3417 707 3671 766 Throno—

2086 820 2226 859 rum.
2263 803 2327 858 Et
2356 803 2424 857 ad
2451 794 2648 873 primas
2688 799 2991 873 aspicientes
3014 801 3081 868 “,
3113 811 3161 856 et
3187 819 3280 873 per
3303 820 3415 871 eas,
3444 804 3671 876 primas,

2085 892 2141 950 ut
2173 895 2219 927 ¹⁵
2244 893 2533 947 imitatione
2559 890 2733 946 divina
2761 890 2805 922 “
2830 892 3213 963 praeoperative
3237 892 3389 967 digne
3422 890 3587 964 factas
3611 894 3674 952 its

2083 986 2452 1057 deiformitatis
2485 983 2730 1057 possibile
2772 983 3014 1039 reductae
3043 999 3063 1039 :
3101 984 3205 1040 hoc
3232 993 3335 1052 est,
3366 986 3433 1042 ad
3462 987 3669 1058 primas

2084 1078 2350 1135 essentias
2379 1076 2597 1147 mediae
2611 1083 3017 1140 convertuntur,
3059 1084 3115 1131 et
3150 1058 3253 1148 per
3295 1092 3409 1144 eas,
3437 1079 3660 1149 primas,

2084 1168 2282 1223 merito
2308 1167 2468 1238 digne
2493 1165 2664 1220 factas
2693 1165 2746 1219 in
2770 1165 3121 1223 similitudine
3150 1164 3329 1222 divina
3350 1183 3670 1241 praeopera-

2083 1260 2251 1315 trices
2298 1257 2352 1312 in
2402 1255 2821 1313 deiformitatem
2867 1254 3178 1327 poésibilem
3210 1259 3562 1327 reducuntur,
3613 1259 3670 1316 id

2082 1360 2186 1415 est,
2215 1364 2429 1406 sursum
2462 1349 2728 1404 ducuntur
2766 1348 2806 1380 "
2849 1346 3133 1405 secundae.
3168 1347 3245 1404 Re
3285 1349 3428 1405 enim
3467 1351 3668 1422 saepis.

2085 1442 2219 1498 sime
2275 1456 2373 1511 pro
2416 1456 2627 1496 rursum
2655 1439 2891 1511 ponitur.
2924 1442 2999 1496 De
3042 1441 3234 1505 ultima
3275 1451 3455 1499 autem
3494 1444 3679 1519 caele:

2084 1532 2560 1613 stiu‘erarchia,
2592 1532 2766 1602 deque
2794 1533 3029 1588 humana
3059 1534 3562 1606 subintelligendum
3582 1551 3670 1593 re~

2086 1626 2261 1696 liquit.
2295 1623 2368 1681 Ut
2405 1626 2548 1680 enim
2580 1627 2812 1680 secunda
2848 1626 3137 1697 participat
3164 1627 3391 1683 virtutes
3436 1627 3666 1701 primae,

2085 1720 2160 1776 ita
2188 1718 2344 1773 tertia
2393 1717 2624 1773 virtutes
2653 1712 2943 1783 seeondae,
2972 1728 3027 1773 et
3057 1727 3251 1789 quarta
3288 1720 3503 1787 tertiae,
3535 1736 3599 1778 ac
3619 1721 3669 1779 si

2087 1811 2243 1884 ignea
2265 1820 2319 1866 et
2341 1810 2554 1880 sapiens
2574 1818 2625 1865 et
2651 1810 2829 1865 sciens
2852 1811 3051 1881 Deique
3076 1796 3407 1883 susceptoria
3431 1813 3475 1846 ⁸⁸
3499 1815 3671 1870 virtus

387 1892 586 1947 deinde
625 1896 831 1963 primos
857 1895 896 1960 ⁸,
941 1896 1044 1951 hoc
1068 1904 1174 1962 est,
1202 1897 1256 1951 in
1282 1898 1489 1967 primos
1519 1896 1801 1965 deiformes
1834 1893 1985 1950 intel-
2010 1887 2057 1947 Β
2080 1902 2320 1979 primum
2349 1916 2382 1955 a
2422 1901 2534 1956 Deo
2572 1900 2625 1956 in
2663 1901 2919 1971 primam,
2951 1902 3187 1959 secundo
3221 1918 3319 1975 per
3354 1905 3585 1976 primam
3612 1905 3671 1962 iu

389 1981 553 2037 lectus
577 1992 829 2057 tanquam
846 1986 1042 2056 primos
1064 1994 1365 2057 operatores
1379 1986 1697 2054 divinorum,
1721 1986 1982 2041 luminum

390 2071 672 2139 videlicet,
723 2085 772 2128 et
818 2077 1120 2146 magistros.
1170 2078 1252 2132 Ac
1295 2078 1341 2133 si
1395 2077 1603 2133 diceret
1647 2095 1662 2131 :
1713 2076 1985 2144 Quoniam

395 2164 847 2221 excellentissima
891 2168 1143 2224 caelestis
1190 2168 1471 2238 dispositio
1521 2167 1836 2225 immediate
1861 2173 1988 2238 post

401 2250 570 2308 Deum
597 2265 697 2320 est,
721 2266 1009 2327 propterea
1033 2256 1319 2315 inferiores
1342 2259 1569 2315 virtutes
1591 2272 1808 2314 omnem
1829 2271 1985 2314 suam

404 2357 615 2398 sacram
663 2346 884 2417 Deoque
934 2345 1164 2405 similem
1214 2352 1583 2421 operationem
1632 2351 1689 2406 in
1732 2360 1817 2409 su»
1841 2350 1985 2420 ipsas

403 2432 668 2490 referunt.
706 2434 815 2492 Sed
850 2439 1025 2508 primo
1071 2441 1127 2494 in
1171 2441 1363 2508 Deum,
1403 2453 1458 2498 et
1499 2451 1890 2513 consequenter
1928 2441 1983 2496 in

400 2527 609 2594 primos
665 2528 1003 2598 intellectus,
1049 2532 1143 2602 qui
1196 2534 1360 2603 primi
1401 2520 1883 2605 operatores'Isunt
1930 2541 1985 2589 et

396 2620 642 2690 magistri
672 2619 1004 2690 divinorum,
1037 2632 1139 2680 seu
1157 2624 1426 2682 luminum
1448 2628 1533 2682 vis
1562 2627 1866 2692 subaudire,
1894 2641 1985 2683 seu

394 2713 803 2781 mysteriorum,
823 2708 921 2770 ~seu
938 2730 1268 2773 arcanorum
1284 2726 1699 2788 ceterarumque
1712 2717 1980 2774 similium.

396 2801 651 2874 Sequitur
671 2809 1049 2879 recapitulatio
1076 2812 1548 2884 interpretationis
1573 2811 1840 2867 nominum
1860 2810 1977 2881 pri-

401 2909 522 2949 mae
542 2897 859 2954 ierarchiae.
901 2901 1027 2958 Non
1048 2903 1070 2936 ’¹
1102 2892 1225 2975 ergo
1251 2905 1425 2971 prima
1449 2912 1739 2960 sanctorum
1768 2901 1979 2973 angelo-

404 3000 522 3040 rum
575 2987 847 3059 dispositio
879 2994 1061 3063 'magis
1100 2992 1256 3049 simul
1281 2996 1516 3051 omnibus
1540 2994 1689 3073 habet
1729 2995 1931 3066 igneam
1953 2994 1977 3027 ⁸

403 3074 817 3147 proprietatem!
836 3083 913 3138 Ac
933 3084 977 3139 si
1004 3078 1207 3142 diceret
1238 3104 1252 3140 :
1284 3085 1488 3152 Nonne,
1516 3087 1759 3157 quamvis
1786 3100 1976 3142 omnes

405 3169 666 3232 caelestes
700 3172 922 3229 virtutes
947 3176 969 3208 ⁸
999 3174 1232 3231 habeant
1256 3175 1465 3246 igneam
1498 3176 1540 3208 ¹⁰
1561 3177 1973 3248 proprietatem,

398 3259 503 3315 hoc
514 3271 617 3327 est,
628 3277 798 3333 purga
806 3263 964 3319 tivam
976 3278 1137 3334 opera
1144 3265 1343 3321 tionem
1353 3305 1369 3331 ,
1384 3266 1560 3337 magis
1579 3275 1760 3322 tamen
1773 3267 1972 3322 ceteris
2001 3252 2046 3314 C

392 3351 563 3421 prima
580 3353 867 3423 ierarchia,
886 3357 1037 3426 cujus
1047 3357 1253 3428 primus
1263 3359 1398 3414 ordo
1418 3357 1706 3430 Seraphim
1737 3360 1977 3415 nomina-

392 3449 496 3508 tur,
523 3443 576 3499 id
605 3455 709 3511 est,
744 3446 1094 3506 incendentes
1117 3451 1203 3506 vel
1231 3451 1651 3509 calefacientes?
1669 3451 1739 3507 Et
1755 3453 1979 3522 e/fusam

396 3530 604 3590 divinae
623 3538 916 3607 sapientiae
937 3528 1291 3608 traditionem,
1315 3551 1364 3597 et
1386 3545 1665 3615 mysticum
1690 3544 1980 3600 excelsissi-

388 3640 502 3680 mae
526 3627 823 3684 diuinarum
854 3630 1566 3691 illuminationum'scientiae
1592 3653 1612 3702 ;
1638 3637 1975 3704 subauditur,

389 3719 562 3789 magis
618 3723 877 3778 omnibus
923 3724 1089 3781 habet
1131 3726 1306 3796 prima
1339 3728 1643 3798 dispositio,
1670 3727 1821 3798 cujus
1845 3730 1978 3786 ordo

392 3814 658 3870 secundus
679 3813 973 3873 Cherubim
1001 3818 1220 3886 dicitur,
1249 3819 1303 3874 id
1333 3806 1438 3887 est,
1487 3819 1774 3876 multitudo
1798 3821 1975 3877 scien-

392 3902 522 3969 tiae,
549 3904 662 3961 sive
682 3904 869 3964 eﬁ'usio
899 3910 1216 3980 sapientiae.
1246 3908 1317 3965 Et
1341 3912 1588 3966 sessivam
1611 3913 1977 3982 proprietatem

388 4004 678 4062 gestantem
704 3997 934 4079 divinant
960 4000 1343 4071 susceptionem
1379 4003 1793 4072 signiﬁcantem;
1819 4004 1975 4060 simi-

388 4085 515 4141 liter
535 4089 874 4158 subauditur,
899 4094 1072 4163 magis
1101 4093 1353 4150 omnibus
1391 4094 1555 4150 habet
1601 4095 1815 4152 divinae
1832 4095 1978 4152 sedis

388 4181 795 4250 proprietatem,
832 4199 975 4255 quae
1008 4182 1178 4241 Deum
1206 4194 1400 4257 gestat,
1418 4186 1762 4258 divinumque
1792 4201 1977 4258 recep-

389 4268 597 4326 tionem
623 4272 908 4342 signiﬁcat,
932 4276 1107 4347 prima
1134 4277 1423 4352 ierarchia,
1452 4277 1603 4347 cujus
1628 4278 1819 4335 tertius
1841 4278 1976 4336 ordo

391 4361 704 4418 nominatur
727 4364 953 4433 Thmui,
982 4366 1034 4421 id
1056 4376 1163 4434 est,
1193 4367 1369 4424 sedes.
1386 4366 1586 4424 Omnes
1612 4369 1776 4440 igitur
1798 4368 1974 4425 caele-

390 4461 503 4508 stes
529 4452 755 4512 virtutes
797 4458 1003 4514 habent
1019 4460 1062 4491 “
1088 4459 1301 4531 igneam
1329 4462 1442 4517 vim
1462 4469 1518 4518 et
1537 4459 1971 4536 edusionemja-

386 4546 621 4615 pientiae
656 4544 720 4606 iet
749 4538 1065 4624 mysterium
1086 4554 1346 4612 scientiae
1386 4564 1442 4611 et
1469 4556 1683 4612 divinae
1710 4557 1969 4614 sessionis

386 4641 773 4711 receptionem,
816 4639 990 4717 magis
1037 4655 1219 4703 tamen
1250 4644 1463 4704 ceteris
1506 4649 1756 4723 omnibus
1790 4650 1966 4721 prima

381 4728 672 4788 ierarchia.
720 4734 879 4817 Ipsae
906 4752 1027 4792 vero
1064 4739 1452 4810 suppositarum
1490 4739 1969 4810 dispositiones“-

2089 1994 2383 2050 secundam
2405 2033 2421 2060 ,
2465 1993 2625 2048 tertio
2652 2008 2748 2063 per
2790 1992 3079 2067 Secundam
3124 1996 3180 2051 in
3207 1996 3445 2064 tertiam,
3470 2005 3670 2068 quarto

2087 2090 2185 2159 per
2215 2085 2429 2142 tertiam
2468 2084 2522 2139 in
2550 2094 2797 2156 quartam
2835 2086 3114 2142 descendit
3142 2087 3466 2145 ierarchiam
3490 2092 3521 2154 ξ
3543 2104 3669 2161 gra-

2088 2178 2259 2251 datim
2306 2178 2569 2249 siquidem
2608 2176 2670 2243 ίο,
2697 2194 2802 2234 non
2827 2195 3005 2236 tamen
3027 2180 3342 2251 aequaliter.
3382 2180 3449 2236 Et
3471 2165 3676 2238 iterum

2087 2280 2279 2347 quarta
2291 2270 2338 2303 ⁸ο
2363 2270 2705 2342 ρθτλιθιιιίεπι,
2730 2272 2887 2326 tertia
2906 2286 3003 2342 per
3033 2273 3350 2339 secundam,
3373 2274 3607 2328 secunda
3619 2271 3665 2307 "

2085 2376 2184 2434 per
2226 2363 2491 2432 primam,
2528 2362 2703 2433 prima
2747 2377 2846 2433 per
2875 2362 3050 2433 ipsum
3100 2363 3268 2418 Deum
3311 2362 3364 2417 in
3391 2361 3669 2434 praefatas

2085 2440 2360 2509 reducitur
2394 2454 2640 2510 virtutes.
2688 2454 2867 2508 Dictas
2904 2470 3025 2525 ergo
3065 2464 3275 2512 sanctas
3299 2457 3662 2526 proprietates.

2083 2538 2307 2617 quarum
2346 2544 2676 2617 participatio
2719 2560 2810 2615 per
2835 2546 3033 2616 primas
3067 2555 3180 2617 post
3209 2562 3298 2601 eas
3331 2545 3666 2603 subsistentes

2080 2639 2237 2708 ﬁunt,
2266 2639 2392 2709 ipsis
2426 2638 2531 2692 illis
2566 2638 2612 2669 ³³
2639 2646 2754 2709 post
2798 2636 2962 2691 Deum
3003 2646 3249 2713 tanquam
3290 2638 3562 2694 ierarcltiis
3590 2655 3668 2693 re-

2079 2728 2298 2801 ponunt.
2324 2729 2635 2785 Praedictas
2657 2742 2805 2799 ergo,
2832 2729 3025 2798 inquit,
3050 2738 3264 2811 sanctas
3278 2720 3665 2815 proprietates;

2078 2822 2357 2895 proprium
2406 2820 2550 2875 enim
2600 2818 2827 2890 angelici
2875 2819 3099 2886 ordinis,
3154 2820 3246 2890 qui
3295 2821 3519 2878 ultimus
3558 2831 3665 2890 est,

2078 2913 2425 2985 purgationes
2445 2911 2492 2945 “
2530 2909 2910 2982 prophetarum
2946 2916 3264 2978 ceteraeque
3302 2909 3666 2980 operationes,

2078 3020 2220 3077 quae
2249 3002 2428 3058 divina
2450 3000 2691 3058 bonitate
2716 2999 2976 3071 largiente
2994 2999 3049 3054 in
3076 2998 3312 3077 humana
3334 3008 3668 3071 peraguntur

2078 3074 2274 3154 natura
2294 3094 2361 3151 ".
2386 3094 2624 3163 Quarum
2652 3093 3038 3166 pt-Oprietatum
3064 3074 3383 3165 per'primas
3402 3092 3668 3151 essentias

2078 3191 2434 3246 subsistentes
2459 3187 2506 3220 “
2536 3196 2657 3258 post
2681 3202 2775 3243 cas
2803 3187 2936 3247 liunt
2960 3186 3319 3270 participatio.
3336 3174 3663 3256 ’chonunt,

2078 3282 2131 3338 id
2158 3291 2262 3348 est,
2295 3279 2537 3337 referunt
2567 3280 2612 3312 “
2637 3280 2768 3351 ipsis
2810 3278 2915 3337 illis
2950 3279 3252 3347 ierarchiis,
3268 3287 3520 3351 tanquam
3546 3286 3669 3348 post
3716 3284 3717 3287 “

2078 3372 2269 3439 Deum,
2320 3374 2423 3428 hoc
2477 3381 2578 3439 est,
2625 3371 2882 3443 quoniam
2927 3378 3049 3442 post
3091 3367 3260 3425 Deum
3305 3377 3451 3427 sunt.
3511 3366 3667 3437 Quod

2076 3465 2315 3521 breviter
2342 3480 2628 3535 possumus
2654 3461 2909 3535 colligere
2937 3479 2952 3517 :
2976 3460 3248 3534 angelicas
3280 3461 3414 3517 ordo
3449 3469 3665 3516 sanctas

2077 3559 2327 3630 proprias
2370 3558 2711 3630 operationes
2739 3570 2845 3611 non
2892 3555 2947 3610 in
2986 3553 3247 3626 seipsum,
3277 3553 3371 3610 sed
3417 3552 3472 3608 in
3516 3551 3665 3622 ipsas

2078 3649 2391 3717 ierarchias,
2419 3664 2556 3721 quae
2596 3656 2721 3719 post
2751 3645 2920 3702 Deum
2958 3651 3106 3711 sunt,
3135 3644 3390 3717 quoniam
3434 3641 3502 3698 ab
3531 3640 3665 3713 ipsis

2077 3740 2306 3812 accepit,
2337 3740 2520 3795 refert.
2553 3738 2784 3796 Pulchre
2816 3745 2995 3793 autem
3036 3734 3167 3790 dicit
3197 3751 3214 3790 :
3262 3747 3493 3806 quarum
3537 3747 3664 3803 par-

2081 3830 2320 3902 ticipatio
2345 3816 2701 3889 subsistentes
2723 3828 2882 3897 ﬁunt,
2910 3825 3168 3899 quoniam
3205 3822 3383 3882 onmis
3411 3821 3662 3880 caelestis

2077 3914 2309 3980 essentia
2333 3923 2726 3995 proprietatum
2765 3938 2989 3979 suarum
3016 3929 3072 3977 et
3104 3919 3166 3975 iit
3191 3929 3245 3975 et
3265 3918 3466 3975 dicitur
3494 3918 3663 3989 parti-

2076 4015 2294 4085 cipatio.
2328 4015 2514 4070 Potest
2554 4023 2733 4070 tamen
2773 4014 2986 4069 facilius
3036 4011 3384 4083 interpretari
3426 4028 3439 4063 :
3489 4007 3661 4067 dictas

2076 4118 2207 4173 ergo
2240 4111 2456 4158 sanctas
2488 4103 2866 4173 proprietates,
2891 4102 2945 4157 in
2975 4116 3204 4173 quarum
3248 4097 3662 4169 participatione

2074 4208 2172 4265 per
2200 4194 2400 4264 primas
2437 4202 2560 4264 post
2592 4208 2685 4249 cas
2731 4194 2774 4225 ’⁷
2810 4192 3162 4247 subsistentes
3207 4187 3355 4244 ﬁunt.
3389 4187 3660 4256 Quoniam

2075 4283 2219 4341 enim
2242 4284 2295 4338 in
2323 4280 2531 4338 Graeco
2555 4290 2640 4338 est
2662 4278 2727 4336 ὧν
2751 4282 3266 4361 μιτουσία,(ιιιειι”υιη
3289 4272 3656 4349 participatio,

2073 4387 2129 4434 et
2151 4377 2204 4433 in
2228 4392 2456 4450 quarum
2481 4375 2896 4448 participatione
2920 4379 3100 4444 potest
3127 4369 3381 4444 intelligi;
3409 4373 3660 4443 μετουσία

2072 4473 2270 4545 quippe
2306 4479 2362 4528 et
2409 4469 2772 4529 nominativus
2818 4481 2978 4524 casus
3026 4465 3308 4540 accipitur,
3352 4462 3657 4523 etdativus

1995 4604 2047 4666 Β
2071 4579 2170 4636 pro
2191 4562 2423 4619 ablativo
2445 4561 2663 4633 ponitur
2689 4560 2758 4614 ⁸⁸.

2086 4732 2089 4739 γ
2144 4657 2253 4730 ξι.
2293 4657 2379 4735 Ait
2419 4672 2538 4726 ergo
2575 4655 2701 4709 haec
2728 4654 2929 4720 dicens,
2950 4668 3037 4710 vet
3073 4659 3215 4710 Sicut
3242 4649 3459 4724 proprie
3488 4647 3655 4703 inter-

2067 4762 2312 4827 pretatur
2348 4770 2361 4807 :
2393 4751 2530 4807 dixit
2555 4765 2685 4823 ergo
2708 4750 2799 4822 qui
2828 4751 2964 4807 haec
2990 4748 3088 4818 ait,
3118 4748 3224 4807 hoc
3255 4758 3356 4815 est,
3389 4750 3479 4821 qui
3514 4751 3657 4804 hunc

379 4824 671 4917 sentiantm
698 4828 855 4898 ignea
900 4832 1122 4901 sapienti
1162 4842 1211 4909 et
1236 4833 1420 4888 scienti
1440 4832 1491 4864 “
1524 4833 1624 4888 Dei
1645 4837 1968 4907 susceptoria
2068 4824 2287 4904 sensum
2309 4842 2614 4917 protulitde
2628 4842 2946 4916 purgatione
2965 4841 3261 4915 prophetae
3284 4858 3316 4898 a
3343 4838 3653 4912 Seraphim,

379 4914 568 4971 virtute
594 4918 639 4951 ³³
666 4920 983 5001 participant
1023 4926 1231 4996 quidem
1250 4927 1411 4998 infra.
1441 4926 1822 5000 lpsae,inquit,
1849 4930 1965 4988 dis-

377 5006 589 5074 Posiae
614 5012 1121 5074 essentiae’mediae
1142 5018 1471 5089 icrarchiae,
1493 5034 1631 5092 quae
1658 5022 1968 5093 suppositae

2070 4939 2318 4996 visionem
2367 4938 2431 4993 ab
2476 4936 2591 5004 illa,
2619 4936 2801 4992 divina
2847 4936 3054 4994 scilicet
3086 4935 3314 5001 virtute,
3363 4943 3650 5003 susceptam

2070 5031 2233 5102 fuisse
2257 5028 2490 5100 theologo
2517 5045 2610 5100 per
2631 5045 2796 5085 unum
2826 5029 3151 5102 operantium
3177 5028 3324 5086 nobis
3352 5035 3649 5081 sanctorum

1220 5128 1225 5131 ’
1338 5212 1345 5227 ,
1442 5128 1473 5133 ’ί
1661 5128 1918 5213 VARIAE
1952 5159 2354 5217 LECTIONES.

455 5264 472 5294 ⁸
514 5261 607 5343 _S_ic
644 5264 752 5319 AB.
830 5268 862 5343 '_
887 5264 943 5343 β
985 5284 1037 5324 a.
1073 5284 1153 5324 m.
1181 5284 1453 5343 superscr.
1469 5287 1801 5343 consequens.
1903 5272 1926 5304 ³
1957 5270 2000 5326 Β
2045 5288 2187 5328 corr.
2230 5288 2282 5328 a.
2338 5270 2547 5343 m._AB
2601 5272 2844 5343 miratur.
2946 5268 2971 5302 ⁸
2997 5266 3042 5322 Α
3072 5266 3329 5343 Διίὶυἱηαηι.
3402 5260 3642 5343 Δ’Ῥω-ι’.

377 5329 471 5415 _B°,
500 5333 771 5415 AB.snnt..
842 5338 863 5369 ⁸
888 5339 949 5392 Β·
980 5354 1140 5415 supra
1179 5329 1355 5415 adscr.
1386 5345 1443 5398 in
1476 5329 1690 5415 primos.
1764 5344 1785 5377 ⁷
1822 5344 1863 5398 Β
1887 5358 2030 5415 corr.
2061 5343 2271 5415 Nonne.

377 5401 531 5456 testes
570 5404 781 5484 virtutes
808 5401 1125 5484 οηιηςεέέὲο
1174 5412 1378 5484 igneam
1429 5401 1564 5476 οιή..
1599 5415 1772 5471 addidi
1811 5431 1878 5470 ex
1906 5414 2046 5484 coni.

3402 5334 3423 5366 ⁸
3459 5329 3500 5383 Β
3528 5347 3647 5384 cae-

2378 5342 2400 5374 ⁸
2422 5339 2466 5395 Β
2489 5342 2696 5412 igneam
2730 5341 2881 5395 habet
2908 5338 3293 5410 proprietatem.
3402 5338 3423 5366 '
3459 5338 3500 5383 Β
3528 5347 3642 5384 cae-

2378 5421 2395 5457 t
2427 5427 2534 5457 nm.
2569 5410 2756 5457 Aliud
2780 5424 2950 5457 mam.
2981 5408 3158 5457 adscr.
3180 5404 3263 5457 η’.
3343 5401 3386 5433 ¹²
3416 5400 3642 5457 Emend.

2136 5415 2175 5445 “
2207 5412 2395 5467 habent
2427 5404 2535 5466 om'.
2565 5411 2674 5474 AB,
2688 5410 2757 5466 ad
2780 5404 2950 5479 marg.
2981 5404 3158 5479 adscr.
3180 5404 3263 5457 ιν.

375 5488 480 5573 Ero
515 5476 755 5573 sapienti
789 5488 837 5532 et
879 5481 1063 5573 8ξίῗριὶ
1105 5491 1154 5536 et
1194 5475 1283 5537 M3
1333 5484 1591 5553 sapiencie
1618 5486 1836 5573 εεὶείιςξε
1883 5485 1943 5567 Βς
1977 5475 2120 5540 corr.
2165 5475 2941 5573 etlsgpientem.scientﬁmrqu§.
3017 5476 3060 5507 “
3085 5475 3179 5573 B‘D
3376 5479 3644 5573 srsceptgo

374 5544 514 5597 riam
536 5544 800 5601 virtutem.
898 5549 944 5582 “
970 5551 1046 5606 Ex
1072 5567 1214 5608 vers.
1244 5564 1298 5609 et
1338 5544 1468 5609 teit.

375 5611 422 5695 ετ
671 5613 763 5670 ΑΒ
787 5619 1081 5695 μωρίαν.
1155 5622 1398 5695 "cunt,
1434 5625 1477 5677 Α

373 5681 423 5754 ξι
452 5681 588 5740 Βεάξ
611 5700 756 5754 corr.
787 5687 979 5754 B‘,AB
1016 5695 1318 5749 secundum.

1538 5568 1700 5620 raec.,
1715 5555 1802 5609 AB
1827 5556 2102 5626 sapientes.

1569 5627 1982 5681 subsistentoria.
2061 5627 2104 5660 ¹⁹
2126 5625 2170 5680 Α

1408 5696 1454 5726 ¹¹
1484 5695 1620 5751 Rad.
1648 5711 1787 5750 corr.
1822 5695 1906 5759 B‘,
1936 5695 2025 5751 AB
2044 5694 2208 5750 illius.

2201 5553 2246 5585 ¹⁸
2274 5543 2332 5605 B‘
2359 5567 2501 5607 corr.
2546 5551 2622 5602 in.
2726 5547 2770 5578 ¹⁶
2808 5543 2945 5599 Rad.
2972 5561 3113 5600 corr.
3140 5544 3203 5610 B,
3250 5543 3339 5598 AB
3386 5544 3641 5601 divinant.

2207 5622 2434 5695 quidem.
2510 5619 2557 5651 ³ο
2577 5617 2730 5695 Carr.
2776 5615 2861 5680 B',
2912 5630 3013 5685 pro
3047 5628 3235 5695 quarta
3293 5617 3381 5671 AB
3407 5614 3641 5695 Δμεζιὶασ.

2306 5691 2352 5722 ’³
2376 5692 2440 5745 Β“
2464 5701 2623 5759 supra
2649 5685 2824 5759 adscr.
2861 5698 2933 5740 est
2969 5685 3341 5759 pitrgationes;
3407 5686 3454 5718 ”
3483 5686 3640 5759 gert.

370 5750 585 5837 ξ’,οΔβ
633 5750 876 5818 naturae.
928 5760 999 5797 ’⁸⁸
1039 5762 1196 5833 Cors.
1225 5763 1314 5837 B',
1354 5764 1443 5825 AB
1469 5750 1809 5825 subsistentis.
1885 5750 1934 5799 ί⁶
1962 5750 2007 5822 Α
2042 5764 2283 5835 refertur.
2389 5760 2431 5829 '1
2473 5750 2720 5824 Emend,
2751 5755 2797 5814 Δ
2825 5750 3136 5827 eunt,'B'e?t.
3239 5757 3462 5816 “Con.
3484 5755 3570 5820 B',
3594 5752 3643 5809 Δ

371 5819 420 5879 Β
440 5826 673 5895 positus.
