4178 6266
535 339 642 405 245

1911 370 2197 437 JOANNIS
2235 380 2431 439 SCOTl

3702 406 3812 483 2M

536 464 585 537 et
611 454 879 517 beatorum
914 464 1236 537 angelorum,
1270 483 1317 526 et
1343 485 1463 530 ante
1496 477 1898 539 uiuminativam
1936 490 2120 559 ipsius,
2154 506 2196 559 Α
2228 482 2406 562 ptine,
2441 510 2487 551 et
2515 517 2624 554 esse
2648 513 2695 556 et
2741 506 2864 560 bene
2890 526 3017 571 esse,
3043 510 3201 566 etiam
3254 515 3380 585 ipsis
3409 536 3609 577 suntme
3646 531 3813 584 numi-

539 542 713 585 ἀπίηιιῖ
771 559 1144 585 ικηη..,1..-.;-.-
1162 581 1225 585 --η
1451 570 1462 585 1
1547 573 1577 585 ι.
1638 576 1651 585 .
1702 577 1732 585 ν.
1826 579 1836 585 .
2258 583 2265 585 ξ
2333 583 2367 585 ,_

538 542 737 621 angeli,
771 559 1250 627 manuduetionem,
1289 583 1391 635 qua
1431 570 1582 626 duxit
1637 576 1651 605 '
1694 577 2021 652 theologum,
2069 587 2123 638 in

537 639 684 695 illam
717 654 971 707 sanctam.
1027 652 1246 709 visionis
1291 659 1469 727 plane,
1519 669 2004 739 contemplationem
2052 694 2125 731 re-

534 722 789 803 posuisse,
821 739 920 794 hoc
953 752 1035 797 est
1081 747 1346 815 retulisse,
1383 753 1435 806 in
1466 758 1637 825 ipsum
1667 762 1914 821 videlicet
1955 769 2119 825 Sera-

534 818 701 903 phim‘,
738 843 771 881 a
801 830 908 899 quo
950 844 1003 886 et
1044 852 1140 903 per
1166 853 1323 908 quem
1370 844 1394 875 ³
1422 818 1570 902 visus
1624 861 1707 907 est
1736 872 1967 930 purgare
1999 877 2122 931 pro-

1736 910 1749 924 .
1838 910 1965 930 om-
1999 910 2091 931 Γ---

534 910 771 980 ﬁliolam.
824 918 888 973 Et
936 923 1112 977 sedere
1154 928 1287 984 videt
1331 935 1712 998 excelsissimae
1747 952 2017 1018 essentias,
2067 950 2119 1009 id

2067 998 2119 1009 ...

531 998 635 1068 e’st,
684 1013 1244 1076 superexcelsissimas
1286 1029 1570 1094 essentias,
1596 1047 1849 1099 quantum
1886 1042 1940 1095 in
1979 1060 2119 1114 sym-

535 1092 657 1114 Ι..19Δ
715 1095 750 1114 ll
871 1102 882 1114 ι
1032 1107 1046 1114 ⁵

531 1092 660 1149 bolis
694 1095 993 1171 dicendum,
1032 1107 1133 1164 hoc
1168 1121 1273 1177 est,
1316 1129 1575 1186 quantum
1606 1139 1704 1193 per
1742 1133 1980 1200 symbola
2010 1136 2113 1191 dici

528 1192 739 1281 potest,
798 1194 942 1261 quod
1001 1188 1267 1258 ineffabile
1313 1215 1434 1271 est,
1482 1188 1815 1279 post—Deum
1874 1231 1921 1275 et
1975 1225 2114 1281 circa

526 1266 695 1328 Deum
764 1279 1045 1342 collocatas
1075 1329 1089 1353 ,
1148 1299 1648 1370 superpriucipalem
1712 1314 2063 1371 summitatem
2096 1360 2112 1386 ,

527 1372 1030 1431 superessentialem
1098 1378 1350 1440 videlicet
1414 1388 1744 1462 bonitatem,
1822 1403 1875 1455 in
1939 1407 2111 1462 medio

525 1454 1051 1524 superﬁrmitatarum
1097 1469 1120 1499 ³
1153 1474 1403 1553 virtutum
1456 1486 1938 1553 supercollocatam.
1986 1498 2111 1553 Brev

524 1541 667 1599 viter
707 1562 1095 1611 commemorat
1143 1548 1402 1644 visionem
1459 1574 1787 1643 prophetae,
1847 1596 1985 1651 quae
2030 1589 2109 1644 sic

522 1630 581 1688 in
650 1634 902 1697 hebraica
972 1648 1199 1705 veritate
1271 1630 1475 1729 scripta
1551 1630 1677 1731 est;
1755 1630 2107 1747 Sepiuaginta

521 1725 664 1780 enim
693 1745 825 1799 prae
851 1738 1099 1794 manibus
1127 1760 1232 1799 non
1279 1748 1561 1822 habemus,
1608 1775 1743 1828 quos
1794 1761 1815 1793 "
1862 1725 2107 1837 seqbitur

522 1812 613 1837 ns-
728 1822 740 1834 ο
954 1828 1012 1837 ---
1040 1833 1069 1837 --
1102 1835 1115 1837 -

520 1812 850 1891 Dionysius:
901 1846 920 1880 ι
954 1828 1071 1888 Vidi
1097 1835 1379 1896 Dominum
1425 1812 1587 1903 sede'n

517 1915 791 1974 excelsum
821 1932 877 1978 et
921 1920 1210 1997 elevatnm,
1246 1942 1302 1991 et
1329 1954 1412 2005 ea,
1456 1959 1595 2013 quae
1626 1948 1726 2003 sub
1774 1950 1890 2022 ipso
1932 1966 2107 2026 erant,

517 2004 811 2076 implebant
842 2019 1119 2089 templum.
1174 2004 1486 2101 Seraphin].
1511 2039 1729 2095 stabant
1773 2004 1934 2114 sruper
1958 2004 2107 2118 illud:

517 2098 610 2189 se;
635 2101 753 2158 alae
784 2108 872 2161 uni
905 2110 944 2176 ⁵,
982 2127 1073 2167 sex
1107 2116 1222 2173 alae
1256 2121 1430 2178 alteri.
1470 2128 1684 2188 Duabus
1734 2134 1986 2194 velabant
2032 2141 2110 2196 fa-

516 2182 653 2245 ciem
684 2195 822 2264 ejus,
854 2206 907 2255 ει
942 2203 1150 2262 duabus
1182 2210 1431 2293 velabaut
1460 2221 1625 2289 pedes
1648 2223 1783 2294 ejus,
1817 2239 1871 2284 et
1900 2232 2106 2290 duabus

512 2280 767 2340 volabant
793 2297 845 2343 et
876 2291 1182 2354 clamabant
1211 2290 1440 2363 alter-ad
1468 2310 1697 2369 alterum
1728 2328 1779 2373 et
1808 2319 2061 2380 dicebant
2088 2345 2100 2380 :

514 2368 763 2442 Sanctus,
798 2378 1048 2468 Sanctus,
1084 2387 1315 2449 Sanctus
1354 2395 1614 2458 Dominus
1658 2405 1798 2462 Deus
1843 2409 1863 2440 θ
1896 2415 2104 2470 exerci-

515 2469 660 2517 tuum
687 2482 701 2530 ;
731 2468 884 2536 plena
914 2463 993 2529 est
1023 2482 1199 2538 omnis
1231 2493 1370 2541 terra
1394 2490 1563 2560 gloria
1585 2493 1720 2564 ejus.
1747 2499 1813 2554 Et
1831 2513 2101 2561 commota

511 2564 639 2610 sunt
690 2565 1121 2632 suprrliminaria
1153 2572 1431 2636 cardinum
1487 2600 1517 2639 a
1547 2602 1680 2655 voce
1709 2592 2014 2661 clamantis,
2046 2605 2102 2653 et

518 2642 570 2661 ι-
756 2650 767 2661 .
867 2653 880 2661 -

509 2642 703 2742 domus
752 2650 968 2722 impleta
1022 2670 1103 2715 est
1152 2662 1300 2722 fumo
1336 2654 1703 2742 thymiamatis
1738 2681 1779 2735 ".
1809 2681 1877 2738 Et
1926 2642 2096 2742 ditiit:

509 2730 623 2791 Vae
670 2740 824 2809 mihi,
857 2748 980 2816 quia
1033 2755 1196 2819 tacui,
1243 2758 1370 2829 quia
1389 2730 1493 2816 "vir
1534 2730 2097 2847 polluiusvlabiismego

504 2839 649 2894 sum,
688 2837 743 2886 et
764 2832 817 2888 in
845 2840 1022 2895 medio
1047 2846 1227 2916 populi
1259 2850 1461 2918 polluta
1494 2832 1631 2912 labia
1676 2860 1697 2892 ⁸
1724 2862 1973 2921 habentis
1994 2832 2096 2940 ego

1848 2918 1873 2919 η
2001 2918 2087 2940 Ὅ,

504 2918 708 2990 habito,
742 2936 797 2980 et
848 2945 1028 3003 regem
1077 2937 1364 2998 Dominum
1419 2952 1755 3009 exercituum
1788 2959 1895 3014 vidi
1924 2962 2095 3021 oculis

504 3015 661 3071 meis.
716 3018 782 3074 Et
823 3024 1023 3082 volavit
1072 3031 1142 3085 ad
1192 3051 1277 3090 me
1332 3053 1470 3096 unus
1516 3043 1583 3099 de
1609 3048 1917 3120 Seraphim,
1950 3064 2004 3109 et
2034 3056 2089 3111 in

503 3125 662 3167 manu
694 3112 808 3185 ejus
830 3119 1086 3189 calculus,
1137 3143 1297 3197 quem
1327 3130 1532 3206 forcipe
1564 3139 1761 3197 tulerat
1803 3144 1870 3200 de
1908 3148 2087 3216 altari,

502 3208 558 3260 et
584 3209 761 3280 tetigit
792 3226 853 3266 os
886 3230 1065 3270 meum
1092 3226 1145 3283 et
1199 3222 1370 3277 dixit:
1427 3226 1565 3283 Ecce
1594 3234 1743 3304 tetigi
1798 3235 1900 3292 hoc
1946 3239 2088 3298 labia
2117 3227 2162 3288 (ἶ

502 3304 590 3351 tua
621 3310 673 3354 et
703 3303 981 3360 auferetur
1009 3310 1268 3380 iniquitas
1300 3323 1447 3372 tua».
1479 3321 1674 3379 Didicit
1702 3303 1907 3397 igitur.
1936 3335 2090 3389 visio-

501 3389 654 3443 nibus
681 3392 792 3463 ipse
813 3396 1105 3470 theologus,
1149 3407 1273 3475 quia
1292 3408 1454 3477 juxta
1507 3428 1711 3470 omnem
1757 3438 2089 3490 superessen-

499 3478 679 3535 tialem
723 3490 1211 3555 supereminentiam
1240 3497 1721 3572 incomparabiliter
1767 3514 2086 3583 supercollo-

726 3562 730 3566 _
1413 3562 1422 3572 Ι
1771 3562 2053 3583 "'r""""

496 3580 674 3626 catum
695 3586 769 3629 est
814 3578 1044 3635 divinum
1075 3586 1236 3642 simul
1277 3595 1419 3649 omni
1450 3596 1645 3652 visibili
1673 3601 2020 3679 iuvisibilique
2045 3611 2089 3643 ¹⁹

497 3660 703 3720 virtute.
744 3666 958 3737 Didicit,
990 3672 1181 3747 inquit,
1214 3681 1379 3739 Isaias
1409 3686 1450 3717 “
1482 3687 1774 3749 visionibus
1800 3698 1930 3764 suis,
1962 3702 2088 3771 quia

497 3753 644 3810 solus
682 3758 824 3817 Deus
870 3760 1335 3834 Superessentialis
1386 3789 1551 3835 estet
1599 3791 2006 3856 supereminens
2033 3804 2088 3852 et

496 3843 992 3920 incomparabiliter
1020 3865 1475 3930 supercollocatus
1519 3876 1665 3930 omni
1716 3880 1911 3937 visibili
1943 3886 2084 3942 invi-

495 3941 747 4015 sibilique
798 3947 841 3979 ι’
873 3950 1089 4009 virtute.
1133 3956 1318 4015 Potest
1371 3965 1533 4021 etiam
1582 3968 1970 4042 interpretari:
2005 3981 2085 4037 in-

494 4038 931 4105 comparabiliter
978 4050 1461 4118 super-collocatum
1516 4069 1599 4115 est
1647 4062 1886 4121 divinant
1934 4074 2081 4131 omni

493 4127 691 4186 visibili
742 4132 1105 4213 invisibilique
1133 4145 1352 4203 virtute.
1414 4151 1661 4210 Divinum
1712 4171 1891 4217 autem
1945 4167 2082 4224 dixit

492 4219 665 4292 ipsum
718 4226 908 4297 Deum,
964 4236 1319 4296 usitatissimo
1366 4243 1697 4306 Graecorum
1751 4271 1920 4313 more.
1976 4259 2078 4332 Ipsi

488 4314 633 4393 enim
659 4318 843 4376 dicunt
865 4326 990 4388 Θεός
1024 4338 1074 4382 et
1106 4334 1254 4400 θιῖον,
1286 4335 1385 4391 hoc
1418 4349 1530 4403 est,
1562 4342 1702 4399 Deus
1727 4356 1782 4401 et
1813 4314 2073 4408 divinum.

486 4404 644 4483 4tqui
674 4404 738 4476 ³⁸,
780 4415 863 4467 vel
890 4428 943 4470 et
985 4423 1223 4491 quidem,
1256 4442 1285 4481 a
1322 4433 1691 4500 superioribus
1718 4426 2077 4501 subauditur;

487 4494 674 4553 didicit
717 4499 786 4565 “,
842 4508 966 4573 quia
1018 4515 1249 4567 omnium
1298 4527 1373 4571 est
1424 4527 1926 4596 remotissimorum,
1988 4532 2069 4587 vel

489 4585 534 4617 ¹⁴
558 4587 1066 4663 excelsissimorum,
1099 4609 1510 4672 supereminens
1551 4617 1801 4684 subaudi,
1854 4631 1909 4673 ut
1943 4625 2065 4677 uni-

485 4679 702 4747 versale,
733 4684 989 4743 subaudis
1018 4690 1282 4762 divinum,
1311 4717 1473 4772 neque
1498 4707 1682 4774 primis
1707 4726 1911 4775 eorum.
1934 4732 2067 4787 quae

482 4781 626 4837 sunt,
655 4778 890 4833 essentiis
932 4782 1120 4839 simile.
1167 4789 1316 4852 Quae
1348 4794 1492 4849 enim
1521 4804 1760 4857 essentia
1818 4822 2068 4876 superes-

481 4863 697 4919 sentiali
722 4866 914 4924 similis
943 4889 1061 4930 esse
1090 4882 1307 4948 potest?
1338 4883 1522 4941 Att/mc
1543 4900 1589 4943 et
1611 4894 1842 4951 omnium
1872 4898 2062 4970 ipsum,

480 4953 720 5013 divinum
762 4960 1025 5031 videlicet,
1082 4972 1394 5044 principium
1429 4991 1474 5031 et
1513 4999 1726 5038 causam
1775 4989 2063 5045 substanti-

478 5045 633 5116 ficam
654 5068 765 5108 esse
786 5053 993 5120 didicit.
1027 5070 1073 5115 et
1099 5079 1299 5131 eorum,
1326 5086 1460 5140 quae
1500 5084 1641 5137 sunt,
1665 5091 1860 5133 secreta
1885 5081 2067 5150 singu-

477 5139 688 5201 laritate
732 5146 1057 5210 immutabile
1084 5156 1532 5230 fundamentum;
1581 5185 1644 5223 ea;
1690 5188 1815 5241 quo,
1864 5172 2045 5228 divino

2228 583 2294 636 tis
2329 583 2371 614 ¹⁶
2393 596 2465 640 est
2496 589 2787 648 virtutibus.
2823 596 2974 664 Quod
3006 616 3134 671 ergo
3174 583 3433 676 propheta
3465 612 3607 669 videt
3635 616 3813 674 Domi-

2227 690 2355 729 num
2383 679 2571 736 sedere
2599 698 2761 755 super
2805 691 3201 749 excelsissimas
3236 701 3515 768 essentias,
3548 722 3809 768 remotam

2223 765 2292 821 ab
2331 755 2581 828 omnibus
2629 778 2797 848 ipsius
2833 781 2872 811 "’
2921 789 3546 859 superessentialitatem,
3582 810 3635 852 et
3665 805 3809 870 quod

2222 862 2603 921 universaliter
2647 874 2887 945 omnipm
2939 877 3427 953 excelsissimorum
3456 878 3510 942 et
3554 891 3622 946 ab
3657 895 3804 952 onmi

2223 950 2493 1011 intellectu
2521 964 3007 1024 r‘cmotissimorum
3041 975 3434 1035 remotissimus
3467 983 3641 1049 sit,.et
3659 988 3803 1057 quod

2221 1061 2394 1117 neque
2419 1050 2625 1117 primae
2654 1059 2919 1115 essentiae
2966 1064 3171 1121 similes
3202 1070 3248 1123 ei
3285 1071 3413 1139 sint,
3462 1078 3606 1130 omni
3637 1080 3802 1149 siqui-

2219 1136 2340 1193 dem
2363 1140 2717 1204 similuudiue
2745 1151 3087 1224 relinquitur,
3117 1136 3407 1229 quamvis,
3433 1174 3494 1220 ut
3542 1167 3605 1223 de
3635 1136 3803 1227 eoldi-

2218 1239 2374 1285 catur
2399 1232 2622 1304 aliquid,
2651 1254 2716 1294 ex
2747 1251 2997 1298 creatura
3029 1247 3411 1310 similitudines
3438 1257 3487 1310 ei
3516 1259 3804 1316 adhibean-

2219 1328 2321 1387 tur,
2356 1323 2663 1395 signilicat;
2696 1334 2839 1400 quod
2878 1344 3055 1391 autem
3089 1341 3412 1411 principium
3446 1347 3518 1401 sit
3563 1351 3807 1407 omnium

2215 1424 2268 1470 et
2316 1433 2477 1474 causa
2532 1424 2902 1482 substantilica
2941 1441 3320 1504 secretumque
3372 1448 3428 1494 et
3472 1443 3810 1502 immutabile

2213 1515 2268 1561 et
2307 1509 2578 1578 singulare
2607 1512 3038 1595 fundamentum,
3089 1538 3183 1592 per
3236 1526 3279 1557 ¹⁸
3312 1530 3565 1587 cardines
3597 1536 3804 1605 templi,

2214 1601 2357 1655 circa
2383 1617 2519 1671 quos
2545 1592 2748 1687 omnia,
2801 1626 2939 1681 quae
2985 1617 3286 1683 moventur,
3317 1620 3628 1688 volvuntur,
3675 1627 3802 1680 dum

2214 1692 2265 1746 in
2298 1693 2491 1769 scipsis
2527 1682 2894 1758 immutabiles
2921 1717 3296 1774 permaneant,
3344 1713 3571 1781 mystice
3598 1714 3803 1792 ﬁgura;

2214 1790 2316 1834 tur.
2349 1781 2549 1839 Deinde
2575 1790 2786 1844 easdem
2813 1797 3261 1852 sanctissimorum
3286 1798 3558 1866 Seraphin:
3588 1807 3800 1862 edoctus

1597 1861 1700 1906 tem
1732 1871 1895 1926 super
1917 1861 2109 1920 solium
2140 1863 2186 1921 B
2213 1884 2286 1927 est
2318 1875 2597 1946 deiformes
2633 1882 2882 1950 virtutes;
2912 1906 3065 1942 sacra
3102 1892 3311 1958 quidem
3353 1894 3584 1964 ipsorum
3613 1914 3776 1968 cogno

2216 1964 2520 2033 minutione,
2545 1972 2685 2040 quod
2711 1983 2785 2026 est
2825 1975 3067 2046 ignitum,
3112 1979 3177 2033 de
3204 1998 3306 2050 quo
3327 1984 3491 2052 paulo
3516 1999 3630 2050 post
3660 1991 3801 2044 dice-

2212 2070 2347 2122 mus,
2379 2070 2634 2127 quantum
2681 2065 2926 2132 possibile
2966 2069 3396 2128 subintroducere
3443 2079 3497 2129 in
3542 2081 3799 2148 deiforme

2209 2144 2403 2214 ignitae
2431 2148 2633 2203 virtutis
2678 2168 2961 2224 anagogas.
3005 2157 3269 2227 Ipsorum,
3300 2165 3473 2233 inquit
3502 2168 3560 2229 ‘9,
3595 2184 3797 2239 cogno-

2208 2237 2506 2295 minatione
2536 2272 2602 2283 —-
2635 2245 2850 2317 utrique
2872 2250 3016 2303 enim
3038 2249 3324 2323 Seraphim
3355 2261 3702 2315 nominantur
3724 2291 3796 2304 ——

2206 2342 2347 2397 quae
2373 2341 2456 2399 est
2485 2332 2730 2404 ignitum,
2763 2339 2829 2393 de
2855 2355 2963 2408 quo
2996 2343 3162 2413 ignito
3191 2346 3467 2414 paululum
3499 2354 3797 2421 posterius,

2204 2429 2466 2486 quantum
2518 2425 2674 2479 nobis
2724 2428 2981 2496 posibile
3033 2441 3117 2486 est
3168 2435 3640 2502 subintroducm‘e,
3696 2460 3796 2499 nos

2205 2508 2466 2567 dicemus.
2518 2512 2757 2573 Edoctus
2809 2528 2894 2573 est
2947 2523 3206 2591 propheta
3238 2542 3533 2601 anagogas,
3563 2533 3662 2590 hoc
3692 2545 3794 2607 est,

2201 2602 2545 2658 ascensiones
2571 2619 2760 2661 eorum
2786 2607 3071 2680 Seraphim
3101 2613 3155 2667 in
3186 2614 3442 2674 deiforme
3466 2618 3666 2690 ignitae
3688 2626 3794 2679 vir-

2202 2694 2351 2747 tutis.
2377 2695 2655 2753 lntellectu
2682 2701 2879 2774 quippe
2931 2708 3315 2791 nominationis
3355 2715 3599 2773 eruditus
3623 2729 3705 2773 est
3733 2719 3791 2774 in

2199 2786 2605 2844 ascensionibus
2633 2805 2821 2847 eorum
2844 2794 2898 2848 in
2922 2796 3234 2856 deil'ormem
3266 2786 3488 2876 ignitum
3509 2810 3787 2883 virtutem.

2195 2876 2641 2950 igneasiquidem
2673 2884 2843 2942 virtus
2885 2887 2996 2959 Deo
3025 2892 3217 2950 similis
3241 2908 3343 2963 est,
3372 2912 3633 2967 quantum
3661 2919 3788 2959 seu-

2196 2970 2444 3027 sibilibus
2468 2978 2734 3031 creaturis
2771 2980 3070 3040 similitudo
3097 2987 3213 3057 ejus
3258 2988 3604 3058 imprimitur.
3654 2994 3793 3053 Hinc

2195 3075 2248 3120 et
2283 3067 2397 3138 ipse
2430 3070 2508 3123 ait
2532 3088 2546 3124 :
2573 3089 2592 3122 ε
2629 3069 2743 3141 Ego
2770 3089 2888 3128 sum
2917 3077 3056 3146 ignis
3108 3096 3434 3141 consumens
3476 3105 3523 3140 ι.
3569 3086 3791 3163 Alarum

2194 3173 2310 3210 vero
2337 3175 2567 3230 expansa
2592 3179 2745 3217 sacra
2775 3164 3092 3234 formatione
3119 3172 3175 3226 in
3227 3173 3457 3229 divinum
3506 3178 3562 3232 iu
3583 3181 3788 3250 primis,

2194 3250 2247 3303 in
2278 3251 2321 3280 9°
2367 3255 2575 3318 mediis,
2616 3254 2672 3309 in
2697 3256 2740 3287 ¹¹
2778 3256 2975 3316 ultimis
3032 3263 3377 3322 intelleCtibus
3417 3271 3708 3327 absolutam
3740 3283 3790 3330 et

2191 3341 2504 3398 altissimam
2532 3349 2905 3415 cxtensionem,
2957 3352 3059 3408 hoc
3092 3364 3198 3423 est,
3226 3372 3325 3429 per
3351 3376 3643 3431 expanSam
3692 3379 3784 3419 sa-

2190 3446 2339 3485 cram
2368 3432 2744 3493 formationem
2772 3441 2842 3515 "'
2869 3441 3079 3499 alarum
3105 3463 3120 3512 ;
3152 3462 3417 3520 expansas
3446 3453 3643 3527 quippe
3687 3454 3786 3512 Se-

2190 3524 2402 3609 rapbim
2456 3525 2568 3583 alas
2619 3530 2884 3600 propheta
2939 3535 3074 3590 vidit
3103 3539 3326 3597 edoctus
3353 3524 3679 3613 absolutam,
3732 3548 3788 3605 id

2188 3602 2292 3681 est,
2334 3618 2607 3676 citivolam
2638 3632 2694 3678 et
2741 3624 3061 3685 altissimam
3093 3636 3486 3707 extensionem,
3538 3650 3785 3698 contem-

2187 3709 2425 3780 platione
2450 3713 2699 3772 videlicet
2725 3717 2780 3771 in
2813 3719 3003 3788 Deum,
3058 3724 3112 3779 in
3147 3727 3358 3796 primis,
3394 3730 3449 3786 in
3478 3732 3694 3799 mediis,
3724 3735 3782 3791 in

2189 3800 2392 3855 ultimis
2418 3802 2817 3874 intellectibus;
2849 3827 3203 3886 unaquaeque
3244 3820 3390 3897 enim
3420 3822 3668 3879 caelestis
3690 3840 3779 3882 es-

2186 3894 2382 3961 sentia,
2421 3907 2479 3952 ut
2508 3898 2562 3952 in
2585 3904 2957 3972 superioribus
2980 3917 3267 3966 tractatum
3297 3894 3399 3980 est,
3426 3919 3633 3989 primas
3663 3920 3706 3950 "
3726 3926 3784 3977 et

2186 3991 2391 4046 medias
2419 4002 2474 4048 et
2526 3994 2745 4054 ultimas
2778 3998 3004 4057 virtutes
3031 4004 3211 4062 habet.
3276 4007 3407 4064 Alae
3452 4012 3638 4084 itaque
3679 4031 3777 4071 ex-

2184 4101 2387 4156 pansae
2418 4086 2756 4146 altitudinem
2784 4093 3170 4167 intelligentiae
3196 4103 3574 4173 symbolizant.
3604 4108 3711 4164 Sed
3729 4117 3777 4164 et

2181 4190 2362 4229 eorum
2385 4179 2697 4247 multi/icum
2725 4192 2772 4236 et
2810 4185 3133 4252 multiforme
3177 4192 3371 4265 videns;
3407 4195 3777 4254 intellectualis

2180 4267 2474 4340 theologus,
2497 4282 2545 4325 et
2573 4272 2673 4327 alis
2700 4274 2976 4348 distingui,
3004 4296 3120 4335 eam
3152 4285 3335 4342 subtus
3379 4289 3534 4357 pedes
3574 4300 3636 4344 et-
3658 4308 3774 4345 eam

2179 4357 2359 4415 subtus
2385 4361 2547 4430 [aries
2576 4364 2840 4435 visionem,
2882 4379 2931 4422 et
2956 4387 3074 4425 eum
3120 4376 3176 4429 in
3214 4378 3401 4433 mediis
3434 4380 3535 4436 alis
3574 4399 3776 4453 semper

2178 4462 2397 4507 motum.
2454 4454 2565 4511 Hac
2605 4457 2835 4514 triformi
2872 4462 3079 4518 alarum
3129 4466 3478 4527 diminutione
3532 4475 3603 4529 ab
3654 4476 3770 4544 ipsa

2176 4545 2334 4616 plane
2369 4547 2571 4603 visione
2598 4552 2840 4610 reductus
2878 4566 2952 4611 est
2981 4559 3267 4629 propheta,
3313 4561 3366 4616 id
3414 4570 3519 4629 est,
3547 4580 3763 4622 sursum

2173 4639 2365 4694 ductus
2393 4640 2448 4695 in
2470 4658 2674 4706 eorum,
2703 4662 2839 4717 quae
2889 4649 2997 4705 visa
3023 4660 3166 4715 sunt,
3196 4653 3562 4724 cognitionem,
3593 4658 3764 4713 mani-

2172 4732 2363 4801 festata
2391 4734 2440 4789 ei
2462 4736 2839 4794 altissimorum
2861 4741 3212 4798 intellectum
3246 4746 3484 4802 multivia
3504 4758 3554 4804 et
3584 4751 3765 4811 multi.-

2172 4826 2292 4879 tn'da
2340 4827 2572 4897 virtute;
2629 4831 2732 4887 hoc
2782 4844 2906 4902 est,
2958 4835 3083 4893 dum
3141 4836 3488 4897 manifestata
3552 4852 3637 4899 est
3689 4844 3762 4910 ei,

2169 4920 2486 4989 prophetae,
2516 4920 2905 4980 altissimorum
2955 4926 3324 4986 intellectuum
3377 4933 3654 5005 tuultiplex
3709 4936 3762 4991 in

2172 5009 2274 5063 viis
2326 5010 2461 5074 suis,
2501 5021 2556 5067 et
2605 5013 2659 5068 in
2718 5015 3019 5095 visionibus
3077 5022 3191 5077 suis
3238 5023 3516 5096 multiplex
3568 5028 3761 5084 virtus.

2168 5098 2305 5166 Quid
2377 5111 2556 5157 autem
2635 5106 2906 5176 tripartite
2968 5108 3182 5167 alarum
3253 5114 3531 5170 distinctio
3581 5119 3759 5173 subsi-

2160 5203 2290 5245 nuat
2319 5192 2385 5255 “,
2415 5190 2813 5268 censequenter
2859 5199 3105 5275 adiungit
3130 5206 3355 5262 dicens:
3393 5207 3463 5261 Et
3491 5209 3541 5241 "
3578 5226 3759 5264 eorum

1775 5284 2031 5340 VARIAE
2071 5283 2454 5342 LECTlO-NES

547 5372 563 5465 ς
589 5375 650 5429 8'
675 5379 808 5465 rod;
831 5382 1155 5465 corr.“dixit.
1255 5388 1276 5418 '
1305 5388 1458 5445 Corr.
1489 5392 1572 5465 B‘,
1604 5394 1691 5448 AB
1710 5395 1869 5465 quod.

474 5440 681 5519 fB__sea:
737 5450 925 5514 alieni,
974 5453 1046 5508 Β·
1101 5472 1245 5511 corr.
1306 5478 1398 5514 sea:
1443 5462 1559 5517 alae
1608 5466 1719 5519 uni.

470 5513 586 5603 ’HI}
606 5531 745 5603 ergq.
801 5520 1215 5603 .“_B‘in_visibili
1281 5532 1586 5603 risibilique.

471 5653 561 5732 ΑΙΒ
605 5655 750 5732 dicit.
846 5660 893 5732 λ¹⁵
922 5661 961 5713 Β
992 5676 1058 5714 et.
1140 5668 1179 5695 ’θ
1212 5670 1248 5720 Β
1272 5674 1284 5690 ⁸
1320 5653 1444 5725 ⁷1·θῖ
1481 5653 1625 5730 crit'r.
1681 5678 1854 5732 inviis.

470 5722 601 5803 με..
648 5724 688 5756 ¹⁹
713 5727 1026 5817 ιηιμιὸςηιεειι.
1060 5733 1133 5817 Β..
1189 5738 1244 5817 λθ
1280 5740 1337 5817 in
1362 5760 1506 5817 nun,
1527 5747 1729 5817 addidi.
1760 5764 1822 5801 ex
1846 5748 1987 5817 eouj.

472 5793 787 5851 motionum.
860 5798 906 5831 ⁸³
929 5800 1157 5861 Emend.
1184 5805 1228 5860 Β
1247 5811 1289 5877 ³,

1974 5396 1995 5426 ³
2036 5394 2189 5451 Corr.
2235 5396 2327 5472 B‘,
2379 5398 2469 5472 Ad}
2506 5404 2949 5472 s’uper/irmatum.

1828 5465 1848 5495 “
1901 5466 2035 5520 Deus
2083 5482 2191 5521 om.
2242 5469 2306 5524 A.
2402 5470 2422 5500 ⁷
2483 5465 2578 5524 Ali
2610 5474 2649 5524 ti

1692 5536 1731 5565 “
1783 5537 1820 5587 Α
1877 5538 2045 5589 esaias
2079 5578 2093 5599 ,

473 5583 677 5648 bilique
706 5587 746 5639 A
794 5590 1036 5646 inuisibrli
1068 5583 1521 5671 ιηιιίεέξνελφέεςῖι
1574 5606 1820 5658 invisibili
1864 5607 2167 5686 t'isiltilique.
2249 5610 2291 5641 ιι
2340 5613 2379 5666 B

473 5653 561 5735 AP
605 5655 750 5735 ὀξεῖα·
845 5660 893 5735 ξδ
922 5661 961 5713 Β
992 5676 1076 5735 et._
1140 5668 1179 5695 ’θ
1212 5670 1284 5720 6’
1330 5677 1424 5725 ral
1481 5690 1625 5730 Corr.
1681 5678 1854 5732 inviis.
1935 5678 1973 5707 ’⁷
2020 5695 2181 5735 ιυειυβ
2218 5696 2324 5735 Om-
2357 5682 2397 5735 Β

2020 5695 2181 5736 ψειηβ
2218 5696 2324 5735 0m.
2357 5695 2417 5736 IS.

2037 5696 2181 5748 pslus
2218 5696 2324 5735 oni.
2357 5696 2417 5736 ts.
2520 5696 2562 5715 ιο
2594 5696 2669 5736 ις·
2738 5705 2907 5763 marg.
2937 5696 3086 5749 adscr

2058 5749 2104 5822 _"
2134 5750 2196 5822 B'
2236 5768 2397 5822 supra
2431 5756 2603 5810 adscr.
2630 5769 2675 5811 et
2704 5762 2891 5817 mediis
2918 5774 2967 5817 et
3008 5764 3086 5819 in.

1692 5816 1740 5850 "
1775 5818 1818 5875 Β
1839 5816 1854 5840 ⁶
1885 5835 2030 5877 corr.
2049 5816 2320 5877 insinuat:
2380 5823 2428 5856 "
2456 5825 2591 5882 Rad.
2633 5843 2777 5884 corr.
2800 5830 2844 5884 Β
2864 5816 2906 5902 ',
2926 5816 3023 5889 ΔΒ
3048 5816 3126 5892 ut.

3081 5408 3422 5488 ξεστὴ-ΑΕΓ
3442 5455 3467 5488 ,_
3498 5414 3609 5488 7A8
3644 5416 3752 5488 qui.

3038 5479 3061 5512 ⁸
3110 5480 3249 5537 Corr
3309 5483 3393 5547 B',
3444 5485 3531 5541 AB
3578 5479 3751 5542 labiis.

2793 5547 2836 5577 “
2884 5549 3149 5615 Emend,
3191 5570 3285 5621 pro
3328 5557 3518 5610 visibili
3577 5559 3754 5613 invisi-

2249 5610 2291 5641 ⁸³
2340 5613 2416 5694 [ξ’
2458 5610 2630 5694 supra
2665 5618 2842 5672 adscr.
2900 5637 3045 5677 corr.
3092 5610 3158 5675 At
3191 5610 3345 5694 'quia.
3428 5626 3471 5658 ιδ
3523 5627 3751 5683 Emend.

2520 5682 2562 5715 ¹³
2594 5684 2632 5736 Β
2658 5694 2669 5705 “
2738 5705 2907 5763 marg.
2937 5694 3114 5749 adscr.
3164 5682 3229 5748 ué
3267 5695 3571 5752 cardinibus
3618 5712 3756 5753 temo

3160 5765 3207 5799 ⁸³
3235 5764 3489 5841 Eruenda,
3512 5769 3605 5827 AB
3641 5770 3755 5844 im

2402 5470 2422 5500 ⁷
2483 5470 2575 5525 ΑΒ
2610 5470 2932 5532 tintinmatis.

2165 5537 2207 5591 Β
2229 5542 2283 5612 ’Π
2314 5556 2456 5595 corr.
2517 5542 2713 5612 ysaias.
