4178 6266
483 349 589 414 247

1840 337 2125 400 JOANNIS
2160 335 2360 398 SCOTI

3658 318 3766 384 ω

485 479 664 528 autem
689 482 758 526 ex
789 465 960 540 ipsius
995 461 1301 522 Divinitatis
1342 456 1565 518 remotis
1601 456 1782 516 causis
1812 456 1856 523 ⁸,
1880 456 2074 527 cujus‘
2103 464 2152 521 Α
2181 461 2273 506 aut
2301 447 2597 505 sacerdotes
2628 460 2860 518 purgans
2903 450 2998 498 aut
3045 438 3383 506 illuminant,
3421 437 3536 510 ipsa
3579 435 3775 492 dicitur
3817 460 3825 480 ·-

485 577 675 617 omnes
714 574 900 617 sacros
936 557 1242 613 intellectus
1284 550 1808 625 superesseutialiter
1835 546 2066 618 perlicit.

486 653 540 706 In
574 651 716 706 nullo
737 650 758 682 ³
791 659 968 705 tamen
996 651 1159 702 distat
1179 662 1388 701 sensus.
1409 644 1606 698 Deinde
1619 659 1684 698 ea:
1712 639 1951 696 secundis
1981 645 2072 692 aut

486 742 778 796 novissimis
799 750 888 795 aut
915 739 1101 794 nostris
1128 735 1561 791 intellectualibus
1589 732 1887 793 uirtutibus,
1910 744 2075 801 quan-

485 847 594 887 tum
624 835 690 887 ab
722 834 837 904 ipsa
879 846 1222 901 unaquaeque
1263 827 1548 882 secundum
1588 824 1842 892 deiforme
1883 820 2072 883 extitit,

486 925 560 978 sic
589 923 921 1006 manifestqm
957 937 1108 975 suam
1132 919 1570 973 illuminationem
1598 915 1840 970 conducit
1864 911 1934 966 ad
1955 927 2076 982 pro-

485 1033 630 1084 priae
654 1005 1019 1068 occultationis
1049 1014 1070 1044 ⁸
1119 1011 1444 1066 laudandum
1474 1011 1730 1080 ignotum.
1759 1005 2074 1074 Postquam,

486 1104 678 1174 inquit,
717 1103 895 1157 divina
918 1103 1137 1157 claritas
1164 1118 1227 1156 ex
1269 1099 1496 1154 secretis
1529 1098 1641 1153 suis
1662 1094 1895 1165 erumpit
1921 1092 1966 1159 ⁵,
2013 1107 2078 1146 ac

488 1193 661 1263 primo
690 1192 930 1248 omnium
958 1191 1342 1248 excelsissimis
1363 1188 1572 1259 sibique
1594 1186 1855 1258 proximis
1871 1184 2078 1254 primae

489 1285 788 1341 ierarchiae
810 1285 1092 1340 ordinibus
1115 1283 1536 1339 manifestiorem
1563 1297 1622 1336 se
1657 1279 1848 1348 aperit,
1891 1291 2083 1332 conse-

489 1387 718 1448 quenter
757 1379 838 1432 sic
880 1377 1221 1433 manifestam
1271 1390 1424 1430 suam
1465 1372 1934 1434 illuntinationem,
1976 1368 2080 1422 hoc

489 1479 572 1522 est
600 1467 640 1531 ⁸,
677 1469 729 1523 in
763 1467 1102 1522 manifestam
1154 1483 1304 1522 suam
1338 1463 1780 1520 illuminationem
1806 1459 2078 1525 conclusit,

490 1558 592 1622 vel,
628 1568 680 1612 ut
715 1560 954 1630 apertius
978 1557 1323 1622 transfertur,
1349 1564 1658 1627 congregat.
1686 1555 1838 1610 Unde
1859 1565 2082 1622 congre-

490 1652 614 1722 gat?
639 1652 715 1706 Ex
740 1653 991 1707 secundis
1013 1661 1106 1707 aut
1130 1651 1460 1714 novissimis,
1481 1652 1580 1706 hoc
1602 1658 1704 1714 est,
1731 1664 1795 1703 ex
1815 1647 2083 1703 secundae

490 1753 583 1798 aut
610 1746 802 1798 tertiae
826 1744 1078 1799 caeleStis
1107 1743 1413 1796 ierarchiae
1438 1743 1458 1774 "
1480 1740 1779 1806 ordinibus,
1797 1748 1967 1793 autex
1987 1751 2083 1792 no-

2173 558 2399 614 purgare
2436 550 2484 596 et
2520 539 2840 601 illuminare,
2873 552 2966 607 per
2996 536 3166 605 ipsum
3210 530 3447 603 purgatis
3479 528 3776 594 ordinibus,

2174 650 2266 704 per
2293 649 2346 688 se
2371 634 2427 686 in
2462 633 2690 702 seipsum
2722 626 3084 700 reponentibus
3112 623 3355 695 proprias
3385 639 3566 678 sacras
3593 610 3804 691 opta?

2176 732 2375 796 tiones;
2433 729 2534 784 hoc
2581 737 2688 792 est,
2743 728 2868 782 dum
2921 723 3134 797 purgati
3185 723 3402 779 ordines
3451 737 3549 793 per
3599 720 3778 790 ipsum

2177 839 2450 878 summum
2476 822 2814 877 sacerdotem
2842 835 2940 890 per
2964 833 3023 873 se
3045 817 3096 872 in
3117 817 3290 886 ipsum
3319 813 3564 884 pr0prias
3590 823 3780 868 sacras

2177 914 2518 986 Operationes
2567 913 2832 978 referunt,
2870 911 3023 982 quasi
3057 910 3169 979 ipse
3199 907 3388 964 fecerit
3420 908 3465 940 “
3495 906 3639 976 quod
3671 904 3774 977 ipsi

2179 1003 2420 1059 faciunt:
2453 1004 2526 1058 sic
2551 1014 2597 1058 et
2632 1003 2900 1075 propriam
2936 1000 3266 1072 purgatioam
3295 999 3564 1052 scientiam
3592 1006 3641 1052 et
3669 997 3778 1052 vir-

2181 1104 2364 1160 tutem,
2393 1095 2500 1164 ipse
2520 1094 2882 1165 purgationem
2915 1091 3140 1162 theologi
3163 1090 3434 1160 perﬁciens
3456 1080 3695 1160 angelus;
3717 1089 3776 1144 in

2181 1187 2350 1242 Deum
2373 1186 2586 1257 quidem
2618 1184 2776 1240 veluti
2802 1182 3067 1238 causalem
3086 1221 3101 1248 ,
3135 1181 3324 1236 deinde
3348 1182 3402 1234 in
3428 1181 3597 1251 ipsum
3623 1178 3780 1234 Sera-

2180 1281 2341 1351 phim,
2377 1289 2628 1350 tanquam
2671 1277 2860 1347 prima
2884 1286 3120 1346 agentern
3154 1291 3417 1330 summum
3459 1273 3780 1328 sacerdotem

2184 1371 2406 1441 reponit.
2459 1369 2769 1424 Similitudo
2823 1367 3071 1437 sequitur
3114 1385 3127 1420 :
3169 1365 3329 1420 ueluti
3376 1365 3618 1435 fortassis
3669 1363 3784 1435 quis

2183 1461 2396 1525 dixerit,
2444 1478 2561 1515 cum
2605 1459 2839 1529 angelica
2885 1459 3168 1514 reverentia
3197 1465 3479 1527 purgatum
3525 1455 3787 1522 edocens;
3841 1495 3846 1501 -

2185 1555 2289 1610 hoc
2310 1552 2504 1619 est,ita
2535 1552 2773 1622 loquitur
2798 1551 3018 1622 angelus
3049 1549 3115 1604 ad
3144 1549 3486 1619 prophetam,
3517 1555 3780 1617 tanquam

2185 1648 2230 1704 si
2259 1647 2382 1716 quis
2411 1647 2652 1716 angelica
2685 1645 2987 1701 reverentia
3011 1644 3203 1716 dignus
3231 1649 3514 1713 purgatum
3547 1640 3785 1709 aliquem

2188 1740 2425 1804 doceret,
2454 1739 2746 1808 quomodo,
2773 1753 2881 1808 quo
2912 1736 3101 1792 ordine
3139 1742 3402 1805 purgatus
3430 1732 3520 1788 sit.
3555 1730 3693 1798 Quia
3727 1729 3784 1784 in

489 1837 615 1892 stris
646 1835 1096 1890 inte-llectualibus
1129 1836 1435 1896 virtutibus,
1469 1851 1535 1889 ex
1579 1834 1810 1888 humana
1833 1831 2084 1887 videlicet
2111 1849 2159 1910 Β
2186 1843 2254 1898 te,
2293 1849 2322 1886 ο
2373 1840 2592 1902 purgate
2628 1848 2659 1884 a
2711 1847 2829 1896 me,
2899 1828 2989 1899 qui
3037 1835 3091 1881 te
3141 1823 3391 1896 purgavi,
3437 1820 3786 1894 perﬁciendae

491 1929 778 1992 ierarchia,
805 1939 1063 1999 quantum
1093 1929 1294 1992 extitit,
1333 1929 1434 1982 hoc
1455 1935 1558 1994 est,
1591 1936 1851 1996 quantum
1881 1924 2080 1979 substi-

492 2028 602 2075 tuta
641 2029 725 2076 est
767 2019 834 2072 ab
864 2020 978 2089 ipsa
1017 2019 1198 2073 divina
1239 2019 1487 2072 claritate
1527 2032 1880 2086 unaquaeque
1909 2015 2082 2070 virtus

491 2111 572 2165 vel
598 2109 887 2173 ierurchia,
922 2111 1215 2163 secundum
1259 2099 1522 2163 deiforme
1544 2109 1584 2172 ⁸,
1612 2107 1662 2160 id
1689 2115 1793 2171 est,
1816 2106 1968 2177 juxta
1996 2104 2081 2158 di-

491 2201 670 2257 vinam
711 2200 1140 2256 similitudinem.
1173 2199 1254 2254 Ad
1299 2199 1426 2270 quid
1467 2198 1794 2269 congregat?
1831 2196 1912 2250 Ad
1959 2209 2084 2266 pro-

489 2292 640 2364 priae
688 2291 845 2364 plane
893 2290 1268 2348 occultationis
1317 2289 1640 2344 laudandum
1683 2289 1941 2358 ignotum,
1982 2288 2085 2342 hoc

490 2394 594 2450 est,
624 2394 683 2438 ut
700 2385 1065 2439 secretiSsima
1087 2382 1444 2452 omnibusque
1465 2381 1644 2450 ignota
1671 2381 1840 2448 ipsius
1866 2376 2086 2432 laudent

493 2479 772 2548 mysteria.
808 2476 968 2531 Lucet
997 2487 1192 2541 autem,
1223 2478 1336 2546 ipsa
1376 2474 1556 2528 divina
1587 2472 1829 2538 claritas,
1863 2487 1956 2542 per
1982 2472 2086 2525 sin-

495 2569 618 2641 gula
649 2569 993 2641 generaliter,
1009 2570 1101 2625 sed
1121 2585 1228 2640 quo
1253 2571 1556 2638 modo,quo
1579 2566 1798 2622 ordine?
1822 2565 2083 2630 secundis,

495 2662 695 2732 inquit,
717 2679 809 2733 per
836 2664 1028 2733 prima,
1051 2673 1097 2717 et
1129 2663 1176 2718 si
1195 2672 1391 2733 oportet
1415 2661 1635 2716 breviter
1669 2662 1859 2725 dicere,
1884 2659 2088 2730 primo.

494 2771 561 2810 ea:
589 2755 812 2820 occulto,
838 2765 1051 2811 secreto
1080 2755 1331 2813 videlicet
1359 2771 1458 2810 suo
1477 2797 1490 2821 ,
1521 2755 1590 2808 ad
1621 2753 1956 2822 manifestum
1985 2754 2088 2807 du-

495 2852 632 2902 citur
676 2864 770 2920 per
810 2849 1006 2919 printas
1036 2848 1077 2879 ¹⁰
1105 2849 1334 2913 virtutes,
1368 2847 1792 2903 subaudiendum
1826 2847 2044 2917 reliquit
2072 2863 2084 2900 :

495 2939 770 3005 secundis,
819 2953 917 3010 per
956 2939 1221 2994 secundas
1257 2940 1299 2971 “
1329 2954 1460 2994 vero
1511 2939 1714 3004 tertiis,
1755 2955 1854 3010 per
1903 2938 2092 2994 tertias

498 3030 704 3097 quartis
733 3029 786 3083 in
813 3027 859 3062 “
886 3028 1233 3083 manifestum
1260 3030 1494 3084 ducitur.
1530 3027 1646 3084 Hoc
1672 3046 1793 3097 ergo
1821 3029 2091 3099 theologus

497 3123 680 3177 didicit
729 3137 793 3176 ea:
822 3121 1158 3176 luceducente
1189 3120 1233 3153 ”
1263 3137 1380 3175 eum
1411 3122 1615 3191 angelo.
1651 3121 1729 3175 Ac
1758 3121 1804 3176 si
1833 3123 2036 3177 diceret
2072 3137 2086 3175 :

2182 1922 2510 1994 purgationis
2535 1921 2850 1991 principium
2875 1920 3084 1990 quidem
3115 1926 3189 1971 est
3224 1913 3506 1977 excelsum,
3537 1911 3620 1966 vel
3649 1911 3792 1967 sicut

2184 2014 2398 2086 pr0prie
2441 2012 2770 2068 transfertur
2817 2009 3264 2072 remotissimum,
3302 2013 3350 2060 et
3399 2003 3623 2058 essentia
3651 2002 3702 2036 ⁸⁸
3733 2007 3787 2056 et

2184 2117 2406 2173 creator,
2431 2115 2480 2159 et
2505 2104 2754 2169 causalis,
2781 2103 3076 2172 primasque
3103 2098 3355 2154 essentias
3379 2097 3449 2150 ad
3472 2111 3583 2149 esse
3611 2094 3786 2148 addu-

2186 2215 2326 2263 cens,
2361 2206 2408 2252 et
2443 2198 2582 2250 circa
2611 2212 2666 2249 se
2701 2193 2752 2228 ³³
2782 2191 3120 2247 collocatione
3148 2189 3197 2222 ³⁸
3223 2187 3493 2242 continens
3526 2193 3576 2239 et
3601 2185 3783 2238 obser-

2189 2306 2316 2345 uans
2345 2285 2776 2343 inconversabiles
2806 2294 2855 2339 et
2904 2300 3031 2337 casu
3058 2289 3312 2346 carentes,
3341 2287 3388 2334 et
3418 2277 3644 2347 seipsum
3669 2290 3788 2330 nio-

2187 2400 2307 2439 uens
2329 2385 2384 2437 in
2413 2383 2612 2454 primas
2637 2380 2685 2412 “
2709 2378 3042 2450 propriarum
3065 2373 3404 2446 providarum
3430 2371 3793 2441 operationum

2187 2476 2637 2548 participationes.
2682 2470 2797 2525 Hoc
2833 2471 2970 2525 enim
3003 2468 3130 2522 haec
3165 2482 3246 2520 me
3294 2464 3488 2518 docens
3529 2462 3602 2515 ait
3625 2461 3794 2532 ipsius

2190 2565 2468 2637 Seraphim
2505 2561 2848 2631 manifestare
2875 2558 3198 2612 missionem.
3233 2553 3370 2620 Hoc,
3402 2550 3580 2622 inquit
3606 2564 3794 2606 exem-

2188 2658 2334 2728 plum
2365 2656 2528 2712 veluti
2565 2652 2836 2725 loquentis
2862 2649 2910 2684 ⁸⁸
2934 2651 3003 2705 ad
3032 2655 3317 2720 purgatum
3357 2643 3674 2716 prophetam
3723 2640 3792 2696 de

2190 2764 2352 2804 causa
2377 2758 2432 2801 et
2451 2745 2644 2800 ordine
2673 2741 3012 2813 purgationis
3039 2753 3188 2804 suae,
3218 2735 3312 2807 qui
3332 2749 3420 2790 me
3444 2731 3633 2790 docuit
3653 2731 3794 2786 haec

2191 2840 2257 2894 de
2280 2835 2600 2909 purgatione
2621 2833 2936 2904 prophetae,
2964 2828 3274 2884 missionem
3300 2825 3470 2895 ipsius
3501 2820 3792 2892 Seraphim

2191 2929 2540 2989 manifestare
2577 2927 2671 2980 ait.
2715 2927 2795 2979 Ac
2829 2923 2875 2979 si
2916 2922 3123 2978 diceret
3159 2937 3172 2974 :
3208 2917 3327 2975 Non
3369 2931 3471 2988 ego
3501 2913 3795 2987 Dionysius

2196 3027 2335 3080 hanc
2357 3017 2764 3078 similitudinem
2787 3013 3088 3079 introduxi,
3111 3012 3206 3068 sed
3228 3009 3338 3076 ille,
3360 3008 3454 3080 qui
3477 3022 3562 3062 me
3580 3006 3788 3073 docuit,

2195 3116 2323 3188 quid
2344 3115 2528 3170 missio
2543 3110 2828 3181 Seraphim
2843 3110 2886 3142 ’τ
2904 3106 3317 3180 signiﬁcaret“.
3337 3103 3406 3159 Et
3424 3105 3551 3160 mox
3573 3103 3618 3136 ”
3639 3099 3795 3172 quasi

496 3229 566 3271 ex
595 3213 810 3284 angelo,
839 3211 932 3281 qui
961 3228 1084 3267 eum
1120 3212 1174 3266 in
1205 3211 1379 3266 lucem
1414 3211 1819 3283 intelligentiae,
1864 3212 2089 3267 visionis
2117 3217 2162 3278 (ι
2193 3211 2258 3265 ad
2285 3207 2449 3264 verba
2473 3206 2516 3238 ³ο
2548 3203 2816 3274 loquentis
2841 3200 3016 3272 angeli
3051 3200 3094 3232 ³⁸
3126 3200 3195 3254 ad
3220 3197 3538 3268 prophetam
3568 3191 3798 3248 reverti-

480 3305 823 3361 introduxit.
855 3302 970 3359 [loc
1010 3314 1094 3360 est
1131 3303 1534 3373 :purgationem
1569 3313 1616 3357 et
1660 3320 1835 3359 omnes
1885 3304 2091 3360 divinas

501 3395 846 3467 operationes,
871 3411 964 3465 per
989 3395 1187 3464 primas
1217 3393 1468 3448 essentias
1494 3393 1800 3458 relucentes,
1831 3395 1887 3448 in
1916 3411 2093 3450 omnes

500 3488 748 3559 reliquias
783 3487 1024 3541 distribui
1047 3486 1332 3541 secundum
1357 3487 1771 3557 uniuscujusque
1790 3487 1858 3539 ad
1877 3487 2095 3555 deiﬁcas

499 3581 932 3660 participationes
951 3578 995 3612 ¹⁴⁵
1018 3579 1341 3651 analogiam.
1373 3578 1779 3649 Explanationis
1808 3593 1914 3632 non
1952 3579 2093 3634 indi-

500 3682 607 3745 get.
652 3671 873 3744 Propter
907 3673 1046 3743 quod
1079 3681 1126 3727 et
1164 3672 1324 3743 ignile
1363 3672 1691 3743 purgativam
1724 3673 2095 3742 proprietatem

499 3769 630 3838 ipsis
666 3765 942 3838 Seraphim
972 3775 1342 3837 consequenter
1397 3773 1510 3835 post
1559 3762 1729 3817 Deum
1767 3763 1813 3794 ¹⁸
1842 3762 2092 3833 reposuit.

501 3860 792 3926 Quoniam,
824 3859 1021 3929 inquit,
1062 3873 1161 3929 per
1202 3858 1407 3930 primas
1437 3859 1668 3914 virtutes
1699 3857 1877 3912 omnis
1914 3854 2096 3910 divina

499 3954 745 4024 operatio
769 3952 991 4023 reliquis
1019 3951 1383 4017 distribuitur,
1414 3959 1699 4021 propterea
1730 3949 1844 4018 ipse
1872 3944 2097 4016 angelus

496 4048 875 4120 purgationem
910 4047 1230 4118 prophetae,
1258 4059 1421 4114 quam
1451 4043 1622 4098 instar
1655 4040 1793 4111 ignis
1826 4039 1942 4109 ipse
1967 4051 2094 4109 pro-

497 4140 614 4211 prie
657 4140 897 4210 peregit,
933 4138 1065 4209 ipsis
1099 4137 1143 4169 "
1176 4135 1458 4206 Seraphim
1506 4141 1630 4203 post
1673 4131 1844 4188 Deum
1889 4127 2094 4193 retulit,

497 4234 754 4305 quoniam
790 4249 819 4287 a
849 4232 957 4287 Deo
987 4246 1084 4302 per
1113 4229 1400 4300 Seraphim
1430 4229 1578 4282 visus
1597 4233 1687 4280 est
1721 4221 1946 4294 angelus
1971 4235 2098 4290 pur-

499 4343 626 4398 gare
643 4326 984 4398 prophetam.
1018 4323 1169 4379 Nihil
1194 4341 1317 4394 ergo
1339 4321 1721 4382 inordinatum,
1753 4317 1797 4370 si
1816 4315 1858 4348 ιτ
1873 4327 2099 4385 purgare

497 4425 791 4494 theologum
818 4425 1014 4478 dicitur
1044 4420 1341 4492 Seraphim.
1373 4418 1464 4473 Sic
1493 4417 1632 4470 enim
1655 4413 1796 4468 Deus
1835 4409 1882 4444 "
1908 4415 2099 4478 purgat

497 4531 696 4576 omnes,
720 4515 970 4582 quoniam
993 4513 1034 4544 ¹⁹
1066 4514 1225 4565 totius
1240 4508 1569 4581 purgationis
1589 4514 1664 4558 est
1687 4518 1870 4557 causa.
1894 4497 2098 4554 Deinde

2199 3311 2304 3357 tur.
2339 3298 2586 3353 Summus
2631 3305 2805 3350 autem
2848 3292 3093 3348 sacerdos
3127 3299 3176 3346 et
3204 3297 3320 3362 post
3348 3288 3516 3344 Deum
3544 3284 3657 3340 dux
3686 3284 3796 3355 ipse

2194 3388 2573 3464 praestantium
2611 3386 2954 3440 essentiarum
2984 3392 3223 3449 ornatus,
3254 3400 3286 3435 a
3319 3397 3420 3452 quo
3444 3393 3536 3449 ego
3568 3389 3794 3447 purgare

2195 3482 2520 3552 deiformiter
2557 3478 2794 3534 eruditus
2832 3493 2970 3531 sum.
3021 3473 3278 3531 Ordinem
3307 3467 3593 3540 Seraphim
3628 3473 3793 3552 atque

2195 3587 2445 3637 ornatum
2480 3576 2639 3632 veluti
2670 3590 2836 3629 unum
2859 3586 3128 3628 summum
3153 3567 3494 3626 sacerdotem
3522 3571 3579 3620 et
3599 3569 3724 3634 post
3743 3544 3797 3592 ⁸⁸

2196 3673 2370 3728 Deum
2419 3671 2611 3726 ducem
2666 3665 2940 3731 nominat;
2983 3679 3090 3720 non
3136 3662 3298 3718 aliam
3341 3661 3412 3716 ob
3451 3670 3690 3721 causam,
3734 3660 3796 3708 ut

2194 3764 2408 3834 opinor,
2442 3760 2546 3816 nisi
2578 3759 2704 3830 quia
2739 3765 2888 3812 tanta
2923 3755 3105 3810 unitas
3137 3761 3222 3810 est.
3253 3751 3300 3784 ³⁸
3326 3748 3645 3807 caelestium
3680 3744 3797 3800 ani-

2197 3869 2409 3912 morum
2448 3852 2516 3918 ",
2562 3860 2642 3917 ut,
2683 3849 2825 3919 quod
2862 3862 3004 3902 unus
3041 3847 3173 3915 agit,
3224 3857 3416 3900 omnes
3463 3837 3802 3896 unanimiter

2204 3963 2367 4020 agere
2394 3944 2768 4014 intelligantur
2791 3941 2858 3995 ³⁵.
2889 3939 3008 4011 Ipse
3035 3939 3197 4010 igitur
3220 3946 3315 4004 est,
3355 3947 3600 3997 summus
3622 3942 3805 3987 sacer.

2199 4019 2296 4095 dos
2319 4035 2574 4091 videlicet
2596 4033 2883 4103 Seraphim
2910 4037 3158 4095 ornatus,
3183 4044 3276 4099 per
3299 4043 3402 4091 me,
3423 4040 3458 4081 ο
3485 4023 3622 4080 Isaia
3654 4019 3724 4088 ³⁸,
3750 4027 3802 4075 ω

2197 4146 2451 4202 purgans,
2495 4143 2588 4198 per
2625 4141 2778 4196 quem
2819 4123 3059 4194 proprias
3105 4119 3348 4192 providus
3379 4117 3426 4150 ³⁷
3456 4117 3689 4172 actiones
3735 4127 3802 4167 es:

2199 4221 2401 4276 occulto
2430 4229 2477 4273 et
2495 4219 2612 4288 jam
2639 4216 2693 4270 in
2719 4231 2834 4277 nos,
2863 4213 2955 4283 qui
2981 4211 3156 4283 angeli
3180 4224 3390 4276 sumus,
3413 4206 3662 4279 produxit
3682 4203 3802 4274 ipsa

2201 4313 2359 4367 totius
2389 4327 2555 4366 causa
2597 4317 2645 4364 et
2695 4307 2871 4379 apifea:
2917 4305 3268 4377 purgationis,
3313 4302 3367 4358 id
3407 4309 3510 4368 est,
3559 4297 3804 4355 omnium

2203 4402 2623 4475 intelligibilium
2650 4409 2703 4456 et
2730 4397 3135 4454 rationabilium
3166 4396 3450 4450 virtutum.
3481 4391 3635 4446 Finis
3658 4387 3806 4445 soluo

2205 4506 2290 4553 tae
2319 4494 2655 4567 quaestionis
2684 4509 2697 4547 :
2725 4491 2873 4546 Haec
2889 4489 2976 4545 ille
2989 4489 3199 4562 quidem
3215 4487 3262 4518 ⁸⁸
3281 4485 3458 4540 docuit
3483 4498 3589 4548 me,
3613 4481 3667 4536 id
3694 4487 3800 4546 est,

497 4569 802 4672 exemplum
821 4603 1145 4658 introducit:
1169 4569 1548 4672 magisautem,
1571 4594 1895 4652 subauditur
1917 4591 2102 4645 dicen-
2126 4578 2179 4639 D
2205 4587 2347 4658 quod
2377 4585 2422 4620 '°
2453 4585 2520 4640 de
2549 4585 2652 4639 hac
2683 4581 3006 4653 quaestione
3043 4577 3155 4634 dixi
3177 4616 3193 4642 ,
3232 4575 3322 4632 ille
3356 4572 3573 4642 quidem
3615 4569 3804 4672 docuit

499 4701 656 4762 dum;
685 4697 920 4764 proxime
943 4695 1082 4750 enim
1108 4705 1312 4747 utemur
1334 4692 1588 4762 exemplo,
1615 4691 1721 4746 hoc
1761 4698 1866 4752 est,
1893 4684 2084 4756 proxi-

501 4804 590 4844 mo
624 4801 842 4853 causae,
882 4787 948 4842 de
993 4799 1100 4857 qua
1143 4785 1341 4855 agitur,
1379 4793 1596 4838 utemur
1632 4779 1899 4850 exemplo.
1939 4776 2086 4831 Sicut

499 4878 785 4936 secundum
817 4894 908 4934 nos
937 4877 984 4912 ³⁸
1017 4891 1252 4931 sumntus
1279 4873 1523 4928 sacerdos
1551 4888 1643 4944 per
1679 4888 1802 4926 suos
1824 4869 2090 4925 ministros

2192 4696 2301 4736 me.
2356 4679 2488 4746 Quis
2533 4688 2712 4733 autem
2735 4675 3232 4746 ille,ignoramus;
3263 4671 3712 4738 argumentantur
3753 4659 3804 4693 ⁸⁸

2196 4783 2380 4828 tamen
2460 4780 2553 4826 aut
2625 4769 2889 4840 “ipsum
2965 4762 3190 4822 Paulum
3257 4757 3596 4832 apostolum,
3649 4751 3806 4824 cujus

2199 4876 2320 4924 erat
2347 4864 2663 4936 discipulus,
2691 4873 2787 4920 aut
2811 4861 3150 4928 Jerotheum,
3178 4870 3339 4931 quem
3367 4855 3422 4911 iu
3456 4853 3599 4909 libro
3626 4851 3693 4908 de
3719 4849 3805 4906 di-

1775 4985 2032 5043 VARlAE
2072 4981 2477 5040 LECTIONES.

575 5119 592 5150 ¹
622 5116 664 5174 Β
698 5114 872 5172 causis
920 5110 1150 5168 remotis.

501 5203 645 5244 corr.
689 5183 1074 5242 occultationis.
1151 5179 1172 5214 ⁸
1203 5179 1295 5237 Sic
1335 5177 1446 5234 AB.

499 5262 608 5315 sedi
660 5259 842 5330 fornae.
917 5257 941 5292 ⁸
978 5255 1041 5309 Β*
1081 5270 1236 5330 corr.
1283 5251 1530 5330 primunt.

500 5331 586 5384 ΑΒ
617 5320 729 5385 luce
751 5329 990 5399 (licente1
1079 5324 1124 5357 ¹⁴⁵
1145 5325 1190 5380 Α
1213 5320 1651 5399 participatitrnis.

500 5404 678 5456 adscr.
706 5397 798 5454 B'.
890 5400 934 5431 ’⁸
964 5397 1027 5451 Β·
1057 5392 1223 5467 supra
1249 5395 1428 5467 adscr.
1450 5402 1500 5467 _et
1532 5392 1696 5446 Deus.

1251 5106 1406 5142 ann
1476 5107 1627 5142 ροιῖοη
1677 5106 1739 5142 η·

1298 5106 1406 5164 Pro
1475 5107 1627 5209 cujus
1677 5102 1739 5159 Β·
1777 5119 1918 5160 corr.
1983 5110 2057 5157 cst
2112 5118 2265 5172 quae.
2369 5102 2569 5154 'Corr.
2619 5102 2720 5161 B',
2771 5102 2861 5150 AB
2919 5102 3090 5149 nulla.
3183 5102 3208 5125 ⁵
3249 5102 3292 5145 Β
3342 5102 3688 5146 occutttoms,
3743 5102 3778 5132 ι]

1335 5177 1446 5257 ᾼΒ-
1591 5185 1669 5257 αξξ
1697 5173 1950 5257 out-“AB,
1982 5189 2143 5244 διιντθ
2188 5172 2366 5257 eiet!-
2396 5171 2481 5225 θ’·
2505 5170 2606 5257 ...⁷
2648 5159 3376 5257 ἑςατίῖίξὲξξςελρ,εαείξ⁸ξὲ·ηἶ
3421 5149 3778 5257 ξοντ’..Βιέλμέ

1627 5222 1671 5281 ἦ
2505 5241 2592 5306 Β⁶,
2636 5235 3050 5317 ᾼβμεεαιξέίεη
3075 5234 3166 5317 ﬁ“.
3189 5235 3244 5286 in
3288 5229 3498 5317 om..qu
3558 5222 3803 5317 fiam}.

1759 5314 1914 5371 "'AB
1939 5333 2078 5378 eum,
2115 5314 2158 5368 B
2203 5329 2346 5369 corr.
2385 5314 2560 5367 deum.

1791 5391 1835 5423 ¹⁹
1865 5388 2019 5442 Corr.
2059 5385 2148 5459 B_'_,
2183 5383 2272 5438 AB
2300 5400 2544 5459 qugrum.

2369 5099 2569 5154 'Corr.
2618 5095 2720 5161 B',
2771 5095 2861 5150 AB
2919 5091 3090 5149 nulla.
3183 5090 3208 5125 ⁵
3247 5089 3292 5145 Β
3342 5082 3688 5161 occultionis,
3741 5076 3805 5161 η’

2587 5148 2985 5222 Γίεῦἓᾶιὶαεη
3015 5148 3274 5218 caelestis.
3349 5159 3373 5194 ⁸
3421 5157 3576 5214 Corr.
3619 5153 3706 5215 B',
3731 5207 3734 5211 ,
3759 5148 3807 5222 ᾼ

3380 5301 3422 5332 ¹τ
3453 5295 3498 5352 si
3551 5311 3661 5351 om.
3693 5291 3805 5355 AB,

2656 5309 2702 5341 “
2723 5308 2877 5363 Corr.
2912 5307 2996 5371 B',
3023 5305 3113 5360 Ali
3148 5305 3278 5375 ipse.
3380 5305 3422 5332 ¹⁷
3453 5305 3498 5352 si
3551 5311 3661 5351 om.
3693 5305 3805 5355 Au,

2656 5380 2685 5411 ιο
2711 5379 2867 5424 Cn"-
2903 5378 2987 5424 η’-
3026 5375 3116 5424 ΑΒ
3145 5391 3270 5424 non.
3355 5372 3399 5405 ³⁸
3432 5370 3473 5424 Β
3503 5365 3716 5424 dixerit,
3741 5359 3806 5414 Β·

2639 5380 2685 5412 ’⁸
2711 5379 2867 5434 (Sorr.
2903 5378 2988 5436 B'.
3026 5375 3116 5430 AB
3145 5391 3270 5429 non.

500 5431 596 5455 ῆιυδ
617 5431 678 5454 Ἰίο
709 5431 748 5454 υ
778 5440 791 5454 ο
965 5431 1005 5451 υ
1058 5431 1116 5451 δυ
1163 5431 1174 5450 l
1190 5431 1220 5450 α
1249 5431 1397 5449 (lu-1"!
1416 5433 1428 5444 ι
1450 5431 1499 5446 υ.
1535 5431 1696 5446 υνυσ-
1870 5431 1961 5442 vv.
1978 5431 2019 5442 ιν
2059 5431 2099 5440 .-
2183 5431 2268 5438 --—
2337 5431 2418 5438 π-.
2437 5431 2544 5437 ῇ---σ
2723 5431 2778 5434 ,νὴ
2798 5431 2838 5433 κ-
2856 5431 2865 5433 ,
2979 5431 2988 5436 ,

500 5431 662 5539 ευρῖτι
695 5473 870 5527 adscr.
900 5484 1044 5539 corr.
1080 5431 1292 5539 {egerin
1356 5464 1477 5539 “_A
1499 5473 1546 5516 et
1557 5461 1787 5539 gssentia
1815 5461 2035 5539 οῃξηλ..
2083 5431 2198 5510 ³³⁷88
2226 5431 2334 5538 om".
2359 5455 2449 5539 .B,_
2470 5451 2840 5539 supranadsqr.
2868 5448 2952 5502 B‘.
2983 5447 3030 5479 “
3063 5445 3200 5539 R'ad.
3227 5459 3390 5526 corr.“
3411 5440 3475 5504 Β,
3493 5431 3811 5539 ἔθα

501 5531 778 5593 caiionem.
854 5540 904 5573 ⁸⁵
939 5531 1096 5593 (ΞΟΠ-ζ
1146 5538 1233 5601 B',
1268 5536 1309 5588 Α
1347 5532 1596 5604 prima,B
1625 5531 1779 5604 print:

501 5611 547 5642 ’⁸
573 5611 618 5662 Α
647 5609 983 5679 signiﬁcarit.
1058 5610 1104 5642 ”
1126 5607 1232 5679 Pro
1260 5621 1387 5679 mo_x_
1405 5604 1450 5657 Α
1477 5621 1601 5679 non.

500 5695 610 5733 om.
672 5669 796 5744 K8;
823 5679 892 5732 ad
915 5691 1084 5746 marg.
1120 5676 1417 5746 adscrsB‘.
1497 5674 1544 5706 ³³
1572 5684 1647 5728 est
1676 5689 1797 5746 om.
1837 5669 1900 5723 Β.

1858 5529 1907 5562 ³⁸
1949 5527 1990 5581 Β
2018 5528 2273 5590 loquentis
2293 5527 2470 5581 veluti.
2539 5521 2591 5555 ³⁷
2631 5522 2692 5576 B'
2725 5521 2790 5575 ad
2823 5535 2996 5590 marg.

1679 5601 1725 5632 ³⁰
1748 5599 1884 5655 Rad.
1911 5615 2053 5654 corr.
2078 5589 2163 5663 B‘,
2195 5613 2293 5666 pro
2314 5597 2384 5650 ad
2411 5595 2593 5666 verba,
2604 5589 2982 5666 AnBadverbia.

1979 5641 2119 5723 ἑξ’Βιἶ
2148 5641 3084 5729 hi’éé’ﬁﬁiﬁ'33'ii'thiétugamr.
3162 5641 3328 5729 “pro
3355 5669 3461 5729 me,
3483 5667 3521 5729 2
3549 5641 3732 5729 Ysaia,

3045 5506 3230 5571 adscr.
3291 5502 3470 5584 ipsius
3493 5502 3804 5584 Seraphim.

3061 5587 3104 5618 “
3143 5575 3322 5643 angeli
3343 5599 3453 5640 om.
3480 5582 3525 5635 A
3618 5575 3662 5607 ⁸²
3692 5579 3809 5643 νοξε

501 5713 615 5803 22256
645 5713 1020 5815 cimicis:
1035 5713 1516 5815 %.g:rii:z;l,.B-’eorr.
1546 5713 1900 5813 rhedis-aiat"
1934 5742 1978 5774 ³⁷
2363 5713 2662 5808 proprias.—
2701 5713 2928 5791 δ’ᾸῗιοιῩΓ.
2953 5728 3040 5799 Β⁶,
3065 5742 3163 5801 pro
3188 5724 3401 5797 quidem
3434 5713 3524 5777 ΑΒ
3553 5717 3683 5790 quid
3707 5721 3808 5770 cst.

502 5817 548 5855 ⁸⁸
576 5817 734 5878 Gorr.
763 5810 854 5886 B‘,
882 5815 930 5874 Α
956 5810 1134 5886 ᾳυὶ,’Β
1151 5815 1298 5886 quid.
1378 5813 1426 5846 δ’
1454 5813 1516 5866 Β·
1545 5810 2157 5888 οοττ.ἀτ9ιιηιθηιαηιιισ.
2235 5810 2280 5844 ⁸⁸
2307 5810 2577 5883 Aoutem.
