2089 3133
210 186 268 215 ἋΊ

509 176 759 208 EXPOSITIONES
779 170 898 205 SUPER?
912 172 1128 203 IERARCHIAM
1147 169 1355 200 CAELESTEM
1375 165 1417 198 Si
1426 165 1591 199 DIONYSIII

1807 169 1862 199 250

214 240 289 269 vinis
306 237 464 268 nominibus
485 235 592 271 magnis
608 234 732 262 laudibus
750 233 862 261 cxaltat.
885 232 1013 268 Quisquis
1028 231 1053 261 Α
1065 227 1113 255 Dei
1125 226 1259 259 videlicet,
1270 227 1354 262 magis
1366 226 1504 253 amabilem
1514 226 1757 262 contemplationem
1767 226 1800 260 “,
1813 227 1864 255 hoc

216 291 311 316 autem
325 285 422 317 fuerit,
444 283 489 318 qui
504 285 616 309 tantum
628 281 715 307 virum
734 279 854 312 edocuit,
869 280 1018 314 sapientem

217 335 302 363 fuisse
311 341 364 361 non
376 330 557 360 dubitabimus
568 329 588 355 ι.
602 327 733 362 Sequitur
744 335 751 353 :
762 325 820 353 Tibi
833 331 932 359 autem,
943 334 958 352 ο
972 325 1018 353 Ti-

218 379 327 411 motltce,
349 386 396 412 ego
420 376 507 409 trado,
523 381 594 410 quae
615 373 649 401 ab
663 372 709 400 illo
724 371 815 399 didici.
833 371 890 398 Tua
903 372 914 387 '
931 376 1019 399 autem

218 426 389 455 concesserim
401 421 571 451 intellectuali
581 426 604 449 et
617 420 754 448 discretim
766 419 886 451 scientia,
898 422 944 445 aut
956 418 1019 445 alte-

216 479 272 499 ram
289 475 392 507 partem
411 469 544 496 dictarum
563 473 704 493 causarum
724 463 822 491 absolvi
843 463 1016 497 dubitatione,

214 522 237 546 et
252 517 365 545 eandem
382 516 512 543 honorare
520 517 580 540 ante
590 511 711 544 alterum,
723 515 849 545 tanquam
859 517 1017 544 consequens

214 567 239 591 et
255 560 416 590 rationabile
440 565 464 587 et
491 566 571 594 aeque
595 564 684 585 verum
706 556 852 583 habentem.
874 554 1016 589 Quoniam,

217 608 320 643 inquit,
334 608 511 641 praesentem
526 602 710 638 quaestionem
725 601 829 628 duobus
843 600 929 628 modis
943 608 1017 628 rese-

219 652 277 681 rari
305 659 386 687 posse
401 650 527 678 diximus.
543 649 598 676 Aut
617 647 689 676 enim
711 654 831 682 purgans
858 646 1018 681 prophetam

221 699 336 735 angelus
354 697 496 732 Seraphim
523 695 633 724 nomine
656 698 801 730 propterea
826 697 937 721 vocatus
963 697 1017 725 est,

223 745 352 781 quoniam
366 743 430 771 illud
443 749 542 770 nomen
557 741 684 769 omnibus
697 739 856 767 caelestibus
870 738 1018 765 virtutibus

222 797 365 819 commune
378 789 405 823 ⁸;
420 789 490 817 inest
500 788 574 816 enim
585 787 712 815 omnibus
724 785 913 818 communiter,
924 791 1019 820 quam-

220 836 348 864 vis‘non
370 833 519 870 aequaliter
535 853 542 866 ,
569 833 647 868 ignea
672 831 814 868 purgativa
837 830 889 863 vis,
921 837 990 864 quae
1007 828 1020 845 '

217 881 362 917 Seraphim
378 880 534 916 signiﬁcare
549 879 608 913 ipsa
625 877 743 905 nominis
756 875 944 912 interpretatio
959 882 1018 902 ma-

216 912 340 954 nifestat.
352 925 391 952 lta
403 912 504 961 quippe
516 912 626 958 quidam
641 925 812 957 praesentem
831 921 1018 955 quaestionem
1032 912 1056 942 Β

215 973 324 1002 solvere
342 976 487 1000 conantur.
502 970 541 998 Ac
561 970 572 985 ⁸
587 969 651 1004 quid
672 968 739 996 mihi
760 967 928 1003 probabilius
942 966 1017 993 vide-

198 1010 200 1012 ’
219 1023 275 1051 tur,
291 1017 337 1053 qui
352 1015 602 1045 excelsissimorum
618 1014 805 1042 intellectuum
822 1012 959 1048 propriam
975 1018 1021 1046 ap-

216 1063 392 1100 pellationem
409 1062 587 1098 propriasque
601 1061 717 1088 virtutes
736 1059 839 1087 ultimis
853 1058 958 1093 angelis
971 1065 1021 1084 no-

219 1110 315 1145 bisque
328 1108 546 1144 praesidentibus
559 1108 569 1123 "
583 1107 657 1135 nullo
676 1106 755 1134 modo
773 1104 922 1133 convenire
935 1103 1021 1131 disse-

223 1155 277 1181 rui.
305 1154 449 1190 Propterea
473 1153 600 1189 angelus,
625 1153 671 1188 qui
693 1152 821 1188 purgavit
846 1150 1020 1186 prophetam,

225 1198 367 1234 Seraphim
378 1199 510 1227 vocabulo
521 1198 677 1226 nominatus
690 1202 732 1226 est
744 1206 760 1225 a
780 1196 925 1232 theologia,
950 1203 1021 1232 quo—

225 1245 301 1274 niam
320 1245 377 1280 ipse
396 1252 472 1273 suam
487 1245 625 1280 propriam
639 1244 834 1279 operationem,
853 1251 906 1278 qtta
921 1249 1021 1278 purga-

227 1290 267 1318 vit
279 1291 442 1326 prophetam
452 1290 474 1324 ⁸,
498 1288 577 1324 cuius
591 1288 661 1316 labia
677 1289 792 1324 mystico
806 1288 893 1324 tetigit
909 1288 1019 1320 calculo,

218 1343 273 1363 non
298 1335 325 1363 in
348 1336 470 1370 seipsam
498 1334 604 1367 retulit,
630 1334 677 1361 sed
701 1334 727 1361 in
750 1333 836 1368 ipsum
857 1333 952 1365 Deum,
977 1334 1021 1368 qui

221 1382 302 1410 totius
315 1381 486 1418 purgationis
499 1388 582 1409 causa
593 1385 636 1408 est
648 1386 673 1407 ct
687 1380 860 1415 principium,
875 1385 902 1407 et
916 1380 1021 1414 ipsum’

219 1429 298 1463 quasi
315 1436 453 1457 summum
467 1427 637 1456 sacerdotem
647 1426 808 1462 Seraphim,
825 1434 870 1461 per
888 1434 966 1460 quem
982 1425 1021 1453 vi-

223 1482 272 1502 sus
286 1479 328 1502 est
339 1474 500 1510 prophetica
512 1473 585 1501 labia
604 1473 747 1500 mundare.
764 1472 946 1500 Concusscrim
960 1478 1020 1508 ego,

225 1523 271 1547 tua
294 1518 474 1547 intellectuali
496 1523 524 1546 et
549 1517 693 1546 discretiva
714 1517 824 1545 scientia
844 1521 890 1543 aut
907 1516 1021 1544 alteram

224 1571 331 1601 partem
350 1566 482 1594 dictarum
500 1572 641 1593 causarum
657 1563 688 1597 ¹⁶,
710 1564 739 1591 id
753 1568 810 1596 est,
826 1563 939 1591 alteram
953 1563 1022 1590 dua-

226 1619 285 1639 rum
307 1611 506 1647 praedictarum
526 1609 690 1638 solutionum
707 1610 742 1637 ab
758 1610 833 1637 omni
852 1609 1023 1636 dubitatione

223 1657 338 1689 absolvi,
355 1662 466 1692 tamque
484 1656 673 1683 incunctanter
690 1654 827 1686 roborari,
850 1658 880 1681 et
898 1654 1023 1686 eandem,

219 1701 417 1729 absolutionem
433 1701 568 1734 videlicet,
577 1708 647 1736 quae
654 1699 899 1728 tuaintellectualis
911 1699 1026 1728 scientia

191 1783 194 1786 '
219 1752 249 1776 et
261 1747 410 1776 absolverit
423 1751 452 1775 et
464 1747 644 1779 roboraverit,
659 1747 797 1774 honorare
813 1751 878 1773 ante
897 1745 1024 1779 alteram,

219 1797 248 1821 et
260 1793 281 1809 “
299 1800 382 1820 unam
406 1797 453 1820 aut
464 1792 572 1828 penitus
587 1799 699 1827 respuas
715 1795 762 1819 aut
778 1792 805 1819 in
820 1791 1026 1827 comparatione

219 1839 331 1868 alterius
355 1840 545 1875 parvipendas,
557 1844 683 1874 tanquam
696 1838 769 1873 quod
783 1845 952 1873 consequens
964 1838 986 1854 “
998 1842 1026 1866 et

222 1885 384 1913 rationabile
397 1889 424 1913 et
436 1893 531 1920 aeque,
543 1885 595 1912 hoc
603 1889 654 1918 est,
664 1885 685 1900 ”
697 1888 771 1912 recte
782 1891 877 1911 verum
888 1883 1024 1912 habuerit.

226 1931 290 1964 Aut,
304 1932 327 1959 si
347 1936 445 1959 neutra
457 1931 480 1947 “
492 1931 597 1958 illarum
607 1931 655 1957 tibi
668 1922 769 1958 sufﬁcit
779 1930 814 1963 ",
826 1938 843 1956 α
857 1935 881 1957 ιε
892 1931 947 1965 ipso
962 1930 1025 1966 quid

223 1985 282 2005 cere
297 1985 356 2004 rero
371 1977 394 1993 ¹⁶
406 1977 545 2005 titinius"
559 1977 675 2004 invenire
687 1976 880 2009 concesserim,
892 1981 936 2003 aut
945 1976 976 2003 ab
988 1972 1035 2003 αΙέ

223 2028 291 2056 tera,
306 2022 383 2057 cujus
395 2022 572 2059 intelligentia
586 2026 614 2050 et
630 2029 719 2049 meatu
732 2026 760 2049 et
773 2026 847 2049 tuam
862 2026 972 2056 superat
985 2021 1027 2048 in-

224 2069 386 2102 tentionem,
394 2069 490 2102 dicere,
499 2068 553 2097 Deo
565 2068 683 2096 videlicet
695 2067 785 2100 dante,
793 2067 850 2095 sive
863 2067 910 2095 tibi
924 2067 980 2095 sive
988 2066 1027 2094 al-

224 2116 304 2146 teri,a
311 2123 365 2150 quo
373 2116 478 2143 discere
485 2115 641 2148 volueris,ct
647 2114 907 2149 priusrecipientibut
913 2114 1026 2149 angelis,

228 2161 264 2189 ab
277 2160 337 2196 ipso
351 2160 476 2189 videlicet
489 2160 556 2194 Deo,
570 2160 616 2196 qui
633 2160 754 2188 omnium
769 2160 1035 2195 contemplationum'

187 2236 190 2239 λ
226 2206 274 2233 lux
292 2210 335 2234 est
356 2211 384 2235 et
403 2214 485 2235 causa
505 2210 532 2234 et
553 2205 677 2239 eﬁ'ectus,
699 2211 723 2233 et
748 2205 902 2241 angelorum
923 2206 1026 2238 amicis,

1070 277 1113 301 est
1127 293 1135 306 ,
1160 279 1208 308 per
1230 272 1486 307 contemplationem
1515 272 1667 307 praesentis
1681 273 1861 308 quaestionis,

1069 327 1141 356 quae
1153 320 1194 348 eis
1206 319 1293 355 magis
1305 319 1406 347 ceteris
1419 319 1545 346 amabilis
1559 323 1611 346 est.

1293 365 1539 393 CAPITULUM
1558 364 1640 393 ΧΠ.

1334 410 1416 446 Cujus
1431 410 1523 438 titulus
1541 414 1602 439 est:

1192 456 1263 489 Quid
1286 456 1417 491 signiﬁcat
1432 456 1566 492 angelicas
1587 465 1711 485 numerus
1722 463 1746 486 ι.

1107 502 1122 540 §
1140 503 1175 530 Et
1189 503 1238 531 hoc
1252 508 1339 530 autem
1358 503 1476 538 dignum,
1500 508 1529 530 ut
1545 504 1670 538 aestimo,
1693 503 1864 532 intellectuali

1069 550 1226 585 cognitione,
1241 550 1302 585 quia
1314 549 1336 565 “
1350 549 1511 585 eloquiorunt
1527 549 1559 576 de
1572 550 1671 585 angelis
1686 550 1793 578 traditio
1802 551 1863 578 mil-

1069 598 1116 625 lies
1130 598 1153 613 "
1166 597 1250 624 millia
1266 605 1320 624 esse
1334 597 1380 629 ait,
1406 602 1429 623 et
1445 596 1532 624 decem
1552 597 1637 624 millia
1654 597 1739 625 decies
1759 598 1865 632 millies,

1068 644 1213 671 secundum
1226 651 1273 669 nos
1296 642 1497 670 sublimissimos
1520 651 1687 670 numerarunt
1704 643 1731 671 in
1746 652 1773 671 se
1782 645 1867 679 ipsam

1069 689 1200 717 revolvens
1208 694 1231 716 et
1246 688 1433 724 multiplicans.
1445 689 1561 725 Dignum
1574 694 1630 723 est,
1643 690 1742 726 inquit,
1763 690 1867 719 intelle-

1069 735 1152 763 ctuali
1164 735 1328 770 cognitione,
1345 735 1371 762 id
1385 739 1427 762 est
1438 735 1658 763 intellectualium
1670 743 1761 764 rerum
1778 737 1868 764 scien-

1070 781 1107 808 tia
1123 781 1156 813 “,
1170 781 1236 816 quid
1249 780 1283 808 de
1301 781 1431 816 angelicis
1445 782 1565 809 numeris
1583 782 1672 810 divina
1695 782 1776 810 tradit
1794 782 1869 810 Scri-

1069 831 1158 862 ptura.
1179 827 1238 861 lpsa
1264 826 1397 861 siquidem
1419 827 1528 855 traditio
1543 828 1676 856 maximos
1692 835 1868 856 numerorum

1070 874 1202 902 terminos
1227 874 1374 901 secundum
1398 882 1447 902 nos
1472 875 1500 902 in
1517 875 1634 911 seipsam
1649 875 1773 907 revolvit,
1789 879 1816 903 et
1840 876 1868 903 in

1069 920 1188 954 seipsam
1214 919 1385 955 multiplicat.
1402 920 1461 948 Non
1481 921 1553 948 enim
1572 922 1629 957 ipsa
1647 922 1757 950 traditio
1781 921 1870 949 inﬁni-

1070 970 1114 994 tae
1125 966 1328 994 numerositatis
1341 966 1498 1002 angelorum
1511 968 1641 995 terminos
1653 968 1680 996 itt
1694 967 1737 996 his
1749 969 1870 997 numeris

1070 1011 1299 1046 comprehendit,
1333 1019 1421 1046 neque
1453 1012 1565 1046 deﬁnit;
1603 1012 1771 1048 perspiciens
1804 1020 1870 1040 vero

1070 1061 1180 1085 nostrae
1195 1057 1307 1084 rationis
1322 1057 1411 1085 adhuc
1427 1057 1535 1085 mortali
1556 1057 1709 1086 habitaculo
1729 1061 1868 1086 coartatas

1071 1103 1274 1136 inﬁrmitatem,
1300 1103 1338 1130 ita
1354 1107 1384 1130 ut
1398 1102 1468 1130 ultra
1482 1103 1585 1131 denarii
1598 1104 1705 1132 numeri
1730 1103 1815 1132 cubos
1829 1103 1869 1138 ",

1071 1156 1172 1184 eosque
1193 1156 1243 1184 per
1265 1149 1368 1185 seipsos
1392 1149 1594 1184 multiplicatos,
1618 1150 1669 1178 hoc
1694 1155 1753 1182 est,
1771 1150 1870 1179 millies

1072 1194 1167 1227 millia,
1177 1193 1353 1230 ejusdemque
1373 1195 1471 1222 iterum
1484 1195 1587 1223 denarii
1598 1195 1626 1223 in
1637 1195 1756 1224 millibus
1763 1196 1869 1230 decem,

1072 1239 1136 1274 quia
1155 1239 1189 1267 ab
1208 1247 1241 1268 eo
1264 1245 1413 1268 nascuntur
1436 1241 1469 1274 ’³,
1493 1249 1542 1276 per
1563 1241 1681 1277 seipsam
1698 1241 1870 1278 multiplicati

1072 1285 1269 1320 quantitatem,
1295 1286 1347 1313 hoc
1368 1289 1410 1313 est
1435 1286 1528 1314 decem
1550 1286 1634 1314 millia
1659 1287 1749 1315 decies
1772 1288 1870 1316 millies

1072 1339 1125 1359 non
1139 1331 1225 1367 possit
1237 1333 1400 1364 ascendere,
1419 1332 1547 1367 quoniam
1563 1333 1724 1361 inﬁnitatem
1741 1334 1870 1363 altiorum

1072 1385 1248 1405 numerorum
1267 1385 1354 1412 neque
1374 1378 1444 1405 valet
1464 1379 1625 1412 perspicere,
1641 1387 1691 1406 nec
1715 1381 1868 1408 nominare.

1073 1424 1161 1451 Tanta
1176 1423 1249 1451 enim
1264 1423 1305 1450 vis
1322 1431 1497 1451 numerorum
1512 1428 1569 1456 est,
1587 1428 1616 1451 ut
1631 1425 1727 1452 ductus
1748 1425 1871 1455 inﬁnitus

1073 1470 1252 1498 existimetur.
1275 1469 1328 1497 Per
1346 1470 1396 1497 hos
1417 1469 1489 1497 enim
1501 1469 1525 1490 ’⁸
1540 1470 1674 1497 humanae
1688 1470 1873 1499 ratiocinatio-

1074 1517 1101 1544 ni
1117 1516 1375 1551 comprehensihiles
1399 1521 1428 1544 et
1442 1515 1621 1543 nominabiles
1636 1524 1764 1545 numeros
1778 1517 1870 1546 inﬁni-

1077 1568 1130 1591 tam
1146 1563 1303 1591 caelestium
1317 1563 1516 1591 multitudinem
1528 1563 1611 1590 voluit
1621 1563 1784 1598 signiﬁcare.
1800 1563 1872 1593 Usus

1075 1609 1210 1645 siquidem
1237 1608 1475 1645 frequentissimus
1500 1609 1584 1637 divini
1607 1609 1707 1645 eloquii
1733 1614 1793 1644 est,
1822 1618 1872 1646 per

1075 1656 1152 1684 ﬁnita
1168 1656 1276 1684 inﬁnita
1297 1656 1420 1685 innuere.
1440 1655 1497 1684 Hoc
1518 1660 1608 1684 autent
1627 1656 1759 1692 scriptum
1780 1660 1823 1685 est
1842 1657 1871 1685 in

1076 1702 1186 1730 Daniele
1208 1703 1338 1738 propheta
1354 1724 1361 1736 ,
1388 1703 1434 1731 ubi
1454 1703 1493 1731 ait
1512 1711 1519 1730 :
1545 1712 1554 1729 t
1571 1703 1759 1738 Aspiciebam,
1786 1704 1872 1732 dottec
1916 1703 1917 1706 “

1076 1748 1165 1775 throni
1173 1748 1252 1783 positi
1262 1753 1324 1776 sunt
1335 1758 1358 1775 ι.
1367 1748 1400 1776 Et
1409 1756 1416 1776 :
1427 1757 1436 1774 t
1446 1748 1580 1784 Antiquus
1588 1748 1693 1776 dierum
1701 1749 1778 1780 sedit,
1788 1749 1871 1777 vesti-

1075 1799 1197 1822 mentum
1212 1795 1269 1830 ejus
1285 1794 1363 1830 quasi
1378 1795 1425 1822 nix
1439 1795 1595 1828 candidum,
1624 1800 1653 1823 et
1672 1795 1761 1831 capilli
1775 1796 1872 1830 capitis

1076 1841 1134 1877 ejus
1157 1841 1236 1877 quasi
1261 1841 1321 1868 lana
1349 1842 1445 1869 munda
1459 1862 1467 1874 ,
1492 1842 1605 1870 thronus
1623 1841 1646 1861 ’⁸
1665 1842 1723 1877 ejus
1745 1841 1871 1869 ﬂammae

1076 1888 1156 1923 ignis,
1180 1892 1256 1916 rotae
1283 1888 1307 1903 "
1330 1887 1388 1923 ejus
1404 1887 1473 1924 ignis
1494 1895 1639 1920 accensus;
1656 1887 1753 1915 ﬁuvius
1777 1887 1872 1923 igneus

1076 1934 1239 1970 rapidusque
1252 1934 1442 1970 egrediebatur
1454 1942 1470 1961 a
1487 1934 1556 1961 facie
1573 1934 1641 1969 ejus,
1658 1934 1741 1961 millia
1757 1934 1870 1961 millium

1076 1981 1268 2009 ministrabant
1292 1981 1337 2014 ei,
1361 1985 1389 2008 et
1413 1980 1503 2008 decies
1525 1980 1623 2007 millies
1646 1984 1759 2007 centena
1786 1979 1870 2007 millia

1076 2027 1242 2055 assistebant
1262 2027 1286 2054 ei
1305 2037 1327 2054 ι.
1348 2027 1387 2054 Ita
1402 2027 1500 2057 beatus
1521 2026 1702 2061 Hieronymus
1724 2025 1870 2056 transtulit.

1078 2072 1195 2101 Sanctus
1209 2077 1299 2100 autem
1322 2073 1464 2108 Dionysms
1478 2071 1615 2106 antiquam
1639 2078 1749 2098 secutus
1767 2075 1809 2098 est
1830 2071 1872 2099 itt-

1077 2118 1309 2153 terpretationcm.
1328 2118 1361 2144 Et
1376 2125 1422 2152 per
1436 2118 1494 2150 Itos,
1510 2123 1648 2148 numeros,
1660 2121 1746 2150 aperte
1767 2116 1871 2152 signiﬁ-

1078 2158 1150 2197 cans,
1164 2164 1222 2199 ipsa
1233 2163 1353 2197 traditio,
1365 2161 1567 2190 innumerabiles
1582 2160 1732 2188 caelestium
1743 2164 1871 2190 essentia-

1079 2220 1137 2239 rum
1161 2210 1348 2238 ordinationes.
1377 2208 1463 2237 Multa
1481 2208 1549 2235 enim
1567 2212 1626 2235 sunt
1648 2207 1738 2236 beatae
1761 2208 1871 2238 militiae

229 2252 344 2280 ευηπηίε
375 2253 501 2281 Videlicet
523 2252 695 2286 hominibus:
720 2259 769 2287 Per
790 2260 858 2288 quos
885 2253 1026 2288 ωγειθτῖθ,
1038 2254 1523 2301 Dsupermundaliumintellecluum,
1537 2254 1670 2290 inﬁrmam
1683 2260 1706 2282 et
1724 2259 1870 2283 coartatum

223 2305 295 2333 quae
308 2305 324 2326 a
338 2298 394 2327 Deo
407 2299 553 2334 recipiunt,
567 2297 657 2332 angeli
672 2297 848 2326 inferioribus
859 2305 889 2326 se
903 2298 1027 2334 aperiun-

224 2349 276 2377 tur,
286 2345 360 2373 nobis
374 2346 490 2374 revelare
507 2345 670 2373 subauditur
686 2345 880 2379 concesserim,
894 2353 942 2381 per
955 2345 1023 2381 ejus,

1079 2309 1231 2340 superantes
1257 2302 1434 2331 materialium
1458 2301 1601 2330 secundum
1623 2311 1669 2330 nos
1704 2312 1871 2331 numerorum

1079 2349 1360 2378 commensuritionem.
1385 2348 1443 2376 lloc
1455 2353 1544 2377 autem
1558 2348 1625 2377 dicit
1657 2356 1711 2378 non
1729 2350 1800 2386 quod
1820 2350 1872 2386 ipsi

877 2403 1005 2433 VARIAE
1023 2405 1226 2435 LECTIONES.

261 2449 270 2463 ‘
285 2448 363 2483 Conj.
387 2448 416 2476 .A
446 2448 623 2476 dubttartmus
654 2448 676 2476 Β
700 2448 884 2493 dubitarimus.
915 2449 1025 2486 (punct.
1059 2452 1113 2487 adj.
1148 2451 1202 2488 B‘).

399 2506 425 2538 η’,
460 2506 507 2534 AB
539 2506 608 2541 quis.
672 2506 691 2526 ⁸·
709 2506 845 2539 Emend.,
884 2506 929 2533 AB
960 2508 1060 2543 uisque.
1120 2508 1130 2524 ⁸
1154 2508 1174 2535 Β
1197 2508 1239 2535 At.
1294 2508 1304 2524 ⁷
1330 2507 1340 2534 Ι

399 2541 510 2579 "Verba
529 2541 847 2579 “raptum—prophetam
871 2549 925 2569 om.
938 2541 969 2568 Β.
1007 2543 1017 2559 ⁹
1037 2545 1119 2572 Forte
1133 2544 1185 2579 leg.
1205 2544 1232 2570 in
1240 2543 1340 2579 ipsum.

183 2498 189 2538 ῗ
225 2506 237 2521 ι
265 2506 344 2534 Corr.
377 2505 425 2538 ιν.
460 2505 507 2534 AB

224 2541 355 2569 dentibus.

226 2576 248 2594 ¹¹
273 2577 319 2605 Sic
340 2576 396 2610 AB,
414 2575 483 2604 forte
504 2582 542 2604 ut.

539 2506 608 2541 quis.
672 2506 691 2526 ⁸·
709 2505 824 2534 Emend.
837 2526 845 2539 ,

594 2577 628 2613 “7
639 2576 718 2604 Corr.
735 2576 778 2608 B',
795 2576 848 2613 AB,
857 2585 977 2613 sequens.

1027 2580 1049 2595 "
1071 2585 1108 2607 est
1132 2577 1187 2607 om.
1214 2577 1269 2610 AB,
1293 2579 1327 2606 ad
1346 2586 1431 2613 marg.
1448 2578 1522 2613 adsc.
1540 2577 1583 2603 B‘.

1256 2451 1358 2480 iCorr.
1384 2451 1429 2485 ιν,
1458 2452 1504 2479 AB
1524 2457 1563 2479 tu.
1619 2452 1630 2469 ³
1658 2453 1689 2481 Β⁴
1716 2454 1802 2482 adscr.
1821 2458 1870 2482 est.

1120 2508 1130 2524 ‘
1154 2508 1174 2535 Β
1197 2508 1239 2535 At.
1294 2508 1304 2524 ⁷
1330 2507 1350 2534 Β
1375 2508 1574 2542 praesentibus,
1617 2507 1648 2534 B‘
1675 2515 1745 2535 corr.
1772 2509 1870 2542 praesi-

1381 2543 1401 2558 ‘°
1414 2543 1434 2569 B
1449 2551 1590 2578 causaqmt
1614 2543 1745 2578 dictarunt
1759 2549 1868 2578 partem.

1633 2577 1654 2592 "
1670 2578 1747 2605 Corr.
1767 2578 1809 2610 B',
1825 2579 1869 2604 AB

179 2634 181 2636 μ
223 2612 280 2639 sine
295 2617 366 2640 utra.
405 2612 427 2628 ¹⁵
439 2612 493 2640 Pro
502 2612 603 2648 sufﬁcit,
616 2612 639 2639 A
655 2620 708 2639 non
724 2613 829 2648 sufﬁcit,
845 2612 866 2639 Β
888 2621 940 2657 non
957 2615 1050 2649 stt/ﬁcit
1074 2616 1177 2651 (punct.
1193 2614 1247 2650 adj.
1262 2614 1317 2649 B‘).
1356 2614 1378 2629 ¹⁶
1390 2612 1466 2641 Corr.
1482 2612 1524 2645 B‘,
1541 2619 1590 2647 pro
1602 2612 1665 2647 quid
1679 2620 1735 2639 vere
1746 2620 1804 2639 t'ero
1825 2613 1869 2639 AB

177 2679 181 2682 ν
223 2678 350 2732 quaerere
362 2678 430 2712 aere.
469 2670 492 2687 "
510 2670 540 2697 Β·
556 2671 589 2698 ad
600 2678 688 2712 marg.
702 2670 855 2712 adscr.lsit.'
885 2671 906 2688 ⁸⁸
918 2671 1008 2706 Cottj.,
1020 2671 1065 2700 AB
1078 2673 1106 2701 in
1121 2672 1377 2704 contemplationem.
1417 2671 1438 2687 "
1454 2671 1557 2712 B'eorr.

236 2714 283 2732 tes.
298 2713 338 2732 stc
349 2706 459 2732 ubique.
497 2709 518 2726 ἰ
534 2706 556 2732 A
571 2711 719 2732 scientiam.
733 2705 754 2732 Β
765 2711 909 2732 scientiam.
923 2713 1026 2732 munet.
1043 2708 1096 2732 mli.
1111 2709 1163 2732 R‘t.
1213 2708 1237 2725 ³⁵
1248 2708 1325 2732 (Inrr.
1343 2708 1384 2732 B'.
1399 2706 1443 2732 AB
1457 2706 1536 2732 cibos.

236 2706 283 2739 ies,
298 2706 338 2734 sic
349 2706 461 2743 ubique.
497 2709 518 2726 ἰ
534 2706 556 2733 A
571 2706 719 2743 scientiam,
731 2705 754 2743 β
765 2706 909 2733 scientiam.
923 2705 1026 2742 (punct.
1043 2708 1096 2743 adj.
1110 2709 1163 2743 B‘).

661 2741 685 2757 ³⁵
707 2741 752 2768 AB
766 2746 865 2769 troilus.
882 2745 888 2752 '
906 2741 1017 2771 “’Corr.
1033 2741 1087 2770 AB.
1104 2741 1180 2771 recte.

223 2746 344 2769 scuntur.
382 2741 489 2769 “enim
508 2749 562 2769 om.
590 2741 623 2769 A.

1580 2677 1670 2704 quare.
1722 2669 1744 2689 ³⁸³
1759 2669 1804 2696 AB
1821 2671 1871 2698 nti-

1213 2708 1237 2725 “
1248 2708 1325 2736 Corr.
1343 2708 1384 2742 B',
1399 2706 1443 2734 AB
1457 2706 1536 2734 cibos.
1580 2705 1602 2724 ³³
1618 2704 1730 2732 Emend.
1757 2704 1802 2733 AB
1819 2714 1868 2733 no-

983 2790 1108 2819 NOTAE.

261 2842 274 2857 I
286 2834 307 2864 A
319 2836 418 2864 litteris
427 2836 547 2864 miniatis
566 2834 716 2872 Capitulum
735 2833 859 2872 quartum
881 2836 1021 2869 decimum,

225 2872 411 2908 cujusrtitttltu
431 2877 470 2899 est
494 2877 556 2905 cet.,
568 2872 590 2899 Β
605 2871 718 2908 titulum
732 2871 840 2908 ontLB‘
854 2871 950 2899 litteris
969 2880 1024 2908 ma:

227 2906 342 2942 iuseum
360 2911 514 2937 atramento
524 2908 615 2936 adscr.
629 2906 732 2935 Titulus
744 2906 784 2935 XI
790 2906 811 2934 γ
820 2907 943 2935 capituli:
954 2908 993 2938 Ou
998 2907 1024 2934 id

1077 2838 1208 2872 signiﬁcat
1222 2836 1353 2872 angelieas
1368 2842 1491 2872 numerus
1503 2835 1628 2872 traditus,
1649 2834 1800 2872 litterisque
1819 2835 1870 2863 mi-

1078 2871 1160 2902 ttiatis
1173 2871 1293 2901 addidit:
1314 2872 1331 2899 i.
1345 2880 1369 2900 e.
1385 2871 1463 2900 datus
1485 2871 1523 2900 vel
1543 2872 1667 2907 diﬁinitus
1679 2882 1695 2900 (ι
1712 2871 1868 2907 Scriptnris.
