4178 6266
494 317 592 375 Ωὲί

1882 303 2168 363 JOANNIS
2207 302 2419 360 800ΤίΔ

3667 313 3777 372 259

496 429 732 495 numeri.
762 425 1027 483 dttm'siot
1050 424 1230 483 eultici
1257 432 1300 486 ι,
1348 431 1401 479 ει
1433 422 1487 477 in
1506 420 1618 479 sola
1650 422 1856 476 ratione
1886 419 2081 475 substi-
2114 435 2153 484 Α
2187 427 2363 471 autem
2400 415 2478 467 vel
2530 414 2576 450 ³⁷
2628 414 2971 485 requiescere
3017 416 3261 474 volentes
3307 422 3374 481 ad
3398 421 3668 480 dividuam
3720 435 3777 483 et

499 524 618 584 tuti,
653 519 958 577 ntateriales
980 517 1176 583 fuerint
1202 519 1243 579 ’,
1277 518 1369 571 sed
1399 515 1540 585 quod
1570 530 1668 569 nos
1708 513 1758 577 ³,
1790 515 1879 583 qui
1904 512 2079 591 a-lttuc

499 612 810 669 materiales
854 618 909 664 et
960 608 1215 665 mortales
1259 622 1466 671 sumus,
1506 621 1600 677 eos
1654 606 1793 661 intra
1838 613 2079 657 uosmet-

462 732 477 740 —
500 703 647 774 ipsos
668 711 723 757 et
756 700 1055 771 cogitamus
1078 708 1136 752 et
1177 698 1519 771 nominamus
1547 695 1591 771 ἰτ
1644 694 1934 764 Propterea
1968 710 2081 747 ma-

502 795 718 849 teriales
741 791 1028 854 dicuntur,
1062 789 1143 845 vel
1174 796 1320 844 certe
1366 789 1489 844 ideo
1543 787 1848 841 ntateriales
1888 800 2079 839 nume-

501 883 548 938 ri
600 884 849 951 dicuntur
879 922 895 942 ,
943 881 1068 951 quia
1124 891 1217 937 aut
1268 880 1356 934 vix
1383 888 1473 934 aut
1508 893 1783 951 nunquam
1833 877 1948 931 sine
1972 893 2082 931 ma-

501 975 771 1031 terialiutn
786 990 965 1043 rerum
986 974 1460 1044 imaginationibus
1482 976 1535 1027 in
1557 974 1739 1027 animo
1759 982 2078 1049 tractantur.

502 1067 571 1125 Et
600 1085 634 1123 α
682 1068 795 1125 sola
836 1067 1071 1137 gnostica
1097 1065 1121 1099 ⁸
1156 1068 1432 1137 deﬁnitae,
1484 1066 1586 1120 hoc
1648 1075 1773 1132 est,
1830 1066 2082 1122 delinitae

501 1166 629 1215 sunt
652 1158 845 1214 beatae
875 1158 1097 1213 militiae
1143 1157 1456 1223 caelosttuut
1512 1156 1874 1211 intellectuutn
1903 1172 1933 1210 a
1967 1155 2078 1211 sola

501 1250 768 1321 gnostica,
823 1250 935 1319 ipsa
970 1247 1217 1305 videlicet
1251 1247 1536 1318 sapientia.
1570 1261 1709 1315 quae
1737 1262 1831 1305 eas
1876 1255 1928 1300 et
1958 1245 2083 1300 fecit

500 1347 558 1403 et
584 1340 854 1396 ordinavit
880 1339 921 1392 ⁸.
979 1338 1164 1393 Divina
1204 1347 1382 1393 autem
1430 1336 1689 1409 sapientia
1721 1336 1841 1391 ideo
1884 1337 2083 1391 dicitur

495 1430 765 1501 gnostica,
798 1430 851 1484 id
883 1439 990 1499 est,
1040 1428 1334 1501 cognitiva,
1365 1427 1489 1496 quia
1532 1427 1709 1480 omnia
1741 1465 1756 1489 ,
1809 1441 1947 1495 quae
1984 1441 2083 1496 per

500 1526 672 1594 ipsum
702 1535 795 1585 aut
820 1526 873 1581 itt
895 1526 1007 1597 ipsa
1023 1523 1161 1579 facta
1179 1533 1324 1587 sunt,
1354 1523 1465 1578 sola
1495 1521 1741 1592 intelligit
1764 1530 1821 1575 et
1845 1522 2081 1597 circum-

500 1616 709 1687 scribit.
742 1615 1042 1687 Secundum
1070 1618 1236 1687 ipsam
1273 1615 1724 1685 supermundanae
1763 1626 1810 1669 et
1849 1614 2081 1668 caelestis

499 1708 874 1781 intelligentiae
893 1718 940 1763 et
967 1708 1238 1773 scientiae,
1261 1724 1394 1776 quae
1420 1706 1770 1778 capiatissime
1790 1708 1863 1759 eis
1885 1706 2080 1763 donata

2186 506 2592 577 tttultipartitam
2642 506 2687 538 ⁸⁸
2720 508 3061 576 latitudinem
3084 552 3097 573 ,
3137 511 3238 564 hoc
3272 522 3354 567 est
3383 554 3399 581 ,
3427 516 3777 586 multiplicem

2184 616 2362 655 rerqu
2390 599 2680 654 visibilium
2742 601 3084 669 superﬁciem
3134 600 3182 633 ¹⁹
3240 604 3586 663 multiformis
3614 608 3660 641 ⁸⁸
3687 624 3778 665 va.

2186 690 2393 745 rietatis
2419 690 2782 758 angeliearum
2814 690 3218 748 formatiooum.
3254 694 3332 749 Ea
3374 696 3671 766 siquidem,
3710 698 3780 757 de

2184 782 2377 852 quibus
2401 784 2513 852 jam
2566 783 2917 837 tractavimus
2945 825 2959 848 ,
3012 783 3123 838 solo
3163 787 3360 840 mentis
3408 789 3566 843 oculo
3613 804 3779 861 super

2184 889 2343 928 omne
2396 874 2472 939 ³⁸,
2509 875 2650 943 quod
2697 876 2740 907 “
2780 874 2943 929 dividi
2981 885 3034 929 ct
3070 877 3408 948 multiplicari
3439 889 3639 950 potest,
3684 897 3777 937 su-

2150 968 2157 971 ’
2184 966 2343 1038 per"
2368 983 2581 1020 onmem
2621 968 2796 1020 rerum
2824 967 3111 1022 visibilium
3139 970 3537 1027 similitudinem
3563 983 3617 1028 et
3637 973 3774 1029 ima-

2185 1056 2513 1127 ginationem
2553 1057 2903 1127 contemplari
2935 1060 3207 1128 sapientes
3241 1073 3485 1129 possunt.
3516 1063 3587 1116 Ea
3616 1078 3770 1129 vero,

2186 1147 2252 1201 ad
2278 1164 2416 1218 quae
2449 1148 2498 1186 "
2524 1147 3177 1205 intellectualemoculum
3208 1151 3481 1207 reuertere
3503 1153 3770 1221 volumus,

2187 1239 2550 1303 latitudinem,
2577 1241 2626 1294 id
2658 1253 2763 1305 est,
2791 1244 3132 1311 superﬁciem
3159 1253 3214 1299 et
3239 1247 3632 1316 apparitionem
3673 1261 3767 1301 an-

2185 1331 2480 1402 gelicarum
2508 1328 2804 1386 formarum
2838 1338 3152 1399 ostendunt,
3185 1349 3325 1405 quae
3350 1337 3664 1407 superﬁcies
3694 1333 3775 1392 di-

2184 1422 2346 1477 vidua
2393 1431 2476 1477 est
2532 1434 2587 1478 et
2641 1424 3010 1494 multipliciter
3069 1426 3293 1495 partita.
3349 1426 3403 1481 in
3452 1427 3653 1497 quibus
3697 1437 3779 1482 ta-

2186 1530 2308 1569 men
2368 1516 2511 1570 acies
2572 1516 2769 1569 mentis
2831 1516 2994 1571 veluti
3043 1517 3143 1573 sibi
3192 1519 3430 1589 cognitis
3495 1527 3551 1575 et
3614 1517 3777 1574 fami-

2186 1603 2409 1660 liaribus
2480 1609 2821 1674 requiescere
2899 1609 3146 1675 videtur,
3219 1624 3284 1664 ac
3354 1610 3518 1665 veluti
3584 1612 3779 1666 remis-

2188 1695 2319 1761 sius,
2393 1712 2554 1767 quam
2592 1698 2639 1730 "
2680 1703 2733 1756 in
2808 1701 3129 1757 caelcsﬁbus
3191 1702 3466 1766 essentiis,
3541 1703 3595 1758 in
3654 1719 3776 1759 cor-

499 1806 596 1851 est.
632 1796 706 1851 Ita
761 1798 905 1855 enim
946 1798 1302 1873 definiuntur,
1334 1797 1783 1868 quemadmodum
1832 1795 2082 1852 caelestis
2111 1790 2156 1847 Β
2185 1791 2458 1864 poralibus
2505 1793 2738 1849 laborat.
2802 1794 2917 1851 Hoc
2978 1809 3159 1851 autem
3225 1795 3493 1860 facimus,
3551 1797 3775 1852 descen-

499 1887 850 1965 inteltigentia
898 1898 954 1945 et
1003 1891 1229 1944 scientia
1285 1890 1364 1944 eis
1407 1887 1567 1943 insita
1622 1897 1723 1945 est.
1770 1886 2083 1941 Substantia

501 1979 762 2048 siquidem
796 1995 985 2036 eorum
1037 1990 1093 2036 et
1141 1996 1396 2037 numerus
1468 1979 1818 2052 intelligentia
1892 1991 1975 2034 est
2031 1987 2086 2033 et

502 2067 749 2145 scientia.
802 2068 938 2124 Hinc
969 2085 1066 2141 per
1092 2069 1438 2125 Psalmistatn
1489 2069 1729 2124 dicitur:
1770 2089 1788 2121 ι
1826 2068 1924 2136 Qui
1960 2068 2086 2124 feci-

498 2156 570 2215 Sti
610 2157 629 2189 '
686 2157 863 2217 caelos
911 2158 968 2214 in
1016 2159 1285 2215 intellectu
1325 2180 1370 2226 ι,
1425 2160 1526 2215 hoc
1570 2167 1673 2225 est,
1718 2158 1888 2215 fecisti
1938 2158 1959 2189 '
1994 2174 2086 2213 eos

503 2249 830 2317 intellectus.
891 2250 1130 2323 Sanitate
1183 2252 1382 2316 divina,
1424 2251 1478 2307 id
1528 2262 1628 2315 est,
1665 2250 1731 2303 ab
1781 2251 2087 2321 integritate

506 2341 684 2397 divina
712 2383 728 2409 ,
756 2342 953 2398 multae
990 2345 1237 2399 scientiae
1267 2342 1657 2413 sapientiﬁcae,
1698 2357 1834 2413 quae
1876 2358 1968 2397 eas
2002 2357 2089 2395 sa-
2134 2338 2143 2347 ’

504 2435 714 2507 pientes
732 2438 753 2469 '
779 2437 923 2491 iacit.
958 2435 1026 2491 Et
1056 2435 1207 2504 cujus
1226 2445 1309 2490 est
1332 2434 1417 2491 illa
1443 2433 1608 2489 multa
1631 2434 1854 2511 scientia
1870 2434 2085 2504 sapien-

508 2526 690 2583 tiﬂca?
737 2527 965 2593 Nullius,
1001 2529 1102 2585 nisi
1162 2527 1425 2599 existentis
1480 2528 1725 2598 principii
1790 2536 1836 2582 et
1899 2543 2089 2581 causae

505 2621 895 2691 substantiﬁcae
935 2632 984 2677 et
1015 2622 1325 2676 continentis
1354 2622 1558 2676 virtutis
1590 2608 2088 2686 consummationis,

504 2730 571 2773 ex
599 2732 704 2788 qua
739 2717 987 2774 caelestis
1016 2716 1365 2788 intelligentia
1394 2723 1448 2771 et
1470 2715 1694 2771 scientia
1718 2714 2091 2786 copiosissime

502 2810 1013 2885 supermundalibus
1046 2809 1411 2865 intellectibus
1440 2806 1637 2863 donata
1666 2816 1769 2865 est.

961 2973 1446 3035 CAPITULUM
1484 2972 1612 3030 XV.

1027 3088 1195 3157 Cuius
1230 3089 1417 3145 titulus
1438 3096 1523 3144 est
1550 3105 1565 3142 ε

510 3250 656 3319 Quae
684 3252 785 3305 sint
817 3247 1128 3319 formativae
1149 3246 1507 3319 angelicorum
1536 3246 1783 3319 virtutum
1813 3246 2089 3316 imagines,

744 3329 792 3372 et
817 3316 965 3389 quae
1001 3316 1207 3381 deinde,
1243 3317 1335 3370 hoc
1373 3326 1446 3369 est
1489 3326 1538 3369 et
1566 3317 1767 3387 reliqua
1793 3329 1840 3369 ι.

560 3451 654 3524 μ.
676 3449 836 3506 Fer“
850 3450 988 3521 quod
1010 3458 1186 3513 restat,
1212 3450 1524 3509 remittentes
1540 3462 1796 3513 nostrum,
1814 3451 1858 3505 si
1871 3451 2093 3518 videtur,

508 3539 911 3597 intellectualem
938 3539 1144 3595 oculum
1173 3542 1313 3593 circa
1349 3540 1593 3595 sublimes
1636 3540 2095 3611 contemplationes
2112 3536 2125 3609 ξ

508 3630 744 3703 angelico
764 3639 807 3673 ⁸⁸
836 3632 1009 3703 vigore
1035 3630 1103 3685 ad
1131 3632 1398 3686 dividuam
1423 3640 1469 3685 et
1494 3630 1892 3700 multipartitam
1909 3641 1953 3672 ιι
1973 3630 2097 3685 lati-

509 3725 741 3780 tudinem
768 3723 1105 3794 multiﬁrmis
1142 3726 1499 3797 angelicorum
1540 3725 1985 3794 speci/icationum
2008 3742 2096 3779 va-

510 3814 735 3878 rieta:is,
755 3814 1118 3870 descendentes
1136 3816 1322 3869 iterant
1344 3816 1395 3868 in
1418 3815 1543 3885 ipsis
1568 3826 1819 3880 tanquam
1836 3814 1891 3870 in
1912 3832 2093 3869 conse-

508 3904 784 3979 quentibus
799 3905 853 3958 in
866 3904 1249 3974 simplicitatem
1271 3904 1571 3959 caelestium
1589 3907 1887 3958 animorum
1911 3906 2096 3975 analy-

509 3995 607 4047 tice
630 3993 673 4023 "
689 3993 912 4063 reﬂexis.
939 3993 1503 4069 Sibiipsiimperatvel
1523 3993 1825 4060 Timotheo,
1850 3995 1933 4047 cui
1966 3996 2097 4049 haec

511 4082 756 4157 scripsit:
790 4084 897 4141 Fer
931 4086 1073 4156 quod
1102 4096 1289 4151 restat,
1338 4086 1441 4140 ltoc
1468 4094 1572 4150 est,
1622 4084 1736 4139 l'at-e
1774 4092 1915 4154 quod
1942 4074 2113 4154 prae?

509 4180 679 4237 sentis
725 4180 905 4252 operis
940 4190 1022 4236 est
1066 4181 1357 4235 residuum.
1393 4179 1755 4234 Remittentes
1802 4178 1870 4244 ιδ,
1901 4179 2006 4243 vel,
2039 4186 2097 4232 ut

507 4275 724 4349 proprie
755 4275 1099 4340 transfertur,
1132 4275 1475 4346 requiescere
1516 4276 1778 4330 facientes
1807 4283 2050 4328 nostrum
2078 4313 2095 4338 ,

510 4367 555 4421 si
595 4367 689 4423 tibi
743 4368 979 4435 videtur,
1006 4383 1038 4423 0
1070 4367 1115 4398 "
1150 4365 1464 4432 Timothee,
1510 4366 1924 4421 intellectualem
1963 4381 2092 4420 ocu-

509 4460 621 4514 lum
645 4458 714 4513 ab
742 4461 984 4531 angelico
1013 4459 1192 4530 vigore
1222 4459 1288 4523 ⁸⁸,
1320 4458 1389 4514 ab
1418 4458 1657 4526 angelica
1681 4455 1837 4527 plane
1867 4456 2094 4519 tlteoria,

2188 1884 2376 1939 dentes
2408 1884 2630 1950 iterum,
2670 1888 2773 1943 ltoc
2799 1900 2906 1953 est,
2954 1892 3078 1945 dum
3105 1900 3227 1960 post
3254 1891 3561 1946 sublimium
3595 1906 3776 1946 rerum

2188 1977 2705 2047 contetttplationem
2776 1980 2971 2036 iterum
3051 1983 3428 2036 descendimus
3492 1984 3547 2037 iu
3621 1983 3774 2053 ipsis,

2187 2072 2445 2143 angelicis
2489 2074 2736 2129 videlicet
2783 2075 3025 2145 mysticis
3053 2073 3485 2139 formationibus,
3522 2085 3775 2145 tanquam

2188 2160 2241 2216 in
2271 2165 2746 2235 consequentibus,
2779 2167 2879 2220 ltoc
2915 2176 3016 2229 est,
3052 2183 3155 2221 non
3186 2167 3629 2223 convenientibus
3662 2169 3775 2222 lon-

2187 2273 2360 2331 geque
2389 2256 2739 2314 dissimilibus
2766 2259 3068 2313 divinorum
3102 2260 3470 2316 intellectuum
3500 2262 3772 2317 altitudini

2188 2357 2241 2405 et
2272 2347 2623 2402 uniformitati
2649 2390 2664 2413 ,
2714 2350 2925 2405 reﬂexis
2947 2351 2991 2390 ’⁸
3033 2361 3210 2405 tamen
3251 2354 3548 2410 tlteoretica
3576 2357 3778 2411 virtute

2188 2438 2485 2511 analytice,
2524 2438 2627 2493 hoc
2653 2446 2769 2503 est,
2810 2455 2907 2508 per
2936 2440 3259 2511 analyticam
3291 2443 3343 2494 in
3375 2443 3777 2513 simplicitatem

2188 2529 2501 2583 caelestium
2534 2531 2858 2585 animorum.
2880 2531 3175 2592 Ἀναλυτική
3189 2533 3335 2587 enim
3363 2541 3448 2588 est
3474 2534 3773 2603 disciplina,

2188 2634 2327 2691 quae
2377 2619 2670 2674 visibilium
2719 2619 3010 2691 imaginum
3066 2621 3567 2690 interpretationem
3621 2625 3664 2657 ’ν
3718 2626 3773 2679 in

2190 2713 2544 2767 invisiltiliutn
2613 2712 2985 2768 intellectuum
3059 2713 3481 2770 uniformitatem
3536 2716 3768 2781 resolvit,

2189 2805 2336 2860 omni
2367 2804 2540 2859 forma
2570 2805 2891 2859 carentium.
2929 2805 2996 2860 Ut
3031 2804 3173 2861 enim
3234 2807 3526 2877 symbolice
3581 2807 3772 2863 visibi-

2189 2901 2321 2956 lium
2389 2916 2567 2955 rerum
2628 2899 2953 2970 imaginibus
3007 2884 3416 2956 sive-discretis
3469 2911 3524 2957 et
3574 2915 3778 2958 conveni

2192 2992 2488 3057 aientibus,
2539 2991 2654 3045 sive
2718 2990 2956 3045 confusis
3005 3001 3061 3045 et
3106 2991 3608 3048 inconvenientibus
3638 2992 3777 3047 divi-

2195 3099 2293 3138 nos
2343 3083 2517 3138 induit
2546 3082 2873 3148 intellectus,
2922 3080 2995 3136 ita
3057 3086 3275 3138 eosdem
3322 3084 3588 3157 analytice
3631 3086 3778 3141 omni

2119 3151 2165 3216 (ἶ
2198 3190 2456 3246 corporea
2538 3175 2891 3229 similitudine
2976 3175 3514 3246 conformationeque
3605 3178 3776 3233 eXuit.

2196 3264 2370 3319 Unum
2419 3278 2593 3321 autem
2641 3268 2708 3319 sit
2751 3266 2843 3319 tibi
2890 3268 3308 3336 praecognitum,
3346 3268 3603 3339 quomodo
3631 3284 3779 3323 sacra

2195 3361 2545 3431 [armatarum
2574 3358 2859 3425 imaginum
2893 3358 3231 3411 resolutiones
3257 3358 3462 3411 easdem
3489 3359 3775 3429 aliquando

2194 3449 2495 3504 caelestium
2523 3448 2863 3503 essentiarum
2898 3451 3262 3519 dispositiones
3291 3451 3678 3515 sanctiﬁcantes
3701 3454 3775 3504 si-

2194 3543 2464 3613 gniﬁcant,
2499 3554 2544 3594 et
2584 3542 2773 3613 iterum
2804 3543 3185 3612 sanctiﬁcatas,
3230 3553 3277 3597 et
3318 3542 3622 3597 novissimos
3648 3559 3776 3599 san-

2194 3634 2509 3702 cti/wantes,
2559 3634 3018 3703 sanrtiﬁratasque
3065 3636 3293 3705 primas,
3343 3645 3391 3690 et
3435 3636 3671 3699 easdem,
3720 3643 3779 3690 ut

2195 3726 2392 3779 dictum
2421 3736 2518 3790 est,
2562 3727 2759 3794 primas
2801 3735 2850 3780 et
2889 3725 3087 3780 medius
3133 3735 3181 3780 et
3233 3725 3443 3780 ultimas
3461 3726 3507 3765 ³⁸⁸
3535 3728 3778 3782 habentes

2195 3818 2431 3879 virtutes,
2474 3815 2620 3868 nulla
2651 3815 2953 3869 inordinata
2991 3816 3197 3869 ratione
3224 3815 3547 3881 introducta,
3587 3831 3775 3869 secun-

2196 3910 2321 3963 dum
2348 3908 2651 3980 hujusmodi
2684 3909 3059 3963 reserationunt
3092 3909 3137 3941 ”
3168 3909 3401 3963 modum.
3450 3908 3586 3964 Prae
3637 3917 3779 3963 cete-

2198 4001 2304 4065 ris,
2337 4002 2542 4071 inquit.
2581 3999 2651 4054 sit
2682 4000 2776 4053 .ibi
2808 4001 2906 4053 hoc
2965 4015 3127 4052 unum
3159 4000 3581 4069 anteeognitum,
3615 4007 3672 4051 ut
3698 3997 3779 4052 in-

2199 4094 2426 4165 telligas,
2488 4096 2755 4164 quomodo
2828 4100 3136 4146 sanctarum
3190 4074 3484 4159 imaginum
3517 4131 3531 4155 ,
3585 4090 3781 4159 quibus

2196 4185 2459 4240 caelestes
2482 4185 2779 4238 intellectus
2804 4182 3124 4254 ﬁgurantur,
3150 4183 3525 4244 resolutiones,
3551 4182 3651 4236 hoc
3671 4188 3778 4248 est,

2199 4279 2689 4350 interpretationes,
2726 4275 2830 4342 vel,
2861 4276 2995 4329 sicut
3028 4275 3243 4347 proprie
3274 4275 3338 4329 de
3366 4271 3577 4329 Graeco
3604 4282 3782 4327 trans-

2198 4372 2390 4435 fertur,
2428 4370 2833 4440 repurgatiottes
2869 4367 2952 4423 vel
2988 4368 3342 4423 discretiones
3370 4382 3463 4422 seu
3503 4363 3782 4421 iudicatio-

2200 4479 2296 4519 nes
2326 4461 2633 4533 sigoitieant
2656 4460 2701 4492 '°
2731 4461 2946 4515 eosdem
2985 4462 3219 4521 ordines,
3253 4474 3388 4529 quos
3413 4466 3569 4511 vocat
3602 4456 3782 4525 dispo-
3846 4518 3851 4525 _

512 4566 651 4621 quae
691 4550 952 4605 hactenus
980 4551 1127 4606 circa
1173 4551 1431 4605 sublimes
1482 4549 1793 4604 caelestium
1827 4548 2095 4602 essentia-
2125 4527 2173 4584 ί)
2202 4554 2427 4608 sitioues
2456 4550 2770 4607 caelestium
2810 4553 3164 4606 essettliarum
3206 4550 3625 4609 sanctilicatttes,
3676 4544 3782 4599 hoc

515 4658 634 4699 rum
691 4643 1170 4721 contemplationes
1222 4645 1394 4701 aciein
1444 4659 1597 4699 suam
1649 4643 1920 4708 exercuit;
1956 4657 2098 4697 nunc

2204 4654 2286 4698 est
2312 4643 2379 4707 ³¹.
2410 4658 2468 4698 se
2500 4641 2781 4698 inferiores
2803 4645 3139 4705 ordinantes,
3168 4652 3223 4695 et
3247 4641 3443 4694 iterum
3467 4637 3510 4668 ³⁸
3539 4634 3784 4692 sanctiﬁ-

1792 4779 2047 4839 VARIAE
2080 4779 2481 4837 LECTIONES.

586 4894 607 4929 ⁸
634 4890 791 4950 Corr.
824 4892 909 4955 B‘,
934 4891 1025 4946 AB
1048 4891 1219 4948 eibiei.

517 4981 689 5038 marg.
725 4963 1215 5038 adscr._sapirntia.

1314 4899 1336 4930 ¹
1357 4894 1403 4947 Α
1428 4893 1657 4960 fuerunt.

1293 4963 1314 4993 °
1342 4963 1382 5018 Β
1405 4965 1630 5019 ornavit.

515 5107 606 5165 ΑΒ
629 5104 876 5162 remittes.
957 5104 1002 5137 ¹⁸
1027 5104 1070 5160 0
1100 5121 1209 5159 oin.
1236 5108 1302 5160 A.

518 5178 562 5213 "
590 5178 745 5235 Corr.
778 5177 859 5244 B',
890 5176 978 5231 AB
1016 5179 1381 5246 superiaciem.
1457 5174 1502 5209 ”

520 5270 727 5355 (punct.
891 5268 997 5332 B').
1076 5267 1407 5355 ’ξρετε-βξ
1425 5267 1609 5355 pro‘ad
1633 5285 1766 5355 quae
1786 5267 2075 5355 Λιλαίᾳ.υεῖ

519 5351 1023 5412 interpretationum.

2152 5266 2197 5297 IB
2236 5268 2259 5297 Α
2297 5267 2384 5297 an:

1100 5268 1119 5297 ⁸
1143 5268 1294 5322 (Sorr.
1324 5268 1521 5336 B‘;pro
1539 5268 1609 5321 ad
1633 5285 1766 5339 quae
1786 5268 1872 5321 ΑΒ
1903 5281 2075 5337 atque.
2152 5268 2197 5297 ’⁸
2230 5268 2265 5318 Α
2293 5268 2403 5335 qui.
2479 5268 2525 5306 ’⁸
2552 5268 2703 5321 Corr.
2725 5268 2907 5331 8‘,AB

1100 5338 1145 5369 "'
1178 5339 1214 5391 Β
1245 5339 1456 5392 ultimas
1481 5348 1527 5391 et
1555 5340 1773 5392 medias.
1851 5337 1894 5369 ”
1922 5340 1999 5391 Ad
2030 5352 2197 5405 marg.
2239 5352 2380 5391 corr.
2412 5340 2492 5403 B‘,
2522 5336 2612 5393 AB
2641 5341 2926 5395 rationum.

1755 4895 1776 4928 ³
1806 4895 1987 4965 Couj.,
2003 4911 2099 4965 pro
2122 4911 2215 4950 nos
2240 4893 2327 4965 AB
2358 4911 2391 4949 a
2414 4894 2583 4948 nobis.
2660 4893 2685 4926 ⁸
2712 4893 2755 4949 Β
2774 4895 3194 4959 etnomilatttue,
3218 4893 3261 4953 Δ
3289 4893 3598 4965 cogitamus.
3652 4892 3699 4965 _'
3717 4891 3784 4950 Β·

1706 4966 1727 4997 ⁷
1754 4966 1813 5019 B‘
1850 4963 2017 5020 corr}
2037 4965 2178 5034 fecit.
2253 4965 2276 4997 ⁸
2298 4963 2356 5019 Β⁶
2388 4980 2533 5020 corr.
2556 4965 2699 5035 fecit.

515 5036 622 5093 Fur
641 5034 761 5107 age.
840 5041 882 5075 ιι
906 5034 1158 5107 B'__supr:t
1182 5036 1359 5090 adscr.
1392 5036 1455 5107 ab
1499 5034 1762 5100 angelico.
1838 5037 1882 5107 ξ’
1909 5036 1969 5088 B'
1998 5037 2415 5104 multipertitam.

1384 5105 1427 5137 "
1462 5107 1645 5176 uigore
1684 5120 1792 5161 om.
1837 5101 1898 5170 B,
1943 5107 2006 5158 ad
2054 5101 2208 5176 marg

1576 5177 1731 5230 Carr.
1764 5176 1848 5242 B‘,
1884 5174 2314 5244 ABmultiformi.

3244 4965 3287 4997 “
3319 4963 3378 5018 B'
3412 4978 3570 5033 supra
3601 4963 3781 5021 adscr.

2510 5032 2669 5089 “AB
2696 5032 2962 5093 analitiee.
3000 5037 3077 5090 sic
3108 5034 3325 5105 ubique.
3402 5032 3650 5105 “A'Corr.
3698 5033 3781 5101 B',

2215 5147 2222 5157 .
2261 5107 2437 5161 adscr.
2470 5105 2533 5160 B‘
2610 5107 2652 5141 "
2680 5106 2739 5158 B'
2779 5121 2920 5161 corr.
2952 5106 3129 5160 veluti.
3208 5103 3253 5137 “'
3280 5104 3320 5159 Β
3366 5103 3777 5170 multipertitaut.

2394 5177 2436 5208 εί
2465 5175 2510 5229 Α
2536 5193 2758 5230 omnem.
2844 5178 2887 5211 ⁸³
2921 5176 3098 5244 Co:tj..
3129 5175 3219 5229 AB
3248 5192 3425 5247 quam.
3501 5173 3545 5205 ”
3568 5174 3608 5228 Β
3628 5189 3787 5247 super

2479 5267 2525 5306 ’⁸
2552 5264 2703 5321 Corr.
2725 5266 2907 5331 8‘,AB
2939 5269 3159 5336 reﬂexit.
3252 5245 3305 5299 δ’
3339 5267 3495 5323 Corr.
3544 5245 3784 5332 B‘,"AB

2479 5379 2492 5397 .
2522 5336 2612 5393 AB
2641 5341 2926 5395 rationum.
3004 5338 3048 5371 ”
3076 5339 3140 5395 δ’
3172 5339 3240 5393 ad
3267 5352 3444 5397 mare.
3471 5339 3651 5397 adscr.
3679 5335 3784 5391 ali-

3172 5353 3240 5393 au
3267 5353 3444 5409 marg.
3471 5353 3651 5397 anser.
3679 5353 3784 5391 au-

2776 4964 2797 4995 ⁹
2821 4967 2860 5019 Β
2889 4968 3165 5035 sapienter.

520 5406 748 5481 quando.
825 5412 870 5443 ³⁸
892 5421 970 5465 est
1004 5425 1114 5465 om.
1143 5408 1202 5475 Β,
1235 5423 1400 5480 supra
1426 5410 1604 5463 adscr.
1634 5407 1719 5463 B‘.
1792 5407 1838 5438 ³³
1861 5409 2051 5462 iterant
2078 5422 2187 5462 om.
2217 5406 2278 5461 B.

2040 5516 2291 5577 NOTAE.

599 5638 813 5694 'SicA
873 5637 1068 5693 litteris
1118 5637 1376 5693 miniatis.
1431 5636 1472 5691 B
1518 5634 1729 5689 titulum
1762 5634 1979 5698 omittit,
2040 5632 2100 5687 Β·

529 5726 698 5780 marg.
723 5710 899 5765 adscr.
920 5704 980 5762 C.
1021 5704 1126 5761 XV
1172 5706 1361 5777 Incipit
1386 5716 1639 5760 tractatus
1685 5706 1750 5760 de
1792 5706 1944 5760 titulo
1998 5704 2105 5759 XV

2208 5637 2295 5713 qui
2332 5646 2444 5713 est:
2474 5653 2608 5713 quae
2634 5638 2742 5713 sint
2782 5638 3089 5713 formatione
3135 5638 3495 5713 angelicorum
3534 5642 3790 5705 nam

2213 5707 2492 5778 imagines,
2517 5708 2644 5778 quid
2672 5710 2736 5764 sit
2777 5710 2985 5781 igneum
3014 5718 3112 5764 cet.
