4178 6266
507 382 721 440 sistant.
760 375 829 433 Et
858 385 992 432 naue
1015 375 1100 428 est
1128 367 1306 426 media
1336 381 1521 424 earum
1547 351 1743 421 virtus.
1782 363 1851 420 Et
1880 363 2077 419 coadu-

509 473 660 530 nabit
708 447 1328 526 omnibus'caelestibus
1372 456 1622 514 essentiis
1666 455 1916 528 providas
1963 470 2083 511 esse

508 579 638 636 erga
673 557 974 622 venientia,
1017 553 1103 608 vel
1147 549 1401 607 secunda.
1458 547 1760 616 Utrumque
1787 545 1933 600 enim
1978 560 2008 598 a
2062 553 2080 585 ι

507 635 749 718 Graeco,
795 647 1006 722 quodr'
1053 651 1136 699 est
1177 639 1396 717 δεΰτερα
1444 640 1489 706 ³,
1536 645 1716 710 potest
1775 635 2080 692 transferri.

511 741 771 804 Sociabili
799 721 1164 810 processione,
1193 747 1291 804 per
1321 729 1629 786 sociabilem
1660 727 2084 798 processionem,

514 851 622 909 qua
654 839 944 903 sequentes
972 842 1030 884 se
1073 825 1117 892 ⁸,
1143 827 1248 880 hoc
1275 831 1357 879 est
1379 862 1395 888 ,
1443 821 1726 877 inferiores
1762 837 1851 886 se,
1882 828 1937 874 et
1963 826 2086 890 post

505 943 565 985 se
598 933 858 981 exeuntes
886 918 1149 976 essentias
1179 913 1450 971 communi
1479 914 1764 970 dilectione
1795 913 2086 968 intuendae

504 1017 752 1076 veritatis
776 1013 878 1070 sibi
903 1010 1233 1068 consociant.
1263 1009 1331 1062 Et
1353 1008 1490 1062 haec
1517 1005 1763 1060 fortassis
1788 1013 1870 1059 est
1896 1003 2085 1058 ultima

504 1109 718 1166 illarum
745 1107 938 1161 virtus.
987 1103 1093 1158 Eas
1122 1116 1242 1156 esse
1278 1100 1331 1155 in
1360 1097 1778 1171 participatione
1806 1096 2018 1149 divinae
2064 1094 2086 1126 ⁸

502 1199 722 1255 virtutis
767 1193 1094 1252 coadunabit
1140 1190 1390 1245 omnibus
1432 1186 1785 1249 caelestibus;
1837 1184 2088 1255 generale

507 1291 654 1346 enim
685 1287 787 1343 sibi
817 1293 900 1342 est
929 1285 984 1339 in
1008 1280 1429 1354 participatione
1455 1277 1669 1332 divinae
1697 1274 1915 1329 virtutis
1943 1287 2084 1339 esse,

506 1378 608 1434 etsi
637 1376 756 1432 aliis
783 1374 1249 1446 supereminenter
1275 1379 1329 1425 et
1355 1365 1754 1429 universaliter,
1776 1363 1895 1418 aliis
1919 1363 2089 1433 parti-

505 1465 787 1522 euliariter
811 1473 867 1520 et
893 1463 1123 1518 subdite.
1155 1459 1269 1514 Hac
1320 1459 1501 1528 itaque
1555 1455 1932 1512 communione
1971 1469 2088 1508 om-

508 1559 659 1616 nium
685 1558 705 1589 ⁶
727 1555 1040 1612 caelestium
1075 1551 1432 1607 essential-um
1465 1544 1530 1602 in'
1558 1546 1970 1618 participatione
2003 1545 2087 1599 di-

506 1652 667 1707 vinae
690 1650 904 1706 virtutis
924 1688 938 1714 ,
969 1662 1129 1718 quam
1156 1659 1343 1701 omnes
1386 1641 1630 1712 quamvis
1660 1654 1765 1694 non
1791 1636 2090 1706 aequaliter

510 1752 702 1816 appeto

509 1835 597 1890 vel
623 1836 851 1906 figurae,
907 1829 993 1885 vel
1021 1840 1341 1900 quocunque
1367 1821 1722 1883 alionomine
1755 1819 1935 1874 vocari
1965 1833 2091 1888 pos-

508 1937 656 1992 sunt,
680 1926 929 1982 omnibus
954 1920 1321 1993 signiﬁcandis
1369 1930 1682 1974 communes
1708 1915 1833 1969 sint.
1868 1911 2086 1982 Signifi-

509 2024 636 2072 cant
663 2017 807 2071 enim
836 2013 1048 2068 illarum
1078 2011 1376 2066 triformem
1399 2003 2088 2070 virtutem,conversionem

513 2106 731 2175 quidem
777 2104 842 2159 ad
893 2103 1102 2166 Deum,
1148 2109 1202 2154 et
1245 2098 1584 2171 propriarum
1648 2095 1908 2150 virtutum
1961 2108 2087 2148 cus-

525 2196 754 2260 todiam,
805 2202 860 2250 et
901 2207 1024 2265 erga
1064 2193 1452 2262 subsequentes
1483 2202 1542 2245 se
1570 2187 1878 2244 sociabilem
1909 2185 2089 2257 provi—

512 2287 770 2344 dentiam.

585 2443 614 2514 §
725 2440 1090 2496 Inchoandum
1128 2448 1302 2496 autem
1323 2440 1548 2505 ratione,
1570 2447 1619 2494 et
1647 2437 2002 2508 quaerendum
2031 2437 2088 2491 in

516 2533 687 2603 prima
717 2531 1008 2601 formarum
1062 2529 1376 2586 resolutione
1399 2572 1412 2596 ,
1449 2531 1554 2586 hoc
1590 2538 1674 2586 est
1709 2528 2042 2584 reseratione
2063 2526 2085 2559 ⁷

513 2625 950 2696 propheticarum
976 2623 1378 2696 ﬁgurationum,
1409 2623 1471 2678 ob
1497 2639 1654 2693 quam
1684 2637 1898 2676 causam
1939 2621 2086 2674 theo-

511 2717 652 2787 logia
701 2717 809 2785 fere
839 2715 981 2772 ultra
1022 2733 1198 2772 antnes
1239 2717 1519 2782 invenitur,
1561 2716 1825 2770 honorum
1868 2716 2088 2784 ignttam

509 2823 716 2862 sacram
743 2809 1159 2878 descriptionem,
1180 2810 1282 2865 hoc
1293 2820 1397 2874 est,
1416 2825 1521 2879 qua
1544 2809 1611 2864 de
1633 2823 1795 2863 causa
1823 2807 2089 2880 theologia

509 2912 642 2969 prae
690 2898 889 2954 ceteris
935 2899 1408 2971 imaginationibus
1447 2897 1659 2969 igneam
1688 2907 1931 2954 sanctam
1957 2911 2087 2952 con-

510 2988 890 3046 formationem
915 2991 1167 3047 honorat.
1190 2991 1428 3047 Invenies
1449 3007 1592 3060 ergo,
1615 3007 1732 3045 eam
1753 2990 1774 3022 ⁸
1797 3005 1899 3044 non
1919 2989 2088 3044 solum

2149 144 2165 151 ’-
2217 135 2333 166 -γςλ
2392 161 2446 172 ⁸.

1891 223 2172 285 JOANNIS
2209 223 2405 284 SCOTI

2103 348 2152 409 Α
2178 351 2233 398 et
2257 321 2597 399 inferioribus
2623 336 2945 396 caelestibus
2972 335 3246 404 essentiis,
3275 335 3496 409 ignitum
3538 338 3758 398 honorat

3273 204 3300 214 ν.

3651 225 3758 281 256

2182 433 2406 490 selectim
2441 433 2485 471 ιθ
2515 433 2804 502 formarum
2833 429 3092 499 facturam
3121 430 3186 483 ".

2252 526 2394 595 Ergo
2422 525 2631 594 igneum
2677 521 2973 592 signi/icore
3000 536 3182 575 censeo
3209 521 3513 578 caelestium
3564 541 3763 580 animo-

2185 633 2301 670 rum
2322 614 2782 683 deiformissimum
2806 611 2870 665 ⁸⁸.
2901 609 3188 676 Existimo,
3218 611 3412 681 inquit,
3457 614 3600 682 quod
3640 630 3762 670 cae-

2184 706 2402 763 lestium
2450 706 2809 762 essentiarum
2866 703 3025 773 ignea
3085 702 3442 758 conformatio
3494 704 3569 760 nil
3617 705 3763 762 aliud

2183 796 2509 869 significat"
2534 803 2750 866 praeter
2769 793 3028 860 divinam,
3053 807 3191 863 quae
3216 794 3296 849 eis
3320 793 3481 861 inest,
3508 794 3758 863 formam,

2184 905 2322 961 quae
2348 889 2582 944 maxime
2619 887 2673 942 in
2703 884 3000 956 Scripturis
3029 885 3199 940 sacris
3227 900 3324 954 per
3349 885 3524 956 ignem
3552 889 3760 959 signiti-

2185 979 2296 1035 cari
2344 977 2499 1034 solet.
2544 976 2695 1044 Quod
2739 965 3128 1044 subsequenter
3153 973 3394 1044 adiungit
3424 991 3438 1028 :
3466 973 3578 1045 Ipsi
3618 978 3759 1031 enim

2173 1069 2352 1124 ‘sancti
2382 1065 2602 1136 theologi
2625 1062 3106 1135 superessentialem
3135 1072 3183 1117 et
3219 1062 3492 1131 informem
3520 1064 3564 1096 ⁸ο
3585 1081 3757 1120 essen-

2185 1161 2314 1212 tiam
2361 1159 2415 1211 in
2455 1158 2574 1228 igne
2616 1171 2768 1227 saepe
2810 1154 3110 1210 describunt
3133 1193 3147 1217 ,
3199 1162 3450 1223 tanquam
3473 1154 3684 1210 habente
3709 1157 3753 1188 ’ί

2187 1251 2377 1305 multas
2398 1249 2620 1315 divinae,
2645 1249 2690 1301 si
2713 1247 2794 1316 fas
2815 1248 2860 1278 "
2874 1247 3064 1311 dicere,
3079 1245 3432 1315 proprietatis,
3445 1255 3693 1314 quantum
3713 1247 3760 1279 ³³

2186 1344 2569 1409 inuisibilibus,
2621 1343 2894 1413 imagines.
2953 1337 3110 1394 Nulla
3162 1339 3361 1409 quippe
3408 1337 3635 1394 visibilis
3685 1346 3769 1394 est

2187 1444 2459 1500 creatura,
2490 1436 2543 1490 in
2568 1449 2673 1504 qua
2703 1439 2914 1488 tantum
2936 1430 3150 1487 divinae
3169 1429 3438 1500 imagines
3461 1428 3767 1499 expriman-

2188 1537 2278 1584 tur
2303 1527 2372 1593 “,
2408 1534 2670 1597 quantum
2707 1526 2761 1580 in
2795 1524 2937 1596 igne.
3461 1569 3464 1572 .

2211 1651 2220 1663 -
2257 1617 2401 1674 Laus
2451 1617 2714 1672 virtutum
2768 1611 3039 1670 sensibilis
3084 1626 3224 1682 Ignis
3265 1611 3514 1682 sequitur
3559 1628 3572 1666 :
3618 1610 3768 1681 Ignis

710 1702 1086 1806 ιζίξξάιξίίιη,
1119 1744 1178 1790 ιη
1209 1702 1418 1790 omnes;
1442 1729 1647 1785 formae
1687 1728 1769 1783 νει
1803 1702 2086 1798 ίηιξηίηθε,
2118 1703 2164 1763 Β
2190 1714 2330 1767 enim
2359 1709 2616 1766 sensibilis
2655 1717 2728 1762 est
2756 1706 2981 1780 quidem,
3013 1705 3088 1759 sic
3112 1704 3412 1806 dicendum.
3437 1702 3602 1805 .Ordo

2191 1805 2386 1860 borum
2411 1803 2498 1858 ηε
2530 1798 2824 1856 Dicendum
2847 1797 3065 1866 quidem
3088 1795 3166 1851 sic
3188 1813 3202 1848 :
3225 1794 3323 1850 Est
3342 1793 3481 1864 ignis
3496 1791 3767 1849 sensibilis

2190 1896 2246 1950 in
2273 1893 2533 1959 omnibus,
2565 1901 2611 1945 et
2656 1906 2748 1961 per
2789 1889 2966 1943 omnia
3005 1886 3146 1941 clare
3189 1886 3346 1950 venit,
3390 1893 3439 1939 et
3481 1893 3768 1938 removetur

2191 1987 2428 2042 omnibus
2455 1985 2521 2050 I‘,
2547 1993 2594 2038 et
2620 1982 2824 2036 lucidus
2859 1989 2932 2033 est
2968 1977 3126 2032 simul
3152 1987 3198 2032 et
3221 1977 3374 2048 quasi
3394 1975 3644 2040 occultus,
3686 1975 3769 2028 in-

2189 2081 2426 2152 cognitus
2452 2080 2494 2111 ³⁷
2523 2079 2629 2148 ipse
2655 2092 2746 2146 per
2762 2075 3008 2144 seipsunt,
3037 2088 3142 2126 nan
3159 2070 3495 2125 accumbente
3521 2071 3767 2136 materia,

2189 2172 2293 2229 hoc
2313 2180 2418 2237 est,
2455 2169 2580 2224 dum
2618 2181 2726 2222 non
2755 2163 2919 2219 habet
2947 2163 3230 2218 materiem
3260 2161 3329 2227 ⁸⁸,
3359 2161 3417 2216 in
3442 2177 3597 2231 quam
3639 2177 3769 2232 pro-

2189 2263 2356 2335 priam
2383 2261 2683 2331 manifestat
2720 2257 2765 2296 "
2797 2259 3074 2310 actionem.
3105 2255 3417 2326 Incognitus
3439 2254 3518 2319 '°;
3546 2253 3769 2324 propria

2188 2355 2386 2426 quippe
2413 2352 2552 2424 ignis
2579 2351 2723 2406 actio
2749 2357 2834 2404 est
2857 2356 2915 2402 et
2938 2347 3133 2403 ardere
3167 2353 3225 2401 et
3267 2345 3452 2400 lucere
3491 2343 3548 2398 in
3591 2343 3772 2414 aliqua

2188 2448 2448 2514 materia;
2466 2443 2728 2514 siquidem
2758 2442 2876 2497 sine
2897 2441 3076 2509 aliqua
3091 2438 3319 2494 materia
3344 2436 3511 2492 est“.
3543 2435 3774 2491 Immen-

2188 2538 2435 2596 surabilis
2461 2577 2475 2604 ,
2525 2531 3086 2604 incomprehensibilis
3111 2569 3128 2596 ,
3175 2538 3224 2584 et
3267 2527 3544 2584 invisibilis
3587 2544 3682 2598 per
3715 2544 3772 2582 se

2187 2636 2383 2706 ipsum,
2409 2640 2588 2703 potens
2613 2626 2772 2683 simul
2797 2625 3050 2688 omnium,
3082 2624 3186 2678 hoc
3213 2631 3299 2678 est
3317 2630 3511 2692 potens
3533 2619 3690 2675 simul
3713 2620 3766 2674 in

2188 2725 2461 2789 omnibus,
2477 2730 2524 2776 et
2537 2733 2872 2792 quaecunque
2892 2717 2947 2770 in
2959 2717 3026 2770 iis
3039 2715 3084 2747 "
3095 2724 3238 2780 sunt,
3254 2714 3408 2779 ﬁunt,
3428 2713 3500 2767 ad
3511 2713 3766 2767 actionem

2188 2815 2483 2887 propriam,
2513 2812 2619 2866 hoc
2647 2817 2750 2874 est,
2770 2809 2835 2864 ad
2867 2807 3136 2878 propriam
3163 2806 3430 2862 actionem
3455 2805 3597 2860 illius
3638 2819 3764 2875 per-

2190 2907 2472 2978 agendam,
2497 2913 2558 2958 ut
2577 2902 2924 2958 caleticentur
2941 2898 3187 2955 videlicet
3204 2906 3261 2954 et
3281 2897 3672 2953 illuminentnr.
3699 2897 3772 2954 Ut

2187 2999 2332 3056 enim
2353 2996 2533 3053 omnia
2548 2995 2769 3051 omnino
2795 2992 2974 3048 calore
3018 2990 3261 3046 carentia
3287 2989 3336 3021 ⁸³
3365 2989 3527 3045 veluti
3556 2997 3769 3046 mortua

510 3089 654 3136 rotas
673 3083 852 3153 igneas
872 3083 1302 3152 conformamus
1316 3083 1420 3138 hoc
1435 3091 1537 3150 est,
1563 3081 1804 3137 invenies
1823 3095 1953 3151 ergo
1962 3094 2088 3134 con-
2113 3075 2162 3142 C
2192 3099 2338 3155 sunt,
2354 3091 2426 3145 ita
2450 3090 2670 3144 absente
2691 3086 2808 3140 luce
2825 3084 3108 3141 deformia.
3127 3082 3337 3138 Mobilis
3353 3105 3372 3148 ,-
3389 3081 3465 3137 nil
3486 3081 3629 3136 enim
3651 3082 3773 3152 igne

510 3172 836 3229 formantem
850 3177 870 3207 ⁸
886 3172 1206 3243 theologiam
1229 3188 1337 3228 non
1352 3173 1523 3228 solum
1545 3188 1637 3228 eas
1659 3172 2002 3240 rotasigneas
2017 3169 2084 3236 ‘°,

511 3267 604 3320 sed
628 3275 676 3319 et
703 3262 958 3319 animalia
978 3264 1165 3333 ignita,
1182 3272 1231 3316 et
1263 3264 1396 3318 viros
1417 3264 1570 3334 quasi
1596 3264 1729 3333 ignis
1759 3260 2090 3331 “fulguran-

512 3366 612 3421 tes,
661 3365 710 3410 et
755 3357 893 3410 circa
937 3371 1027 3410 eas
1070 3356 1114 3386 “
1144 3353 1385 3409 caelestes
1407 3355 1654 3409 essentias
1688 3353 1736 3395 ⁸³
1779 3351 2014 3407 cumulos
2044 3351 2090 3384 ιδ

513 3447 798 3502 carbonum
844 3447 980 3516 ignis
1025 3446 1516 3516 circumponentem,
1556 3444 1782 3500 subaudi
1809 3463 1822 3499 :
1849 3445 2089 3499 invenies

516 3537 865 3608 theologiam,
880 3547 928 3591 et
939 3537 1162 3609 flumina
1180 3537 1588 3593 immensurabili
1602 3540 1799 3604 sonitu,
1821 3537 1924 3602 vel,
1951 3538 2093 3594 sicut

513 3631 734 3703 proprie
781 3629 1137 3696 transfertur,
1187 3628 1333 3684 fluxu
1378 3629 1495 3700 igne
1537 3630 1860 3700 flagrantia,
1905 3629 1995 3683 sed
2042 3638 2090 3683 et

517 3719 754 3775 Thronos
771 3721 846 3775 ait
871 3720 1137 3792 theologia
1158 3721 1331 3790 igneos
1353 3735 1482 3785 esse,
1497 3728 1545 3773 et
1559 3721 1698 3790 ipsos
1713 3718 2089 3774 excelsissimos

517 3811 797 3881 Serapltim
821 3811 1040 3866 caelitus
1060 3813 1321 3878 ardentes,
1355 3827 1422 3868 ea
1457 3812 1904 3882 cognominatione
1930 3810 2090 3882 signi.

512 3901 674 3971 ﬁcere
691 3901 754 3955 ³⁸.
770 3901 884 3958 Hoc
895 3911 979 3958 est
993 3921 1007 3956 :
1022 3913 1078 3958 et
1088 3904 1166 3958 ait
1179 3901 1444 3973 theologia
1458 3902 1602 3973 ipsos
1611 3900 2092 3958 excellentissimos

518 3993 800 4066 Seraphin)
831 3997 1038 4066 seipsos
1076 3996 1384 4068 significare
1428 3996 1682 4053 ardentes
1720 4010 1842 4052 esse
1889 4012 2090 4068 cogno-

513 4084 663 4140 mine
689 4101 807 4141 suo.
835 4086 1117 4156 Seraphim
1140 4088 1338 4160 quippe
1358 4087 1707 4144 incendentes
1728 4088 1813 4145 vel
1841 4089 2092 4145 ardentes

515 4184 658 4230 sunt.
684 4176 866 4233 Potest
907 4187 963 4233 et
1007 4179 1086 4235 sic
1112 4178 1336 4250 intelligi
1366 4195 1380 4232 :
1408 4187 1464 4234 et
1488 4178 1815 4250 signiﬁcare,
1846 4181 1949 4235 hoc
1983 4189 2091 4247 est,

513 4274 570 4323 et
593 4267 964 4338 significabat;
992 4269 1320 4325 infinitivum
1341 4285 1440 4340 pro
1461 4270 1756 4340 praeterito
1779 4269 2093 4340 imperfecto

512 4359 724 4428 posuit,
756 4361 899 4430 quod
943 4368 997 4417 et
1035 4361 1259 4418 Graecis
1307 4369 1363 4416 et
1407 4359 1617 4416 Latinis
1645 4376 1804 4428 agere
1836 4360 2091 4414 usitatum

514 4461 617 4506 est.
651 4451 718 4504 Et
747 4453 1088 4522 signiﬁcabat
1130 4453 1313 4522 itaque
1343 4451 1613 4520 theologia
1642 4467 1711 4506 ex
1735 4449 2086 4518 cognomina-

516 4542 663 4596 tione
700 4542 981 4612 Serapbim
1023 4545 1274 4598 ardentes
1305 4557 1446 4598 esse.
1473 4541 1542 4596 Et
1562 4543 1696 4612 ignis
1722 4542 2086 4612 proprietatem

513 4639 564 4686 et
589 4633 936 4700 operationem
982 4632 1128 4701 ipsis,
1177 4632 1459 4702 Serapbim
1492 4631 1651 4702 plane
1670 4672 1686 4698 ,
1715 4630 2009 4696 distribuit,
2039 4638 2087 4685 et

516 4725 726 4780 omnino
753 4741 962 4780 sursum
997 4726 1361 4796 deorsumque,
1399 4727 1503 4782 hoc
1528 4735 1613 4782 est
1636 4727 1692 4781 in
1718 4726 2089 4797 superioribus

2191 3182 2462 3243 mobilius,
2484 3193 2605 3234 cum
2628 3192 2726 3248 per
2744 3190 2869 3230 eum
2882 3164 3062 3229 omnia
3081 3181 3366 3228 moventur
3383 3171 3432 3204 “
3452 3187 3698 3241 corpora,
3714 3179 3772 3226 et

2191 3275 2308 3330 sine
2333 3288 2438 3342 quo
2462 3271 2665 3325 nullum
2706 3279 2973 3324 movetur.
3006 3265 3239 3320 Tradens
3271 3266 3497 3335 seipsum
3525 3263 3766 3317 omnibus

2190 3361 2552 3436 quoquomodo
2599 3355 3123 3429 approximantibus,
3160 3355 3263 3408 hoc
3283 3362 3386 3418 est,
3436 3350 3668 3406 infundit
3709 3366 3770 3408 se

2193 3454 2366 3524 ipsum
2397 3450 2649 3506 omnibus
2672 3447 2775 3502 sibi
2805 3441 3278 3502 connaturalibus.
3297 3441 3643 3495 Renovativus
3670 3456 3771 3495 tta-

2192 3554 2342 3599 turae
2362 3541 2630 3608 custodia;
2657 3555 2752 3611 per
2769 3540 2942 3610 ipsum
2966 3535 3229 3607 siquidem
3247 3541 3574 3589 renovantur
3587 3531 3770 3587 omnia

2193 3635 2491 3701 sensibilia,
2524 3640 2580 3688 et
2620 3633 2785 3687 totius
2833 3639 3058 3686 naturae
3083 3626 3354 3684 sensibilis
3379 3625 3622 3682 custodia
3663 3632 3768 3691 est,

2193 3729 2422 3785 moritur
2441 3728 2586 3782 enim
2603 3726 2828 3782 absente
2852 3738 2937 3780 eo.
2980 3721 3370 3777 Illumt'natious
3394 3717 3768 3773 circumvelatis

2193 3819 2581 3892 splendoribus,
2612 3819 2716 3873 hoc
2741 3825 2844 3883 est,
2877 3814 3145 3870 illuminat
3178 3809 3560 3869 circumvelata
3584 3810 3630 3842 ³³
3655 3808 3768 3864 suis

2195 3911 2591 3984 splendoribus.
2645 3905 3190 3979 Incompreltensibilis
3257 3904 3467 3968 clarus,
3541 3903 3644 3958 hoc
3687 3908 3771 3956 est

2195 4005 2322 4060 dum
2369 4002 2570 4069 claret,
2615 4017 2722 4056 non
2767 3998 3256 4071 comprehenditur.
3288 3996 3594 4060 Diseretus;
3624 3992 3771 4049 nullo

2193 4097 2392 4169 quippe
2431 4096 2476 4128 ³⁸
2519 4094 2623 4150 alio
2656 4093 2921 4149 elemento
2947 4093 3303 4156 incrassatur,
3329 4091 3424 4145 sed
3450 4089 3504 4143 in
3533 4103 3628 4143 sua
3658 4087 3771 4144 sin-

2195 4189 2422 4243 ceritate
2453 4186 2718 4242 discretus
2754 4191 3056 4255 permanet.
3100 4181 3393 4246 Resiliens;
3423 4178 3597 4234 resilit
3625 4178 3768 4233 enim

2195 4283 2262 4335 ab
2285 4279 2669 4348 omnicorpore
2685 4276 2852 4341 alliso,
2871 4275 3128 4331 resilitde
3141 4273 3372 4331 nubibus
3399 4271 3466 4337 ³⁷,
3492 4271 3559 4327 de
3581 4270 3766 4342 petris,

2196 4371 2262 4427 de
2277 4369 2441 4435 ferro,
2455 4370 2756 4438 ceterisque
2769 4367 3120 4438 corporibus;
3140 4366 3318 4421 omnis
3341 4365 3542 4437 quippe
3562 4363 3768 4419 collisio

2195 4466 2373 4537 ignem
2395 4473 2562 4519 creat.
2589 4461 2811 4518 Sursum
2838 4463 3042 4532 ferens;
3063 4464 3201 4534 ignis
3221 4461 3486 4530 siquidem
3508 4473 3768 4514 accensus

2191 4553 2465 4609 ﬂammam
2494 4569 2708 4609 sursum
2731 4553 2912 4624 erigit,
2941 4554 3112 4624 spatia
3142 4553 3299 4607 terris
3325 4558 3528 4607 remota
3552 4557 3761 4618 petens.

2193 4647 2356 4698 Acute
2378 4659 2590 4710 means;
2614 4651 2856 4714 penetrat
2878 4644 3022 4698 enim
3042 4641 3221 4698 omnia
3240 4648 3396 4696 acute
3414 4639 3479 4705 ³⁸,
3506 4636 3763 4693 ineﬂabili

2195 4733 2490 4789 celeritate.
2519 4733 2806 4800 Excelsus;
2829 4734 2978 4789 aiunt
2998 4731 3299 4804 philosophi
3324 4729 3624 4805 emp’yrium
3645 4744 3765 4786 cae-

1800 4820 2057 4877 VARIAE
2091 4821 2493 4881 LECTIONES.

594 4915 612 4947 ³
726 4926 894 4996 corr...
922 4914 998 4967 in.
1047 4914 1099 4996 Δί
1121 4913 1406 4993 Corr.,_AB
1430 4915 1667 4996 quaeLB‘
1684 4917 2014 4996 cori-quale.
2091 4919 2229 4996 '_AB
2253 4921 2432 4996 δεδρα.
2505 4925 2528 4957 δ
2554 4937 2745 4996 seiom.
2771 4927 2833 4982 B.
2859 4925 2862 4929 λ
2909 4925 2932 4958 ⁸
2954 4926 3158 4980 divinae
3182 4935 3292 4976 om.
3328 4923 3394 4974 A.‘
3463 4921 3492 4996 ξ
3531 4920 3761 4975 omnium

515 4999 624 5038 om.
659 4984 714 5038 Β.
790 4983 810 5016 ⁷
841 4984 938 5038 hoc
983 4993 1056 5038 est
1104 4985 1416 5042 reseratione
1439 4983 1548 5042 om.
1576 4987 1638 5041 Β.
1715 4988 1736 5019 ⁸
1765 4983 1901 5043 Βίιίι.
1935 5003 2077 5044 corr.
2125 4991 2208 5058 B‘,
2240 4983 2473 5048 AB'eas.
2551 4994 2572 5025 ’
2599 4995 2640 5048 Β
2680 4999 2775 5050 hoc
2807 5005 2883 5050 est
2917 4995 3140 5050 invenies
3188 5008 3308 5062 ergo
3350 4989 3762 5058 conformantem

516 5075 717 5154 (punct.
758 5073 864 5154 adj.
887 5074 994 5154 Βς).
1073 5078 1116 5110 ⁸⁰
1146 5077 1454 5154 theologiam
1475 5112 1548 5154 -_—1
1559 5082 1740 5154 igneas
1770 5096 1878 5135 om.
1907 5080 1968 5134 Β.
2045 5083 2085 5116 ιι
2113 5081 2178 5135 Β·
2204 5082 2345 5154 rad.
2370 5098 2511 5154 corr.
2559 5066 3123 5154 ignem-“Pro'eastlif
3155 5063 3761 5154 ἆάίῐῖεὲεξόοιίιιίῤῥεᾷε

513 5147 852 5202 substantias.

513 5219 764 5288 gniﬁcare
794 5233 925 5283 om.,
959 5220 1136 5275 addidi
1162 5235 1228 5274 ex
1250 5235 1391 5276 vers.
1429 5234 1480 5277 et
1518 5230 1649 5277 text.

516 5290 654 5362 forte
677 5290 969 5360 formarum
983 5292 1219 5362 respicit.

515 5361 814 5430 informata.
865 5365 932 5434 γη
959 5364 1003 5417 Α
1038 5361 1264 5416 habenti.
1350 5365 1393 5434 εί
1419 5364 1461 5416 Β
1489 5366 1570 5434 fas
1604 5373 1697 5417 est.
1759 5362 1819 5434 7”
1845 5361 1907 5414 B‘
1951 5379 2049 5434 pro

1691 5237 1897 5296 gfaec._
1946 5222 1991 5258 ⁸⁸
2019 5223 2352 5296 Βίεειεειιιηι.
2429 5225 2472 5296 f7
2505 5226 2564 5278 Β·
2599 5222 2866 5296 θάίηεπε.
2906 5228 3083 5296 adscr.
3124 5222 3442 5296 caelestium,

1325 5293 1368 5366 ‘f
1391 5293 1541 5366 Cprr.
1575 5292 1758 5355 B',AB
1779 5292 2323 5366 deiformosissimum.
2402 5294 2444 5366 *ξ
2481 5296 2631 5351 Corr.
2673 5298 2758 5363 B',
2789 5292 2876 5350 ΑΒ
2896 5295 3212 5366 signiﬁcare.

2089 5374 2354 5437 quantum
2383 5365 2448 5437 ad
2501 5383 2671 5437 marg.
2703 5361 2846 5422 corr.
2882 5361 3341 5437 quemadmodum.
3413 5361 3475 5437 ιδ,
3504 5361 3760 5437 Ββηιρνὶ-

929 5146 975 5180 ³³
1008 5149 1255 5226 essentias
1284 5146 1416 5217 om,
1451 5146 1626 5206 addidi
1653 5167 1719 5207 ex
1749 5167 1890 5206 vers.
1918 5159 2126 5226 etlext.
2154 5169 2234 5226 gr.
2311 5151 2357 5185 "‘
2377 5153 2531 5226 corr.
2565 5146 2642 5218 Β,
2673 5172 2772 5226 pro
2791 5146 3154 5218 cumulos,AB
3181 5169 3298 5226 cum
3321 5146 3528 5226 multos.
3609 5146 3653 5182 ⁸⁸
3691 5151 3762 5204 si-

3488 5235 3625 5290 quae
3658 5236 3761 5276 vos

3304 5292 3348 5324 ’°
3377 5291 3530 5346 Corr.
3563 5291 3645 5354 B‘,
3673 5291 3762 5343 ΑΒ

516 5429 742 5507 mantur.
779 5435 826 5467 ⁸⁸
861 5433 925 5507 Βξ
955 5435 1131 5507 adscr.
1161 5444 1254 5488 est.
1295 5449 1297 5452 '
1331 5433 1379 5507 "_
1400 5434 1466 5507 Β·
1489 5429 1665 5507 supra
1700 5433 1848 5507 adsc.
1908 5429 1971 5486 ab
1997 5429 2265 5489 omnibus.
2341 5436 2385 5466 ’⁷
2423 5436 2482 5507 Β·
2519 5429 2679 5507 supFa
2726 5429 2904 5492 adscr:
2957 5448 3004 5490 et
3030 5434 3359 5507 ilicognitus.
3613 5446 3757 5484 corr.

514 5506 810 5576 mater-iant.
881 5505 1014 5576 "iB'
1053 5520 1196 5560 corr.
1237 5503 1573 5576 manifesteu
1626 5503 1671 5537 ³⁸
1698 5503 1759 5556 Β·
1790 5519 1950 5573 supra
2007 5507 2183 5560 adscr.
2221 5517 2316 5560 est.
2393 5506 2436 5538 ³¹
2473 5519 2547 5561 est
2577 5503 2686 5563 om.
2721 5507 2828 5573 AB,
2871 5523 3030 5576 supra
3076 5503 3254 5559 adscr.
3303 5505 3384 5557 B'.

3459 5501 3503 5536 ³¹
3532 5499 3590 5552 Β⁵
3615 5515 3758 5554 corr.

516 5590 604 5653 σθ’.
688 5572 734 5602 ³³
761 5573 915 5653 0'9."-
1056 5576 1148 5653 L‘B
1177 5570 1422 5653 “Emit.
1472 5575 1516 5606 ³⁸
1634 5591 1776 5653 θοῖῙο
1795 5570 2134 5653 ,ενιύςδετξῃιιιη
2184 5577 2253 5653 ,³⁸
2277 5578 2429 5634 Corr.
2465 5578 2547 5645 B‘,
2575 5580 2620 5633 A
2661 5570 3078 5642 circumvelatas,
3108 5576 3151 5630 Β
3175 5572 3572 5629 circumvelatis.
3648 5571 3692 5602 "
3722 5570 3765 5625 Β

514 5643 706 5713 quippe
733 5643 897 5697 nullo.
973 5645 1016 5730 ξ’
1048 5647 1203 5704 Corr.
1231 5647 1314 5714 B',
1340 5646 1428 5702 AB
1454 5645 1636 5703 nubili.
1714 5645 1768 5732 '_'_
1787 5645 1940 5717 Couj.
1972 5647 2013 5702 B
2046 5647 2261 5705 occulte.
