4178 6266
533 355 640 412 259

1893 343 2176 402 JOANMS
2217 343 2413 400 SCOTI

3686 347 3790 400 2ἶο

533 469 688 526 canis
711 468 905 524 odores
948 462 1220 520 discernit.
1264 461 1332 516 Et
1375 459 1616 530 sequitur
1642 475 1655 510 :
1685 457 1926 512 omnium
1971 469 2101 510 vero
2129 459 2177 518 Α
2203 452 2414 507 divinae
2443 451 2808 521 inspirationis
2835 451 3220 523 susceptivum.
3253 452 3664 521 lnspirationem
3692 471 3788 525 po-

530 559 966 633 potentissimnm
1031 554 1227 607 virtute
1265 549 1646 619 magnitudinis
1688 546 2008 602 intellectus.
2038 545 2108 600 Ut

540 656 686 711 enim
719 651 864 707 solus
893 648 1073 702 minus
1114 644 1297 698 multis
1328 642 1648 696 animalibus
1673 653 1900 694 acumen
1947 636 2109 690 habet

539 741 825 806 sentiendi,
871 740 944 793 ita
989 736 1134 791 solus
1163 735 1370 788 cunctis
1397 733 1417 764 ¹
1456 730 1819 785 animantibus
1852 728 2108 782 virtutem

533 832 772 904 possidet
807 823 1155 895 intelligendi.
1196 820 1277 874 'Et
1326 821 1606 874 secundum
1636 814 1997 871 rationabilem
2029 813 2132 866 in-.

536 903 870 992 telligentiam
909 913 1275 975 continuitate;
1303 910 1476 965 virtus
1497 907 1758 978 siquidem
1775 903 2108 959 rationabilis

531 1009 796 1068 scientiae
845 1005 1102 1060 continua
1152 1010 1261 1066 est;
1305 999 1453 1070 prius
1497 998 1640 1052 enim
1679 996 1888 1050 desinet
1937 992 2110 1048 subsi-

533 1107 708 1163 stere,
737 1109 898 1165 quam
922 1093 1110 1147 saltem
1132 1089 1157 1123 ³
1185 1088 1266 1144 vel
1291 1087 1512 1142 minimo
1533 1086 1552 1116 ³
1577 1091 1846 1138 momento
1865 1083 2105 1136 rationa-

533 1189 631 1248 bili
675 1189 698 1221 ’⁸
751 1185 977 1242 scientia
1030 1197 1238 1238 carere.
1293 1179 1356 1233 Et
1400 1177 1683 1232 secundum
1722 1183 1909 1228 natura
1938 1173 1961 1205 ⁵
1989 1172 2105 1226 ani-

536 1297 653 1338 mae
680 1279 896 1333 liberum
927 1283 974 1330 et
1019 1272 1466 1344 potentissimum;
1511 1265 1641 1320 nulli
1669 1265 1866 1333 quippe
1893 1261 2103 1316 anima-

531 1370 664 1425 lium
694 1376 906 1440 praeter
929 1365 1198 1420 hominem
1230 1361 1452 1414 liberum
1483 1356 1764 1412 arbitrium
1788 1363 1842 1407 et
1868 1352 2104 1423 potentia

537 1458 818 1516 electionis
857 1457 1040 1510 datum
1071 1463 1154 1507 est
1183 1449 1516 1504 naturaliter.
1552 1446 1653 1501 Ubi
1673 1445 1832 1500 datur
1857 1442 2102 1512 intelligi,

534 1552 761 1606 liberum
782 1545 1070 1602 voluntatis
1095 1540 1372 1596 arbitrium
1401 1539 1540 1591 inter
1561 1535 1683 1590 data
1715 1540 1970 1598 naturae,
1998 1546 2106 1586 non

534 1641 679 1696 inter
701 1638 839 1693 dona
866 1635 887 1666 ⁶
918 1633 1122 1705 gratiae
1145 1627 1581 1698 computandum.

606 1730 702 1785 Est
730 1728 974 1782 autemet
1001 1725 1020 1755 "
1063 1738 1152 1792 per
1175 1717 1402 1788 singula,
1446 1725 1501 1770 ut
1531 1714 1772 1778 aestimo,
1816 1710 2104 1780 carporalt's

2211 545 2317 599 suit
2337 559 2432 615 pro
2450 535 2854 609 vociferatione,
2877 560 2944 599 eo
2966 545 3269 612 modo,quo
3290 559 3450 598 causa
3473 559 3570 614 pro
3594 545 3789 603 effectu

2208 635 2446 704 ponitur.
2471 634 2644 689 Causa
2676 644 2852 688 autem
2887 636 3031 690 vocis
3059 645 3141 690 est
3167 635 3387 705 spiritus
3413 637 3715 692 aethereus.

2278 721 2576 778 Gustatioas
2598 735 2767 777 autem
2791 724 3128 778 invisibilium
3150 740 3386 777 escarum
3409 724 3787 793 plenitudinem

2206 823 2255 868 et
2306 814 2601 866 diuinarum
2647 823 2696 867 et
2739 813 2991 868 alentium
3033 824 3362 882 promutuum
3396 816 3784 884 susceptiuum,

2209 900 2312 954 hoc
2339 908 2444 963 est,
2474 902 2772 971 gustativas
2795 901 3019 986 virtutes
3047 902 3232 955 dicunt
3271 902 3576 972 signiﬁcare
3603 903 3801 973 pleni»

2209 992 2446 1045 tudinem
2473 991 2514 1023 ³⁸
2536 991 2880 1046 invisibilium
2903 999 2957 1044 et
2979 991 3276 1045 divinarum
3297 1006 3564 1056 escarum,
3586 994 3782 1061 quibus

2209 1082 2468 1137 caelestes
2483 1083 2750 1137 essentiae
2769 1081 3110 1148 reﬁciuntur;
3133 1082 3434 1152 signiﬁcare
3447 1084 3606 1138 etiam
3627 1084 3774 1148 illud,

2207 1171 2348 1239 quod
2398 1171 2450 1223 in
2497 1171 2577 1226 eis
2625 1172 2868 1240 suscipit.
2915 1170 3134 1226 Alentes
3185 1179 3490 1240 promotus,
3522 1173 3622 1228 hoc
3659 1185 3776 1238 est,

2207 1259 2495 1313 nutrientis
2527 1259 2880 1314 incrementa.

2277 1350 2525 1404 Factivas
2569 1367 2685 1405 vero
2726 1350 3070 1404 conrenientis
3099 1360 3189 1402 aut
3217 1350 3446 1404 nocentis
3477 1351 3531 1403 in
3567 1349 3780 1404 scientia

2205 1443 2606 1512 diagnosticum.
2638 1442 2916 1505 Virtutes,
2953 1442 3148 1509 inquit,
3184 1456 3324 1509 quae
3369 1442 3422 1496 in
3461 1457 3620 1500 sensu
3663 1453 3781 1496 tan—

2205 1533 2364 1603 gendi
2393 1540 2546 1596 sunt,
2580 1531 2766 1585 dicunt
2791 1529 3091 1600 signiﬁcare
3132 1529 3521 1598 diagnosticum
3565 1532 3640 1597 ",
3678 1532 3779 1586 hoc

2203 1631 2287 1677 est
2313 1623 2658 1677 discretivum
2692 1621 2746 1675 in
2776 1622 2998 1677 scientia
3021 1661 3034 1685 ,
3065 1636 3171 1690 quo
3196 1621 3452 1676 caelestes
3485 1623 3775 1689 essentiae,

2204 1714 2345 1782 quod
2381 1713 2483 1767 sibi
2525 1713 2814 1777 convenit,
2839 1714 2906 1766 ab
2941 1729 3007 1768 eo
3029 1751 3044 1774 ,
3075 1713 3214 1781 quod
3243 1714 3344 1767 sibi
3377 1725 3558 1778 nocet,
3587 1715 3776 1770 distin-

532 1831 738 1879 nostrae
761 1787 1072 1885 multiplicis
1091 1787 1385 1881 partitionis
1427 1808 1652 1862 invenire
1671 1805 1915 1860 caelestes
1940 1805 2104 1858 virtu-
2136 1787 2180 1847 Β
2206 1815 2375 1876 guunt
2397 1805 2463 1860 ⁸⁸.
2492 1805 2608 1872 Quo
2635 1819 2795 1861 sensu
2826 1805 3146 1875 intelligibili
3174 1806 3276 1860 frui
3305 1805 3546 1860 noluerat
3572 1807 3775 1875 primus

531 1925 626 1984 tes.
673 1912 785 1977 Est,
832 1907 1029 1976 inquit,
1055 1903 1520 1972 Theosophorum,
1565 1899 1828 1954 caelestes
1855 1887 2127 1960 virtutes,—

532 2007 634 2058 hoc
677 1989 760 2054 est
805 1994 1115 2052 caelestium
1148 1993 1405 2046 virtutum
1434 1991 1693 2058 imagines
1725 1988 1963 2042 invenire
2003 2001 2103 2056 per

530 2089 759 2162 singula,
785 2086 1052 2149 membra,
1079 2091 1138 2138 ut
1163 2082 1364 2153 judico,
1412 2081 1607 2150 quibus
1632 2079 1908 2148 multiplex
1935 2078 2122 2148 parti-.

529 2183 654 2238 oilis
673 2179 840 2236 nostri
872 2176 1113 2245 corporis
1142 2174 1423 2229 harmonia
1452 2172 1746 2226 constituta
1781 2180 1884 2226 est.
1913 2170 2102 2223 Dicen-

529 2283 622 2338 tes,
667 2269 1008 2340 conspectivas
1042 2266 1249 2336 quidem
1271 2263 1565 2333 signiﬁcare
1592 2264 1803 2317 uirtutes
1835 2263 2003 2337 ipsum
2029 2261 2120 2328 ad,

529 2363 701 2416 divina
723 2355 1005 2413 luminaria
1021 2356 1367 2410 clarissimum
1397 2363 1700 2422 respectum,
1725 2353 1826 2408 hoc
1846 2360 1948 2416 est,
1970 2351 2097 2404 dum

530 2441 714 2505 dicunt
739 2445 1064 2515 Theosophi,
1097 2445 1454 2500 clarissimum
1481 2445 1757 2496 oculorum
1794 2451 2097 2496 nostrorum

520 2533 824 2596 contuitum
883 2540 936 2594 in
990 2537 1168 2592 divina
1221 2536 1524 2597 luminaria,
1553 2549 1585 2587 a
1617 2534 1726 2589 Deo
1754 2533 1998 2587 videlicet
2041 2532 2096 2586 in

526 2620 679 2685 caelo
696 2629 935 2695 condita,
963 2628 1267 2697 signiﬁcare
1281 2625 1728 2695 contemplativas
1749 2622 2097 2678 caelestium"

526 2722 883 2777 essentiarum
938 2721 1184 2775 virtutes.
1232 2719 1300 2772 Et
1347 2701 1531 2772 iterant
1572 2727 1803 2770 teneram
1851 2724 1898 2769 et
1943 2713 2097 2784 liqui—

524 2812 648 2865 dam
673 2820 721 2866 et
758 2827 858 2865 non
885 2825 1261 2881 repercussam,
1285 2809 1373 2862 sed
1398 2816 1548 2861 acute
1576 2806 1811 2859 mobilem
1833 2815 1878 2857 et
1908 2818 2095 2872 puram

525 2891 577 2957 ei
607 2902 818 2972 planam
847 2901 1256 2972 impassibililer,
1286 2899 1565 2961 subaudis,
1591 2895 1864 2951 oculorum
1889 2903 2096 2949 nostro-

521 3007 644 3046 rum
667 2992 1017 3047 intcntionem
1053 2990 1380 3058 signiﬁcare,
1404 2989 1699 3040 divinarum
1721 2987 2093 3055 susceptionem

519 3081 988 3146 illuminationum,
1021 3098 1124 3150 qua
1151 3079 1412 3134 caelestes
1439 3080 1665 3132 virtutes
1698 3079 1904 3132 divinas
1926 3077 2093 3129 susci-

520 3161 677 3244 piunt
731 3172 1146 3226 illuminationes
1189 3169 1232 3222 ’.
1270 3169 1474 3236 Pupilla
1513 3169 1774 3236 siquidem
1815 3165 2110 3240 oculorum

521 3275 733 3326 tenera,
761 3261 961 3330 liquida
993 3261 1058 3326 ⁸ο,
1082 3267 1155 3324 et,
1187 3258 1313 3312 dum
1340 3259 1412 3313 sit
1438 3274 1588 3324 sana,
1619 3257 1845 3327 caligine
1877 3271 1982 3310 non
2009 3271 2093 3309 re-

519 3354 825 3427 percutitur
860 3355 923 3407 “.

593 3442 726 3497 Post
745 3441 928 3496 oculos
955 3441 1106 3509 ponit
1143 3439 1418 3495 olfactum.
1465 3437 1766 3508 Olfactuum
1797 3440 1838 3470 "
1866 3455 1980 3493 vero
2008 3439 2094 3492 di-

513 3534 766 3590 scretivas
797 3535 1027 3597 uirtutes,
1055 3533 1280 3586 subaudi
1308 3546 1322 3585 :
1353 3533 1593 3586 dicentes
1619 3531 1922 3602 signiﬁcare
1945 3531 2093 3595 illud,

524 3642 681 3694 super
702 3624 1017 3678 intellectum
1048 3623 1388 3676 suaveolentis
1417 3621 1818 3686 distributionis,
1842 3630 2096 3691 quantum

520 3716 765 3788 possibile
796 3715 859 3780 ",
905 3712 1233 3783 receptivum,
1267 3722 1314 3766 et
1339 3729 1442 3767 non
1463 3712 1760 3780 Itujusmodi
1782 3712 1995 3764 scientia
2022 3711 2104 3773 di-_

521 3807 796 3862 scretivum
810 3845 822 3868 ,
838 3815 884 3858 et
899 3805 1106 3858 omnino
1123 3804 1471 3872 refugitivum.
1489 3801 1697 3863 Dicunt,
1717 3801 1910 3868 inquit,
1929 3799 2099 3856 Theo-

522 3895 695 3966 sophi,
729 3893 986 3958 olfactus,
1019 3892 1210 3959 quibus
1247 3892 1606 3946 discernimus
1625 3890 1997 3944 exhalationes
2030 3889 2102 3962 ”,_

521 3984 830 4056 signiﬁcare
862 3983 913 4036 in
947 3981 1271 4037 caelestibus
1299 3981 1549 4036 essentiis
1586 3981 1736 4047 illud,
1793 3981 1934 4050 quod
1964 3980 2098 4035 reci-

522 4079 599 4147 pit
623 4083 797 4146 super‘
815 4092 972 4131 suum
999 4075 1330 4130 intellectum
1359 4075 1752 4130 suaveolentem
1769 4073 2096 4132 distributio-

521 4186 667 4236 nem,
699 4168 1003 4223 divinarum
1036 4167 1289 4222 videlicet
1326 4168 1623 4238 gratiarum
1655 4159 2000 4236 donationes,
2042 4173 2097 4220 et

520 4260 664 4332 quod
691 4260 948 4314 discernit
968 4273 1066 4328 per
1082 4259 1360 4313 scientiam
1377 4274 1481 4312 non
1501 4259 1544 4289 “'
1567 4256 1890 4328 hujusmodi,
1917 4257 1967 4312 id
1988 4265 2094 4324 est,

519 4365 658 4420 quae
691 4350 821 4405 tales
852 4366 958 4405 non
983 4358 1141 4417 sunt;
1184 4360 1238 4404 et
1261 4349 1306 4381 “
1337 4351 1558 4405 omnino
1581 4348 1804 4418 refugit;
1836 4349 2097 4404 discernit

2207 1900 2388 1963 homo,
2417 1898 2510 1968 qui
2538 1898 2707 1953 noluit
2735 1899 3143 1953 convenientem
3174 1898 3274 1951 sibi
3304 1898 3662 1952 obedientiam
3689 1913 3776 1952 se-

2201 1990 2314 2058 qui,
2346 1997 2401 2044 et
2427 1997 2705 2044 nocentem
2735 1988 2838 2042 sibi
2864 1987 3172 2058 superbiam
3203 1987 3419 2058 fugere,
3447 1989 3588 2043 sicut
3610 1989 3780 2042 noluit

2203 2094 2455 2140 aeternae
2487 2085 2831 2140 beatitudinis
2860 2099 3042 2138 escam
3071 2090 3318 2152 gustare,
3350 2081 3505 2150 cujus
3547 2079 3777 2149 plenituo

2201 2178 2377 2233 dinem
2421 2179 2465 2232 si
2513 2178 2841 2246 susciperet,
2884 2175 3124 2230 aeternis
3165 2173 3513 2228 incrementis
3558 2171 3774 2225 divinae

2199 2268 2666 2337 concupiscentiae
2710 2276 2764 2321 et
2810 2266 3045 2321 aleretur
3071 2274 3128 2319 et
3162 2263 3567 2333 proveheretur.
3591 2260 3774 2315 Noluit

2199 2355 2448 2410 similiter
2474 2354 2821 2408 intellectuali
2865 2368 2996 2407 aure
3044 2353 3318 2422 suscipere
3351 2365 3538 2408 vocem
3567 2350 3773 2419 praeci-

2197 2446 2398 2516 pientis
2448 2445 2550 2499 sibi
2601 2444 2821 2498 obedire
2869 2443 3184 2507 mandatis,
3230 2442 3403 2495 noluit
3454 2440 3772 2510 intelligibili

2197 2535 2393 2591 olfactu
2438 2535 2809 2590 suaveolentcs
2839 2543 3092 2588 aeternae
3127 2533 3268 2586 vitae
3302 2530 3667 2586 exhalatioues
3703 2530 3787 2582 ab.

2197 2635 2449 2682 aeternae
2471 2626 2660 2680 mortis
2683 2624 2896 2679 foetidis
2911 2624 2955 2656 ⁸⁸
2981 2621 3411 2677 exhalationihus
3437 2621 3767 2681 discernere,

2197 2718 2364 2773 noluit
2396 2717 2792 2786 pulcherrimae
2835 2715 3077 2769 veritatis
3106 2712 3337 2781 speciem
3381 2707 3780 2778 contemplari,
3861 2704 3865 2708 ’

2197 2808 2368 2862 noluit
2411 2823 2624 2861 sursum
2670 2822 2729 2860 se
2773 2806 2982 2875 erigere
3007 2805 3059 2858 in
3086 2819 3206 2859 cum
3229 2843 3244 2866 ,
3277 2803 3367 2872 qui
3394 2817 3450 2856 se
3485 2800 3766 2870 diligentes

2195 2903 2405 2971 sibique
2436 2902 2792 2956 adhaerentes
2831 2899 3078 2961 deiﬁcat,
3109 2898 3200 2951 sed
3241 2909 3444 2965 pronus
3487 2895 3540 2949 in
3586 2907 3768 2946 rerum

2195 2995 2490 3050 carnalium
2515 2993 2928 3049 delectationem
2953 3001 3008 3046 et
3036 2987 3522 3059 concupiscentiam
3545 2985 3766 3050 corruit,

2143 3130 2162 3150 η
2196 3087 2340 3140 omni
2367 3085 2630 3155 spirituali
2659 3097 2817 3138 sensu
2843 3083 3104 3152 privatus.

2267 3173 2552 3242 Palpebras
2585 3172 2769 3225 deinde
2794 3181 2843 3225 et
2867 3169 3143 3240 supercilia
3183 3170 3473 3222 divinarum
3515 3167 3768 3220 visionum

2194 3263 2563 3334 intelligentiae
2597 3263 2985 3328 custoditivum,
3025 3260 3318 3316 subaudis:
3351 3258 3651 3329 signiﬁcare
3690 3257 3769 3310 di-

2195 3364 2342 3410 cunt.

2267 3445 2556 3499 Juvenilem
2581 3462 2698 3500 vero
2723 3456 2770 3500 et
2797 3444 3033 3499 adultam
3065 3452 3282 3497 aetatem
3307 3440 3439 3494 illud
3473 3439 3768 3494 innovantis

2195 3555 2394 3607 semper
2433 3538 2600 3592 vitalis
2644 3537 2868 3602 uirtutis,
2920 3538 3023 3592 hoc
3049 3545 3150 3599 est,
3200 3534 3342 3590 illud.
3369 3532 3511 3601 quod
3545 3540 3769 3585 renovat

2196 3644 2410 3697 semper
2434 3628 2643 3681 vitalem
2686 3629 2940 3682 virtutem
2964 3669 2979 3691 ,
3010 3626 3306 3696 imaginare
3348 3624 3552 3677 dicunt.
3585 3621 3691 3675 Sed
3724 3621 3768 3675 si

2196 3721 2430 3790 quaeris,
2467 3721 2593 3790 quid
2624 3729 2708 3775 est
2739 3720 2867 3774 illud
2895 3729 2948 3774 et
2987 3719 3111 3772 illud
3139 3729 3240 3782 ,.et
3279 3716 3696 3785 quotiescunque
3723 3714 3768 3748 "

2197 3813 2250 3867 in
2281 3813 2380 3867 hac
2417 3813 2778 3882 disputatione
2811 3812 3006 3866 dicitur
3036 3810 3161 3863 illud
3183 3849 3198 3874 ,
3228 3823 3334 3862 uno
3363 3808 3517 3860 modo
3553 3819 3768 3876 possum

2198 3907 2520 3975 respondere
2547 3923 2559 3957 :
2592 3905 2830 3959 illud‘est
2859 3902 3125 3957 iueﬁ'abile
3157 3910 3211 3954 ct
3255 3899 3526 3968 multiplex
3559 3897 3770 3951 divinae

2196 3994 2590 4049 distributionis
2620 4009 2814 4047 munus
2843 3993 2896 4046 in
2925 4005 3111 4046 omnes
3137 3989 3344 4044 divinas
3368 3987 3649 4042 essentias.

2264 4083 2453 4137 Dentes
2497 4093 2671 4137 autem
2704 4083 2977 4137 divisivum
3002 4081 3199 4134 inditae
3227 4080 3500 4132 nutrientis
3531 4077 3576 4108 ³³
3601 4074 3770 4145 ρει-[ε-

2195 4175 2399 4228 ctionis.
2426 4175 2624 4228 Dentes
2650 4175 2934 4238 humanos,
2969 4173 3142 4242 inquit
3164 4172 3232 4236 “,
3260 4171 3442 4223 dicunt
3473 4168 3769 4237 imaginare

2195 4265 2476 4319 divisivum
2498 4305 2512 4329 ,
2561 4265 2663 4319 hoc
2700 4273 2783 4319 est
2819 4263 3190 4326 discretivum,
3219 4261 3359 4330 quod
3387 4260 3608 4313 inditam
3645 4272 3770 4312 cae-

2194 4353 2417 4408 lestibus
2466 4353 2714 4410 essentiis
2770 4353 3080 4407 nutritivam
3132 4352 3304 4422 pascit
3362 4349 3766 4421 perfectionem.

519 4444 719 4512 quippe
764 4441 946 4494 divina
977 4441 1148 4493 virtus
1201 4437 1678 4507 superessentiales
1727 4453 1757 4490 a
1802 4438 2090 4491 contrariis
2121 4467 2169 4524 ι)
2198 4441 2545 4514 Unaquaeque
2564 4445 2703 4497 enim
2723 4441 3383 4497 essentia"intellectualis
3407 4441 3655 4493 donatam
3669 4439 3769 4492 sibi

520 4546 729 4594 earum,
784 4530 925 4583 sicut
951 4528 1238 4583 olfaciendi
1293 4541 1482 4582 sensus
1509 4526 1882 4580 suaveolentes
1906 4541 1939 4580 a
1979 4541 2087 4592 non

521 4619 952 4674 suaveolentibus
985 4616 1267 4682 distinguit
1306 4613 1690 4669 exhalationes.

589 4708 816 4761 Aurium
835 4723 956 4760 uero
984 4708 1195 4760 virtutes
1222 4707 1406 4760 dicunt
1431 4705 1734 4774 signiﬁcare
1763 4705 1889 4760 illud
1924 4707 2091 4774 parti-

513 4813 636 4869 ceps
675 4807 722 4851 et
757 4797 1046 4866 gnosticum
1083 4794 1288 4848 divinae
1324 4795 1681 4863 inspirationis
1711 4798 2089 4864 susceptivum;

516 4887 698 4960 plane,
725 4885 979 4956 quicquid
1003 4885 1074 4940 sit
1093 4883 1241 4948 illud,
1266 4884 1406 4952 quod
1433 4883 1474 4915 "
1497 4884 1764 4954 particeps
1781 4895 1865 4940 est
1891 4887 1945 4940 in
1970 4901 2092 4941 cae-

520 4975 744 5034 lestibus
778 4977 1030 5032 essentiis
1051 5016 1068 5042 ,
1107 4984 1164 5032 et
1185 4976 1518 5046 gnosticum,
1547 4976 1602 5032 id
1632 4986 1717 5032 est
1739 4980 2088 5047 cognitivum,

2194 4552 2227 4588 α
2255 4533 2510 4587 diviniore
2551 4533 2860 4600 nniformem
2900 4532 3290 4600 intelligentiam
3329 4529 3547 4599 pros-ida
3585 4531 3769 4581 virtute

2195 4621 2374 4674 dividit
2413 4631 2460 4675 et
2494 4622 2806 4688 multiplicat
2855 4624 2924 4673 ad
2966 4621 3226 4689 inferioris
3261 4617 3545 4670 ductricem
3580 4614 3765 4668 analo-

2193 4716 2352 4785 giam.
2384 4715 2672 4786 PrOpterca
2702 4717 2884 4770 dicunt
2911 4730 3010 4785 per
3030 4716 3216 4768 dentes
3239 4709 3454 4780 ﬁgurari
3476 4707 3763 4764 discretio-

2196 4819 2319 4858 nem
2357 4805 2438 4870 ",
2485 4820 2622 4874 quae
2662 4805 3074 4859 intellectualem
3117 4799 3499 4870 perfectionem
3543 4797 3768 4852 inditam

2196 4893 2522 4956 caelestibus
2564 4895 2814 4948 essentiis
2864 4894 3076 4956 nutrit,
3118 4891 3370 4960 quoniam
3418 4901 3770 4957 unaquaeque

2197 4985 2430 5038 essentia
2475 4983 2852 5038 intellectualis
2896 4984 3144 5038 donatam
3177 4981 3278 5036 sibi
3323 4995 3354 5034 a
3389 4979 3688 5043 diviniora,
3718 4977 3770 5030 id

1804 5111 2058 5168 VABIAE
2093 5115 2493 5172 LECTIONES.

588 5227 611 5262 ⁸
648 5225 712 5282 Β*
753 5240 918 5296 supra
956 5225 1130 5279 adscr.
1173 5240 1299 5292 prae
1330 5224 1557 5279 cunctis.
1633 5224 1652 5254 ⁸
1676 5223 1718 5277 Α
1745 5225 1986 5287 salutem,
2012 5225 2052 5277 Β
2077 5227 2299 5294 salutem
2321 5236 2526 5296 (punct.
2557 5226 2664 5296 adj.
2690 5227 2797 5297 B‘).
2873 5228 2896 5259 ³
2933 5229 2990 5282 Β·
3016 5242 3159 5283 corr.
3194 5227 3252 5280 in
3274 5243 3397 5282 uno.
3475 5226 3496 5256 "
3519 5226 3771 5291 Emend.,

519 5318 606 5373 ΑΒ
659 5313 1006 5369 rationabilis.
1108 5312 1130 5343 ⁸
1176 5313 1435 5375 Emend.,
1490 5313 1574 5364 AB
1618 5323 1880 5365 naturam.
1976 5313 1997 5342 “

518 5405 626 5440 mn.
655 5385 713 5438 B.
787 5384 810 5415 ’
853 5385 930 5437 Ad
973 5397 1144 5448 marg.
1171 5397 1310 5434 corr.
1355 5383 1437 5442 ιγ,
1461 5381 1546 5433 AB
1572 5383 1800 5434 uirtutes.

522 5459 564 5487 "
604 5456 779 5515 Corn,
814 5453 900 5505 AB
937 5453 1204 5520 olfactum.
1302 5451 1342 5480 ¹³
1383 5449 1441 5502 Β·
1485 5466 1646 5520 supra
1689 5451 1860 5504 adscr.
1907 5463 2003 5504 est.

523 5525 566 5555 ⁸⁸
594 5524 721 5590 Bel.
823 5523 863 5552 "
909 5519 1064 5574 Corr.
1104 5519 1196 5584 B',
1241 5520 1328 5572 ΑΒ
1354 5536 1506 5588 quae.

519 5613 562 5642 "
608 5613 694 5662 ΑΒ
724 5611 916 5676 fetidis.
1012 5613 1059 5678 εἴ
1086 5612 1174 5662 AB
1212 5612 1675 5678 quociensrunque.

2049 5329 2144 5382 pro
2203 5316 2338 5368 (luna

1900 5382 1940 5412 ¹⁰
1975 5381 2414 5454 B‘iadscruorr.
2445 5398 2490 5438 ct
2521 5388 2719 5454 liquida
2743 5399 2838 5439 est.

2111 5451 2151 5482 ”
2191 5453 2278 5504 ΑΒ
2319 5451 2657 5509 exultationes.

1605 5519 1648 5548 ¹⁸
1677 5522 1714 5570 Α
1749 5521 2149 5588 pleniudinnm.

1777 5611 1822 5640 ’³
1847 5609 2023 5672 Corr.,
2050 5613 2090 5663 Δ
2125 5612 2382 5670 nutritus,
2412 5610 2485 5662 B'
2520 5612 2633 5665 rad.
2667 5629 2808 5666 corr.
2845 5617 3117 5668 nutricem.

2393 5317 2435 5369 Α
2464 5318 2610 5370 data.
2706 5318 2725 5349 ⁷
2757 5318 2910 5370 Corr.
2960 5317 3034 5377 B,
3083 5317 3170 5370 AB
3205 5317 3318 5369 hec.
3417 5317 3437 5347 ⁸
3471 5315 3770 5369 caelestium

2759 5399 2838 5439 est.
2933 5388 2972 5420 "
3013 5387 3168 5441 Corr.
3221 5386 3304 5448 B‘,
3350 5385 3436 5436 AB
3474 5386 3765 5451 repereutit.

2759 5456 2803 5488 ιδ
2839 5457 2976 5488 PM...
3048 5456 3114 5488 Ω·
3199 5471 3294 5488 nm
3347 5471 3443 5488 ..ηπ
3493 5452 3572 5488 Διὶ
3614 5469 3746 5488 mum

2250 5453 2278 5504 Β
2319 5452 2657 5509 exultationes.
2759 5456 2803 5488 ³⁸
2839 5457 2993 5508 Corr.
3045 5456 3143 5515 B‘,
3239 5471 3294 5508 ro
3345 5471 3445 5505 non
3485 5452 3573 5504 ΑΒ
3613 5469 3766 5520 quae.

2250 5522 2292 5552 "
2343 5522 3020 5595 Virtutes—diagnosticum
3056 5541 3164 5579 om.
3330 5524 3374 5554 '°
3402 5523 3442 5576 B
3471 5523 3766 5591 distinguit.

3196 5613 3244 5644 “
3272 5612 3330 5665 Β.
3357 5613 3550 5674 dentes,
3579 5613 3770 5680 inqui',

512 5681 794 5732 humanos.
869 5678 916 5718 ’⁵
953 5678 992 5728 B
1019 5677 1366 5746 Unaquaeque
1400 5677 1621 5730 essentia
1659 5681 1814 5733 enim.
1889 5679 1935 5709 "
1965 5680 2113 5733 Corr.
2165 5679 2261 5743 B‘,
2294 5680 2380 5730 AB
2426 5681 2749 5736 discretione.
