4178 6266
323 375 450 432 261'

899 371 1390 431 EXPOSITIONES
1428 367 1652 427 SUPER
1687 362 2110 423 IERABCHIAM
2145 357 2554 420 CAELESTEM
2593 359 2650 414 S.
2693 356 3006 414 DlONi’Sll.

3459 362 3573 418 2151
3604 385 3612 392 ·

320 501 410 544 est
439 490 737 560 superiore,
763 489 992 543 essentia
1015 486 1338 541 uniformem
1364 481 1772 553 intelligentiam
1804 495 1896 534 ve-
1926 484 1972 540 Α
2002 485 2220 546 pectora
2242 475 2467 538 innuere
2506 472 2820 527 indomitam
2857 470 3158 527 custodiam
3189 471 3430 530 viviﬁcae
3466 475 3574 531 dis-

327 582 428 635 luti
472 581 721 634 dentibus
762 579 1096 634 discretionis
1138 576 1457 631 comminuit
1493 582 1549 629 et
1582 571 1902 642 multiplicat

329 687 430 741 per
476 670 746 739 providam
777 669 1023 722 virtutem
1060 668 1215 736 juxta
1258 665 1552 719 ductricem
1589 661 1898 730 analogiam

333 760 601 816 inferioris
619 759 900 813 essentiae.
925 758 1232 812 Ductricem
1248 771 1346 826 pro
1359 754 1719 809 educatricem
1742 751 1896 807 dixit.

333 852 517 906 Divina
540 849 800 918 siquidem
832 849 1121 919 mysteria,
1152 847 1255 902 nisi
1283 843 1736 900 intellectualibus
1765 843 1898 896 den-

333 941 466 995 tibus
499 941 648 1009 prius
679 939 1150 993 communicantur
1175 954 1206 992 a
1227 937 1515 1005 magistris,
1543 950 1648 989 non
1672 941 1898 1003 possunt

326 1033 574 1102 prodesse
600 1031 879 1100 discipulis
905 1032 948 1095 ‘,
996 1046 1100 1085 nec
1128 1030 1287 1085 vitale
1312 1031 1702 1083 incrementum
1738 1039 1896 1094 prae-

324 1129 486 1174 stare.
509 1119 756 1174 Granum
781 1135 1012 1189 namque
1035 1119 1257 1188 sinapis,
1283 1119 1386 1172 nisi
1407 1126 1694 1172 contusum
1720 1115 1898 1178 fuerit,

323 1210 435 1262 vim
472 1223 632 1262 suam
657 1222 914 1262 exercere
938 1208 1132 1262 nescit.

403 1294 452 1348 ΙΙ
463 1311 670 1349 umeros
703 1305 874 1348 autem
897 1303 944 1348 et
973 1295 1207 1359 brachia,
1234 1303 1282 1347 et
1306 1294 1496 1346 iterum
1524 1308 1732 1355 suam,
1755 1291 1902 1360 facti-

331 1401 478 1450 uum,
495 1387 518 1416 ’
534 1394 582 1438 et
604 1386 938 1453 operatieum,
961 1393 1007 1437 et
1029 1385 1278 1447 activum,
1303 1382 1603 1452 signiﬁcare
1625 1382 1824 1435 dicunt.
1841 1381 1899 1434 In

332 1477 423 1532 bis
454 1477 597 1530 enim
629 1476 799 1530 tribus
825 1475 1074 1529 membris
1099 1475 1321 1528 humani
1364 1473 1602 1542 corporis
1644 1471 1918 1527 fortitudo-

331 1565 601 1621 consistit.
637 1565 906 1619 Factivum
937 1564 1002 1618 ad
1043 1580 1238 1619 manus
1273 1563 1542 1628 refertur;
1583 1563 1731 1631 ipsae
1759 1561 1903 1616 enim

331 1652 564 1718 faciunt;
606 1655 938 1723 operativum
982 1655 1051 1708 ad
1099 1655 1320 1709 brachia
1339 1695 1352 1717 ,
1382 1655 1434 1708 in
1464 1654 1658 1724 quibus
1686 1661 1795 1708 tota
1823 1651 1905 1707 vis

327 1744 660 1812 operationis
688 1745 904 1809 existit;
939 1745 1174 1798 activum
1203 1745 1269 1798 ad
1294 1745 1550 1799 humeros
1576 1784 1592 1810 ,
1632 1745 1684 1798 in
1711 1743 1905 1813 quibus

2001 567 2334 632 tributionis,
2365 579 2505 636 quae
2537 581 2568 619 a
2603 565 2881 634 supposito
2905 565 3068 619 corde
3093 565 3355 634 originem
3400 568 3570 623 ducit.

2001 656 2108 712 Cor
2134 657 2399 725 siquidem
2423 653 2692 724 corporali
2721 655 2827 709 situ
2853 653 2952 708 sub
2984 663 3220 722 pectore,
3254 655 3333 711 sic
3362 655 3384 688 ’
3408 656 3572 712 veluti

2001 747 2102 802 sub
2130 746 2428 800 munimine
2469 754 2584 800 tuto
2633 745 2895 814 ﬁrmaque
2925 745 3170 799 custodia
3208 746 3387 802 vitalis
3416 748 3458 780 κ
3487 749 3574 804 sui

2001 848 2201 902 motus,
2230 852 2339 906 quo
2367 844 2537 892 totum
2569 843 2714 890 metu
2739 835 3224 905 corpus-viviﬁcat,
3259 839 3577 895 naturaliter

2001 930 2350 983 constitutum
2373 934 2476 982 est.
2503 924 2607 980 Ubi
2629 926 2822 981 durum
2847 925 3153 994 posuimus,
3184 927 3258 982 ibi
3285 929 3339 983 in
3364 927 3576 986 Graeco
3613 947 3616 950 '

2001 1020 2304 1092 ἀδάμαστον
2331 1018 2396 1083 ¹¹,
2441 1017 2583 1085 quod
2618 1023 2675 1071 et
2716 1016 2908 1072 durum
2950 1017 3218 1087 signiﬁcat
3249 1025 3310 1073 et
3339 1017 3574 1076 iudomi-
3608 1051 3613 1066 ;

2002 1121 2135 1166 tum.

2039 1239 2046 1242 -
2072 1201 2242 1254 Darsa
2264 1215 2383 1252 vero
2407 1199 2710 1252 continuum
2745 1197 2901 1252 simul
2939 1207 3244 1254 cunctorum
3265 1201 3580 1271 “fertilia:

2003 1291 2270 1344 virtutum.
2310 1289 2480 1342 Dorsa
2525 1287 2758 1342 hominis
2782 1288 3088 1358 signiﬁcant
3115 1289 3578 1347 continuationem

2004 1377 2259 1433 fertilium
2292 1378 2575 1431 virtutum.
2604 1375 2675 1430 Ut
2711 1377 2852 1431 enim
2903 1392 3026 1432 ossa
3075 1379 3263 1449 spinae
3309 1381 3410 1437 sibi
3442 1381 3610 1444 invi-.

2004 1485 2120 1527 cem
2161 1470 2542 1532 coadnaenent,
2586 1478 2642 1524 et
2679 1485 2782 1539 per
2824 1469 3034 1526 illorum
3087 1472 3350 1530 medullas
3395 1475 3581 1537 vitalis

2005 1569 2183 1624 motus
2210 1561 2263 1614 in
2295 1570 2464 1616 totum
2507 1576 2707 1632 corpus
2750 1561 3080 1628 diﬁ‘unditur,
3121 1572 3176 1620 et
3218 1566 3452 1622 maxime
3488 1568 3608 1637 qui

2005 1659 2091 1704 est
2129 1650 2184 1704 in
2216 1658 2456 1705 tactum:
2490 1651 2564 1704 ita
2601 1651 2912 1720 spirituales
2949 1652 3178 1708 virtutes
3210 1654 3312 1710 sibi
3349 1655 3603 1722 invicem

2007 1743 2310 1797 adunantur
2327 1741 2782 1811 inseparabiliter,
2811 1752 2888 1807 ut,
2920 1744 3012 1799 ubi
3040 1743 3087 1776 “
3118 1760 3247 1810 una,
3274 1745 3347 1802 ibi
3367 1761 3578 1802 omnes.

326 1833 489 1887 veluti
535 1832 768 1900 quodam
816 1833 1033 1887 cardine
1062 1833 1288 1887 actionis
1316 1842 1496 1888 motus
1539 1833 1712 1901 primo
1739 1831 1902 1886 volvi-
1933 1825 1979 1884 B
2005 1831 2087 1887 Ab
2108 1831 2460 1900 unaoquippe,
2491 1832 2720 1886 caritate
2745 1832 3011 1896 videlicet,
3043 1848 3230 1889 omnes
3259 1837 3581 1903 procedunt,

327 1933 439 1986 tur,
484 1921 678 1977 deinde
719 1935 818 1990 per
863 1922 1082 1976 brachia
1137 1923 1190 1976 in
1239 1935 1429 1977 manus
1463 1921 1790 1976 extenditur.
1833 1918 1906 1974 Ut

327 2020 506 2065 autem
553 2011 606 2064 in
653 2011 834 2065 anima
882 2011 1184 2065 rationabili
1227 2012 1434 2080 primus
1475 2017 1656 2064 motus
1703 2009 1820 2078 ejus
1848 2008 1904 2062 in

327 2104 510 2158 animo
526 2109 628 2167 est,
649 2102 812 2158 veluti
832 2103 1150 2172 quibusdam
1179 2104 1293 2158 suis
1313 2103 1580 2167 humeris,
1608 2102 1698 2170 qui
1727 2109 1907 2155 motus

327 2195 474 2250 actio
513 2194 729 2260 dicitur,
759 2195 952 2249 deinde
995 2195 1326 2249 descendens
1366 2209 1467 2263 per
1508 2192 1912 2263 progressiores

329 2301 586 2340 numeros
622 2285 643 2316 ³
677 2285 837 2339 veluti
873 2299 969 2354 per
1007 2285 1267 2355 quaedam
1313 2285 1532 2340 brachia
1581 2285 1636 2337 in
1681 2282 1909 2338 artificis

333 2375 764 2430 aestimationem
790 2415 806 2440 ,
835 2375 1160 2444 operationis
1208 2388 1400 2428 nomen
1439 2373 1656 2446 accipit,
1687 2373 1813 2426 dum
1851 2373 1906 2426 in

333 2464 590 2520 eiectum
649 2465 780 2519 moti
826 2466 1065 2534 corporis
1114 2464 1382 2518 exseritur
1430 2464 1494 2528 ⁸,
1551 2463 1777 2518 factivus
1820 2461 1914 2518 vel

329 2554 618 2611 eﬁ‘ectivus
644 2571 748 2630 non
780 2555 1072 2624 incongrue
1099 2554 1367 2608 vocitatur
1387 2554 1409 2588 '
1441 2572 1456 2606 :
1483 2554 1581 2618 ita,
1603 2562 1666 2607 ut
1697 2553 1906 2622 opinor,

334 2645 390 2700 ia
435 2644 758 2700 caelestibus
798 2645 1026 2708 animis,
1058 2643 1186 2697 dum
1217 2643 1378 2697 veluti
1421 2643 1596 2710 primo
1634 2652 1777 2696 motu
1809 2643 1914 2712 pri-

333 2736 623 2791 mordiales
652 2750 842 2790 causas
886 2735 938 2788 in
971 2734 1236 2803 principio
1281 2734 1554 2796 omnium,
1595 2734 1735 2801 quod
1775 2732 1912 2787 Dens

333 2836 437 2892 est,
461 2843 621 2897 supra
643 2843 700 2882 se
723 2827 1024 2892 intuentur,
1047 2825 1189 2879 actio
1213 2840 1398 2878 eorum
1416 2824 1458 2888 ⁸,
1479 2824 1600 2876 dum
1625 2823 1677 2876 in
1699 2821 1907 2890 seipsis,

337 2918 484 2987 quod
527 2935 687 2987 supra
718 2933 777 2971 se
801 2919 984 2970 vident
1013 2957 1029 2980 ,
1073 2915 1452 2979 conformant,
1485 2913 1745 2982 operatio,
1781 2913 1908 2966 dum

341 3020 499 3069 vero,
526 3021 663 3074 quae
684 3004 931 3058 facienda
955 3013 1080 3057 sunt
1105 3004 1158 3057 in
1185 3012 1374 3057 natura
1401 3017 1572 3056 rerum
1588 3001 1739 3067 juxta
1767 3017 1903 3055 ana-

342 3095 543 3166 logiam
570 3108 778 3159 comm,
805 3108 942 3164 quae
966 3109 1125 3163 supra
1152 3109 1211 3147 se
1235 3091 1659 3161 contemplantnr
1683 3100 1737 3144 ct
1768 3091 1818 3144 in
1849 3107 1911 3144 se

2007 1928 2062 1976 et
2106 1920 2500 1976 concatenatim
2535 1921 2777 1990 singulae
2822 1921 3044 1992 singulis
3080 1923 3383 1992 dependent
3423 1924 3488 1989 ιδ,
3527 1935 3586 1980 et

2008 2011 2348 2068 fertilitatem
2373 2011 2632 2082 angelicis
2651 2021 2706 2066 et
2734 2013 2982 2074 humanis
3001 2013 3254 2080 inferunt.
3280 2013 3382 2070 Ubi
3405 2017 3604 2085 posui-.

2010 2117 2134 2158 mus
2166 2100 2444 2164 fertilium,
2475 2101 2547 2154 ibi
2573 2101 2627 2154 in
2657 2099 2867 2156 Graeco
2892 2103 3168 2175 ζωογὸνων,
3196 2103 3338 2174 quod
3366 2105 3586 2177 proprie

2011 2190 2346 2255 fertilitatem
2367 2191 2654 2260 signiﬁcat.
3232 2259 3238 2263 Α
3503 2241 3508 2244 .

2039 2337 2044 2342 ,
2081 2280 2249 2334 Pedes
2271 2290 2443 2334 autem
2466 2321 2482 2346 ,
2513 2280 2736 2338 subaudi
2777 2280 3102 2350 signiﬁcant,
3141 2283 3328 2338 mobile
3357 2291 3408 2337 et
3439 2281 3586 2338 uelox

2011 2379 2057 2424 et
2083 2369 2270 2424 cursile
2291 2370 2346 2423 in
2370 2370 2412 2400 “‘
2437 2370 2613 2424 divina
2638 2387 2838 2440 semper
2857 2373 3026 2427 euntis
3055 2371 3320 2435 motionis,
3351 2372 3454 2428 hoc
3475 2379 3607 2436 est,.

2013 2457 2265 2512 mobilem
2315 2457 2661 2528 velocemque
2708 2467 2764 2512 et
2809 2469 3116 2516 currentem
3155 2469 3360 2516 motum
3409 2459 3589 2516 caele-

2011 2550 2174 2604 stium
2203 2552 2557 2605 essentiarum
2581 2551 2842 2626 indivina
2872 2552 3150 2626 mysteria.
3183 2552 3409 2622 Propter
3445 2553 3599 2623 quod.

2011 2651 2059 2695 et
2089 2651 2342 2712 pennatos
2371 2643 2630 2712 theologia
2663 2653 2964 2697 sanctorum
3002 2643 3354 2699 intellectuum
3384 2644 3588 2713 ﬁgura-

2011 2733 2080 2785 uit
2132 2734 2305 2800 pedes.
2349 2731 2616 2786 I’eunatus
2660 2749 2882 2803 namque
2923 2735 3184 2803 signiﬁcat
3225 2736 3588 2804 anagogicam,

2012 2822 2115 2876 hoc
2142 2831 2247 2886 est,
2280 2837 2494 2878 sursum
2510 2824 2802 2897 ducentem
2827 2823 2870 2856 ¹⁶
2901 2823 3240 2888 velocitatem,
3272 2834 3319 2879 et
3345 2823 3590 2879 caelestes

2011 2928 2221 2964 sursum
2262 2927 2435 2965 versus
2469 2912 2508 2942 ¹⁷
2540 2911 2739 2963 itineris
2780 2911 3032 2976 activum,
3074 2912 3125 2964 id
3161 2920 3262 2977 est,
3303 2913 3604 2968 caelestem.

2015 3001 2282 3055 actionem
2317 3001 2527 3055 itineris
2569 3001 2864 3067 virtutum,
2905 3001 3045 3070 quod
3089 3014 3303 3056 sursum
3347 3003 3498 3059 ducit
3537 3005 3588 3058 in

2017 3092 2260 3147 veritatis
2311 3092 2844 3163 contemplationem,
2880 3101 2927 3147 et
2974 3093 3038 3148 ab
3078 3095 3219 3148 omni
3268 3095 3455 3149 humili
3502 3113 3594 3166 per

339 3185 689 3241 cotifurmant
713 3226 728 3249 ,
776 3184 980 3239 faciunt
1033 3194 1194 3253 atque
1242 3181 1500 3246 etliciunt,
1547 3181 1778 3235 factivus
1825 3180 1910 3235 vel
1939 3187 1982 3248 ρ
2012 3199 2219 3238 sursum
2242 3185 2410 3252 ferens
2435 3195 2726 3250 remotum,
2759 3187 2862 3240 hoc
2885 3193 2967 3241 est
2987 3226 3001 3248 .
3033 3187 3250 3256 pennati
3281 3187 3444 3258 pedes
3471 3201 3593 3242 san-

335 3275 619 3330 el’ectivus
651 3289 836 3328 eorum
868 3283 1043 3328 motus
1079 3289 1184 3328 non
1222 3272 1658 3327 inconvenienter
1691 3272 1906 3326 dicitur.

405 3365 514 3419 εον
541 3383 655 3419 vero
687 3365 976 3435 symbolum
1004 3382 1115 3419 esse
1149 3365 1417 3434 deiformis
1465 3367 1600 3418 vitae
1646 3364 1914 3432 propriam

334 3453 538 3507 vitalem
576 3455 814 3508 virtutem
837 3453 1160 3522 deiformiter
1183 3454 1235 3507 in
1261 3470 1346 3519 ea,
1373 3470 1504 3524 quae
1526 3452 1914 3523 praeintellecta

335 3553 474 3606 sunt,
498 3544 825 3598 seminantis.
858 3545 1049 3599 Dicunt
1073 3559 1195 3599 esse
1220 3559 1316 3599 eor
1339 3543 1641 3613 symbolum
1662 3582 1677 3607 ,
1700 3543 1915 3611 signum

336 3634 514 3704 plane,
545 3633 824 3689 deiformis
852 3634 1013 3699 vitae,
1040 3650 1179 3705 quae
1219 3643 1302 3690 est
1332 3636 1387 3689 in
1413 3636 1433 3667 τ
1465 3634 1914 3689 intellectualibus

337 3731 390 3778 et
412 3724 819 3779 rationabilibus
834 3726 1118 3789 creaturis,
1132 3740 1272 3794 quae
1287 3725 1558 3794 propriam
1577 3723 1791 3779 vitalem
1809 3723 1916 3776 vir-

343 3821 505 3865 tutem
532 3813 866 3867 deiformiter
902 3815 1132 3868 seminat
1153 3816 1208 3868 in
1241 3829 1301 3868 ea
1321 3852 1337 3878 ,
1363 3828 1501 3882 quae
1527 3813 1702 3867 divina
1730 3813 1913 3881 provio

342 3903 541 3966 (lentia,
565 3908 874 3974 priusquam
906 3905 1116 3968 ﬁerent,
1139 3888 1555 3974 praeintellexit.
1579 3905 1695 3970 Quo
1721 3904 1773 3958 in
1798 3903 1914 3959 loco

333 3993 666 4057 notandum,
706 3995 847 4062 quod
887 4009 1075 4048 omnes
1106 3995 1358 4056 virtutes,
1405 4009 1545 4063 quae
1583 4009 1679 4063 per
1707 3994 1914 4062 singula

340 4084 581 4140 membra
612 4085 831 4139 humani
860 4085 1100 4154 corporis
1126 4086 1628 4156 imaginantur,non
1655 4085 1826 4140 solum
1850 4086 1916 4140 ad

341 4175 601 4229 caelestes
623 4175 907 4241 essentias,
923 4192 1109 4230 verum
1138 4178 1302 4231 etiam
1325 4177 1390 4230 ad
1413 4192 1630 4231 causam
1652 4177 1912 4241 omnium,

342 4280 406 4318 ex
439 4280 546 4332 qua
576 4280 762 4321 omnes
803 4267 1102 4336 procedunt
1136 4268 1363 4321 virtutes
1385 4308 1398 4330 ,
1442 4276 1668 4336 possunt
1704 4265 1914 4320 referri.

344 4355 422 4410 Er
465 4370 568 4425 qua
615 4356 774 4410 etiam
799 4358 960 4411 veluti
1014 4358 1202 4412 intimo
1232 4359 1398 4413 cor'c
1443 4357 1616 4410 vitalis
1658 4365 1833 4412 motus
1864 4359 1916 4410 in

345 4445 749 4502 universitatem
790 4448 1016 4503 visibilis
1060 4458 1116 4502 et
1156 4447 1437 4503 invisibilis
1473 4457 1752 4502 creaturae
1795 4455 1915 4501 tan-

2012 3285 2220 3332 ctorum
2261 3277 2632 3332 intellectuum
2667 3278 3004 3350 signiﬁcant,
3045 3281 3188 3349 quod
3217 3281 3313 3351 ipsi
3341 3280 3410 3334 ab
3443 3280 3590 3335 omni

2010 3366 2312 3424 humilitate
2337 3369 2635 3437 corporalis
2659 3379 2944 3425 creaturae
2969 3371 3163 3426 remoti
3187 3381 3332 3436 sunt,
3349 3385 3453 3440 per
3471 3385 3593 3425 sur-

2013 3470 2130 3510 sum
2155 3454 2355 3521 ferens,
2386 3457 2437 3512 id
2463 3467 2572 3522 est,
2602 3475 2700 3528 per
2725 3459 3139 3515 intellectualem
3169 3461 3454 3526 tlieoriam,
3481 3475 3589 3531 qua

2014 3558 2228 3599 sursum
2271 3545 2516 3601 feruntur
2564 3547 2617 3601 in
2659 3563 2874 3602 causam
2911 3564 3090 3604 rerum
3122 3549 3427 3607 volitantes.
3459 3549 3588 3618 Ipsa

2012 3649 2128 3688 vero
2172 3649 2460 3701 pennarum
2511 3634 2690 3690 levitas
2737 3637 2894 3690 nic/u'l
2949 3647 3244 3702 terrenum,
3285 3641 3373 3693 sed
3422 3648 3588 3694 totum

2012 3725 2204 3778 munde
2232 3735 2280 3778 et
2307 3727 2420 3779 sine
2459 3728 2712 3794 gravitate
2754 3728 2810 3780 in
2854 3727 3110 3781 excelsum
3143 3730 3448 3783 ascendens.
3491 3727 3594 3782 Su-

2013 3815 2193 3884 perius
2217 3815 2518 3883 expositum
2555 3823 2639 3870 est
2669 3816 2731 3880 ‘3,
2764 3818 2906 3886 quod
2939 3817 3135 3872 levitas
3177 3834 3474 3888 pennarum
3521 3819 3598 3874 si-

2015 3905 2251 3972 gniﬁcat,
2283 3906 2416 3959 nillil
2445 3905 2498 3958 in
2521 3906 2844 3962 caelestibus
2889 3909 3138 3963 cssentiis
3160 3918 3429 3964 terrenum
3450 3924 3590 3973 esse.

2015 3995 2107 4048 sed
2139 4004 2279 4048 totas
2303 4011 2396 4050 eas
2421 3997 2648 4052 mundas
2670 3997 2924 4064 onmiqne
2944 3999 3208 4066 gravitate
3237 3997 3512 4052 absolutas
3536 3998 3593 4052 in

2017 4083 2308 4152 excelsum,
2341 4085 2506 4139 Deum
2539 4085 2719 4154 plane,
2756 4088 3068 4141 ascendere.
3113 4085 3414 4140 Notandum
3450 4088 3598 4152 quod

2015 4175 2204 4229 beatus
2247 4174 2348 4228 istc
2394 4177 2667 4244 magister,
2706 4175 2862 4228 sicuti
2895 4176 3060 4229 ceteri
3093 4175 3332 4242 ejusdem
3377 4174 3596 4244 linguae

2017 4263 2282 4328 doctores,
2322 4263 2500 4318 omnia
2547 4278 2776 4330 genera,
2818 4277 3006 4316 omnes
3051 4277 3308 4317 numeros
3350 4265 3598 4320 omnium

2015 4353 2303 4408 verborum
2359 4362 2768 4422 ceterarumque
2828 4351 3060 4420 partium
3115 4353 3590 4423 signiﬁcativarum

2020 4446 2318 4502 intellectus
2359 4461 2458 4517 per
2500 4445 2788 4516 singularia
2837 4446 3100 4501 neutralia
3143 4447 3380 4513 nomina,
3432 4463 3604 4520 saepe

346 4551 507 4606 quam
546 4537 600 4591 in
629 4554 792 4593 unum
821 4541 1088 4609 quoddam
1136 4555 1331 4610 corpus
1377 4540 1716 4595 distribuitur
1757 4548 1918 4608 atque
1947 4522 1994 4580 Ι)
2018 4539 2180 4593 etiam
2227 4553 2322 4607 per
2357 4539 2644 4612 verborum
2676 4537 2883 4592 inﬁnita
2911 4536 3260 4595 usitatissime
3297 4539 3604 4596 insinuant-

345 4628 658 4681 seminatur.
694 4627 1090 4684 lntuereetiam
1120 4631 1260 4700 quod
1287 4631 1398 4684 ait:
1422 4629 1527 4684 Cor
1551 4645 1670 4685 esse
1691 4631 1909 4700 symbo-

2019 4625 2238 4681 Nudum
2265 4643 2468 4697 quoque
2501 4635 2548 4680 et
2574 4626 2958 4690 discalciatum,
2981 4626 3283 4694 dimissum,
3312 4637 3359 4684 et
3385 4628 3597 4686 absolu-

346 4715 450 4770 lum
474 4717 759 4773 deiformis
780 4719 922 4774 vitae
950 4717 1168 4774 vitalem
1199 4720 1449 4774 virtutem
1485 4721 1802 4775 seminantis
1819 4759 1834 4784 ,
1857 4727 1915 4774 et
2011 4728 2143 4783 tum,
2161 4728 2209 4773 et
2235 4716 2676 4781 immeusurabile,
2697 4727 2744 4770 et
2766 4734 2956 4788 purum
2980 4737 3160 4776 eorum
3182 4720 3247 4785 ¹⁹,
3277 4735 3413 4791 quae
3445 4731 3604 4777 extra.

346 4806 784 4878 lntcllige,hunc
810 4809 1142 4878 praeclarum
1174 4812 1488 4880 magistrum
1523 4812 1704 4865 sedem
1735 4811 1915 4866 vitalis
2013 4818 2173 4871 sunt,
2236 4810 2594 4878 oppositione,
2658 4818 2704 4862 et
2756 4811 2827 4864 ad
2874 4811 3256 4881 simplicitatem
3318 4814 3588 4874 diuinam.

349 4907 524 4954 motus
570 4900 737 4954 totius
776 4903 943 4957 nostri
973 4901 1216 4970 corporis
1241 4917 1346 4956 non
1379 4902 1430 4956 in
1459 4903 1707 4966 cerebro,
1737 4901 1829 4955 sed
1859 4901 1912 4958 in
2012 4907 2269 4969 quantum
2307 4899 2582 4968 possibile,
2639 4900 3082 4956 adsintulativum.
3125 4902 3206 4957 Ac
3249 4903 3294 4958 si
3344 4905 3590 4960 diceret:

349 4991 509 5043 corde
542 4993 895 5046 constitutam
923 4991 1136 5046 docere.

420 5073 642 5133 Pectora
669 5081 858 5133 iterum
895 5081 1188 5150 signiﬁcare
1223 5081 1415 5134 durum
1444 5089 1490 5133 et
1532 5081 1914 5146 custoditiuunt,

352 5176 407 5221 tu
433 5183 469 5222 α
491 5171 762 5240 supposito
779 5171 941 5226 corde
969 5172 1202 5239 uiuiﬁcae
1231 5171 1609 5226 distributionis
1633 5171 1673 5222 “.
1702 5171 1915 5235 Dicunt,

2020 4993 2172 5059 Quod
2204 4994 2520 5054 caelestium
2547 4995 2906 5069 essentiarum
2949 4997 3208 5066 mysticae
3243 4997 3506 5066 imagines
3535 4998 3604 5054 its

2021 5085 2368 5140 similitudine
2405 5089 2538 5142 nudi
2584 5089 2817 5142 hominis
2868 5096 2922 5140 et
2965 5088 3169 5156 absque
3210 5088 3590 5142 calceamentis

2023 5176 2214 5228 stantis
2239 5189 2332 5228 seu
2360 5173 2707 5246 ingredientis
2736 5176 2880 5229 visae
2908 5182 3053 5238 sunt,
3088 5169 3216 5241 quid
3256 5175 3398 5228 aliud
3423 5173 3591 5242 signi-

1614 5298 1868 5355 VARIAE
1907 5301 2305 5358 LECTIONES.

417 5439 436 5471 ¹
465 5440 506 5491 A
533 5434 841 5501 disciplinis.
917 5434 938 5464 ⁸
963 5432 1114 5487 Corr.
1144 5433 1236 5495 B',
1261 5431 1348 5486 AB
1368 5431 1630 5500 furtivam.
1707 5433 1728 5462 ³
1757 5432 1830 5484 Β*
1857 5447 1997 5486 corr.
2023 5433 2403 5502 progressiones
2431 5450 2780 5489 numerorum.

1147 5505 1167 5534 "
1195 5505 1250 5556 in
1278 5518 1387 5556 om.
1420 5503 1529 5566 AB,
1557 5516 1714 5570 supra
1749 5503 1923 5555 adscr.
1966 5502 2057 5554 B'.

1325 5572 1364 5603 ⁸⁸
1391 5571 1543 5626 Carr.
1590 5572 1672 5635 B',
1705 5571 1793 5623 AB
1839 5571 2002 5623 vitali.

356 5519 519 5562 catur.
601 5507 622 5536 ‘
644 5504 714 5556 B‘
747 5505 924 5558 adscr.
961 5511 1056 5556 est.

353 5580 436 5641 sit,
467 5578 526 5631 Β·
553 5591 716 5645 supra
753 5573 927 5645 adscr.
968 5589 1087 5645 cum
1130 5573 1220 5645 sit:

351 5641 674 5701 cunctorum.
773 5642 817 5674 ¹³
846 5643 998 5697 Corr.
1031 5642 1117 5703 [ι’.
1143 5641 1230 5694 AB
1259 5643 1348 5695 ibi.

356 5719 706 5774 suntduccnte.
802 5713 840 5743 ¹⁷
873 5713 914 5766 Β
943 5728 1113 5765 uersus
1138 5727 1364 5764 sursum.

1427 5642 1465 5672 ³⁸
1499 5641 1650 5694 Corr.
1687 5639 1769 5703 B',
1815 5640 2238 5708 ABdependunt.

1454 5712 1496 5739 ³³
1528 5721 1598 5762 est
1627 5725 1739 5762 cur.
1772 5708 1882 5774 ΑΒ,
1913 5710 2090 5764 adscr.
2134 5710 2216 5762 η’.

2878 5432 2898 5463 ⁵
2925 5433 3014 5486 ΑΒ
3046 5432 3292 5486 exeritur.
3388 5431 3409 5464 ⁸
3433 5434 3474 5486 Α
3508 5451 3593 5488 τοο-

2133 5505 2154 5532 ⁸
2182 5503 2222 5554 Β
2251 5503 2626 5572 distributionis
2659 5503 2906 5568 viri/irae.
3003 5504 3025 5534 ⁹
3055 5499 3238 5572 conj.,
3270 5515 3368 5572 pro
3394 5505 3467 5558 sic
3505 5505 3594 5560 ΛΒ

2101 5572 2142 5602 ¹¹
2175 5573 2261 5624 AB
2293 5570 2572 5644 αδιμωσιτον
2603 5571 2685 5622 vel
2723 5591 3008 5641 αμμαστον.
3105 5570 3147 5601 “
3187 5570 3337 5628 Corr.
3385 5575 3474 5638 B',
3507 5575 3596 5630 AB

2101 5641 2238 5693 lunt.
2337 5641 2379 5671 “‘
2407 5643 2459 5692 in
2485 5653 2592 5708 om.
2623 5639 2731 5701 AB,
2779 5653 2938 5708 supra
2977 5641 3152 5694 adscr.
3181 5640 3262 5697 θ’.
3343 5645 3386 5678 ⁸⁸
3414 5648 3454 5699 Λ
3486 5661 3597 5700 sur-

2294 5709 2335 5738 "
2367 5709 2425 5760 Β·
2466 5706 2602 5762 infra
2636 5708 2808 5762 adscr.
2845 5706 2906 5762 ab
2935 5725 3138 5764 eorum.
3597 5731 3607 5745 λ
