4178 6266
519 339 627 397 επ

1893 333 2178 396 JOANNIS
2215 329 2412 394 SCOTI

3685 343 3789 399 264

524 458 672 520 ﬁcat,
710 451 813 509 nisi
835 449 1171 523 uuod'divini
1202 451 1368 507 animi
1394 451 1622 517 dimissi,
1656 450 1711 507 id
1730 459 1834 517 est,
1870 451 2026 507 liberi
2049 459 2106 506 et
2131 454 2181 514 Α
2207 449 2432 504 scientia
2461 446 2780 512 fecundam;
2809 461 2971 517 quam
2993 449 3297 505 custodiam
3326 452 3558 508 maxime
3587 469 3792 526 tempe-

525 545 756 602 absoluti
801 546 912 600 sint
941 545 994 608 ⁸,
1045 557 1144 598 sua
1182 544 1400 613 propria
1441 545 1720 599 voluntate
1759 543 2101 600 rationabili-

528 645 613 692 ter
637 637 877 691 t'ruentes
907 633 1052 690 Deo?
1077 642 1132 688 et
1160 634 1300 702 quod
1331 634 1802 690 immensurabiles
1833 634 1984 688 sint?
2012 633 2100 688 [n—

530 727 681 781 ﬁnita
705 733 789 781 est
823 725 968 779 enim
1016 722 1227 778 illorum
1266 732 1463 777 natura
1511 732 1566 779 et
1612 725 2101 794 incircumscripta,

528 814 632 870 nisi
650 815 767 870 solo
787 812 1116 869 conditore.’
1130 829 1248 876 suo,
1267 814 1358 881 qni
1379 815 1560 866 omnia
1587 813 1774 869 deﬁnit
1797 822 1851 868 et
1873 815 2107 868 circum-

530 903 749 969 scribit;
785 912 841 957 et
882 903 1024 971 quod
1059 901 1178 972 puri
1217 903 1368 956 sint?
1413 902 1821 958 incontaminati
1850 904 1871 936 ³
1914 904 2104 958 videli-

531 1001 616 1048 cet
645 990 946 1060 adjectione
985 1006 1195 1056 eorum,
1225 1006 1364 1061 quae
1398 1000 1552 1047 extra
1582 1001 1707 1048 sunt
1727 1034 1741 1058 ,
1772 994 2107 1048 sensibilium

530 1081 782 1136 videlicet
805 1091 859 1136 et
887 1081 1248 1151 corporalium
1279 1095 1458 1136 rerum
1485 1123 1499 1147 ,
1528 1090 1583 1137 et
1623 1084 1818 1152 quibus
1847 1084 2109 1141 caelestes

526 1169 757 1226 virtutes
800 1170 1020 1225 omnino
1052 1173 1319 1236 remotae;
1352 1173 1407 1224 et
1432 1171 1574 1241 quod
1613 1172 1817 1227 similes
1851 1173 1960 1228 sint
1983 1175 2113 1228 sim-

532 1257 758 1328 plicitati
791 1259 813 1290 ⁸
841 1259 1054 1316 divinae
1079 1299 1094 1327 ,
1143 1272 1404 1330 quantum
1445 1260 1644 1316 imitari
1679 1276 1800 1316 eam
1826 1272 2113 1318 creaturae

531 1349 789 1420 possibile
815 1351 876 1404 ’Τ
1035 1415 1038 1417 Α

603 1437 714 1494 Sed
734 1441 982 1510 quoniam
1003 1441 1189 1496 iterum
1213 1441 1400 1510 simpla
1433 1453 1482 1497 et
1520 1443 1743 1498 multum
1766 1445 1913 1499 varia
1930 1447 2115 1516 sophia

537 1539 586 1583 et
623 1531 789 1586 nudos
818 1534 1046 1598 vestit,et
1069 1551 1191 1589 vasa
1214 1535 1472 1603 quaedam
1489 1536 1576 1589 dat
1602 1537 1728 1607 ipsis
1755 1538 2111 1608 circumferre,

537 1627 649 1704 φέρι
678 1627 698 1658 ⁶
727 1635 776 1679 et
797 1626 1090 1679 animorum
1116 1625 1415 1679 caelestium
1443 1643 1620 1680 sacros
1649 1629 1871 1682 amictus
1893 1638 1940 1682 et
1963 1644 2117 1698 orga-

541 1734 632 1783 na,
671 1715 954 1770 secundum
982 1713 1120 1783 quod
1149 1715 1294 1768 nobis
1321 1715 1561 1784 possibile
1585 1718 1628 1782 7,
1652 1717 1970 1786 aperiamus.
2007 1717 2116 1775 Sed

2203 536 2412 591 rantiae
2457 545 2511 591 et
2535 536 2876 591 constantiae
2910 536 3111 591 ethnici
3148 539 3470 595 attribuunt.
3516 540 3610 597 Est
3646 544 3792 597 enim

2203 625 2507 682 constantia
2541 626 2800 680 virtutum
2829 635 3015 682 custos
3038 642 3102 682 ac
3151 628 3310 683 veluti
3351 646 3505 696 zona,
3547 633 3790 688 habitum

2205 715 2417 771 illarum
2447 716 2830 787 praecingens,
2876 718 3018 786 quod
3064 731 3463 790 consequenter
3503 723 3788 795 adiungit:

2204 816 2253 860 et
2282 817 2682 876 congreganlent
2710 824 2800 862 eas
2843 809 3078 863 habitum
3123 811 3179 866 in
3224 815 3446 882 seipsum
3491 817 3637 870 unite
3669 831 3796 872 con-

2205 899 2336 950 verti
2377 906 2426 949 et
2453 895 2810 964 circulariter,
2842 915 2961 952 cum
2989 899 3241 968 facilitate
3279 919 3404 956 casn
3438 915 3652 960 carente
3685 923 3790 962 na»-

2208 995 2359 1040 turae
2397 985 2739 1039 similitudine
2760 989 2901 1042 circa
2924 989 3149 1058 seipsum
3172 991 3513 1060 circumferri.
3538 993 3650 1049 Hoc
3672 1005 3785 1050 est:

2209 1075 2358 1130 Zona
2387 1076 2654 1146 signiﬁcat
2682 1079 2926 1135 habitum
2953 1121 2968 1146 ,
2999 1081 3089 1150 qui
3127 1097 3221 1138 eas
3249 1096 3538 1154 congregat
3563 1089 3793 1143 virtutes

2210 1165 2264 1220 in
2289 1183 2477 1234 unum,
2504 1177 2560 1222 et
2601 1171 2775 1238 ipsum
2803 1171 3044 1226 habitum
3086 1172 3140 1226 in
3173 1188 3230 1227 se
3260 1174 3431 1242 ipsum
3469 1190 3564 1244 per
3591 1178 3795 1232 aduna-

2212 1257 2415 1312 tionem
2442 1259 2703 1314 virtutum
2735 1261 2789 1314 in
2818 1261 2977 1316 simul
3021 1264 3297 1328 converti,
3343 1266 3794 1333 quemadmodum

2213 1362 2348 1402 zona
2395 1348 2449 1402 in
2487 1349 2720 1416 seipsam
2765 1349 3056 1406 revolvitur
3085 1352 3147 1416 ",
3192 1362 3246 1409 et
3284 1355 3622 1411 circulariter
3653 1358 3797 1413 circa

2213 1452 2272 1492 se
2294 1439 2466 1506 ipsum
2492 1437 2830 1494 circumferri
2857 1455 2979 1496 cum
3008 1440 3154 1496 facili
3184 1450 3237 1496 et
3263 1443 3381 1498 sine
3405 1460 3534 1499 casu
3558 1447 3794 1502 naturali

2215 1527 2584 1584 similitudine.
2612 1529 2756 1585 Talis
2781 1531 3044 1601 siquidem
3084 1531 3382 1588 diﬂ'erentia
3413 1543 3499 1588 est
3525 1537 3668 1591 inter
3691 1539 3798 1593 vir.

2215 1629 2360 1676 tntes
2387 1631 2440 1675 et
2470 1621 2620 1687 vitia,
2649 1624 2794 1693 quod
2822 1625 2950 1679 vitia
2977 1625 3258 1680 dissimilia
3299 1627 3398 1681 sibi
3442 1638 3566 1683 sunt
3595 1639 3649 1682 et
3677 1646 3706 1683 a
3737 1646 3800 1686 re

2216 1710 2348 1779 ipsis
2377 1711 2763 1780 discrepantia,
2793 1714 3020 1769 virtutes
3065 1729 3194 1769 vero
3239 1715 3454 1771 sibimet
3490 1718 3800 1774 simillimae

536 1809 650 1881 φερε
697 1805 742 1869 ⁸,
787 1804 996 1873 inquit,
1047 1805 1098 1858 id
1157 1813 1242 1859 est
1306 1805 1327 1835 ο
1385 1821 1484 1876 age
1536 1807 1618 1875 ιο,
1677 1809 1929 1876 quoniam
1980 1810 2119 1880 apud
2147 1791 2195 1851 Β
2222 1815 2285 1855 ac
2308 1801 2471 1856 veluti
2497 1811 2644 1858 teres
2682 1813 2801 1858 rota
2831 1804 2887 1858 in
2913 1803 3147 1874 seipsam
3180 1807 3435 1869 revoluta,
3486 1808 3556 1860 ita
3589 1818 3648 1861 ut
3686 1808 3800 1863 fere

537 1896 777 1950 Graecos
799 1893 1073 1948 hortativa
1102 1893 1356 1949 adverbia
1380 1905 1511 1950 sunt
1537 1901 1674 1974 φέρε,
1700 1895 1793 1971 ἄγε
1818 1900 1883 1964 ³⁸,
1905 1901 2116 1969 aperia-

2218 1905 2408 1945 omnes
2436 1906 2537 1944 una
2569 1892 2858 1946 videantur
2878 1893 2922 1924 ²⁰
2952 1903 3007 1947 et
3044 1909 3147 1946 una
3177 1910 3384 1960 omnes,
3415 1896 3591 1951 insitis
3620 1905 3800 1952 tamen

540 1998 679 2048 ιηυε,
702 1984 805 2038 hoc
843 1993 927 2039 εει
953 1999 1322 2055 exponamus,
1367 1998 1625 2057 quantum
1673 1990 1828 2044 nobis
1867 1991 2120 2060 possibile
2216 1978 2550 2034 naturalibus
2579 1979 2896 2034 differentiis
2919 1979 3130 2034 illarum
3162 1983 3500 2036 harmoniae.

540 2081 643 2140 est,
669 2073 798 2143 quid
825 2076 998 2128 sancti
1019 2075 1248 2131 amictus
1274 2087 1566 2147 sanctaque
1585 2093 1787 2148 organa
1814 2080 2119 2134 animorum

535 2163 851 2221 caelestium
880 2165 1265 2234 symbolizant;
1291 2168 1544 2237 quoniam
1574 2185 1678 2224 non
1703 2170 1876 2225 solum
1906 2171 2114 2240 sophia,

535 2255 594 2313 id
621 2264 716 2312 est
744 2256 1195 2328 sapientia,quae
1240 2260 1430 2330 simpla
1452 2269 1508 2315 et
1549 2263 1776 2316 multum
1820 2264 1967 2317 varia
2010 2273 2115 2330 est,

537 2348 751 2404 animos
778 2347 1040 2404 caelestes
1063 2349 1232 2405 veluti
1262 2351 1435 2406 nudos
1463 2353 1706 2407 homines
1735 2355 1962 2425 mystice
1987 2367 2130 2410 con-‘

537 2437 757 2503 format,
781 2453 967 2494 verum
999 2439 1163 2494 etiam
1191 2455 1306 2506 eos,
1329 2456 1466 2511 quos
1490 2443 1664 2497 nudos
1693 2443 1967 2508 describit,
2012 2445 2116 2499 ite-

541 2545 663 2585 rum
687 2529 872 2597 vestit,
895 2537 951 2584 et
971 2529 1063 2583 dat
1083 2529 1213 2599 ipsis
1235 2539 1445 2601 gestare
1476 2532 1735 2600 quaedam
1765 2547 1891 2588 vasa
1920 2548 2116 2603 opera-

539 2619 776 2678 tionibus
795 2619 910 2676 suis
939 2635 1174 2691 congrua
1194 2662 1208 2687 ,
1231 2635 1371 2690 quae
1395 2636 1599 2694 organa
1627 2635 1904 2679 vocantur.
1947 2625 2118 2697 Orga-

541 2725 671 2766 num
698 2719 782 2767 est
820 2712 962 2766 enim
990 2711 1313 2782 generaliter
1339 2727 1500 2769 omne
1543 2715 1961 2772 instrumentum
2009 2735 2117 2774 non

540 2799 715 2856 solum
757 2799 980 2858 musicis
999 2841 1015 2869 ,
1051 2801 1146 2858 sed
1181 2810 1240 2858 et
1281 2802 1325 2834 “
1363 2804 1557 2861 ceteris
1593 2806 1994 2876 operationibus
2019 2821 2117 2878 ap-

539 2899 676 2950 tum.
1038 2938 1044 2942 -

613 2984 828 3040 Claram
869 2986 1078 3058 quidem
1123 2987 1261 3042 enim
1294 2996 1480 3043 vestem
1518 2987 1564 3020 “
1607 2988 1912 3060 igneamque
1957 2990 2119 3060 signi-

537 3075 709 3153 ﬁcare.
722 3077 940 3130 aestimo
969 3076 1221 3144 deiforme
1238 3077 1397 3146 juxta
1425 3078 1559 3148 ignis
1587 3079 1864 3149 imaginem
1895 3089 1942 3134 et
1968 3080 2118 3134 lucu-

2246 2111 2248 2113 »
2295 2066 2481 2139 Virgas
2503 2071 2678 2136 etiam,
2703 2071 2928 2125 subaudi
2955 2072 3264 2141 signiﬁcare
3282 2074 3534 2138 aestimo,
3555 2077 3727 2145 regale
3746 2087 3797 2130 et

2215 2157 2405 2213 ducale
2434 2171 2672 2226 rectaque
2713 2161 2889 2214 omnia
2919 2160 3190 2228 deﬁniam.
3218 2162 3482 2228 Quoniam
3525 2165 3673 2233 virga
3713 2180 3790 2219 re-

2217 2265 2342 2318 gum
2379 2258 2470 2303 aut
2506 2250 2703 2305 ducum
2749 2251 2958 2321 signum
3001 2260 3122 2318 est,
3160 2255 3340 2307 omnia
3380 2271 3628 2324 quoque,
3657 2272 3799 2324 quae

2217 2349 2364 2395 recte
2391 2341 2733 2397 deﬁniuntur
2755 2353 2810 2398 et
2849 2354 3252 2411 mensurantur,
3282 2349 3499 2400 modum
3531 2349 3801 2416 quendam

2217 2433 2399 2502 virgae
2428 2432 2626 2487 imitari
2645 2433 2864 2487 dubium
2881 2450 2986 2488 non
3003 2445 3106 2489 est.
3123 2435 3423 2505 Propterea
3456 2437 3509 2490 in
3536 2436 3798 2492 Graeco"

2217 2523 2478 2593 scriptum
2505 2533 2712 2579 estnon
2726 2523 2946 2596 ῥάϐδους
2957 2525 3296 2594 simpliciter,
3323 2530 3416 2582 sed
3443 2528 3797 2606 sepéeaw‘u;

2218 2612 2323 2668 hoc
2351 2621 2466 2678 est,
2509 2629 2614 2668 non
2656 2613 2869 2685 virgas,
2915 2616 3011 2671 sed
3057 2625 3235 2672 rectas
3265 2619 3471 2688 virgas;
3513 2635 3616 2674 non
3655 2623 3799 2674 enim

2217 2705 2397 2760 omnis
2423 2705 2574 2776 virga
2605 2715 2751 2761 recta
2779 2716 2880 2762 est.

2293 2793 2420 2848 Tela
2467 2810 2585 2849 vero
2610 2805 2659 2849 et
2687 2812 2892 2851 secures
2929 2797 3419 2853 dissimilitudinum
3447 2800 3799 2871 separativum

2217 2894 2266 2940 et
2292 2885 2693 2939 discernentium
2720 2887 2968 2940 virtutum
2995 2903 3212 2942 acumen
3247 2899 3294 2942 et
3320 2872 3513 2956 efficax
3537 2900 3590 2944 et
3621 2901 3775 2944 acluo

2219 2992 2359 3029 sum.
2389 2974 2520 3030 Tela
2565 2985 2621 3030 et
2650 2990 2890 3040 secures,
2921 2992 3061 3047 quae
3091 2979 3239 3049 prius
3267 2993 3465 3050 organa
3492 2981 3801 3036 caelestium

2221 3065 2524 3121 animorum
2552 3066 2784 3130 vocavit,
2815 3067 3118 3136 signiﬁcare
3145 3068 3374 3123 aestimo
3400 3069 3800 3124 dividicativam

540 3136 736 3218 ὶεηηηῇ
767 3173 975 3234 prop“,-
1018 3136 1073 3217 ξιξ
1113 3136 1260 3218 mea;
1290 3136 1485 3233 ηαξειὲε
1517 3165 1582 3219 ιι,
1607 3136 1876 3232 Argum",
1920 3168 2115 3236 inquit,
2147 3136 2192 3198 (ἶ
2221 3168 2411 3208 eorum
2440 3154 2713 3219 virtutem,
2739 3169 2843 3224 qua
2867 3155 3031 3209 veluti
3059 3157 3290 3225 quadam
3322 3159 3497 3213 securi
3525 3159 3801 3213 dissimilis

542 3253 747 3308 claram
771 3253 1090 3324 igneamque
1106 3263 1412 3309 sanctarum
1429 3255 1722 3323 imaginum
1737 3269 1938 3311 vestem
1953 3257 2068 3327 sign
2076 3258 2119 3311 i-

541 3342 708 3397 ﬁcare
731 3342 1035 3396 divinorum
1077 3343 1378 3397 animorum
1413 3343 1862 3410 deiformitatem,
1898 3360 2036 3415 quae
2062 3347 2118 3401 in

543 3432 780 3503 imagine
807 3434 942 3503 ignis
962 3433 1102 3488 solet
1126 3448 1409 3503 apparere,
1432 3450 1725 3505 eorumque
1749 3436 2116 3503 luculentiam,

543 3539 684 3595 quae
715 3525 886 3579 instar
911 3526 1144 3580 aetheris
1188 3524 1600 3595 splendidissimi
1639 3527 1890 3598 milloque
1926 3529 2117 3598 Spiritu

544 3611 844 3684 perturbati
875 3612 1111 3680 quietam
1141 3613 1307 3666 vitam
1339 3615 1391 3668 in
1429 3614 1578 3669 caelo
1610 3614 1776 3669 ducit.
1813 3615 1912 3669 Ubi
1944 3616 2132 3670 lumen

543 3711 594 3756 et
623 3703 833 3756 omnino
863 3700 1119 3754 invisibile
1138 3701 1414 3755 dicendum
1446 3713 1536 3757 aut
1560 3703 2121 3758 intellectualiterillu-

545 3795 787 3857 minans,
838 3801 927 3846 aut
973 3791 1390 3846 intellectualiter
1441 3793 1813 3848 illuminatum.
1865 3795 1922 3849 In
1971 3795 2120 3851 caelo

547 3881 744 3952 quippe
777 3881 869 3934 lux
898 3880 1182 3935 invisibilis
1203 3889 1256 3934 et
1283 3881 1671 3938 inaccessibilis
1697 3892 1797 3947 est,
1821 3893 1875 3938 et
1902 3885 2122 3940 omnino

545 3976 854 4041 dicendum,
899 3981 991 4027 aut
1041 3972 1466 4030 intellectualiter
1503 3975 1812 4030 illuminans
1859 3975 2038 4030 lumen
2066 3976 2121 4030 in

544 4065 698 4121 caelo
721 4072 820 4127 est,
854 4072 916 4118 ut
947 4063 1108 4129 Deus,
1135 4072 1230 4119 aut
1267 4064 1704 4120 intellectualiter
1738 4065 2118 4134 illuminatum,

547 4163 608 4209 nt
635 4153 800 4209 divini
829 4152 1132 4209 intellectus
1158 4167 1189 4206 a
1216 4151 1327 4207 Deo
1364 4152 1670 4220 illuminati,
1710 4155 1803 4224 qui
1829 4155 1976 4210 solus
2001 4156 2121 4210 illu-

545 4245 758 4302 minans
784 4244 874 4300 lux
898 4252 1002 4311 est,
1027 4254 1082 4300 et
1115 4258 1147 4297 a
1175 4243 1321 4298 nullo
1350 4243 1697 4300 illuminatur.
1727 4245 2120 4301 Sacerdotalem

542 4356 680 4407 vero,
700 4340 925 4396 subaudi
952 4349 1155 4396 vestem
1177 4339 1484 4409 signiﬁcare
1504 4343 1732 4396 aestimo
1755 4342 1822 4404 ¹⁸,
1851 4343 1917 4397 ad
1942 4343 2119 4397 divina

2223 3262 2255 3300 a
2291 3245 2554 3300 similibus
2595 3255 2881 3315 separant,
2939 3248 3284 3302 rationabiles
3323 3258 3503 3303 motus
3549 3249 3618 3303 ab
3663 3250 3798 3303 irra-

2223 3337 2587 3401 tionabilibus,
2642 3337 2874 3392 humiles
2898 3354 2930 3392 a
2971 3340 3237 3409 superbis,
3297 3341 3541 3395 volentes
3561 3341 3608 3372 ”
3633 3356 3661 3393 a
3693 3357 3797 3395 non

2219 3427 2524 3483 volentibus
2548 3443 2607 3482 se
2634 3430 2948 3493 emendare,
2972 3431 3210 3500 signatos
3229 3424 3271 3482 Τ
3289 3432 3335 3464 ἰ
3362 3448 3391 3486 a
3417 3448 3520 3486 non
3553 3432 3776 3502 signatis

2222 3517 2411 3573 ﬁdeles
2454 3517 2615 3587 plane
2651 3520 2721 3573 ab
2765 3519 3107 3587 inﬁdelibus,
3167 3525 3449 3577 credentes
3493 3523 3544 3575 in
3586 3537 3796 3576 crucem

2219 3608 2417 3664 Christi
2447 3624 2478 3662 a
2507 3623 2613 3663 non
2645 3609 3027 3679 credentibus;
3075 3622 3132 3668 et
3175 3614 3588 3673 discernentium
3629 3615 3794 3667 virtu~

2221 3709 2332 3754 tum
2361 3714 2586 3754 acumen
2619 3702 2946 3773 signiﬁcare,
2987 3713 3046 3758 ut
3076 3707 3280 3760 securis
3310 3715 3483 3770 acuta,
3514 3715 3567 3759 et
3594 3705 3796 3762 eﬁicax.

2221 3798 2282 3842 ut
2306 3787 2468 3842 telum
2499 3790 2673 3855 velox,
2699 3799 2754 3844 et
2781 3801 3081 3858 actuosum,
3129 3794 3357 3848 actionis
3381 3794 3622 3862 plenum.
3653 3795 3768 3848 Divi

2221 3894 2290 3932 na
2319 3880 2582 3948 siquidem
2605 3882 2798 3946 virtus,
2821 3884 3133 3938 discernens
3157 3886 3362 3950 omnia,
3397 3895 3645 3955 penetrat
3667 3901 3803 3956 quae

2221 3968 2497 4034 discernit,
2527 3985 2588 4023 ac
2631 3971 2748 4025 sine
2779 3987 2931 4026 mora
2979 3976 3236 4043 temporis
3267 3976 3395 4043 agit.
3440 3975 3585 4030 Velle
3609 3977 3804 4046 quippe

2219 4057 2335 4126 eius
2357 4059 2500 4114 actio
2529 4057 2645 4127 ejus
2667 4070 2770 4125 est,
2801 4061 2915 4116 sive
2941 4078 3040 4133 per
3060 4064 3292 4133 seipsam
3319 4065 3431 4120 sive
3457 4081 3555 4134 per
3582 4066 3803 4136 angelos

2219 4163 2367 4205 81108.
3357 4175 3365 4182 ’

2290 4261 2612 4318 Geometrica
2656 4275 2704 4320 et
2732 4268 3006 4333 tectonica,
3041 4268 3143 4325 hoc
3169 4278 3254 4324 est
3304 4270 3647 4336 fabricativa,
3683 4288 3805 4325 vasa

2219 4350 2524 4420 signiﬁcare
2570 4355 2796 4409 aestimo
2826 4355 3156 4426 fundativum
3221 4369 3269 4413 et
3325 4361 3708 4430 aediﬁcativum
3757 4369 3805 4414 et

541 4444 591 4488 et
619 4435 838 4503 mystica
862 4432 1217 4502 speculamina
1242 4433 1506 4486 ductivum
1531 4471 1545 4495 ,
1583 4441 1632 4484 et
1668 4434 1824 4485 totius
1864 4433 2002 4486 vitae
2031 4450 2118 4488 vo-
2146 4469 2197 4528 Β
2219 4441 2566 4510 perfectivam,
2614 4444 2718 4498 hoc
2763 4455 2847 4500 est
2876 4465 2888 4500 :
2921 4462 3028 4516 quo
3073 4451 3369 4504 mensurati
3411 4459 3466 4504 et
3496 4449 3702 4504 fundati
3747 4457 3803 4504 et

543 4531 676 4572 tum.
713 4518 808 4571 Est
825 4520 970 4574 enim
1011 4519 1371 4583 sacerdotum,
1394 4533 1520 4585 eos,
1547 4522 1741 4589 quibus
1765 4532 2022 4590 praesunt
2052 4524 2115 4592 ⁸⁸,

543 4609 600 4662 in
627 4608 835 4663 divinas
873 4615 928 4662 et
948 4609 1208 4680 mysticas
1236 4610 1628 4679 speeulationes
1655 4613 1854 4668 ducere
1891 4615 2118 4672 actionis

543 4697 790 4768 exemplo
815 4698 1200 4768 doctrinaeque
1228 4701 1438 4765 studio,
1469 4708 1745 4774 totamque
1772 4704 1936 4759 vitam
1964 4721 2116 4762 suam

543 4787 994 4857 sequentiumque
1015 4803 1074 4844 se
1099 4787 1210 4843 Deo
1234 4804 1447 4845 vovere.

613 4873 791 4930 Zona:
827 4893 1046 4946 quoque,
1077 4878 1385 4948 signiﬁcare
1425 4881 1672 4949 aestimo,
1703 4884 2043 4954 fecundarum
2073 4889 2115 4921 ¹⁷

543 4967 778 5032 ipsarum
803 4967 1171 5022 custoditivum
1191 4970 1233 5001 ³⁸
1252 4970 1522 5039 virtutum,
1546 4987 1686 5043 quae
1707 4975 1940 5030 animam
1967 4989 2111 5043 actu,

2223 4529 2468 4585 collocati
2501 4541 2624 4586 sunt
2651 4532 2818 4588 divini
2849 4537 3015 4590 animi
3065 4539 3578 4593 incommutabiliter
3601 4539 3804 4614 absque

2223 4618 2328 4673 ulla
2360 4621 2511 4674 ruina
2544 4624 2865 4690 apostasiae.
2897 4625 2962 4678 Et
2991 4629 3258 4696 quomodo
3284 4628 3547 4681 aediﬁcati
3577 4635 3700 4681 sunt
3722 4625 3805 4679 ιον

2225 4704 2398 4778 Super
2446 4709 2576 4765 illud
2607 4711 3034 4779 fundamentum,
3075 4718 3238 4770 Deum
3266 4717 3513 4771 videlicet
3541 4717 3801 4783 Verbum,

2125 4806 2132 4812 ’
2223 4797 2507 4852 Dominum
2559 4811 2801 4857 nostrum
2849 4803 3031 4859 Jesum
3076 4806 3385 4870 Christum,
3435 4822 3598 4877 super
3640 4823 3800 4876 quem

2222 4888 2388 4943 veluti
2436 4890 2810 4948 inconcussam
2851 4905 3056 4964 petram
3091 4897 3409 4952 universalis
3440 4897 3677 4953 Ecclesia
3719 4913 3803 4950 ra-

2224 4982 2557 5040 tionabilium
2579 4995 2634 5042 et
2659 4987 3069 5059 intelligibilium
3102 4989 3417 5045 fabricatur.
3448 4991 3512 5045 Et
3537 4991 3805 5062 quomodo

1811 5129 2060 5186 VARIAE
2098 5131 2496 5192 LECTIONES.

613 5235 634 5268 ⁵
661 5233 816 5292 Corr.
846 5232 931 5300 B',
966 5233 1055 5287 AB
1083 5235 1353 5290 absolutis.

539 5305 604 5362 Β·
613 5347 628 5372 ,
665 5307 754 5360 ΑΒ
782 5304 1126 5374 simplicitate.

1228 5305 1250 5337 ⁸
1288 5307 1328 5359 Β
1354 5308 1529 5362 adscr.
1575 5322 1678 5373 est,

540 5377 564 5408 ⁸
591 5376 681 5428 ΑΒ
711 5377 839 5444 fere.

932 5373 953 5403 ’
989 5373 1092 5428 Pro
1120 5376 1174 5428 id
1195 5385 1270 5429 est
1298 5375 1338 5427 Β
1365 5387 1432 5429 ει.

1453 5239 1472 5268 ³
1503 5238 1563 5291 B'
1600 5255 1741 5296 corr.
1771 5243 1870 5296 soli
1904 5245 2179 5298 conditori.

1778 5312 1916 5385 “AB_
1941 5313 2079 5385 fere.
2108 5314 2168 5365 Β*
2210 5312 2599 5385 ηιθτείθιιεον.
2637 5329 2684 5372 et
2719 5337 2816 5385 aqe
2861 5322 3017 5373 enim.

1513 5379 1553 5408 ¹⁰
1594 5397 1694 5453 age
1732 5396 1840 5434 om.
1898 5379 1968 5443 Β,
2015 5384 2084 5453 ad
2115 5399 2286 5453 marg.
2330 5379 2508 5440 adscr.
2549 5387 2631 5441 B'.

2282 5245 2302 5276 ³
2326 5262 2485 5316 supra
2517 5246 2693 5303 adscr.
2720 5266 2862 5304 corr.
2894 5250 2976 5312 B‘,
3017 5251 3107 5304 AB
3135 5255 3501 5308 contaminati.
3596 5253 3616 5284 “
3652 5253 3807 5308 Corr.

3114 5323 3132 5352 "
3176 5321 3236 5373 Β·
3286 5338 3444 5391 supra
3491 5322 3665 5391 adscr.
3709 5330 3804 5373 est.

2741 5383 2778 5419 “
2815 5390 2902 5442 AB
2936 5391 3042 5457 fere
3087 5401 3136 5444 et
3171 5407 3284 5458 age.
3352 5383 3366 5390 ’
3390 5383 3430 5420 ¹”
3480 5390 3631 5457 Conj.
3659 5429 3673 5453 ,
3708 5400 3806 5458 pro

539 5455 590 5500 et
628 5446 674 5497 Α
713 5443 802 5511 de,
836 5443 880 5496 Β
1027 5449 1231 5515 (punet.
1265 5445 1370 5513 adj.
1403 5445 1509 5516 B').
1591 5443 1653 5479 ¹³⁷
1670 5461 1856 5504 vestem
1897 5468 2006 5506 om.
2041 5451 2100 5515 Β,
2137 5443 2302 5517 manu.
2337 5457 2516 5511 adscr.
2548 5457 2629 5509 B'.
2710 5458 2751 5488 ¹¹⁶
2791 5458 2832 5510 Β
2873 5443 3069 5528 quietes
3095 5443 3152 5514 in
3178 5443 3341 5513 caelo.
3421 5460 3463 5490 ’⁸
3489 5443 3530 5510 Β
3559 5443 3796 5538 αὲείὶἆιᾷ,

544 5533 588 5601 ξς
621 5531 664 5601 Β
691 5518 981 5601 possunt.”
1035 5535 1075 5565 ⁸⁷
1108 5535 1261 5590 Corr.
1301 5536 1386 5599 B‘,
1429 5537 1516 5590 AB

1557 5539 1860 5606 fecundare.

1958 5542 2005 5619 ff
2032 5543 2270 5619 ipsarum
2321 5546 2683 5619 custodiarum
2733 5561 2876 5619 om.,
2910 5547 3090 5619 addidi
3127 5563 3192 5602 ex
3238 5563 3381 5619 vers.
3421 5557 3487 5619 et
3537 5555 3670 5619 text.
3721 5565 3803 5619 gr.

544 5598 662 5689 ξ’μᾼ
691 5598 940 5689 resnolvit:
987 5604 1038 5689 "°
1077 5605 1119 5656 Δ
1151 5598 1414 5689 videatur.
1473 5598 1613 5689 "'i'A
1639 5625 1896 5689 graecos.”
1945 5613 1988 5643 ²²
2028 5598 2132 5689 lico
2166 5616 2258 5689 sed
2285 5614 2563 5689 sﬁpc'egdou;
2591 5614 2629 5664 Β
2660 5617 2776 5669 sede
2819 5598 3090 5689 uéaéalﬁ'
3134 5598 3194 5649 ἶί
3421 5598 3507 5682 li‘,
3544 5598 3588 5668 Ᾰ
3631 5598 3811 5686 poetici;

535 5677 724 5739 tentes,
751 5671 791 5724 Β
826 5680 1073 5740 potentes.
1151 5674 1194 5704 “
1229 5675 1410 5739 Carm,
1457 5677 1548 5730 AB
1571 5671 1713 5733 Ταῖὖε
1775 5680 1820 5709 ⁸⁸
1858 5681 2010 5736 Corr.
2042 5682 2124 5747 B',
2177 5685 2264 5736 ΑΒ
2293 5671 2598 5750 aedi/iratis.
