4178 6266
347 357 457 414 255

936 363 1430 422 EXPOSITIONES
1469 363 1691 420 SUPER
1729 359 2150 419 IERARCHIAM
2187 362 2598 420 CAELESTEM
2635 364 2691 420 S.
2735 352 3076 422 DIONYSIIQ

355 475 584 545 perfecti
609 477 774 532 sunt?
801 476 856 531 In
887 492 1070 532 amore
1097 487 1153 533 et
1191 479 1633 548 contemplativae
1660 475 1923 532 veritatis.
1953 477 2004 535 Α
2032 476 2328 541 declarant,
2352 493 2490 546 quae
2518 476 2625 532 duo
2652 477 2833 531 divino
2861 475 3186 531 conveniunt
3209 473 3429 543 judicio,
3459 475 3602 542 quod

355 567 640 631 Quomodo
683 567 840 620 etiam
872 567 1155 623 inferiores
1202 569 1463 624 essentias
1498 569 1564 623 ad
1602 569 1654 623 id
1683 569 1700 600 ⁸
1753 569 1927 636 ipsum

359 654 759 710 fundamentum
797 658 848 710 in
887 657 1113 712 eandem
1141 659 1162 688 ⁸
1189 659 1616 714 aediﬁcationem
1645 667 1699 712 et
1721 657 1928 726 perfec-

363 744 562 800 tionem
604 745 904 798 reducunt?
937 745 1090 812 Quod
1137 745 1529 815 subsequenter
1561 745 1803 817 adiungit
1835 764 1848 800 :
1877 754 1926 799 et

359 851 684 904 quaecunque
709 835 814 888 alia
843 835 1139 890 reducentis
1161 842 1214 890 ἐι
1243 838 1582 891 concertantis
1608 846 1726 890 sunt
1749 853 1928 890 secun-

355 923 538 977 dorum
563 925 934 993 providentiae,
957 926 1064 980 hoc
1089 934 1188 989 est,
1212 936 1267 981 et
1290 942 1645 996 quaecunque
1665 927 1766 980 alia
1789 941 1928 997 sym-

351 1011 469 1065 bola
513 1028 579 1068 ex
609 1013 968 1069 humanorum
1018 1030 1301 1086 corporum
1347 1017 1631 1071 harmonia
1683 1019 1924 1071 introdu-

346 1108 550 1154 cuntur
577 1101 645 1156 ad
665 1103 1077 1172 signiﬁcandam
1101 1105 1330 1159 divinam
1353 1106 1765 1174 providentiam,
1792 1121 1930 1175 quae

348 1190 568 1246 reducit
590 1201 649 1246 et
675 1187 940 1248 Convertit
972 1195 1234 1251 secundos
1267 1197 1288 1228 ⁸
1316 1197 1524 1251 animos
1550 1197 1930 1251 intellectuales

347 1289 408 1332 et
455 1279 755 1336 rationales
782 1297 884 1352 per
923 1285 1126 1353 primos
1172 1287 1227 1340 in
1272 1286 1433 1342 unius
1459 1287 1696 1342 omnium
1739 1302 1931 1344 causae

354 1371 822 1440 participationem
847 1375 886 1428 ⁸.

430 1457 529 1513 Est
559 1472 735 1516 autem
765 1466 971 1534 quando
995 1476 1044 1522 et
1069 1468 1124 1522 in
1154 1484 1248 1523 nos
1275 1469 1567 1524 divinorum
1607 1471 1930 1540 iudiciorum

354 1559 482 1600 sunt
507 1551 736 1618 symbola
759 1553 851 1606 illa
874 1571 1008 1624 quae
1033 1565 1150 1609 acta
1177 1567 1322 1623 sunt,
1346 1559 1447 1613 hoc
1467 1566 1548 1614 est
1570 1570 1722 1629 gesta
1741 1569 1865 1614 sunt
1884 1560 1928 1624 ³⁸,

354 1652 388 1688 a
431 1639 626 1692 sanctis
669 1641 866 1708 angelis
899 1659 1118 1713 organa,
1149 1645 1271 1700 aliis
1297 1647 1505 1717 quidem
1546 1647 1932 1702 declarantibus

349 1725 690 1795 corrigentem
710 1729 1044 1802 disciplinam
1073 1745 1165 1789 aut
1191 1737 1488 1806 punientem
1501 1738 1786 1808 justitiam,
1813 1738 1932 1793 aliis

347 1831 466 1870 vero
511 1821 754 1888 angustia
783 1821 804 1853 ⁶
831 1823 1119 1880 libertatem
1165 1836 1257 1880 aut
1303 1826 1611 1897 disciplinac
1639 1829 1794 1896 ﬁnem
1835 1839 1925 1882 aut
1956 1809 2003 1868 Β

345 1903 542 1972 prioris
588 1912 916 1966 constantiae
964 1915 1360 1981 resumptionem
1405 1927 1498 1970 aut
1547 1918 1924 1986 appositioncm

347 1991 575 2046 aliorum
620 1997 879 2052 donorum
918 2017 1199 2069 parvorum
1229 2013 1322 2056 aut
1347 2021 1673 2074 magnorum,
1703 2006 1923 2058 sensibi-

347 2079 476 2134 lium
505 2095 595 2136 aut
622 2085 977 2155 invisibilium,
1009 2098 1056 2143 et
1085 2092 1297 2145 omnino
1321 2091 1504 2161 forsan
1535 2109 1638 2147 non
1667 2093 1923 2147 dubitarit

347 2174 620 2241 perspicax
667 2178 873 2232 animus
900 2178 1109 2248 pulchre
1133 2182 1480 2238 inuisibilibus
1517 2184 1755 2237 adiutare
1800 2183 1923 2237 nisi-

349 2260 496 2315 bilia.
530 2264 690 2331 Vasa,
719 2267 914 2338 inquit,
943 2285 1080 2340 quae
1103 2281 1315 2343 gestare
1337 2273 1560 2345 angelos
1601 2275 1778 2329 divina
1812 2283 1924 2330 tra-

354 2346 436 2401 dit
477 2349 783 2422 Scriptura,
839 2359 1078 2429 symbola
1119 2371 1245 2416 sunt
1286 2363 1572 2432 aliquando
1617 2365 1925 2421 divinorum

351 2435 674 2504 iudiciorum
691 2484 706 2508 ,
733 2446 926 2515 quibus
950 2463 1049 2503 nos
1069 2447 1393 2516 iudicamur,
1419 2453 1544 2507 dum
1575 2453 1676 2507 alia
1706 2454 1925 2524 quidem

360 2530 720 2606 corrigentem
773 2537 1108 2610 disciplinam
1153 2549 1247 2596 aut
1303 2543 1616 2613 punientem
1665 2543 1926 2613 justitiam

2030 580 2124 622 aut
2167 569 2220 623 iu
2266 569 2601 638 disciplinam
2649 567 2953 637 corrigendi
3008 582 3104 636 per
3139 565 3558 620 misericordiam
3585 606 3599 630 ,

2028 668 2121 713 aut
2165 660 2219 714 in
2260 659 2600 714 severitatem
2646 658 2667 691 '
2698 657 2948 729 puniendi
2987 671 3080 727 per
3101 656 3366 724 justitiam
3409 655 3603 711 dividi-

1992 768 1996 770 ·
2030 757 2155 812 tur;
2205 756 2258 802 et
2285 763 2448 802 unum
2479 748 2694 817 quidem
2724 762 2819 816 per
2845 747 3046 816 virgam
3067 786 3082 810 ,
3113 747 3252 799 sicut
3276 747 3352 799 ait
3377 743 3603 800 Psalmi-

2029 853 2109 896 sta
2137 858 2150 894 :
2190 859 2207 892 t
2239 842 2388 911 virga
2415 841 2770 896 correctionis
2810 841 2958 909 virga
3002 839 3152 909 regni
3193 839 3267 892 tui
3298 859 3346 904 ο,
3373 838 3600 892 alterum

2027 947 2125 1002 per
2140 931 2370 987 securim
2392 931 2436 995 ⁸,
2458 949 2476 981 ‹
2497 929 2608 999 jam
2630 951 2648 983 ι
2663 971 2677 994 ,
2696 930 3218 1000 inquitpraecursor,
3239 927 3297 978 "-t
3317 925 3520 983 secui‘is
3535 927 3602 980 ad

2029 1019 2262 1076 radicem
2294 1017 2500 1072 arboris
2533 1017 2574 1048 “
2614 1018 2786 1086 posita
2809 1026 2929 1080 est;
2960 1017 3138 1070 omnis
3165 1015 3357 1080 arbor,
3387 1008 3526 1086 quae
3558 1016 3600 1046 “

2028 1127 2137 1166 non
2167 1109 2295 1164 facit
2315 1107 2547 1162 fructum
2573 1108 2795 1171 bonum,
2823 1107 3103 1162 excidetur
3124 1116 3178 1160 et
3203 1107 3255 1160 in
3288 1107 3460 1176 ignem
3486 1105 3605 1159 mit,-

2030 1211 2174 1254 tetur
2207 1219 2250 1252 ι.
2279 1198 2396 1252 Alia
2424 1213 2554 1253 vero
2582 1199 2823 1268 angustia
2849 1198 2896 1236 "
2924 1197 3250 1262 libertatem,
3278 1196 3361 1250 vel
3384 1191 3450 1250 ex
3473 1196 3604 1250 insi-

2029 1291 2134 1346 diis
2157 1290 2490 1356 libertatem;
2525 1289 2580 1342 in
2599 1287 2805 1344 Graeco
2844 1288 3041 1359 quippe
3072 1296 3156 1343 est
3186 1289 3536 1361 περιστάσεων
3558 1286 3603 1317 ί³

2029 1381 2335 1454 ὶλευθιρίαν,
2381 1395 2480 1448 pro
2523 1395 2631 1449 quo
2655 1394 2938 1448 possumus
2982 1378 3162 1434 dicere
3205 1377 3482 1446 angustia,
3517 1377 3603 1432 vel

2029 1472 2240 1528 insidiis
2267 1471 2587 1534 libertatem,
2603 1470 2744 1539 quod
2768 1469 2931 1524 etiam
2965 1484 3063 1538 per
3091 1468 3294 1540 virgam
3319 1467 3601 1522 formatur.

2029 1565 2111 1617 Ad
2159 1563 2258 1616 IlOC
2299 1562 2442 1615 enim
2481 1560 2822 1629 corripimur,
2865 1559 3269 1629 disciplinisque
3294 1558 3602 1614 misericor-

2031 1653 2159 1708 diae
2177 1652 2496 1716 excitamur,
2544 1657 2604 1707 ut
2649 1649 2718 1704 ab
2758 1649 3022 1720 angustiis
3051 1649 3365 1705 delictorum
3391 1655 3605 1703 nostru-

2035 1758 2154 1796 rum
2184 1750 2239 1796 et
2265 1757 2295 1794 a
2323 1739 2602 1794 diabolicis
2631 1739 2840 1794 insidiis
2881 1739 3206 1806 liberemur;
3258 1747 3351 1794 aut
3374 1737 3607 1808 discipli-

2031 1845 2133 1886 nae
2153 1831 2310 1884 ﬁnem
2332 1847 2348 1896 ;
2382 1831 2543 1885 totius
2564 1829 2772 1884 divinae
2795 1828 3110 1898 disciplinae
3141 1827 3261 1884 linis
3280 1837 3364 1882 est
3391 1827 3608 1882 habitus

2029 1920 2247 1976 virtutis
2270 1928 2325 1975 et
2350 1920 2674 1986 aedilicium,
2691 1934 2828 1990 quae
2844 1919 3124 1976 tectonicis
3145 1918 3359 1990 organis
3385 1916 3606 1988 pulchre.

2030 2011 2444 2081 signiﬁcantur;
2510 2020 2603 2064 aut
2646 2010 2843 2080 prioris
2893 2011 3230 2066 constantiae
3277 2009 3600 2077 resumptio-

2031 2116 2154 2156 nem
2187 2102 2248 2155 ".
2278 2101 2337 2155 In
2379 2102 2584 2158 Graeco
2629 2109 2713 2157 est
2738 2101 3024 2165 ιῦπαθιίας.
3073 2101 3366 2158 Ἐὖπαθείαν
3413 2100 3603 2156 Cicero

2030 2192 2416 2261 interpretatur
2440 2192 2813 2257 constantiam,
2846 2202 2908 2248 ut
2942 2193 3054 2262 jam
3081 2193 3332 2259 diximus,
3364 2205 3600 2262 sequen-

2030 2287 2111 2335 tes
2158 2288 2402 2334 sanctum
2449 2279 2801 2352 Augustinum
2833 2283 3134 2338 εὶύπαθιίαι
3174 2291 3328 2347 sunt,
3381 2281 3435 2336 id
3477 2289 3604 2347 est,

2028 2370 2364 2424 constantiae
2417 2377 2528 2426 tres
2557 2373 2850 2428 secundum
2879 2373 3110 2440 Stoicus,
3151 2373 3420 2439 voluntas,
3463 2387 3600 2444 gau-

2030 2459 2199 2528 dium,
2222 2462 2422 2527 cautio,
2445 2469 2502 2518 et
2529 2477 2638 2524 non
2665 2462 2769 2523 nisi
2791 2464 2844 2520 in
2872 2465 3071 2524 animo.
3102 2462 3328 2537 Explicit
3354 2465 3418 2521 η.

1643 2669 1894 2726 VAIiIAE
1927 2671 2322 2734 LECTIONES.

424 2777 439 2806 '
481 2776 634 2832 Corr.
667 2779 752 2843 B',
803 2781 893 2836 ΑΒ
929 2785 1095 2838 addit.

351 2855 514 2914 gesta.

1193 2787 1214 2816 ⁹
1249 2785 1406 2843 Corr.
1451 2785 1536 2852 B',
1581 2787 1668 2842 AB
1713 2788 1878 2842 edem.

355 3005 611 3045 στασιως.
685 2989 729 3019 ⁸⁸
767 2989 947 3054 Corr.,
973 2994 1017 3046 Α
1048 2998 1406 3064 resumptione.

367 3075 1911 3129 Ἥ

2971 3133 3565 3220 *ξιῖῑοτττέιέι

1269 3243 2066 3380 JOANNIS
2145 3249 2662 3366 sco-r1
2759 3133 3372 3415 (Gigans;
3404 3225 3565 3410 έςῑεζ

1596 3449 2347 3531 EXPOSITIONES

610 3620 932 3748 SUPER
1009 3621 1645 3754 IERARCHIAM
1728 3604 2554 3754 ECCLESIASTIGAM
2633 3621 2720 3749 S.

1067 3827 1182 3892 C_od.
1209 3840 1296 3877 ms.
1324 3827 1444 3892 bibl.
1468 3828 1690 3892 Univers.
1720 3829 1934 3889 Lipsten.
1965 3827 2079 3888 188,
2104 3830 2392 3892 membrum,
2417 3843 2519 3881 sec.
2543 3844 2641 3880 xm.
2676 3865 2690 3879 .
2725 3865 2739 3881 .

633 2788 783 2880 ,BQ'L
929 2788 1111 2880 “$15!;
1148 2788 1231 2880 μ’.
1249 2788 1434 2880 (ἷοΐιξλ
1451 2788 1536 2852 B'.
1581 2788 1668 2880 AP
1713 2788 1902 2880 edem}
1979 2788 2001 2818 ³
2033 2788 2212 2880 Cani,
2251 2792 2339 2874 ᾼΒ
2361 2794 2628 2880 Δεέξιηιηιὶο.
2670 2863 2700 2880 ,Δ
2722 2794 2742 2824 ⁵
2775 2795 2817 2848 Α
2844 2793 3261 2880 ρανιίξὶεαιξοιιε.

693 2849 784 2928 Sic
815 2852 926 2919 AB,
954 2853 1014 2907 B‘
1044 2855 1112 2909 ad
1148 2872 1322 2927 marg.
1370 2849 1546 2914 adscr.
1593 2859 1654 2911 ab
1695 2857 1958 2928 angustia.

353 2931 615 2970 securum.
687 2919 708 2950 '
739 2919 781 2973 Β
809 2938 1138 2988 praccussor.
1215 2919 1496 2982 ‘°"arboris
1535 2943 1639 2983 om.
1683 2919 1786 2985 A.'
1835 2930 1874 2961 “
1908 2932 1950 2989 Ο
1985 2933 2095 3000 qui.

355 3005 611 3045 στασεως.
685 2989 729 3019 ⁸⁸
767 2989 947 3054 Corr.,
973 2994 1017 3046 Α
1048 2998 1406 3064 resumptione.
1483 3000 1526 3033 ¹⁸
1554 2998 1780 3068 Explicit
1807 3017 1917 3056 om.
1945 3005 2010 3058 Α.

3357 2794 3381 2824 ⁸
3415 2792 3457 2844 Β
3480 2805 3600 2856 sunt

2977 2865 2998 2894 ⁸
3033 2859 3172 2916 ΒΜ.
3213 2875 3354 2916 corr.
3395 2859 3468 2926 Β,
3508 2861 3597 2914 ΑΒ

2197 2933 2239 2963 ¹¹
2271 2932 2332 2986 B'
2375 2931 2515 2988 infra
2561 2934 2739 2990 adscr.
2787 2934 2851 2988 ab
2894 2930 3600 3003 uagum-

2082 2863 2102 2893 ⁷
2142 2861 2318 2927 Conj..
2351 2863 2436 2917 AB
2475 2879 2528 2918 se
2578 2861 2858 2917 veritatem.

3063 2932 3134 3027 εεε
3345 2929 3600 3027 ,m-

3064 3040 3692 3179 ῄῶκηιὲἥῇξέ

3081 3157 3346 3179 ‘,..---
3619 3141 3674 3179 Ιι

3064 3103 3137 3160 ῇε

3145 3163 3181 3172 ,ο
3195 3157 3346 3170 ’σφας-

3078 3172 3132 3188 ’-

2983 3497 3128 3530 \Tf‘w
3141 3520 3156 3528 ..

3061 3529 3114 3547 Χ

2814 3542 3492 3750 monuit”;

1071 3889 1188 3938 Cod.
1213 3902 1298 3938 ms.
1328 3889 1431 3938 Vat.
1459 3891 1566 3948 177,
1597 3892 2010 3947 membran.,sec.
2038 3903 2132 3940 xw.
2172 3925 2185 3939 .
2225 3924 2240 3938 .
2274 3927 2288 3940 .
2325 3929 2337 3941 .
2375 3889 2388 3942 ζ
2428 3927 2442 3941 .
2480 3927 2494 3944 .
2531 3927 2544 3940 .
2579 3925 2597 3944 .
2635 3927 2647 3940 .
2685 3928 2696 3940 .
2733 3927 2748 3941 .
2782 3929 2797 3944 .
2834 3927 2846 3938 .
2885 3930 2897 3942 .
2937 3893 2988 3941 Β.

1074 3950 1187 4000 Cod.
1211 3962 1300 4000 ms.
1318 3950 1559 4002 Sorbonn.
1589 3952 1706 4004 1553
1725 3951 1848 4000 bibl.
1871 3949 1995 4012 lteg.
2021 3951 2326 4015 Parisiensis,
2345 3961 2633 4013 menmium,
2653 3966 2754 4004 sec.
2775 3966 2874 4004 xui.
2906 3987 2919 4002 .
2944 3954 2997 4032 (3.

1008 4180 1251 4238 INCIPIT

700 4332 1021 4378 rnomcus
1064 4335 1330 4382 saccum
1374 4337 1566 4383 uani.
1652 4310 1662 4352 ί

415 4449 696 4507 Secundus
737 4468 865 4509 vero
909 4455 1064 4520 liber,
1103 4457 1188 4513 cui
1211 4466 1296 4515 est
1335 4459 1616 4532 inscriptio
1641 4461 1706 4517 de
1739 4461 1916 4518 eccle-

341 4543 555 4597 siastica
602 4542 871 4599 lerarcbia
919 4547 959 4612 ⁸,
992 4548 1258 4604 humanae
1305 4561 1567 4616 naturae,
1621 4551 1916 4608 Salvatoris

338 4633 505 4685 nostri
548 4634 812 4701 sanguine
841 4636 1170 4707 redemptae,
1202 4640 1462 4696 unitatem
1496 4641 1794 4707 denuntiat,
1842 4642 1912 4697 ad
1958 4701 1962 4704 ,

340 4722 743 4780 similitudinem
772 4727 1023 4784 videlicet
1049 4729 1291 4786 caelestis
1320 4733 1630 4800 sacerdotii,
1650 4743 1908 4803 quantum

339 4814 589 4878 possibile
619 4824 738 4881 est,
787 4819 1108 4877 mortalibus
1155 4821 1327 4878 adhuc
1370 4821 1694 4878 ordinatam.
1743 4824 1910 4895 Cujus

338 4917 576 4959 summus
602 4907 844 4974 pontifex
879 4916 963 4964 est
993 4910 1126 4980 ipse,
1155 4912 1247 4981 qui
1276 4926 1395 4965 eam
1425 4913 1525 4967 sibi
1556 4929 1652 4982 per
1678 4915 1908 4980 gratiam

337 5004 487 5044 suam
529 4994 551 5022 '
603 4995 982 5064 coadaptavit,
1031 4999 1122 5066 qui
1167 4998 1331 5054 etiam
1379 5001 1544 5056 totius
1586 5002 1906 5068 ierarcbiae,

335 5079 646 5135 caelestium
672 5084 888 5151 quidem
919 5095 971 5141 et
1004 5088 1362 5151 terrestrium,
1392 5088 1714 5158 principium
1741 5099 1823 5143 est
1852 5097 1909 5144 et

330 5168 566 5224 medium
599 5179 654 5226 et
694 5173 838 5236 ﬁnis,
889 5176 955 5228 ad
982 5192 1140 5246 quem
1180 5178 1358 5232 omnia
1389 5177 1713 5233 referuntur.
1761 5177 1907 5234 Haec

333 5253 514 5324 itaque
538 5267 724 5315 nostra
748 5261 1014 5318 ierarcbia
1038 5266 1208 5321 instar
1231 5266 1482 5323 caelestis
1507 5267 1774 5338 tripartita
1798 5277 1903 5334 est,

1937 4185 1994 4246 D
2019 4181 2234 4252 quidem
2249 4181 2453 4245 ordine,
2473 4182 2657 4238 ultima
2672 4197 2802 4238 vero
2817 4180 3076 4249 dignitate
3095 4160 3261 4251 legale
3278 4179 3336 4234 ﬁt
3359 4181 3381 4212 ³
3400 4195 3597 4239 βαθεῖα

2019 4270 2241 4328 dotium.
2274 4268 2426 4336 Quod
2451 4271 2506 4324 in
2537 4269 2701 4324 variis
2724 4270 2746 4301 ⁸
2770 4269 2926 4321 valde
2943 4276 2999 4322 et
3023 4269 3044 4300 '
3065 4269 3308 4324 obscuris
3331 4271 3614 4338 symbolis

2017 4376 2114 4434 per
2158 4361 2518 4432 legislatorem
2543 4360 2758 4431 Moysen
2784 4358 2937 4430 plane
2967 4357 3170 4410 carnali
3197 4359 3373 4412 adhuc
3392 4359 3588 4428 populo

2018 4455 2360 4524 litteraeque,
2407 4468 2514 4509 non
2549 4453 2763 4522 spiritui
2808 4449 3064 4507 servienti
3109 4449 3457 4504 distributum
3481 4459 3585 4507 est.

2023 4544 2186 4615 Cujus
2212 4544 2482 4599 maximus
2531 4543 2812 4599 character
2856 4549 2976 4596 erat
3015 4540 3418 4597 tabernaculum
3458 4540 3592 4599 illud

2021 4633 2074 4687 in
2105 4633 2337 4689 Arabico
2384 4643 2564 4688 monte
2629 4633 2851 4703 ﬁgurate
2897 4641 3270 4690 monstratum.
3341 4631 3586 4690 Secunda

2016 4739 2174 4788 vero,
2221 4739 2358 4793 quae
2385 4733 2441 4778 et
2485 4723 2688 4788 media,
2715 4723 3069 4779 sacerdotium
3087 4763 3102 4787 ,
3130 4722 3273 4794 quod
3303 4737 3446 4780 nunc
3469 4731 3586 4790 est,

2017 4814 2310 4887 Ecclesiam
2337 4815 2458 4871 dico
2487 4814 2618 4869 Novi
2650 4815 2999 4877 Testamenti,
3039 4815 3140 4871 sub
3168 4814 3340 4886 gratia
3367 4814 3586 4884 quidem

2015 4905 2384 4969 constitutam,
2429 4905 2620 4973 partim
2667 4906 2926 4975 symbolis
2951 4905 3239 4960 visibilium
3269 4919 3584 4960 sacramen-

2017 5007 2194 5054 torum
2223 4998 2556 5067 dispositam,
2591 4998 2786 5066 partim
2821 5012 2950 5052 vero
2974 4997 3219 5052 veritatis
3247 4995 3594 5066 contempla-

2013 5088 2159 5143 tione
2207 5087 2519 5157 perfectam.
2570 5085 2636 5140 Et
2673 5095 2756 5141 est
2797 5087 2918 5139 ﬁnis
2961 5085 3284 5152 praeteritae
3334 5083 3580 5152 primae,

2013 5179 2224 5234 initium
2269 5193 2395 5232 vero
2444 5176 2655 5231 futurae
2695 5174 3020 5236 ierarcbiae,
3063 5186 3200 5240 quae
3247 5179 3331 5224 est
3382 5170 3576 5232 tertia,

2011 5284 2158 5324 nunc
2181 5285 2243 5323 ex
2273 5277 2425 5337 parte
2454 5268 2700 5322 inchoata
2728 5266 2783 5320 in
2811 5261 3062 5333 primitiis
3086 5257 3575 5328 contemplationis,

329 5343 536 5402 scilicet
559 5349 617 5404 in
666 5359 778 5408 tres
813 5353 1126 5409 ierarcliias.
1151 5356 1390 5424 Quarum
1422 5358 1595 5428 prima
1624 5360 1905 5432 temporali
2008 5359 2333 5432 perﬁcienda
2380 5375 2507 5415 vero
2549 5367 2668 5431 post
2709 5355 2934 5430 gloriam
2969 5353 3181 5408 futurae
3229 5348 3577 5404 resurrectio-

1602 5511 1856 5569 YARIAE
1893 5511 2293 5570 LECTIONES.

397 5633 421 5668 ⁸
436 5634 486 5692 Δ
509 5638 812 5710 ierarcltya.
884 5643 904 5673 '
929 5641 1020 5698 Sic
1043 5643 1344 5710 C,suam.in
1369 5647 1489 5703 cod.
1509 5646 1552 5704 A
1569 5662 1640 5703 ω.
1662 5648 1976 5720 glossatoris
1999 5662 2168 5718 supra
2190 5647 2368 5704 adscr.
2447 5646 2467 5680 ³
2487 5645 2549 5709 C,
2565 5642 2650 5696 a‘t.
2731 5638 2934 5707 ‘SicC,
2957 5639 3002 5694 Α.
3024 5637 3185 5694 vanis.
3262 5640 3283 5670 ⁸
3303 5647 3351 5695 ct
3374 5657 3482 5698 om.
3510 5641 3573 5699 (1.

3565 3103 3840 3324 53/33.

3593 3236 3777 3307 ‘_‘V-/’L

3800 3311 3816 3343 ἔ

3002 3359 3812 3517 έὲΑᾹμᾷψῧῖῗῗί“
