4178 6266
630 343 745 403 εστ

2003 330 2285 389 somnus
2319 333 2516 405 SCOTI

3772 342 3882 402 268

606 488 609 489 ν
639 460 749 525 uis,
792 457 1007 529 quando
1032 454 1327 512 visibilium
1368 460 1827 510 sacramentorum
1858 448 2225 523 velaminibus;
2237 463 2290 524 Α
2313 464 2437 506 cum
2464 450 2802 507 consortibus
2837 449 2950 508 suis
2981 451 3035 506 in
3061 450 3281 522 proprio
3305 452 3576 511 ordineet
3606 451 3781 509 laudis
3805 455 3887 509 of-

640 549 868 606 sublatis
889 550 1059 618 ipsam
1078 532 1356 601 veritatem
1372 543 1651 614 perspicua
1666 541 1910 597 claritate
1937 539 1952 569 ¹
1975 546 2215 594 contem-

639 639 927 711 plabimur.
945 638 1173 708 Ideoque
1183 650 1457 706 praesens,
1475 642 1535 689 ut
1548 633 1805 697 diximus,
1818 628 2182 687 ecclesiastica
2193 628 2215 659 ²

608 728 907 785 ρὶθηιιοιιίει
956 726 1132 780 media
1164 734 1257 780 est
1301 724 1442 779 inter
1493 723 1720 793 legalem
1765 719 2110 792 praeteritam
2157 724 2213 772 et

641 816 924 873 caelestem
952 813 1209 879 futuram,
1235 814 1485 883 quoniam
1511 828 1618 867 non
1646 811 1821 867 solum
1868 818 2211 865 aeternarum

640 922 822 963 rerum
868 904 1107 976 symbola
1149 905 1359 975 peragit
1383 911 1438 958 et
1465 902 1747 957 visibiliter
1768 899 2105 963 considerat,
2154 903 2215 953 ut

628 995 828 1065 legalis
850 993 1141 1064 praeterita
1160 1032 1175 1059 ,
1217 993 1310 1048 sed
1351 1000 1405 1046 et
1433 992 1768 1062 spiritualem
1795 1004 1982 1045 eorum
2012 984 2210 1043 intelli-

641 1083 878 1155 gentiam
909 1083 1232 1154 investigare
1256 1082 1605 1151 invenirequc
1641 1095 1746 1136 non
1776 1087 1972 1145 cessat.
2002 1085 2062 1139 ut
2084 1091 2210 1133 cae-

640 1174 794 1233 lestis
816 1176 1019 1231 futura:

639 1285 1120 1358 Epggrantma’in
1160 1287 1363 1358 beatum
1407 1286 1715 1356 Dionysium
1748 1286 1805 1340 in
1844 1285 1945 1340 hoc
1969 1284 2033 1340 de
2057 1283 2212 1340 eccle-

1177 1357 1391 1412 siastica
1411 1357 1687 1411 ierat-chio.

641 1465 887 1539 Symbola
926 1468 1219 1523 diuinorum
1271 1467 1588 1550 mirabiliora
1645 1480 1916 1521 sacrorum
1961 1464 2213 1535 uniformi

1079 1555 1083 1559 '
1312 1549 1534 1592 ratione.
2126 1558 2129 1559 '

599 1670 607 1676 ·
641 1645 709 1703 In
738 1646 1150 1718 singularitatem
1177 1647 1430 1709 resolvisti
1469 1648 1622 1702 unius
1663 1645 1874 1701 luminis
1913 1662 2074 1701 unum
2107 1643 2215 1700 cla-

1307 1742 1535 1795 ritatem.

710 1848 989 1920 Dionysii‘
1015 1851 1357 1921 Areopagitae
1392 1849 1615 1920 episcopi
1644 1851 1962 1906 Athenarum
1991 1850 2059 1905 ad
2103 1849 2206 1922 Ty-

636 1939 899 1993 motheum
935 1940 1226 2011 episcopum
1248 1940 1312 1994 de
1333 1940 1680 1996 ecclesiastica
1702 1942 1725 1974 ⁸
1742 1943 2000 1998 ierarchia
2027 1959 2209 1998 secun-

637 2028 737 2082 dus
769 2027 905 2103 liber.
917 2030 992 2083 sic
1021 2029 1199 2099 incipit
1223 2028 1264 2083 ⁸.

710 2119 792 2174 Ad
817 2121 1031 2175 beatum
1059 2118 1414 2192 Tymothenm
1443 2123 1732 2177 secundum
1763 2122 1978 2192 scripsit
2008 2123 2207 2179 librum

606 2212 863 2280 ’magnus
904 2210 1225 2282 Areopagita
1274 2212 1559 2284 Dionysius
1604 2215 1671 2269 de
1722 2215 2085 2270 ecclesiastica
2132 2215 2209 2272 ie-

637 2299 886 2366 rarchia,
937 2300 991 2355 id
1035 2310 1148 2367 est,
1193 2301 1261 2356 de
1300 2302 1665 2358 ecclesiastico
1690 2318 1844 2359 sacro
1871 2296 2205 2375 principatu.

638 2389 884 2445 distincte
913 2405 1008 2460 per
1033 2390 1288 2461 capitula,
1317 2405 1457 2462 quae
1483 2390 1623 2447 infra
1658 2400 1974 2462 sequuntur,
1992 2393 2207 2464 elegan-

638 2479 843 2534 tissime
872 2481 1157 2550 mysticum
1186 2489 1586 2537 sacramentum
1630 2483 1783 2553 prius
1817 2484 1839 2516 "
1873 2497 2110 2552 ponens,
2154 2491 2210 2539 et

638 2572 719 2627 sic
746 2572 981 2643 singulas
1005 2573 1226 2645 singulis
1255 2575 1501 2645 capitulis
1526 2577 1875 2648 mysticorum
1892 2592 2207 2634 sacramen-

639 2670 815 2716 torum
883 2663 1117 2719 tbeorias
1181 2663 1528 2736 subjungens.
1603 2665 1662 2720 In
1711 2668 1910 2736 quibus”
1952 2669 2205 2733 ostendit,

637 2760 851 2819 cuncta.
879 2767 1016 2822 quae
1057 2753 1110 2808 in
1140 2754 1521 2811 ecclesiasticis
1556 2757 1914 2819 sacramentis
1939 2765 1993 2811 et
2030 2772 2211 2813 sacra-

634 2840 861 2898 tissimis
900 2843 1275 2913 mysteriorum
1321 2844 1818 2899 consecrationibus
1855 2845 1991 2899 ﬁunt
2017 2846 2071 2910 ",
2108 2860 2207 2898 an-
2246 2895 2251 2900 .

636 2930 1161 3020 εθξῇαὲηῐὲὶὲεὶξοξςείρ
1193 2934 1515 3016 _secundum
1561 2934 1987 2989 convenientiam
2032 2935 2212 2989 unius-

925 3006 1412 3110 onliiiis'mum
1437 3025 1701 3080 ministris
1733 3026 1941 3092 altaris,
1970 3035 2023 3080 et
2053 3041 2207 3096 prae-

394 3180 403 3187 τ
432 3172 443 3187 ,
635 3094 793 3185 cipue
821 3096 1702 3203 ie’ramm‘ylyti‘sacerdote,
1735 3116 1826 3183 qui
1856 3130 1992 3170 unus
2019 3092 2085 3170 de
2112 3131 2206 3169 an-

636 3183 771 3277 gelis
797 3205 841 3237 “
869 3196 1159 3287 secundum
1187 3183 1537 3270 l'ai'sﬁicitur,
1568 3206 1792 3267 caelitus
1816 3207 2069 3277 operari;
2102 3223 2210 3265 ma-

634 3298 784 3352 xime
813 3297 866 3352 in
918 3297 960 3329 η
1007 3295 1308 3373 ministerii
1362 3298 1546 3353 sancti
1603 3298 1855 3355 sacriﬁcii
1899 3299 2213 3356 Dominicae

634 3385 904 3455 passionis
946 3380 1281 3469 sanctissimi.
1302 3385 1645 3457 principatus
1694 3388 1920 3444 militiae
1963 3390 2215 3448 caelestis

2314 540 2438 595 ﬁcio
2483 555 2695 611 semper
2718 542 2994 607 assistunt,
3039 552 3092 598 et
3118 544 3170 598 in
3197 546 3607 603 consecratione
3630 548 3886 603 sacratis-

2311 631 2437 689 simi
2465 633 2810 701 chrismatis,
2840 648 2979 703 quae
3006 633 3293 689 uniformis
3318 643 3374 690 et
3410 636 3640 692 uniordo
3667 638 3709 668 ¹²
3742 652 3887 707 sym-

2311 718 2450 775 bolis
2474 729 2560 776 est
2587 723 2961 778 sanctissimae
2998 724 3377 778 eucharistiae.
3406 723 3466 778 In
3500 740 3610 793 qua
3634 725 3887 780 videlicet

2313 811 2625 866 chrismatis
2667 811 2969 868 initiatione
3029 812 3073 843 ⁸³
3116 813 3359 867 ordinem
3416 812 3702 884 Seraphim
3738 814 3889 869 beni-

2311 918 2474 974 gnum
2528 901 2710 958 Jesum
2734 945 2749 970 ,
2794 904 2886 974 qui
2917 903 2991 957 in‘
3018 902 3269 957 omnibus
3298 903 3670 958 sanctissimus
3693 903 3736 934 ³³
3761 918 3888 957 san-

2312 994 2516 1050 ctiﬁcat
2543 996 2776 1064 seipsum
2804 1009 2904 1065 pro
2947 993 3122 1056 nobis,
3172 1001 3226 1046 et
3265 994 3412 1048 omni
3453 994 3885 1049 sanctiﬁcatione

2312 1099 2412 1140 nos
2434 1085 2480 1117 ¹⁸
2500 1084 2670 1154 replet
2692 1085 2744 1139 in
2772 1086 2887 1154 ipso
2908 1084 3195 1154 perfectos,
3223 1093 3383 1152 atque
3407 1099 3475 1138 ex
3497 1084 3540 1115 ‘°
3562 1084 3672 1138 Deo
3700 1094 3882 1150 natos,

2311 1178 2733 1243 circumstare",
2748 1187 2803 1233 et
2818 1178 3056 1233 uwltilau
3064 1178 3127 1231 da
3145 1176 3234 1230 illa
3246 1175 3749 1247 ymnologia‘,quam
3764 1191 3885 1244 pro-

2311 1267 2473 1338 pheta
2495 1268 2781 1338 Serapbim
2806 1283 2864 1322 se
2885 1267 3098 1325 audisse
3117 1265 3641 1341 clamaredescribit,
3655 1267 3882 1319 eundem

2312 1358 2599 1414 Dominum
2651 1373 2892 1413 nostrum
2930 1356 3110 1413 Iesum
3160 1355 3434 1410 Christum
3480 1353 3886 1423 intelligibiliter

2284 1449 2568 1517 laudare,
2624 1448 3042 1519 obsequentibus
3096 1448 3260 1502 etiam
3319 1446 3518 1509 ceteris
3574 1445 3886 1516 angelorum

2310 1541 2516 1604 choris,
2544 1550 2599 1597 et
2631 1540 2949 1597 sensualiter
2972 1538 3203 1595 Alleluia
3228 1537 3662 1602 continentibus,
3683 1532 3885 1605 liquido

2313 1629 2643 1685 manifestat.
3584 1678 3587 1679 ν

2384 1718 2534 1776 Haec
2560 1722 2738 1777 insunt
2766 1721 2824 1777 in
2849 1722 2945 1776 hoc
2971 1720 3037 1776 de
3054 1717 3403 1779 ecclesiastica
3428 1716 3688 1774 ierarchia
3714 1721 3883 1771 totum

2229 1807 2279 1867 Β
2304 1810 2536 1879 capitula
2564 1825 2660 1865 vn.

2288 1902 2350 1957 -l.
2389 1903 2537 1968 Quae
2560 1904 2628 1957 sit
2666 1901 3045 1958 ecclesiasticae
3086 1900 3379 1957 ierarchiae
3397 1898 3610 1954 traditio
3628 1937 3646 1965 ,
3675 1905 3723 1953 et
3749 1909 3885 1967 quae

2817 1971 3050 2041 ejusdem
3081 1969 3386 2039 speculalia.

2307 2062 2371 2119 ΙΙ.
2407 2063 2487 2118 De
2507 2063 2831 2134 perﬁciendis
2858 2063 2914 2115 in
2941 2062 3271 2131 baptismate.

2284 2208 2287 2213 ‹
2309 2174 2392 2231 lli.
2434 2175 2510 2230 De
2524 2173 2859 2244 perﬁciendis
2884 2173 2940 2226 in
2967 2171 3176 2242 synaxi.

2308 2289 2399 2346 IV.
2438 2288 2511 2343 De
2534 2242 2865 2358 perﬁciendis
2888 2285 2943 2337 in
2967 2284 3100 2338 miro
3130 2291 3177 2337 et
3212 2282 3267 2336 in
3289 2282 3403 2351 ipso
3434 2242 3735 2350 efferendis.

2308 2397 2376 2454 ν.
2419 2399 2496 2453 De
2518 2396 2928 2453 sacerdotalibus
2956 2392 3454 2463 confirmationibus.

2309 2518 2397 2576 Vi.
2433 2516 2513 2587 De
2540 2513 2973 2586 perﬁciendorum
2994 2509 3286 2563 ordinibus.

2316 2632 2421 2689 Vll.
2458 2631 2535 2685 De
2567 2625 2894 2699 perﬁciendis
2923 2624 2979 2678 in
3003 2618 3376 2676 dormientibus
3406 2619 3471 2671 ⁸⁸.

2378 2738 2881 2799 Praecumbentium
2929 2732 3283 2809 capitulorum
3341 2726 3639 2784 doctrinam
3684 2739 3883 2780 secun-

2311 2836 2437 2892 dum
2464 2831 2728 2903 duplicem
2774 2826 2987 2900 perﬁcit
3025 2823 3259 2879 modum.
3290 2820 3525 2874 Primum
3551 2817 3695 2891 enim
3723 2829 3884 2883 expo-

2311 2927 2392 2980 nit
2439 2925 2543 2979 hoc
2577 2940 2591 2975 :
2623 2919 2891 2990 quomodo
2917 2915 3192 2985 perﬁcitur
3220 2909 3531 2982 mysterium
3553 2907 3594 2939 ¹⁹
3623 2904 3841 2975 capituli
3866 2919 3885 2969 ;

2311 3031 2376 3070 ac
2400 3013 2593 3069 deinde
2613 3010 2815 3066 theoria
2831 3006 3065 3077 quadam
3096 3002 3466 3058 traditionem:
3492 3005 3677 3064 utputa
3694 3003 3892 3065 myste.

2314 3107 2379 3162 rii
2408 3101 2808 3161 illuminationis
2848 3095 3113 3167 expositio
3142 3093 3398 3163 primum,
3427 3088 3620 3143 deinde
3648 3083 3887 3140 secutida

2316 3196 2521 3253 tbeoria
2550 3192 2683 3261 ejus,
2728 3192 2921 3249 iterum
2945 3189 2994 3220 ³ο
3028 3184 3268 3258 mysterii
3289 3195 3555 3254 synaxeos
3589 3177 3887 3248 expositio,

2266 3286 2269 3289 ’
2318 3284 2511 3343 deinde
2542 3281 2749 3338 theoria
2772 3280 2910 3349 ejus,
2933 3284 2989 3333 et
3014 3274 3202 3331 eodem
3229 3273 3387 3329 modo
3413 3272 3479 3326 de
3504 3269 3718 3326 ceteris.

2806 3395 2991 3452 Cetera
3013 3392 3396 3449 desiderantur.

1877 3536 2132 3593 VARIAE
2169 3536 2571 3596 LECTIONES.

711 3632 726 3662 ¹
762 3629 854 3704 Sic
878 3631 952 3704 C_,_
968 3632 1010 3685 A
1035 3634 1266 3704 veritate.
1358 3637 1381 3670 ³
1411 3636 1501 3693 Sic
1525 3636 1588 3704 C,
1615 3626 1659 3693 Ᾱ
1681 3656 1924 3704 praesens
1949 3652 2005 3697 ut
2030 3643 2260 3699 diximus
2288 3644 2660 3699 ecclesiastica.

2755 3628 2892 3695 "Sic
2915 3641 2979 3710 C,
3010 3636 3052 3693 Α
3074 3624 3469 3710 epigrammata.
3496 3705 3508 3710 _
3566 3633 3598 3663 ’⁸
3619 3616 3716 3710 Hic
3748 3630 3887 3685 inci-

636 3702 717 3771 pit
744 3700 1029 3782 cod._Y‘at.
1102 3701 1492 3782 “ecclesiastica
1516 3700 1625 3763 om.
1757 3711 1824 3782 __‘
1845 3714 2105 3769 secundus
2127 3715 2256 3769 liber
2280 3715 2355 3768 sic
2381 3713 2562 3782 incipit
2584 3727 2691 3768 om.
2719 3712 2782 3766 C.
2814 3780 2820 3782 Α
2846 3713 2877 3782 ί⁷
2904 3700 3389 3782 Α’ξθεξῇᾎῆὶειηειιηὶ
3412 3705 3572 3782 ,ρνὶιεε
3603 3703 3747 3782 Pri?“
3783 3715 3882 3770 Ρο-

639 3770 795 3851 tiens.
870 3772 908 3851 ‘_
929 3770 969 3824 Β
1006 3776 1361 3851 sacramentis
1391 3779 1873 3851 consecrationibus
1892 3783 2237 3849 misteriorum
2268 3784 2445 3851 fuerit.
2488 3770 2539 3815 ’⁸
2573 3783 2613 3835 Β
2634 3780 2910 3851 ierarcltia.
2949 3848 2959 3851 _
2989 3779 3031 3810 ¹⁰
3071 3770 3611 3851 δίΟΑΟνΑΒΑῃὶ-ῑᾳέἱῖξδγ
3639 3775 3702 3824 de
3727 3784 3886 3851 “."98’

637 3840 726 3906 iis,
746 3839 910 3908 Aqui
943 3856 1080 3897 unus
1105 3843 1320 3941 angelis.
1400 3846 1441 3877 “
1474 3846 1530 3899 in
1559 3862 1666 3902 om.
1700 3847 1761 3900 Β.

641 3910 1053 3941 οιηιιιὲϐηηοέιηυ,
1151 3911 1166 3941 1
1223 3910 1312 3941 Ωιι.
1339 3912 1379 3941 l‘
1462 3932 1521 3941 -..
1549 3931 1633 3941 Α...
1699 3916 1721 3941 Δ
1740 3917 1761 3941 l:

637 3910 1073 3978 sanctiﬁcatione.
1151 3911 1166 3942 ¹

1839 3849 1882 3880 ¹²
1912 3852 2003 3903 nni
2032 3848 2181 3907 ordo.
2268 3848 2317 3882 ‘3
2346 3851 2386 3905 Β
2422 3851 2754 3905 unitiocione.

1223 3910 1312 3994 Sic
1339 3912 1429 3979 Cu
1455 3932 1521 3969 επ
1546 3916 1796 3994 oni-util}.
1859 3919 1928 3994 _"’_
1956 3919 1997 3971 Β
2030 3906 2415 3994 circumstante.
2494 3922 2540 3953 ⁸⁸
2566 3921 2714 3994 Quae
2741 3919 2841 3975 sub
2866 3917 3110 3973 numeris
3149 3932 3271 3971 l-Vll
3304 3915 3392 3970 bic
3414 3913 3683 3968 habentur
3702 3949 3716 3974 ,
3752 3908 3807 3962 in
3836 3906 3884 3960 Α

2854 3847 2900 3880 ³⁸
2934 3848 2978 3903 Α
3021 3839 3381 3902 sanctissimis.
3472 3843 3515 3875 "‘
3539 3841 3580 3896 C
3620 3839 3759 3895 omni
3791 3854 3884 3892 nos

637 3993 800 4050 supra
827 3987 951 4051 post
975 3979 1350 4051 epigrammata
1374 3993 1580 4040 extant.
1656 3985 1701 4019 ³⁸
1725 3986 1771 4040 Α
1800 3988 2165 4044 ministerium.
2240 3989 2288 4021 ²⁰
2315 3991 2361 4044 Α
2390 3991 2529 4044 item.

646 4097 3875 4143 ω

1402 4200 1405 4203 ’
1482 4252 2384 4367 amamus
2457 4191 3049 4367 soon

1560 4464 2248 4570 EXPOSITIONES
2316 4462 2492 4569 seu
2564 4430 3043 4571 GLOSSAE'

925 4667 950 4684 ⁵
1054 4678 1167 4762 ΙΝ
1240 4682 1762 4764 MYSTICAM
1836 4685 2507 4766 THEOLOGIAM
2558 4685 2919 4767 SANCTI
2979 4680 3472 4764 DIONYSII.

1099 4844 1177 4901 Ex
1199 4849 1310 4905 cod.
1339 4861 1428 4902 ms.
1452 4852 1567 4902 bist.
1593 4853 1714 4905 eccl.
1738 4853 1855 4906 bibl.
1876 4856 2073 4912 Caesar.
2097 4857 2307 4909 Vindob.
2333 4858 2440 4920 156,
2462 4859 2753 4923 membran.,
2773 4871 2874 4911 sec.
2902 4870 3003 4919 xlv,
3027 4855 3241 4919 pessime
3272 4854 3492 4905 exarato.

640 5062 880 5112 taetru-
917 5065 1243 5117 PROLOGUS
1291 5069 1553 5115 JOANNIS
1578 5062 1597 5095 θ
1648 5074 1821 5119 scon
1865 5078 1931 5120 IN
1974 5078 2204 5122 uts'n-
2226 5068 2282 5129 D
2307 5064 2466 5128 citur,
2497 5061 2747 5127 arbitror,
2770 5061 2966 5141 librum
2985 5057 3054 5115 de
3080 5054 3356 5114 simbolica
3379 5038 3644 5122 theologia
3667 5046 3725 5105 et
3748 5044 3895 5104 alios

686 5146 816 5193 ΕΔΜ
856 5146 1268 5194 THEOLOGIAM
1307 5149 1493 5195 ΒΕΔΤῙ
1538 5152 1819 5198 DIONYSI!
1858 5156 2164 5203 EPISCOPI.

1188 5300 1189 5303 η
1236 5277 1620 5339 PROLOGUS.

709 5402 770 5463 In
796 5402 1031 5482 prologo
1053 5424 1216 5482 super
1243 5410 1439 5469 librum
1468 5414 1534 5468 de
1561 5413 1756 5470 divinis
1783 5402 2089 5473 nominibus
2126 5418 2210 5475 di-

2312 5155 2374 5212 S.
2407 5156 2647 5228 Dionysii
2677 5156 2845 5211 libros
2873 5155 3080 5210 duabus
3120 5167 3188 5207 ex
3232 5149 3413 5205 causis
3463 5147 3639 5201 rarius
3664 5145 3685 5174 ⁸
3735 5142 3883 5197 inve-

2310 5243 2439 5299 niri.
2475 5242 2588 5301 Una
2616 5252 2719 5308 est,
2749 5243 2892 5312 quod
2916 5239 3173 5297 haeretici
3204 5238 3369 5294 libros
3394 5237 3561 5308 ipsos,
3590 5232 3730 5289 sicut
3757 5244 3878 5284 con-

2313 5341 2396 5387 tra
2417 5348 2477 5391 se
2497 5334 2776 5390 manifeste
2798 5341 3037 5405 agentes,
3059 5345 3160 5401 pro
3183 5328 3387 5383 viribus
3410 5325 3878 5391 consumpserunt;

2315 5421 2418 5476 alia
2443 5459 2459 5487 ,
2517 5424 2659 5491 quod
2718 5422 2968 5480 catholici
3034 5419 3393 5477 obtestatione
3458 5413 3588 5469 dicti
3642 5408 3882 5478 Dionysii

1920 5524 2177 5586 VARIAE
2207 5530 2608 5591 LECTIONES.

714 5603 740 5636 ⁸
771 5603 901 5662 Cod.
928 5607 1210 5669 Johannis.
1288 5613 1310 5645 ³
1332 5614 1515 5678 (ἔοι-ιι..
1544 5617 1662 5673 cod.
1699 5617 1882 5674 radiis.
