4178 6266
401 345 506 402 269

1069 336 1562 396 EXPOSITiONES
1601 336 1669 394 ΙΝ
1707 335 2062 392 biYST-ICAM
2099 333 2540 396 THEOLOGIAM
2575 333 2634 388 S.
2675 331 2988 390 DIONYSII.
3035 308 3048 323 ’

3535 329 3648 398 370

403 458 596 514 erant'
614 423 906 522 stricti,.ne
933 453 1210 524 imperitae
1241 451 1588 516 multitudini,
1611 450 1704 508 sed
1727 449 1853 504 solis
1877 449 1975 504 do—
2003 453 2054 512 Α
2081 463 2334 504 sensuum
2381 455 2434 504 et
2477 446 2669 502 virium
2697 446 3008 506 mentalium
3033 447 3106 511 ",
3135 460 3244 516 quo
3263 446 3484 502 obtentu
3531 445 3648 516 ipsa

409 549 514 604 ctis
529 555 584 604 et
602 546 775 616 dignis
793 559 886 600 sua
906 543 1122 612 scripta,
1144 542 1295 610 quasi
1317 540 1602 598 multorum
1625 539 1977 608 capacitatem

409 636 744 698 excellentia,
791 633 1116 696 revelarent;
1159 633 1329 688 doctis
1377 629 1748 688 deﬁcientibus
1791 643 1978 684 eorum

413 727 570 798 culpa
597 728 850 790 nn'txime,
874 735 932 779 ut
959 739 1102 788 reor,
1125 725 1216 792 qui
1245 723 1604 792 praelationes
1630 721 1979 776 ecclesiarum

416 817 863 886 qualibuscunque
876 813 1182 874 conferunt,
1198 823 1253 866 et
1269 813 1598 867 literatorum
1613 819 1917 882 respectum
1933 811 1974 876 ²,

411 909 598 978 quibus
661 908 1111 970 committerent,
1173 920 1280 960 non
1337 905 1660 960 habuerunt.
1729 903 1978 958 Forsitan

409 998 766 1068 Hieronymus
792 997 814 1028 ³
845 995 1328 1052 excellentissimus
1352 995 1728 1066 Areopagitam
1773 995 1794 1025 "
1838 995 1980 1050 inter

403 1089 808 1144 ecclesiasticos
837 1090 1126 1158 scriptores
1157 1103 1264 1142 non
1289 1089 1611 1152 numeravit,
1649 1089 1774 1158 quia
1815 1088 1982 1144 libros

407 1183 548 1254 ejus,
576 1183 719 1238 sicut
743 1181 1064 1244 eminentes,
1093 1180 1162 1234 ad
1193 1196 1532 1236 communem
1563 1182 1814 1242 notitiam,
1837 1195 1985 1251 repo-

413 1273 627 1328 nendus
651 1287 760 1342 non
789 1273 1012 1342 putavit.
1043 1271 1252 1326 Nullam
1278 1271 1420 1326 enim
1464 1273 1786 1328 mentionem
1827 1271 1985 1341 hujus
2057 1323 2064 1326 _

419 1362 664 1418 doctoris
707 1371 762 1416 et
791 1377 1006 1418 suorum
1051 1361 1316 1416 librorum
1345 1361 1468 1416 facit
1499 1361 1552 1414 in
1593 1361 1730 1414 libro
1761 1361 1826 1416 de
1853 1361 1985 1416 viris
2055 1413 2060 1418 .

421 1451 740 1516 illustribus,
791 1467 910 1506 cum
955 1451 1180 1506 aliorum
1211 1451 1408 1506 ibidem
1441 1467 1472 1506 ιι
1500 1451 1826 1520 temporibus
1857 1466 1984 1522 apo—

417 1543 678 1614 stolorum
705 1557 870 1608 usque
917 1543 983 1598 ad
1010 1557 1127 1606 sua,
1157 1542 1246 1596 ubi
1275 1542 1457 1607 etiam,
1491 1556 1626 1610 quos
1659 1541 1825 1596 libros
1851 1541 1988 1600 scri-

413 1634 636 1702 pserint,
666 1646 784 1688 cum
809 1632 964 1687 laude
991 1631 1228 1686 celebrat
1257 1631 1302 1699 ⁸,
1335 1639 1684 1687 memoratur.

2061 541 2312 610 cognitio
2325 541 2676 605 obscuratur,
2703 540 2830 610 quia
2855 541 2908 594 in
2927 553 3206 596 excessum
3225 539 3444 610 majoris
3464 539 3648 606 cogni-

2079 631 2242 686 tionis
2296 637 2700 700 augmentatur,
2744 637 2801 684 et
2843 630 3072 686 latitudo
3116 633 3264 687 verbi
3309 631 3510 691 ,vocalis
3559 631 3644 684 vel

2079 723 2329 778 mentalis
2355 723 2708 792 restringatur
2730 723 2794 756 ιδ’
2813 724 2866 776 in
2889 723 3286 792 simplicitatem
3299 725 3646 780 verbi-aeter-

2079 814 2235 868 nalis.
2265 813 2343 868 lbi
2367 813 2426 867 lit
2445 815 2608 868 etiam
2629 813 2916 879 deiﬁcatio,
2942 814 2994 868 id
3013 823 3100 868 est
3117 815 3182 868 de
3207 816 3540 870 humanisin
3565 817 3648 870 di-

2063 906 2206 960 -vina
2233 905 2628 970 transmutatio,
2657 914 2714 960 et
2737 905 2888 968 illud,
2913 905 3054 974 quod
3079 913 3164 961 est
3187 905 3422 974 ignotum
3441 911 3546 975 per
3569 907 3650 960 in-

2077 996 2485 1066 vestigationem
2533 995 2764 1050 rationis
2795 1003 2850 1050 et
2884 995 3262 1058 intellectualis
3297 995 3646 1064 operationis,

2079 1086 2140 1140 ﬁt
2171 1086 2401 1158 ignotius
2425 1101 2522 1154 per
2553 1101 2836 1142 excessum
2861 1085 3138 1147 unitionis.
3171 1088 3243 1140 ita
3275 1095 3474 1152 tamen,
3509 1089 3651 1156 quod

2081 1176 2205 1230 talis
2237 1177 2534 1246 ignorantia
2553 1192 2764 1232 summa
2787 1186 2869 1232 est
2895 1178 3034 1246 apud
3063 1177 3321 1246 majorem
3343 1179 3662 1234 scientiam-

2749 1313 2976 1354 TEXTUS.
3025 1311 3028 1314 ’

2155 1413 2386 1468 Trinitas
2427 1417 2954 1484 supersubstantialis,
2988 1429 3034 1474 et
3077 1423 3328 1492 superdea
3369 1424 3436 1490 ⁸⁵,
3471 1432 3648 1480 etsu-

2081 1505 2327 1574 perbona,
2361 1507 2639 1576 inspectria:
2677 1509 2882 1564 divinae
2909 1513 3190 1581 sapientiae
3215 1514 3650 1583 Christianorum,

2063 1595 2250 1666 dirige
2293 1613 2384 1648 nos
2421 1597 2489 1648 ad
2537 1599 2870 1667 mysticorum
2915 1601 3232 1670 eloquiorum
3269 1607 3654 1675 superignotum

2083 1693 2134 1738 "et
2163 1685 2666 1756 supersplendentem
2690 1689 2732 1718 ¹⁶
2758 1706 3016 1744 summum
3052 1694 3284 1746 verticem
3301 1733 3315 1758 ,
3347 1695 3432 1748 ulti
3456 1695 3656 1764 simpli-

415 1759 1372 1866 ιΝσιΡΠέιΒρηὶ-ξΨ-ιξξιηηξ.
1389 1759 1988 1866 ξξξῙςλΑ-ῌΤΗΕΟ-
2015 1761 2170 1866 Βέἱα
2197 1787 2244 1831 et
2281 1777 2518 1832 absoluta
2560 1787 2610 1832 et
2651 1769 3060 1836 inconvertibilis
3089 1783 3374 1852 tlieologiae
3413 1759 3657 1854 mysteria

614 1853 836 1910 LOGIA
867 1855 914 1909 τ’.
959 1853 1148 1910 ΤΕΧΤ
1151 1855 1244 1912 US
1279 1855 1430 1911 CUM
1469 1857 1791 1915 GLOSSIS.

483 1991 712 2046 Trinitas
736 1989 1248 2062 supersubstantialis
1265 2001 1362 2046 etc.
1381 1989 1756 2057 Titulushnjus
1771 1990 1888 2046 libri
1907 1998 1990 2048 est
2063 2047 2066 2050 .

415 2084 478 2136 de
499 2082 718 2152 mystica
737 2081 1020 2151 theologia,
1037 2081 1090 2136 id
1115 2092 1222 2144 est,
1245 2081 1426 2136 clausa
1453 2082 1540 2136 vel
1560 2082 1803 2146 occulta;
1834 2083 1985 2152 quia,

415 2175 669 2242 quidquid
695 2175 768 2229 ibi
807 2175 1024 2238 dicitur,
1053 2175 1208 2246 quasi
1237 2175 1612 2244 inexplicabile
1643 2183 1812 2232 totum
1843 2175 1989 2230 elau-
2071 2231 2076 2235 .

417 2281 534 2320 sum
569 2273 624 2320 et
660 2266 924 2321 occultum
969 2267 1306 2337 relinquitur.
1349 2269 1446 2324 Est
1484 2277 1668 2324 autem
1715 2268 1946 2324 materia
1971 2269 1992 2300 ⁸

420 2353 577 2423 hujus
613 2355 736 2409 libri
777 2357 889 2424 ipse
930 2358 1102 2422 Deus,
1128 2358 1182 2412 in
1217 2373 1276 2414 se
1309 2359 1625 2430 simpliciter
1649 2361 1993 2416 considerata

425 2461 586 2500 causa
623 2457 844 2502 naturae
883 2447 928 2512 ’,
980 2449 1164 2504 habito
1205 2451 1248 2481 ¹⁶
1287 2461 1532 2520 respectu
1587 2455 1654 2507 ad
1692 2461 1988 2509 creaturas.

423 2535 656 2590 Intentio
697 2536 814 2605 ejus
861 2547 963 2604 est,
1013 2541 1392 2596 commendare
1445 2557 1630 2596 veram
1681 2545 1991 2614 sapientiam
2067 2595 2070 2598 .

419 2625 874 2694 Christianorum,
903 2635 958 2683 et
983 2629 1302 2698 sapientiam
1333 2631 1772 2701 philosophorum
1813 2647 1994 2702 repro-

403 2717 562 2774 bare.
596 2719 808 2776 Utilitas
833 2718 947 2789 ejus
980 2731 1082 2787 est,
1112 2722 1368 2779 inducere
1393 2726 1596 2794 apicem
1641 2727 1880 2794 personis
1919 2729 1996 2782 iu-

415 2809 560 2862 viam
592 2811 657 2874 η,
702 2809 756 2864 id
787 2819 872 2865 est
916 2811 1057 2866 uniri
1107 2813 1220 2868 Deo
1273 2829 1372 2882 per
1421 2815 1992 2884 superintellectualcm

419 2899 784 2968 cognitionem
809 2909 864 2954 et
893 2899 1232 2957 ali‘eetionem
1261 2904 1365 2969 sui,
1407 2913 1467 2959 ut
1495 2919 1600 2959 uno
1625 2906 1881 2962 vocabulo
1907 2907 1989 2961 di-

421 2997 544 3038 cam
593 2987 660 3050 ⁸⁵,
705 2995 994 3057 utrumque
1036 3005 1135 3058 per
1183 2993 1592 3050 deiﬁeationem.
1644 2995 1836 3052 Forma
1877 2999 1992 3053 sive

403 3074 625 3129 modus
655 3078 916 3132 tractandi
965 3079 1082 3134 talis
1131 3089 1230 3135 est.
1260 3081 1440 3138 Primo
1469 3084 1632 3139 Deum
1661 3086 1898 3152 invocat,
1931 3097 1993 3142 ut

423 3179 524 3234 per
553 3165 726 3230 ipsum
754 3167 822 3221 ad
849 3167 1016 3236 ipsum
1053 3169 1326 3240 dirigatur.
1362 3170 1610 3228 Secundo
1653 3175 1872 3230 instruit
1897 3176 1985 3231 Ti-
2017 3179 2060 3241 Ο

421 3257 718 3323 motbenm,
750 3261 1014 3327 quomodo
1049 3277 1170 3316 vera
1200 3265 1460 3332 sapientia
1491 3265 1824 3336 inquiratur:
1871 3269 1940 3324 ibi
1969 3287 1981 3324 :

419 3346 498 3402 Tn
545 3359 741 3414 autem,
779 3366 810 3403 ο
843 3351 1006 3410 (iniice
1047 3351 1327 3408 Timotheo.
1367 3355 1554 3410 Tertio
1601 3357 1870 3427 prohibet,
1919 3375 1988 3414 ne

409 3439 699 3494 thesaurus
727 3441 894 3509 ipsius
943 3443 1233 3513 sapientiae
1265 3445 1498 3517 indignis
1527 3448 1863 3515 ostendatur,
1905 3451 1988 3503 in-

409 3545 584 3584 nuens
630 3545 894 3597 errorem,
943 3549 1048 3603 quo
1101 3535 1484 3604 impediuntur,
1538 3552 1606 3591 nc
1656 3554 1782 3593 vera
1813 3541 1882 3593 ab
1911 3540 1990 3602 eis

409 3620 675 3688 Sapientia
707 3621 1130 3689 inveniatur;ibi
1156 3633 1184 3677 εΔ
1203 3622 1329 3678 Vide
1349 3636 1522 3680 autem
1542 3645 1603 3681 ne
1623 3629 1756 3698 quis.
1789 3628 1990 3695 Quarto

393 3713 650 3766 ostendit
693 3715 988 3768 secundum
1023 3716 1262 3771 diversas
1293 3717 1534 3772 rationes
1581 3727 1638 3774 et.
1663 3721 1802 3784 vias,
1847 3721 1992 3788 quod

407 3803 589 3857 omnis
617 3813 866 3860 creatura
909 3806 1026 3862 sine
1055 3807 1230 3877 aliqua
1261 3811 1650 3867 contrarietate
1696 3813 1993 3868 allirmatur

413 3900 474 3944 et
495 3903 749 3962 negatur;
783 3896 854 3950 ibi
885 3913 902 3950 :
945 3896 1154 3966 Oportet
1183 3901 1238 3954 in
1277 3903 1410 3969 ipsa.
1446 3902 1646 3968 Quinto
1670 3905 1988 3970 demiratnr,

405 3981 564 4048 quod
617 3991 764 4048 sunt,
793 3986 986 4053 quibus
1013 3988 1184 4058 gratia
1215 3991 1558 4063 perveniendi
1591 3995 1656 4046 ad
1687 3993 1852 4048 Deum
1899 4011 1994 4063 per

415 4073 994 4138 superintellertualcm
1039 4061 1402 4150 cogn-itionem~
1445 4083 1634 4148 datur;
1665 4061 1993 4140 ibizEtnon

411 4161 736 4234 simpliciter.
769 4167 840 4222 Et
861 4171 994 4224 haec
1019 4171 1202 4225 omnia
1230 4171 1358 4228 facit
1387 4175 1438 4228 in
1468 4176 1642 4244 primo
1671 4177 1922 4246 capitulo.

968 4281 1362 4338 CAPITULUM
1399 4285 1441 4339 Ι.

494 4389 523 4461 5
553 4389 604 4444 ί.
643 4389 794 4458 Quod
819 4391 998 4448 divina
1031 4395 1119 4449 lux
1154 4411 1250 4466 per
1281 4397 1516 4454 divinam
1560 4407 1769 4454 noctem
1798 4399 1992 4470 aspici-

2091 1877 2330 1936 cooperta
2359 1879 2476 1922 sunt
2505 1870 2786 1924 secundum
2812 1873 3312 1942 supersplendentem
3353 1875 3548 1930 occulte
3577 1877 3658 1940 di-

2063 1955 2159 2015 ἐῐί
2191 1960 2234 1994 ⁸⁷
2263 1961 2455 2015 silentii
2479 1962 2770 2032 caliginem,
2803 1965 2855 2018 in
2887 1965 3248 2020 obscurissima
3268 1967 3656 2036 superclarissi-

2089 2067 2232 2104 mum
2247 2049 2665 2123 supersplendere
2686 2055 2729 2087 ¹⁸
2741 2043 3034 2124 facientem,
3052 2067 3096 2110 et
3113 2059 3166 2110 in
3181 2059 3390 2112 omnino
3405 2058 3658 2128 impalpa-

2092 2141 2182 2196 bili
2203 2153 2249 2197 et
2274 2145 2516 2198 invisibili
2543 2146 2926 2218 superpulcltris
2947 2149 3268 2224 clqritatibus
3289 2150 3659 2221 superimplen—

2093 2247 2193 2294 tem
2223 2257 2325 2292 non
2353 2239 2595 2296 [tabentes
2639 2241 2815 2296 oculos
2843 2251 3055 2299 utentes.
3085 2243 3258 2316 Igitur
3284 2245 3492 2316 quidem
3530 2244 3658 2302 nulli

2092 2327 2194 2384 ista
2223 2339 2340 2384 sunt
2367 2329 2408 2360 ¹⁹
2437 2331 2668 2388 oratione
2691 2335 2972 2402 postulata.

2775 2479 2966 2520 GLOSSA
2974 2502 2989 2518 ο

2163 2579 2210 2638 0
2241 2583 2381 2637 trina
2411 2584 2610 2648 unitas,
2639 2591 2692 2638 et
2711 2599 2816 2638 una
2839 2587 3073 2651 trinitas,
3091 2585 3390 2660 divinarum
3415 2588 3660 2644 videlicet

2091 2689 2465 2744 personarum,
2499 2676 2924 2744 superexcedcns
2945 2693 3101 2732 omne
3125 2695 3226 2750 cus
3258 2681 3432 2748 quoad
3475 2695 3661 2750 perso-

2093 2779 2218 2819 nam
2246 2765 2443 2829 Patris,
2475 2775 2530 2819 et
2558 2769 2986 2834 superexcedens
3010 2783 3222 2822 omnem
3266 2771 3580 2839 sapientiam
3607 2780 3662 2824 et

2093 2857 2374 2911 scientiam
2395 2857 2570 2925 quoad
2587 2871 2868 2926 personam
2885 2859 3028 2923 Filii,
3046 2861 3535 2928 etsnperexccdens
3547 2877 3662 2916 om-

2093 2961 2218 3000 nem
2249 2946 2567 3019 existentem
2595 2945 2884 3000 bonitatem
2911 2948 3084 3016 quoad
3111 2963 3392 3016 personam
3429 2949 3662 3022 Spiritus

2095 3035 2269 3089 sancti
2303 3053 2316 3087 :
2345 3050 2485 3104 quae
2530 3035 2861 3105 inspiciendo
2908 3039 3174 3108 approbas
3220 3048 3276 3094 et
3319 3041 3662 3111 approbando

2095 3120 2317 3191 inspicis
2345 3124 2664 3194 sapientiam
2691 3125 2947 3192 fidelium,
2991 3144 3092 3197 qua
3121 3128 3262 3184 Dens
3300 3133 3659 3201 cognoscitur,

2091 3214 2181 3282 qui
2207 3211 2456 3286 s[eilicet]
2475 3214 2520 3246 ²⁹
2541 3223 2623 3270 est
2651 3215 2850 3286 optima
2875 3218 3066 3288 positio
3093 3218 3311 3274 Mariae.
3333 3220 3545 3276 Directo
3571 3239 3661 3276 ra-

2089 3303 2180 3358 dio
2208 3319 2236 3358 a
2271 3313 2320 3358 te
2351 3305 2417 3358 ad
2445 3319 2561 3372 nos,
2605 3321 2702 3361 nos
2723 3307 2788 3361 ad
2815 3315 2866 3362 te
2893 3307 3152 3364 elevando
3179 3326 3322 3382 rege,
3370 3321 3427 3366 ut
3473 3329 3664 3383 perveo

2089 3397 2301 3452 niamus
2341 3397 2406 3452 ad
2438 3405 2488 3454 te
2512 3411 2608 3469 per
2633 3399 3158 3471 contemplationem,
3193 3402 3282 3472 qui
3311 3413 3394 3457 est
3421 3419 3662 3459 summus

2089 3495 2274 3541 vertex
2324 3499 2636 3545 sanctarum
2685 3489 3112 3561 Scripturarum,
3165 3510 3262 3550 nos
3304 3493 3519 3564 quidem
3565 3511 3660 3554 sn—

2089 3577 2432 3645 perignotus,
2465 3580 2518 3634 in
2573 3590 2623 3636 te
2672 3592 2850 3636 autem
2899 3585 3383 3654 supcrsplendens,
3434 3589 3487 3642 in
3533 3603 3670 3656 quo,

2091 3669 2296 3725 scilicet
2339 3685 2548 3725 summo
2585 3671 2846 3728 altissimo
2879 3673 3101 3738 vertice,
3132 3678 3430 3730 sententiae
3477 3692 3663 3732 sacrae

2093 3759 2306 3829 Scripta
2316 3775 2404 3814 rae
2417 3762 2832 3831 profundissime
2847 3770 2971 3817 sunt
2989 3763 3202 3818 clausae
3216 3774 3270 3819 ct
3291 3765 3542 3819 abscondi
3553 3775 3660 3829 tae,

2091 3862 2146 3906 et
2173 3853 2314 3906 sicut
2337 3853 2388 3906 in
2418 3869 2542 3908 arce
2571 3853 2968 3922 simplicissima
3006 3863 3299 3921 coartatac,
3330 3863 3384 3908 et
3407 3872 3437 3909 a
3467 3857 3663 3910 verbo-

2094 3943 2212 3998 rum
2232 3943 2584 4000 velaminibns
2603 3945 2897 3999 absolutae.
2927 3945 3080 4000 Unde
3101 3947 3366 4015 quomodo
3388 3954 3512 3998 sunt
3535 3948 3664 4000 sim-

2089 4036 2276 4104 plices,
2307 4047 2430 4089 sunt
2451 4045 2508 4090 et
2533 4025 2998 4101 inconvertibilcs,
3032 4047 3086 4090 et
3127 4045 3331 4090 tantum
3375 4029 3479 4088 uno
3505 4037 3664 4091 modo

2073 4127 2470 4195 'intelligibiles.
2506 4126 2642 4181 Sunt
2669 4137 2848 4183 autem
2876 4137 2930 4181 et
2959 4129 3012 4182 in
3038 4129 3140 4182 isto
3163 4129 3359 4192 vertice
3379 4137 3666 4204 goopertae

2093 4217 2228 4271 istae
2255 4217 2552 4270 sententiae
2583 4218 2875 4271 secundum
2901 4217 3094 4282 lucem,
3125 4209 3262 4286 quae
3297 4217 3456 4269 habet
3478 4231 3661 4272 exces-

2095 4319 2212 4361 sum
2239 4303 2477 4368 luminis,
2524 4313 2580 4359 et
2613 4304 2734 4358 ideo
2771 4305 2994 4359 sortitur
3039 4321 3230 4358 nomen
3268 4304 3532 4372 caliginis,
3567 4321 3662 4360 cu—

2088 4396 2179 4466 jus
2223 4397 2475 4468 splendor
2517 4396 2756 4452 occultus
2801 4405 2883 4451 est
2924 4397 3145 4450 verbum
3187 4404 3486 4460 aeternum,
3523 4399 3665 4465 quod

425 4487 535 4544 tur,
565 4487 618 4532 et
641 4481 750 4550 ipsa
782 4499 890 4537 nox
919 4499 1015 4554 per
1045 4499 1296 4540 occasum
1323 4487 1582 4540 luminum
1618 4487 1662 4519 ¹³
1699 4488 1988 4542 invenitur.
2019 4515 2072 4577 υ
2095 4487 2262 4546 Pater
2304 4490 2374 4543 ab
2412 4497 2634 4544 aeterno
2679 4487 3044 4543 ina-udibiliter
3079 4488 3330 4558 loquitur.
3370 4487 3520 4554 Quod
3546 4491 3664 4562 qni-

423 4567 600 4639 Ibique
629 4575 774 4642 quod
821 4581 906 4628 est
939 4575 1142 4630 clarum
1189 4578 1527 4642 obscuratur,
1577 4579 1720 4649 quod
1767 4588 1848 4634 cst
1879 4595 1992 4634 ma—

419 4675 580 4726 gnum
611 4671 908 4728 coartatur,
933 4665 1072 4732 quod
1103 4675 1184 4720 est
1211 4667 1501 4721 humanum
1524 4668 1828 4734 deilicatur,
1854 4669 1994 4736 quod

421 4759 502 4802 est
523 4751 788 4820 ignotum,
819 4756 988 4823 magis
1011 4757 1307 4826 ignoratur.
1335 4757 1524 4814 Divina
1555 4759 1644 4814 lux
1673 4769 1757 4815 est
1785 4761 1996 4815 divinae

424 4829 742 4910 cognitionis
768 4847 998 4910 caritas;
1027 4849 1206 4901 divina
1240 4863 1344 4904 nox
1370 4858 1456 4904 est
1483 4850 1649 4920 ipsius
1678 4851 1998 4921 cognitionis

427 4939 1064 5006 mcomprehensibilitas;
1089 4931 1224 5010 quae
1244 4957 1364 4996 cum
1395 4943 1672 5014 aspicitur,
1701 4941 1840 4996 Deus
1866 4957 1993 5013 cog-

425 5027 680 5080 noscitur.
719 5027 995 5084 lnvenitur
1023 5039 1202 5086 autem
1239 5033 1348 5102 ipsa
1380 5031 1994 5100 incomprehensibilitas

427 5131 520 5185 per
560 5133 816 5176 occasum
867 5121 1150 5188 luminum,
1195 5131 1252 5178 et
1294 5140 1391 5194 per
1432 5139 1712 5178 excessum
1755 5125 1996 5180 omnium

2099 4581 2226 4636 dem
2249 4582 2300 4634 in
2333 4581 2422 4634 illa
2465 4595 2674 4636 summa
2721 4577 3088 4634 invisibilitate
3126 4579 3316 4645 Deum,
3349 4577 3438 4649 qui
3469 4589 3552 4634 est
3579 4595 3666 4634 su-

2095 4669 2546 4738 perclarissimus,
2582 4668 2709 4722 facit
2750 4669 2978 4738 desuper
3023 4668 3342 4733 radiantem,
3389 4676 3442 4723 et
3480 4669 3531 4723 in
3565 4669 3668 4724 isto

2095 4767 2238 4812 statu
2261 4759 2410 4812 verbi
2445 4775 2542 4814 nec
2573 4760 2713 4814 ratio
2739 4760 3110 4833 investigando
3139 4762 3340 4831 palpat,
3368 4775 3468 4816 nec
3511 4761 3669 4818 intelo

2095 4849 2312 4919 ligentia
2338 4851 2382 4884 ³¹
2408 4852 2818 4922 contemplando
2845 4854 3182 4918 considerat,
3219 4855 3384 4918 radiis
3415 4862 3669 4908 aeterna-

2095 4940 2222 4995 liler
2253 4941 2583 5010 simplicibus
2609 4953 2663 4996 et
2691 4941 3043 5000 eﬂ‘ectualiler
3068 4945 3448 5015 multiplicibus
3475 4959 3667 5014 supcr-

2103 5031 2276 5086 fundit
2295 5031 2553 5087 caelestes
2577 5042 2803 5098 mentes,
2823 5049 2960 5103 quae
2975 5033 3129 5088 “sibi
3151 5043 3289 5088 totae
3311 5041 3432 5088 sunt
3459 5034 3666 5096 oculus,

2101 5124 2186 5178 vel
2213 5139 2354 5193 quae
2377 5138 2486 5177 non
2528 5133 2753 5180 utuntur
2779 5123 3144 5180 materialibus
3171 5125 3452 5187 sensibus;
3482 5133 3537 5177 et
3566 5125 3668 5180 ista

1695 5257 1952 5314 VARIAE
1991 5253 2392 5312 LECTlONES.

495 5371 512 5401 ¹
543 5369 722 5432 Com,
756 5369 877 5426 eod.
907 5381 1104 5426 errant.
1181 5371 1204 5403 '
1247 5371 1397 5440 Conj.
1419 5413 1434 5434 ,

1491 5371 1608 5426 cod.
1641 5381 1690 5426 et
1730 5371 1960 5426 [iteratos
2005 5371 2340 5440 respiciunt.”
2375 5367 2401 5399 ⁸
2429 5367 2575 5440 god.
2608 5365 2938 5440 gleronimus.

3034 5365 3055 5394 ⁸
3087 5351 3217 5416 Cod.
3265 5360 3662 5428 nriophagitant.

428 5436 638 5518 'Conj.,
661 5431 982 5518 cod._celeb‘.
1025 5487 1028 5496 .
1059 5442 1302 5518 _‘(}od.s.
1355 5431 1848 5518 'f_t20tl._catalogin.
1925 5443 1944 5472 ⁸
1963 5431 2370 5518 Cotij.,_c0t_l._iii.
2395 5509 2408 5518 _
2490 5438 2668 5518 Conj.,
2687 5433 3224 5518 οοά.’ξοιιειςίςιὶιιιὶςξᾳἶ
3249 5431 3419 5518 nim...“
3441 5431 3664 5518 n‘j’fCod.

427 5508 623 5582 tantum.
702 5511 740 5542 ”
773 5511 950 5576 Corn,
974 5512 1092 5567 cod.
1110 5513 1171 5582 in
1194 5513 1291 5565 ria.
1367 5511 1412 5544 “
1429 5511 1607 5582 (Σαμίη
1634 5527 1744 5566 eor.
1769 5514 1964 5566 dicunt.

428 5575 474 5608 “
491 5577 620 5634 Cod.
643 5597 802 5650 super
821 5583 940 5636 dea.

425 5659 564 5702 ltum
585 5667 744 5719 super
773 5651 1060 5720 splendere.
1131 5651 1174 5683 "
1197 5651 1348 5712 Cora.
1379 5651 1496 5706 cod.
1526 5653 1647 5719 fuit.
1726 5651 1771 5684 '°
1803 5651 1934 5706 Cod.
1959 5669 2003 5704 s.

1019 5582 1062 5612 '°
1087 5581 1218 5637 Cod.
1251 5599 1408 5650 super
1435 5579 1663 5652 ignotum
1690 5591 1736 5634 et
1764 5597 1822 5634 su
1862 5597 1917 5633 er
1948 5579 2316 5648 splendentem.

1019 5667 1060 5706 ε.
1131 5651 1174 5683 "
1197 5651 1348 5706 Cor”
1379 5653 1496 5706 cod.
1526 5653 1647 5706 fuit.
1726 5651 1771 5684 ²⁰
1803 5598 1934 5706 (Eni.
1959 5669 2003 5704 δ.
2081 5651 2124 5681 ³⁸
2151 5649 2316 5706 (Ioni...

2045 5497 2090 5542 ‘5
2112 5497 2287 5574 Cpnj.,
2310 5509 2430 5563 cod.
2457 5497 2736 5574 luminare.
2811 5503 2854 5574 ‘_"’
2873 5503 2999 5556 Cod.
3025 5499 3282 5574 ﬁdelium.
3359 5497 3419 5532 u'
3439 5499 3532 5574 Sic
3545 5503 3662 5558 cod.

2395 5573 2762 5656 "_Corr.”eod.
2795 5571 2950 5656 (loco;
3023 5571 3064 5603 ³⁸
3093 5569 3221 5656 Cod:
3251 5589 3404 5656 super
3441 5571 3672 5630 clarissi-

2081 5651 2124 5681 ³⁸
2151 5649 2326 5718 Conj.,
2355 5647 2471 5700 eod.
2508 5642 2760 5712 intelltgii.
2839 5641 2884 5671 "
2910 5639 3089 5708 Corn,
3116 5641 3234 5696 cod.
3268 5639 3375 5700 aui.
