4178 6266
574 297 672 354 271

1940 319 2224 378 ΙΟΑΝΝΙΒ
2258 327 2464 386 80οΤῘ

3696 353 3829 408 ’272

575 410 831 485 ίὲθῖιῖθα]
857 415 885 447 ’ί
909 419 1243 485 Ρθνήιοάωη
1267 426 1561 484 εΐθαῑὶοηίε
1583 444 1615 485 a
1635 431 1745 489 Deo
1767 437 1996 504 postulo,
2019 455 2147 510 quo-
2169 457 2223 516 Α
2249 457 2490 505 secretas
2533 455 3030 524 contemplationes,
3059 451 3124 514 de
3146 461 3342 532 quibus
3366 474 3416 521 te
3438 468 3596 538 cupio
3623 487 3707 527 me
3736 475 3828 530 inv

579 501 724 538 ιιὶςι-ιη
757 519 860 538 nan
892 507 1046 538 om..-
1072 510 1440 538 :......n:...-_o.___
1911 529 1923 538 .

579 501 724 557 niam
756 519 860 560 non
890 507 1046 563 aliter
1071 510 1461 584 intelliguntur,
1503 521 1734 594 nisitper
1758 501 2086 586 creationem
2114 547 2146 588 a

579 589 691 646 Deo
727 592 1066 662 impetretur.
1108 598 1174 654 Et
1223 616 1364 659 nunc
1407 621 1578 677 quare
1616 589 1799 670 vertex
1844 617 2146 676 divinorum

582 687 910 736 secretorum
941 685 1137 742 dicitur
1163 693 1561 764 superignotus,
1600 704 2066 775 supersplendens,
2090 719 2146 766 et

577 776 857 830 βοωπιωεῖ

650 863 1282 942 Superignotusdicitur,
1317 881 1440 947 quia
1470 885 1540 938 ad
1600 887 1775 957 ipsum
1801 894 1944 950 ratio
1965 896 2146 954 deﬁcit

573 965 676 1022 per
718 955 1227 1030 investigationem;
1257 955 1703 1043 supersplendens
1744 984 1956 1053 dicitur,
2015 993 2144 1059 quia

574 1043 646 1097 ad
711 1043 890 1113 ipsum
951 1049 1256 1112 intellectus
1330 1062 1513 1119 deﬁcit
1593 1084 1690 1137 per
1762 1043 2144 1145 superemuen:

575 1135 734 1188 tem’
766 1135 983 1193 luminis
1034 1142 1378 1218 ell‘usionem;
1438 1169 1683 1216 summus
1735 1164 1963 1233 dicitur,
2016 1174 2142 1241 quia

573 1222 642 1318 ad
683 1223 854 1318 ipsum
888 1227 1233 1304 intelligentia
1263 1239 1285 1271 ³
1320 1241 1498 1299 deﬁcit
1517 1261 1612 1316 per
1639 1222 1982 1312 excedentem

571 1313 768 1373 ctionis
821 1321 1139 1380 unitionem.
1205 1327 1283 1385 lbi
1337 1313 1638 1394 sententiae
1675 1359 1864 1402 sacrae
1906 1347 2144 1422 Scriptu-

574 1420 668 1462 rae
699 1412 840 1466 sunt
879 1414 1167 1486 simplices,
1219 1425 1364 1492 quia,
1427 1429 1564 1486 sicut
1616 1435 1884 1505 videntur,
1943 1424 2139 1503 intelli-

571 1506 800 1566 guntur;
854 1514 978 1559 sunt
1045 1510 1344 1580 absolutae,
1411 1519 1534 1588 quia
1592 1524 1751 1581 nullis
1805 1529 2138 1601 eloquinrum

570 1587 926 1648 velaminibus
951 1595 1289 1669 detinentur;
1335 1613 1390 1660 et
1434 1609 1885 1683 iuconvertibiles,
1909 1587 2044 1694 .quia
2071 1628 2139 1684 ad

571 1676 714 1733 hunc
745 1681 838 1734 vel'
877 1684 1023 1740 illum
1078 1688 1404 1751 intellectum
1453 1715 1556 1754 non
1605 1676 1966 1777 reducuntur';
2013 1726 2139 1772 sunt

2245 548 2479 606 struere,
2507 544 2587 598 sic
2607 558 2929 615 cooperante
2955 551 3137 608 divino
3167 555 3334 621 radio,
3369 566 3426 612 et
3449 559 3493 590 “
3512 559 3634 617 forti
3667 580 3815 621 men-

2246 629 2316 684 tis
2363 635 2647 690 conanime
2698 637 3041 709 derelinquas
3089 659 3216 698 usus
3261 661 3513 702 sensuum
3561 666 3813 722 corpora-

2244 720 2396 788 lium,
2436 738 2558 779 cum
2605 729 2947 786 sensibilibus
3001 737 3293 802 exercitiis,
3321 748 3376 819 et
3423 741 3811 801 intellectuales

2243 814 2601 882 operationes,
2639 829 2694 872 et
2720 820 2928 876 animas
2960 829 3016 877 et
3061 814 3342 894 angelicas
3369 831 3722 899 substantias,
3754 844 3817 891 et

2243 903 2445 969 omnia,
2475 922 2612 974 quae
2637 909 2703 964 de
2727 912 2891 966 verbo
2913 923 3133 969 aeterm
3169 916 3342 972 inesse
3380 923 3726 989 prodiderint,
3751 936 3808 982 et

2242 995 2442 1058 omnia,
2474 1011 2629 1064 quae,
2662 997 2913 1073 s[cilicet]
2939 1002 2984 1034 "
3008 1003 3059 1057 in
3083 1004 3196 1072 ipso
3213 1009 3394 1074 verbo,
3421 1006 3808 1070 suut'contem-

2241 1078 2491 1150 plabilia;
2535 1095 2590 1139 et
2637 1097 2758 1142 sunt
2807 1093 2986 1144 omnia
3027 1098 3380 1161 transeunda;
3413 1107 3486 1163 et,
3541 1102 3677 1156 sicut
3713 1112 3803 1158 tua

2242 1173 2470 1242 requirit
2517 1177 2863 1244 possibilitas,
2919 1181 3216 1238 scient'crve
3264 1187 3431 1241 scitur
3462 1189 3524 1253 "',
3557 1207 3664 1259 quo
3698 1208 3804 1248 non

2240 1265 2388 1320 videt
2443 1267 2482 1298 "’
2515 1267 2733 1335 oculus,
2777 1285 3040 1342 consurge
3090 1273 3133 1305 ¹⁸
3173 1290 3270 1343 per
3298 1277 3643 1346 principalem
3674 1281 3804 1337 alle-

2241 1355 2479 1410 ctiouem
2515 1358 2582 1410 ad
2633 1359 2726 1413 Dei
2774 1361 3090 1428 unitionem,
3140 1365 3230 1432 qui
3269 1375 3354 1420 est
3389 1383 3552 1438 super
3591 1385 3808 1426 omnem

2241 1445 2594 1502 substantiam
2625 1449 2966 1506 inellabililer
2988 1453 3300 1519 collocatus,
3324 1466 3378 1510 et
3409 1473 3570 1528 super
3591 1475 3808 1515 omnem

2239 1536 2600 1606 cognitionem
2633 1548 2739 1594 tam
2768 1542 3073 1608 humanam,
3097 1560 3254 1613 quam
3277 1547 3571 1617 angelicam
3603 1551 3810 1606 incom-

2237 1628 2677 1698 prehensibiliter
2696 1633 3003 1688 collocatus.
3030 1635 3236 1690 Etenim
3285 1654 3406 1693 cum
3439 1649 3488 1694 te
3534 1641 3704 1710 ipsum
3748 1651 3806 1698 et

2239 1721 2421 1774 omnia
2449 1721 2551 1775 alia
2594 1725 2822 1778 mundus
2863 1725 3159 1780 excesseris
3204 1727 3269 1792 ⁸⁸,
3301 1728 3372 1784 ita
3400 1729 3541 1798 quod
3585 1729 3801 1786 illorum

2772 1777 2815 1778 η
2877 1777 2885 1778 ,
3254 1777 3269 1792 ,
3302 1777 3372 1784 --_
3404 1777 3541 1798 τ---
3588 1777 3801 1786 --....__.

567 1777 852 1837 εοοβθτῑθθ
875 1813 889 1838 ι
949 1777 1073 1844 quia
1129 1784 1499 1851 superl‘ucenti'
1535 1790 1734 1850 lumine
1793 1800 2134 1872 obteguntur.
2166 1808 2214 1867 B
2242 1823 2428 1864 amore
2453 1827 2557 1866 non
2587 1812 2764 1867 valeas
2794 1814 3032 1881 retineri,
3082 1817 3165 1871 vel
3200 1818 3332 1873 alias
3371 1820 3636 1888 impediri,
3676 1837 3802 1891 pur-

567 1855 719 1891 ηιιηιι
753 1861 928 1891 In“.--
974 1868 1169 1891 .I:..:.-__
1201 1887 1218 1891 -
1250 1874 1305 1891 L-
1327 1890 1332 1891 ,
1353 1886 1366 1891 _
1435 1877 1493 1891 η.
1636 1884 1648 1891 .
1735 1885 1746 1891 -

566 1855 719 1924 Quod
752 1861 928 1919 lumen
971 1868 1170 1924 dicitur
1197 1887 1227 1926 a
1248 1874 1404 1930 beato
1434 1877 1686 1953 Dionysio
1731 1885 1755 1917 ⁸
1795 1855 2134 1963 ευρεῖεριξιίξ

566 1951 699 2007 dens
746 1956 952 2012 occulte
994 1959 1136 2017 dicli’
1158 1963 1357 2023 silentii
1398 1951 1586 2042 caligo.
1629 1974 1774 2033 Haec
1816 1951 1898 2036 est
1928 1951 2134 2042 incom-

563 2043 1016 2114 prehensibilitas,
1064 2067 1202 2122 quae
1229 2057 1424 2115 dicitur
1446 2063 1616 2135 caligo
1660 2081 1879 2139 pmpter
1917 2074 2132 2134 luminis

562 2138 962 2208 cxcessionem;
989 2144 1114 2201 dicti
1143 2156 1196 2202 et
1231 2149 1427 2207 dicitur
1460 2167 1677 2227 propter
1704 2138 1924 2221 verbum
1948 2180 2127 2226 aeter-

563 2242 716 2293 num,
747 2233 894 2299 quod
917 2233 1076 2291 Pater
1103 2239 1171 2294 ab
1197 2249 1420 2300 aeterno
1451 2245 1718 2319 loquitur;
1749 2256 1946 2325 dicitur
1965 2265 2126 2320 etiam

559 2320 769 2377 occulte
833 2329 1304 2399 supersplendens,
1346 2348 1566 2408 propter
1613 2320 1876 2415 intimam,
1937 2356 2020 2408 vel
2071 2357 2127 2413 in

559 2409 750 2466 intimo
797 2424 991 2472 statum
1023 2419 1075 2486 ⁸,
1119 2422 1336 2482 luminis
1377 2433 1889 2506 supereﬂ'usionem;
1933 2444 2130 2502 dicitur

560 2500 778 2562 silentii,
797 2517 1078 2577 propterea
1108 2512 1148 2545 δ’
1167 2517 1307 2584 quod
1344 2525 1618 2589 generatio
1641 2526 1762 2584 talis
1785 2500 1931 2586 verbi
1958 2535 2025 2590 ab
2045 2535 2127 2589 in-

560 2590 846 2650 tellectuali
879 2599 1060 2655 auditu
1089 2618 1192 2658 non
1223 2608 1549 2679 percipitur;
1582 2617 1726 2672 unde
1760 2621 1883 2688 quia
1921 2623 2125 2680 auditui

555 2681 902 2743 intellectuali
953 2690 974 2722 ⁸
1018 2708 1128 2749 non
1171 2706 1255 2753 est
1301 2704 1684 2774 perceptibilis,
1726 2681 1844 2767 ideo
1887 2727 1917 2767 a
1958 2716 2126 2772 verbo

555 2772 669 2828 ori‘s
706 2791 810 2832 non
851 2786 934 2835 est
964 2786 1300 2864 enarrabilis.
1337 2772 1489 2847 Unde
1518 2795 1807 2856 videlicet:
1838 2819 1858 2854 t
1895 2819 2123 2874 genera-

482 2936 489 2941 _
554 2862 758 2922 tiOnem
788 2869 902 2940 ejus
928 2860 1049 2943 quis
1073 2881 1349 2936 enar'rabit
1367 2885 1426 2936 D?
1454 2885 1622 2952 Quasi
1643 2891 1846 2949 diceret
1872 2860 2119 2953 :rvNullus.

557 2952 624 3007 Et
656 2955 709 3010 in
749 2959 840 3016 illo
876 2971 1017 3019 statu
1059 2969 1440 3029 obscurissimo
1468 2991 1566 3046 per
1595 2994 1877 3039 excessum
1906 2985 2124 3043 luminis

553 3047 716 3114 Deus,
763 3053 854 3122 qui
895 3065 978 3110 est
1012 3057 1341 3118 clarissimus
1384 3081 1481 3136 per
1523 3080 1794 3138 naturam,
1846 3075 1906 3130 lit
1957 3081 2122 3134 menti

2235 1909 2394 1969 gatus
2424 1902 2491 1956 ab
2515 1902 2714 1957 ultimis
2739 1905 2948 1959 animae
2967 1907 3265 1975 phantasiis
3286 1909 3331 1940 "
3364 1919 3469 1963 tam
3497 1911 3816 1980 spirituales.

2233 2001 2395 2056 quam
2423 1989 2635 2044 divinas
2657 1993 2995 2059 operationes
3019 1997 3389 2063 postponendo
3414 1997 3707 2051 elevaberis
3731 1999 3814 2052 ad;

2233 2077 2752 2146 superclarissimum
2827 2081 3004 2134 lumen
3059 2083 3456 2141 occultissimae
3517 2086 3742 2142 Deitatis
3776 2127 3805 2152 ,.

2232 2183 2370 2238 quae
2397 2169 2642 2224 videlicet
2671 2171 2865 2225 dicitur
2909 2173 3181 2239 tenebrae,
3230 2177 3352 2244 quia
3395 2179 3794 2248 supervidetur,

2231 2259 2370 2328 quod
2419 2275 2524 2314 non
2557 2261 2788 2326 videtur,
2819 2262 3073 2330 vel'quod
3112 2266 3620 2338 superintelligitur,
3651 2271 3803 2339 (uicti

2229 2365 2269 2407 a-
2287 2351 2441 2407 nobis
2466 2367 2572 2407 non
2597 2353 3086 2424 comprehenditur.

2903 2501 3134 2544 TEl'ﬂIS.

2299 2595 2328 2668 ᾗ
2367 2597 2420 2652 2.
2457 2597 2588 2652 Vide
2613 2606 2802 2662 autem,
2831 2607 2886 2650 ut
2911 2597 3088 2652 nullus
3113 2598 3448 2654 indoctorum
3459 2599 3558 2654 ista
3584 2600 3789 2667 audiat-,-

2225 2689 2352 2743 istos
2382 2690 2427 2720 “
2464 2698 2637 2742 autem
2662 2689 2798 2752 dico,
2838 2689 2926 2760 qui
2966 2690 3022 2742 in
3053 2690 3384 2744 en'stentibus
3409 2700 3526 2744 sunt
3553 2691 3799 2760 formati,

2227 2777 2356 2832 nihil
2379 2794 2535 2847 super
2557 2779 2830 2833 existentia
2853 2780 3414 2848 supersubstantialiter
3437 2797 3544 2834 esse
3571 2781 3790 2850 opinan-

2225 2879 2321 2934 tes,
2345 2870 2434 2922 sed
2467 2879 2704 2938 putantes
2753 2871 2885 2924 scire
2925 2871 2992 2935 ¹²,
3029 2888 3162 2942 quae
3201 2873 3485 2926 secundum
3531 2875 3668 2942 ipsos
3713 2880 3800 2926 est;

2225 2960 2515 3028 cognitione
2535 2975 2673 3023 eum,
2692 2960 2783 3028 qui
2808 2959 2949 3028 ponit
2972 2960 3206 3015 tenebras
3226 2963 3292 3014 ad
3315 2961 3586 3015 latibulum
3615 2979 3786 3018 suum.

2227 3047 2289 3102 Si
2319 3057 2490 3100 autem
2519 3064 2673 3116 super
2698 3048 2822 3101 istos
2852 3058 2971 3102 sunt
3000 3049 3204 3103 divinae
3227 3049 3493 3104 doctrinae
3518 3053 3793 3119 mysterio-

552 3141 1002 3210 supersplendens
1040 3164 1135 3218 per
1172 3153 1442 3210 radiorum
1479 3159 1878 3218 abundantiam.
1915 3165 1990 3220 lbi
2038 3185 2125 3224 ra-
2152 3149 2197 3210 (ἶ
2230 3154 2368 3202 mm’
2392 3139 2518 3206 quid
2538 3140 2674 3192 tua"
2696 3140 2900 3210 quidem
2921 3140 3112 3208 aliqua
3135 3141 3198 3195 de
3217 3142 3382 3212 magis
3413 3143 3652 3208 indum"
3675 3145 3792 3214 qus-

551 3228 630 3280 tio
659 3230 791 3285 nihil
831 3232 1030 3302 palpat,
1081 3239 1204 3307 quia
1233 3243 1364 3296 nihil
1391 3254 1475 3300 est
1514 3249 1584 3304 ibi
1616 3252 2016 3326 investigabile;
2048 3261 2120 3316 ibi

552 3315 856 3377 intellectus
883 3325 1012 3379 nihil
1048 3329 1214 3397 videt,
1239 3334 1363 3402 quia
1407 3337 1539 3392 nihil
1575 3350 1657 3395 est
1694 3344 1764 3399 ibi
1793 3315 2122 3419 contempla-

552 3404 678 3470 bil‘e,
708 3418 761 3463 et
791 3419 970 3467 tamen
1009 3416 1248 3484 pulchris
1282 3423 1305 3455 ⁷
1349 3424 1561 3483 lucibus
1599 3431 1811 3490 divinae
1849 3404 2118 3510 refulgen-

551 3496 659 3551 tiae
682 3502 1150 3576 superimplentur,
1178 3529 1275 3582 per
1304 3531 1362 3570 se
1401 3518 1541 3588 ipsas
1578 3531 1634 3577 et
1671 3524 1774 3580 alia
1809 3544 1840 3582 a
1885 3545 1943 3585 se
1989 3533 2119 3601 ipsis
2201 3575 2205 3582 -

549 3585 794 3674 videntes
842 3592 1107 3654 humanae
1153 3611 1209 3658 et
1255 3585 1528 3678 angelicae
1585 3612 1866 3673 deiﬁcatae
1923 3585 2118 3678 intelli-

549 3677 786 3744 genti'ae.

703 3840 705 3842 .
1216 3802 1452 3844 τεχτ-οε,

623 3878 701 3934 Tu
726 3891 920 3950 autent,
959 3905 990 3942 ο
1011 3892 1174 3948 amice
1209 3895 1488 3964 Timet/tce,
1511 3903 1651 3958 circa
1679 3909 1923 3977 mysticus
1956 3911 2115 3966 uisio-

545 3980 636 4022 nes
663 3968 786 4038 forti
813 3980 1136 4036 contentione
1179 3993 1227 4037 et
1251 4002 1431 4042 sensus
1469 3968 1784 4064 derelinque,
1825 4007 1875 4051 et
1917 3999 2117 4056 intelle-

545 4057 744 4114 ctuales
772 4064 1094 4130 Operationes
1125 4069 1167 4136 ⁸,
1213 4083 1261 4126 et
1290 4079 1464 4132 omnia
1507 4057 1780 4138 sensibilia-
1795 4094 1842 4139 et
1870 4087 2116 4160 intelligi-

549 4148 698 4213 bilia,
744 4161 795 4206 et
845 4158 1020 4213 omnia
1067 4164 1338 4221 existentia
1368 4168 1424 4234 ’;
1475 4181 1524 4225 et
1553 4175 1686 4228 sicut
1722 4186 1796 4231 est
1846 4148 2109 4250 possibile,

543 4239 717 4309 ignoto
742 4259 991 4318 consurge
1012 4250 1056 4282 ¹⁰
1084 4254 1154 4308 ad
1187 4255 1300 4324 ejus
1324 4261 1606 4318 unitionem
1638 4265 1704 4330 “,
1733 4269 1822 4337 qui
1846 4239 1933 4324 ἐει
1956 4239 2114 4343 super

543 4347 754 4390 omnem
785 4340 1132 4400 substantiam
1172 4359 1226 4402 et
1262 4356 1625 4423 cognitionem.
1669 4359 1877 4422 Etenim
1901 4340 2111 4423 δεκάδα

543 4423 699 4548 αξη
719 4427 880 4482 iusius
905 4441 954 4484 et
980 4437 1210 4491 omnium
1231 4440 1562 4500 irretentibili.
1576 4456 1622 4499 et
1645 4448 1901 4514 absoluto,
1919 4456 2110 4511 munde
2137 4487 2188 4548 Β

544 4525 576 4548 n
640 4516 1180 4548 ειιηρνυ..1..ο,....;-ι-.μ
1229 4530 1378 4548 ..ξλεη
1624 4546 1631 4548 .
1782 4540 1798 4548 -

544 4509 620 4562 ad
639 4516 1183 4578 supersubstantialem
1226 4530 1454 4596 radium,
1483 4546 1669 4592 cuncta
1698 4509 1961 4611 auferens,
1992 4509 2106 4602 otia

541 4599 748 4661 cunctis.
768 4601 1056 4675 absolutus,
1079 4627 1285 4670 sursum
1305 4623 1474 4688 ageris
1512 4623 1588 4678 ⁸³..

1213 4761 1425 4808 ειοεελ.

613 4840 757 4900 Talis
795 4857 877 4943 est
909 4866 1108 4910 sensus.
1161 4855 1260 4924 Tu,
1305 4861 1605 4934 Timothee,
1646 4871 1735 4940 qui
1780 4889 1876 4943 per
1903 4891 2107 4934 verum

542 4942 780 4994 amorem
801 4937 941 4996 alter
955 4956 1054 5014 ego
1071 4945 1202 5003 mihi
1231 4947 1406 5009 factus
1421 4969 1504 5021 es,
1532 4965 1588 5012 ut
1614 4937 1797 5030 possis
1814 4964 2109 5037 intelligere

2226 3243 2424 3297 cunque
2446 3229 2683 3283 omnibus
2705 3232 3081 3300 superpositam
3106 3249 3317 3285 causam
3354 3243 3402 3286 et
3427 3249 3492 3286 ea:
3519 3235 3801 3301 postremis.

2223 3317 2278 3371 in
2297 3318 2638 3372 existentibus
2654 3320 2906 3389 ﬁgurant,
2936 3331 2985 3375 et
3032 3321 3163 3374 nihil
3191 3323 3354 3392 ipsam
3379 3322 3567 3376 habere
3604 3324 3797 3376 dicunt-

2220 3424 2375 3478 super
2408 3411 2722 3478 compositas
2740 3411 2805 3465 ab
2849 3413 2974 3482 ipsis
3010 3413 3199 3484 impias
3221 3423 3269 3468 et
3304 3412 3644 3482 multiformes
3667 3413 3782 3484 for-

2221 3499 2494 3554 motiones.

2898 3606 3109 3648 CLOSSA‘.

2295 3697 2438 3754 Talis
2466 3715 2644 3755 sensus
2693 3711 2787 3756 est.
2830 3702 2993 3768 Cave,
3041 3719 3108 3757 ne
3148 3701 3342 3773 aliquis
3386 3701 3792 3758 incredulorum—

2219 3789 2304 3842 vel
2343 3792 2764 3860 inexperitorum
2806 3792 2908 3847 ista
2937 3802 3145 3848 secreta
3178 3793 3397 3858 audiat;
3441 3793 3574 3849 istos
3591 3801 3779 3847 autem

2219 3879 2359 3944 dico,
2389 3881 2479 3950 qui
2517 3881 2849 3938 naturalibus
2891 3884 3190 3939 rationibus
3219 3899 3402 3938 amore
3435 3883 3790 3938 existentium.

2219 3969 2619 4036 innituntur“,
2641 3971 2869 4026 ﬁrmiter
2883 3974 3274 4037 existimantes,
3291 3974 3434 4043 quod
3453 3973 3584 4027 nihil
3602 3973 3673 4027 sit
3691 3986 3788 4025 εοι

2215 4075 2468 4130 ρετ-θος,
2499 4062 2639 4130 quod
2669 4047 2866 4118 dicitur
2893 4064 3286 4119 substantivum
3324 4063 3685 4134 metaphorice
3707 4064 3776 4128 “,

2217 4160 2326 4205 tam
2363 4161 2566 4217 creata,
2617 4167 2778 4221 quam
2831 4154 3066 4207 increata
3112 4155 3410 4219 continens,
3436 4152 3590 4221 juxta
3627 4167 3780 4207 suam

2215 4243 2542 4311 Opinionem.
2599 4242 2666 4298 Et
2694 4246 2796 4298 hoc
2825 4245 2992 4302 habes
3017 4261 3081 4301 ex
3115 4246 3210 4300 illo
3249 4247 3433 4308 verbo,
3472 4246 3614 4315 quod
3649 4245 3781 4300 dici-

2215 4341 2304 4387 tur
2329 4333 2383 4388 in
2414 4333 2597 4389 Exodo
2630 4352 2643 4387 :
2677 4354 2695 4386 σ
2735 4337 2846 4406 Ego
2879 4352 2998 4391 sum
3029 4339 3118 4407 qui
3166 4354 3283 4392 sum
3328 4357 3372 4390 ι.
3414 4337 3520 4392 Sed
3571 4339 3672 4393 hoc
3703 4335 3782 4390 di-

2215 4434 2360 4478 ctum
2409 4434 2514 4490 est,
2563 4434 2623 4479 ut
2657 4426 2708 4480 in
2755 4427 2928 4496 primo
2977 4428 3247 4482 intellectu
3299 4445 3357 4484 se
3395 4427 3552 4483 offert
3604 4427 3777 4492 nobis,

2213 4517 2365 4586 quasi
2394 4517 2661 4586 quoddam
2693 4518 2738 4548 “
2768 4519 3099 4583 memoriale,
3140 4527 3200 4572 ut
3226 4533 3283 4572 se
3308 4525 3642 4616 computat-et
3677 4533 3777 4616 lto-

2213 4606 2430 4662 hiscum
2468 4607 2684 4671 habere,
2718 4608 2808 4678 qui
2841 4616 2956 4662 erat
2987 4608 3222 4662 totaliter
3247 4622 3389 4670 sum,
3419 4621 3557 4659 esse.
3594 4605 3656 4658 Et
3684 4605 3776 4672 qui

2213 4698 2346 4752 tales
2393 4706 2584 4768 putant
2628 4714 2735 4768 per
2768 4697 3232 4768 investigationem
3270 4702 3610 4794 creatarum,.
3638 4706 3781 4760 quae

2211 4786 2266 4842 in
2286 4787 2364 4841 eis
2394 4787 2659 4858 generalis
2682 4787 2732 4819 "
2751 4796 2856 4852 est,
2884 4784 3164 4858 pervenire
3195 4785 3258 4839 ad
3278 4783 3395 4854 ejus
3415 4783 3774 4882 cognitionem

2211 4876 2296 4930 vel
2331 4876 2564 4930 divinam
2601 4872 3125 4946 comprehensionem
3147 4915 3162 4940 ,
3207 4889 3347 4943 quae
3393 4888 3554 4943 super
3577 4871 3779 4942 suppli-

2211 4969 2476 5024 cationem
2503 4985 2656 5025 suam
2689 4969 2836 5026 0mm
2883 4965 3176 5041 cognitioni
3214 4967 3556 5022 occultarum.
3594 4963 3775 5021 scien-

1803 5105 2056 5162 VA-RlAE
2092 5107 2489 5167 LECTIONESs

814 5239 858 5276 s.
892 5293 906 5307 _
933 5226 956 5257 ³
993 5224 1172 5307 Conj.,
1198 5231 1320 5307 eod;
1346 5231 1580 5307 deﬁcicit
1596 5246 1643 5289 et
1662 5251 1818 5307 super
1836 5237 2140 5307 eﬁl‘uentcm.

533 5286 578 5364 ξ’
590 5288 906 5364 ροηῂηοοίί
929 5286 1157 5364 propter.

2216 5241 2441 5315 _"C_onj.,
2463 5244 2582 5315 cod.
2608 5244 2860 5314 intellig‘ri.
2936 5245 2961 5278 ⁸
2982 5245 3114 5300 Cod.
3147 5245 3418 5315 dyosiisio.
3495 5243 3524 5275 "
3538 5241 3628 5297 Sic
3656 5244 3776 5298 cod.

1235 5297 1257 5329 ι
1281 5297 1457 5371 Conj.,
1484 5305 1605 5357 cod.
1637 5297 1804 5358 inl’ta.
1863 5297 1899 5338 ’τι
1927 5307 2058 5361 Cod.
2081 5297 2441 5378 pulchribus'j'
2477 5314 2500 5345 θ
2527 5297 2703 5378 ἀοι-,ιη
2727 5297 2844 5371 οόἀ,
2881 5297 3226 5386 oppositiones
3251 5315 3463 5415 (graece
3487 5315 3772 5398 ἐνεργιίκς).

1235 5385 1320 5416 nco
1340 5376 1424 5416 καὶ
1448 5375 1611 5416 πᾶνφα
1639 5377 1725 5416 m'm
1749 5372 1866 5416 ἕνη-η
1888 5379 1976 5416 νηῒ
1991 5375 2108 5416 ,τω-η
2167 5378 2218 5416 in
2253 5383 2493 5416 varainno
2517 5393 2560 5416 οι
2595 5401 2740 5416 nua-nn
2763 5402 2863 5416 ιη...
2893 5401 2980 5416 Δ...
3004 5395 3047 5416 Δ,
3075 5402 3162 5416 ιι...
3259 5385 3276 5416 ι
3334 5384 3443 5416 ΡηιΙ
3488 5399 3706 5416 ρηηι-ηνη
3726 5399 3752 5416 ο

708 5357 852 5426 ὀού..
957 5357 1100 5441 testu
1121 5384 1320 5441 graeco
1340 5357 1424 5425 κοῖὶ
1445 5357 1612 5429 nam:
1639 5377 1726 5429 οὐκ
1749 5372 1867 5432 ὄντα
1888 5379 1976 5430 καί
1991 5357 2133 5441 ἔπει,

2253 5383 2493 5436 versione
2514 5393 2560 5435 et
2594 5357 2740 5438 omne
2763 5402 2865 5439 non
2890 5357 2981 5438 ἐῖῖἑ
3002 5395 3047 5438 et
3072 5402 3182 5439 ens.

3334 5384 3462 5438 Cod.
3487 5383 3771 5448 cthurg'e.

2189 5427 2219 5432 --
2262 5427 2493 5436 .--ηνηυ
2515 5427 2558 5435 ν.
2594 5427 2738 5438 cm..-
2763 5427 2865 5439 ..νη
2890 5427 2980 5438 -..ν
3002 5427 3047 5438 υ.
3072 5427 3182 5439 νη...
3337 5427 3462 5438 νυ...
3487 5427 3702 5448 ---η--.ν
3727 5427 3771 5434 --

537 5427 577 5458 ¹¹
602 5428 916 5495 Corr.,cod.
936 5427 1305 5492 unitacibnem.
1382 5442 1426 5470 "
1443 5427 1621 5506 Cori-.7,
1643 5427 1767 5498 cod.
1787 5427 1933 5498 cur."
1957 5427 2224 5512 ’ἡδέι-τη
2240 5451 2358 5506 cod.
2383 5452 2631 5506 absolutis
2654 5470 2863 5507 sursum
2885 5471 3064 5524 agens.
3138 5453 3184 5486 “
3207 5452 3338 5508 Cod.
3360 5462 3433 5504 ut.
3512 5451 3558 5481 "
3577 5451 3704 5504 Cod.
3725 5466 3771 5503 s.

537 5503 580 5524 η
606 5503 704 5524 n-,,
722 5507 734 5520 ο
892 5512 905 5524 ι
1029 5515 1040 5524 .
1341 5509 1386 5524 -—
1484 5523 1517 5524 Ὗ
1557 5522 1583 5524 η
1665 5522 1675 5524 -

535 5503 580 5588 2
605 5503 926 5588 ξοιῄῒοοιι.
946 5509 1399 5588 _scienter_uesti;.
1479 5523 1518 5553 ¹⁷
1546 5503 1724 5588 Cdnj.,
1768 5539 1879 5579 cor.
1919 5526 2088 5580 uidut.

2168 5529 2210 5560 ³⁸
2247 5527 2376 5584 Cod.
2429 5532 2714 5599 consurg‘e.

3033 5572 3045 5584 .
3075 5573 3090 5596 ,
3132 5532 3253 5588 cod.
3299 5531 3481 5584 mentis
3514 5543 3780 5581 excessus-

535 5571 1023 5666 ζῼοξξξχαιξιςιεϋε.
1103 5585 1144 5615 ιι
1175 5585 1307 5666 cod.
1342 5571 1506 5666 ista;
1553 5571 1744 5666 ῗῖᾶἷᾶ.
1770 5571 2133 5666 ἱὲἱιὶεῗῗυπ

2237 5571 2451 5652 ,νανῶοᾶ
2465 5571 2792 5656 επῖδλσῗιιὲυηι
2816 5611 2861 5657 ει
2889 5573 3146 5658 nitamur.
3222 5602 3267 5642 ³³
3294 5601 3424 5656 Cod.
3456 5597 3778 5666 οιειαίοιίεε·

538 5639 588 5670 ﬂ
619 5639 796 5713 Clonii.
817 5651 948 5718 .COd-
984 5668 1034 5720 ᾳ.
1075 5639 1322 5722 quodam.
1346 5639 1452 5690 7'7"“
1464 5639 1595 5717 Cod.
1623 5639 2002 5734 EELIHES'Jet
2023 5639 2396 5724 conligati-llis:
