4178 6266
374 375 484 432 273

1051 357 1546 422 EXPOSITIONES
1579 358 1646 415 1N
1685 350 2052 414 MYSTICAM'
2078 345 2520 405 THEOLOGIAM
2561 345 2619 401 S.
2659 343 2974 403 DIONYSII.

3547 338 3654 394 επ

384 493 591 545 tiaram
623 495 896 543 tantorum
936 479 1372 554 philosophorum
1403 477 1421 508 ²
1451 473 1738 535 excedunt,
1786 482 1960 538 quan-
1989 469 2040 528 Α
2066 461 2316 516 monibus
2334 457 2668 525 designatur,
2692 464 2748 510 et
2768 454 2896 509 item
2923 433 3281 524 pauciéﬁimis,
3312 449 3432 505 ideo
3459 450 3501 482 "
3522 452 3652 520 quia

389 589 510 636 tum
556 580 732 650 magis
767 577 974 633 excedit
1018 571 1341 642 imperitiam
1383 581 1594 628 eorum,
1637 562 1726 632 qui
1771 560 1961 621 Deum,

2063 567 2164 606 nec
2189 549 2397 605 ratione
2430 549 2640 617 capitur
2663 587 2678 604 .
2706 560 2806 599 nec
2837 544 3110 599 intellectu
3151 541 3652 611 comprehenditur,

391 633 490 740 qui
534 633 618 725 est
649 633 979 738 Zummna
1015 633 1254 719 omnium
1301 673 1497 723 causa,
1541 655 1594 710 in
1706 649 1968 705 extremis
2065 649 2120 698 et
2141 642 2260 696 ideo
2283 639 2444 694 verbo
2470 639 2513 670 ”
2543 654 2648 692 non
2674 637 3015 706 exprimitur,
3047 635 3170 703 quia
3197 633 3446 688 omnibus
3467 646 3659 701 super-

396 727 636 816 rnateriis
660 727 1001 813 eststentium
1027 753 1048 786 ⁸
1075 754 1328 823 ﬁgurant,
1367 761 1505 816 quae
1549 727 1803 798 inferiora
1841 743 1968 793 sunt

401 851 667 913 animatis,
699 863 799 903 nec
843 847 1066 916 insuper
1095 849 1308 914 putant,
1359 837 1501 908 quod
1545 835 1684 890 Deus
1709 834 1762 887 in
1788 846 1845 886 se
1870 829 1962 883 alio

393 941 522 1012 quid
588 939 782 994 habeat
832 936 1146 1000 sublimius,
1205 945 1370 1002 quam
1409 930 1610 998 ﬁgurae
1654 933 1710 980 et
1761 921 1970 976 formae

393 1029 744 1107 multiplices,
772 1043 914 1099 quae
941 1026 1011 1080 ab
1037 1027 1166 1095 ipsis
1191 1023 1355 1093 impie
1377 1023 1790 1088 componuntur.

1077 1149 1306 1190 TBXTUS.

1925 1102 1961 1117 ἑ.

477 1251 700 1322 oportet
727 1257 905 1301 autem
949 1245 1083 1299 enim
1113 1245 1168 1298 in
1211 1244 1325 1312 ipsa
1351 1250 1400 1296 et
1433 1255 1608 1294 omnes
1649 1235 1974 1292 existentium

403 1358 601 1413 ponere
637 1349 682 1394 et
721 1341 980 1410 afﬁrmare
1017 1337 1314 1406 positiones,
1361 1335 1493 1388 sicut
1519 1331 1748 1386 omnium
1792 1343 1977 1392 causa,

406 1439 455 1482 et
480 1445 654 1482 omnes
679 1428 841 1496 magis
862 1428 999 1495 ipsas
1018 1424 1225 1493 proprie
1245 1437 1452 1492 negare,
1475 1421 1607 1473 sicut
1627 1434 1782 1488 super
1801 1417 1979 1471 omnia

407 1520 838 1588 superexistente,
884 1525 930 1568 et
983 1531 1086 1568 non
1129 1514 1426 1584 negationes
1467 1511 1725 1581 oppositas
1773 1507 1980 1576 opinari

407 1587 518 1664 esse
565 1606 1015 1677 a/Iirmationibus,
1066 1604 1156 1659 sed
1200 1603 1364 1657 multo
1408 1603 1554 1675 prius
1601 1587 1769 1670 ipsam
1828 1613 1983 1667 super

402 1698 711 1768 prirationes
731 1706 778 1750 et
797 1711 932 1766 quae
956 1703 1032 1750 est
1055 1709 1210 1764 super
1232 1708 1436 1748 omnem
1480 1689 1794 1745 oblationem
1817 1697 1864 1742 et
1891 1703 1984 1757 po-

400 1790 667 1844 sitionem.

476 1879 504 1950 δ
529 1878 582 1932 5.
613 1877 698 1932 Ita
726 1877 885 1947 igitur
911 1877 1116 1932 divinus
1138 1874 1577 1930 Bartholomaeus
1597 1870 1744 1935 dicit,
1768 1879 1816 1925 et
1837 1867 1982 1923 mul-

405 1978 511 2024 tam
540 1967 850 2038 theologiam
881 1966 1049 2040 [esse]
1080 1967 1102 1998 ⁸
1135 1976 1184 2020 et
1223 1967 1491 2020 minimam
1509 2004 1526 2028 ,
1559 1973 1608 2018 et
1637 1961 1980 2030 Evangelium
2073 2036 2081 2042 _

404 2058 588 2122 latum,
619 2066 667 2110 et
697 2073 962 2128 magnum,
993 2065 1041 2110 et
1079 2072 1258 2110 rursus
1276 2056 1544 2108 concisum
1563 2065 1582 2104 :
1611 2061 1665 2105 ut
1691 2051 1820 2106 mihi
1840 2050 1982 2104 vide.-

405 2159 510 2211 tur,
559 2146 692 2200 illud
719 2133 1186 2216 su;.'ernatitraliter
1208 2145 1506 2214 intelligens
1530 2144 1574 2209 ⁸,
1609 2144 1731 2212 quia
1761 2151 1807 2196 et
1836 2139 1977 2196 mul-

404 2247 572 2289 torum
597 2253 887 2290 sermonum
912 2247 985 2292 est
1013 2237 1145 2290 bona
1184 2238 1414 2291 omnium
1438 2250 1624 2298 causa,
1663 2242 1712 2286 et
1748 2233 1980 2285 brevium

408 2325 689 2377 dictionum
713 2325 971 2387 similiter,
1003 2335 1048 2377 et
1069 2324 1419 2389 rationabilis,
1459 2324 1592 2377 sicut
1622 2337 1783 2391 neque
1813 2321 1980 2373 ratio-

411 2429 527 2466 nem
540 2413 602 2465 lta
611 2413 750 2478 beas,
768 2429 929 2483 neque
950 2413 1282 2478 intellectum,
1302 2422 1511 2482 propter
1526 2412 1664 2482 quod
1685 2412 1799 2479 ipsa
1814 2409 1982 2463 omni-

409 2504 505 2558 bus
537 2503 1098 2572 supersubstantialiter
1125 2513 1196 2556 est
1230 2503 1575 2572 superposita,
1604 2513 1653 2556 et
1685 2501 1852 2555 solum
1877 2517 1984 2554 non

404 2591 569 2648 velate
600 2592 622 2624 ⁸
640 2602 690 2647 et
728 2609 842 2648 vere
882 2602 1095 2664 apparet
1125 2593 1228 2659 his,
1257 2595 1348 2663 qui
1377 2591 1650 2646 immunda
1670 2600 1717 2646 et
1739 2591 1932 2644 munda
1958 2590 1980 2622 τ

402 2694 697 2751 transeunt,
721 2694 771 2740 et
794 2701 1000 2740 omnem
1022 2685 1253 2740 omnium
1277 2693 1579 2739 sanctorum
1604 2683 1982 2737 extremitatum

404 2791 674 2832 ascensum
694 2777 1083 2848 superveniunt,
1114 2786 1162 2832 et
1181 2777 1360 2830 omnia
1380 2775 1402 2807 ⁸
1422 2775 1596 2831 divina
1627 2773 1825 2828 littnina
1842 2783 1886 2828 et
1900 2789 1982 2828 σοι

410 2884 502 2922 nos
529 2878 575 2920 et
598 2883 859 2922 sermones
883 2866 1125 2922 caelestes
1148 2866 1598 2936 derelinquunt,et
1619 2864 1687 2919 ad
1707 2864 1984 2934 caliginem

413 2957 694 3022 introeunt,
722 2959 812 3013 ubi
850 2974 967 3014 vere
1005 2968 1116 3026 est,
1149 2959 1283 3013 sicut
1305 2956 1510 3030 eloquia
1548 2956 1746 3023 dicunt,
1771 2957 1863 3027 qui
1903 2965 1980 3018 est

411 3062 570 3117 super
592 3045 788 3102 omnia.
1309 3101 1312 3104 .

1079 3152 1266 3203 cmest
1296 3137 1344 3192 ’.

484 3221 684 3279 Sensus
737 3233 815 3280 est
844 3241 863 3279 :
905 3225 1157 3292 Quamvis
1186 3227 1262 3281 illi
1312 3227 1418 3282 ista
1441 3231 1726 3280 senserunt
1746 3263 1762 3290 ,
1798 3232 1978 3278 tamen

403 3328 626 3369 necesse
653 3321 737 3369 est
762 3316 1054 3371 secundum
1083 3325 1283 3372 rectam
1307 3315 1742 3387 intelligentiam,
1761 3328 1978 3368 omnem

397 3402 626 3462 fortnam
676 3405 760 3461 vel
814 3406 1040 3476 ﬁguram
1087 3407 1170 3464 vel
1219 3408 1595 3471 substantiam,
1653 3415 1710 3461 et
1763 3419 1979 3460 omnem

399 3497 622 3551 omnino
648 3504 956 3551 creaturam
986 3513 1092 3552 non
1120 3507 1374 3566 tanquam
1404 3498 1646 3568 subjecto
1668 3536 1685 3561 ,
1713 3495 1809 3552 sed
1840 3496 1981 3551 sicut

393 3587 633 3642 omnium
655 3603 877 3655 causae,
904 3589 1006 3658 ipsi
1037 3589 1353 3654 attribuere,
1380 3597 1435 3644 et
1462 3590 1635 3658 magis
1677 3588 1899 3657 pr0prie
1925 3595 1980 3641 et

395 3681 662 3736 veraciter
681 3682 750 3736 ah
769 3696 833 3736 ea
861 3696 1159 3748 removere,
1181 3683 1323 3738 sicut
1349 3682 1450 3746 rei,
1476 3681 1564 3738 cui
1585 3681 1719 3735 nihil
1741 3681 1979 3736 existen-

398 3769 529 3823 tium
577 3770 864 3825 inhaerere
908 3779 1117 3840 potest,
1161 3773 1457 3827 secundum
1511 3769 1654 3840 quod
1697 3771 1859 3825 Deus.
1914 3769 1979 3823 Et

401 3859 650 3928 quamvis
695 3860 982 3914 existentia
1038 3861 1148 3916 Deo
1198 3861 1566 3914 attribuantur
1590 3899 1607 3925 ,
1660 3859 1744 3912 vel
1795 3859 1864 3913 ab
1913 3873 1978 3913 eo

401 3960 800 4015 removeantur,
833 3965 939 4006 non
970 3959 1149 4005 tamen
1177 3951 1508 4006 credendum
1531 3958 1634 4014 est,
1664 3948 1806 4018 quod
1835 3948 1979 4002 inter

399 4039 561 4093 talem
608 4037 1013 4094 aﬂirmationem
1040 4039 1124 4094 vel
1153 4040 1494 4110 negationem
1533 4039 1691 4092 cadat
1729 4036 1905 4108 aliqua
1934 4035 1977 4067 ³⁸

398 4132 757 4187 contrarietas
801 4149 816 4187 :
859 4133 968 4188 into
1003 4141 1216 4204 oportet
1265 4133 1504 4199 sentire,
1541 4133 1713 4202 ipsam
1757 4147 1974 4186 causam

397 4222 637 4275 oninium
667 4223 999 4291 superiorem
1030 4239 1150 4279 esse
1187 4225 1332 4279 omni
1374 4225 1660 4294 negatione
1687 4225 1726 4254 "
1757 4231 1813 4279 et
1837 4222 1979 4276 adir-

398 4312 641 4365 matione
671 4313 734 4365 ¹¹.
775 4313 926 4368 Unde
947 4311 1014 4369 de
1039 4329 1238 4377 ea,non
1264 4322 1440 4384 potest
1468 4328 1589 4368 esse
1623 4312 1802 4382 aliqua
1833 4311 1976 4381 posi-

400 4398 505 4463 tio,
534 4399 617 4454 vel
643 4400 856 4466 ablatio,
885 4401 998 4457 sive
1025 4401 1313 4456 allirmatio
1343 4403 1422 4457 vel
1449 4401 1682 4473 negatio.
1717 4401 1787 4456 Et
1821 4400 1974 4468 juxta

2068 733 2496 790 substantialiter
2541 730 2939 800 superponitur.
2972 726 3082 784 Illis
3127 733 3306 780 autem
3363 724 3493 778 solis
3537 723 3663 779 sine

2067 824 2331 880 velamine
2360 831 2596 893 apertus,
2627 820 2832 875 scilicet
2881 834 2978 888 per
3031 815 3262 872 infusam
3313 815 3658 870 dulcedinem

2069 922 2125 969 et
2149 913 2469 969 suavitatem
2489 910 2869 978 inpermixtam
2890 907 2954 973 l',
2978 907 3070 976 qui
3095 907 3275 961 omnia
3301 905 3573 961 sensibilis
3601 912 3658 961 et

2070 1001 2425 1074 intelligibilia
2490 999 2820 1068 obiectorum
2883 999 2996 1053 sive
3061 998 3487 1069 spectaculorum
3522 1037 3538 1064 ,
3597 996 3659 1052 in

2070 1093 2267 1163 quibus
2295 1092 2503 1145 scilicet
2527 1087 2904 1144 intellectualis
2937 1089 3413 1158 contemplationis
3443 1087 3658 1143 exerci-

2075 1187 2208 1242 tium
2261 1192 2612 1239 consumatur
2667 1183 2731 1246 "',
2783 1188 2838 1236 et
2892 1181 3113 1234 omnino
3164 1181 3538 1234 irradiationes
3588 1179 3658 1232 ad

2075 1276 2402 1331 intellectum
2446 1275 2802 1343 pertinentes,
2831 1281 2885 1328 et
2924 1271 3302 1342 inspirationes
3344 1271 3656 1340 ambiguas,

2077 1377 2135 1424 et
2181 1366 2541 1421 revelationes
2586 1372 2836 1418 aeternas
2859 1361 3269 1430 derelinquunt,
3300 1369 3356 1414 et
3385 1361 3664 1414 introeunt

2077 1472 2175 1528 per
2227 1455 2527 1509 unitionem
2559 1453 2640 1508 ad
2687 1450 3262 1520 superiutellectualem
3313 1449 3408 1504 Dei
3447 1449 3656 1502 incom-

2079 1543 2594 1615 prehensibilitatem
2621 1582 2639 1607 ,
2669 1541 2759 1596 ubi
2804 1542 2857 1596 in
2899 1541 3115 1612 prepria
3151 1539 3328 1594 forma
3363 1537 3658 1594 secundum

2081 1633 2394 1703 Scripturae
2445 1631 2812 1689 testimonium
2868 1639 2950 1686 est
2985 1630 3132 1685 Deus
3185 1643 3347 1698 super
3383 1642 3549 1682 unum
3603 1633 3661 1680 et

2081 1724 2362 1785 unitatem,
2394 1729 2450 1776 et
2473 1735 2633 1788 super
2659 1735 2759 1776 ens
2776 1729 2833 1774 et
2859 1719 3173 1783 entitatem;
3203 1719 3402 1773 dicitur
3431 1717 3573 1770 enim
3603 1715 3658 1768 in

2008 1802 2056 1863 B
2087 1815 2274 1869 Exodo
2293 1853 2310 1878 ,
2355 1813 2499 1882 quod
2528 1811 2739 1882 Moyses
2771 1811 3014 1866 ascendit
3041 1810 3097 1865 in
3125 1809 3438 1878 caliginem,
3469 1806 3522 1862 in
3551 1820 3660 1874 quo

2079 1913 2196 1962 erat
2227 1903 2394 1959 Deus.
2828 1955 2830 1957 ,

2753 2007 2857 2047 τει
2863 2005 2982 2047 ⁸1⁸113.

2149 2102 2358 2157 Etenim
2387 2120 2486 2157 non
2513 2102 2818 2172 simpliciter
2851 2103 3058 2156 divinus
3102 2099 3306 2170 Moyses
3336 2097 3581 2153 mandari
3610 2108 3664 2153 et

2079 2197 2188 2266 ipse
2207 2195 2406 2265 primus
2432 2196 2769 2264 praecipitur,
2809 2191 3064 2246 et'rursus
3094 2207 3126 2244 a
3157 2191 3201 2222 ιδ
3224 2203 3326 2243 non
3348 2187 3539 2242 talibus
3578 2203 3660 2241 se-

2080 2287 2306 2359 gregari,
2329 2296 2376 2340 et
2403 2295 2513 2356 post
2548 2299 2749 2339 omnem
2777 2284 3172 2338 mundationem
3195 2280 3341 2334 audit
3367 2278 3654 2333 multarum

2079 2394 2262 2433 vocum
2293 2378 2563 2440 buccinae,
2589 2386 2638 2430 et
2681 2375 2814 2430 videt
2863 2375 3062 2428 lumina
3101 2371 3267 2426 multa
3307 2386 3424 2425 cum
3455 2368 3661 2437 fulgure

2081 2469 2367 2522 eminentia
2387 2467 2434 2499 ¹⁹
2456 2467 2675 2520 mundos
2700 2475 2748 2519 et
2769 2465 2987 2518 multum
3009 2462 3223 2532 eﬁ'ulsos
3245 2460 3443 2514 radios.
3467 2456 3662 2512 Postea

2081 2575 2114 2611 a
2143 2556 2322 2611 multis
2362 2567 2665 2626 segregatur
2686 2565 2732 2608 et
2760 2570 2878 2606 cum
2915 2552 3094 2606 electis
3127 2549 3484 2608 sacesdotibus
3524 2561 3662 2599 sum-

2081 2646 2315 2698 mitatem
2358 2645 2653 2698 divinarum
2700 2642 3063 2696 ascensionum
3108 2637 3394 2709 pertingit;
3430 2633 3662 2706 quamvis

2080 2752 2170 2806 per
2197 2737 2294 2789 hoc
2329 2735 2536 2804 quidem
2580 2749 2685 2785 non
2714 2733 2781 2783 sit
2817 2747 2936 2784 cum
2975 2729 3106 2792 Deo,
3145 2728 3235 2780 sed
3284 2721 3663 2791 contemplatur

2082 2840 2187 2878 non
2221 2825 2410 2892 ipsum,
2441 2819 2718 2875 invisibilis
2743 2827 2818 2872 est
2844 2819 3004 2882 enim,
3034 2816 3124 2870 sed
3156 2815 3328 2868 locum
3355 2812 3441 2865 ubi
3463 2820 3560 2864 est.

2764 2944 2977 2987 ϐιοεει.
3005 2957 3018 2984 t

2156 3040 2348 3098 Sensus
2378 3040 2498 3096 talis
2519 3049 2612 3094 est.
2645 3037 2745 3106 ita,
2776 3050 2914 3108 quae
2944 3049 3102 3106 supra
3126 3032 3358 3089 diximus
3384 3031 3451 3086 de
3478 3037 3660 3086 trans-

2009 3146 2054 3209 (ζ
2085 3149 2248 3190 censu
2280 3135 2578 3188 divinorum
2602 3131 2863 3186 luminum
2898 3136 2953 3184 et
2972 3140 3226 3182 sonorum
3249 3131 3304 3178 et
3324 3122 3670 3186 sermonum,

2081 3237 2137 3281 et
2191 3226 2386 3281 intuitu
2432 3222 2486 3280 in
2528 3223 2831 3295 caliginem,
2869 3220 2922 3274 in
2949 3219 3068 3290 ipso
3109 3215 3291 3286 Moyse
3329 3214 3505 3284 typice
3535 3221 3662 3266 sunt

2081 3325 2319 3381 ostensa,
2345 3315 2487 3386 quod
2508 3329 2614 3369 non
2643 3312 2816 3368 solum
2848 3311 2899 3364 in
2929 3323 2985 3365 se
3014 3309 3128 3378 ipso
3153 3302 3661 3373 mundarijubetur,

2082 3418 2141 3463 ut
2177 3410 2338 3464 Deum
2367 3422 2497 3479 prae
2545 3406 2738 3462 ceteris
2772 3404 2930 3459 altius
2959 3399 3368 3469 contempletur,
3391 3395 3486 3451 sed
3514 3402 3568 3448 et
3593 3392 3663 3447 ab

2079 3498 2368 3555 immundis
2394 3497 2476 3553 vel
2503 3495 2852 3552 dissimilibus
2894 3489 3155 3562 separari.
3187 3487 3254 3542 Et
3277 3492 3400 3557 post
3435 3497 3653 3539 omnem

2079 3591 2450 3661 purgationem
2479 3603 2730 3644 sensuum
2757 3601 2786 3640 a
2833 3582 3176 3640 sensibilibus
3197 3619 3213 3646 ,
3252 3587 3308 3634 et
3352 3575 3658 3631 intellectus

2079 3695 2108 3734 a
2131 3679 2624 3749 phantasmatibus,
2656 3676 2806 3731 audit
2832 3675 2944 3730 sive
2981 3680 3161 3728 mente
3199 3668 3431 3740 percipit
3459 3665 3657 3719 multa-

2078 3788 2196 3827 rum
2227 3770 2698 3842 intelligentiarum
2744 3765 3146 3837 inspirationes,
3177 3769 3231 3816 et
3258 3755 3662 3842 contemplatur

2077 3862 2242 3916 multa
2273 3840 2577 3930 spectacula
2607 3856 3066 3918 luculentissima,
3096 3851 3323 3919 desuper
3360 3840 3658 3901 abundanti

2075 3950 2407 4020 plenitudine
2436 3948 2742 4004 emanantia
2766 3960 2888 3999 cum
2926 3943 3161 3998 candore
3203 3938 3416 3996 radios,
3449 3935 3503 3986 in
3531 3932 3664 3986 sub-

2077 4019 2274 4093 stantia
2292 4037 2582 4108 simplices,
2601 4045 2653 4090 et
2679 4032 3027 4103 intelligentia
3051 4027 3395 4096 multiplices.
3419 4019 3660 4073 Tandem

2075 4138 2387 4198 segregatus
2406 4143 2436 4180 a
2460 4125 2800 4180 multitudine
2821 4121 3083 4194 populari,
3115 4119 3168 4173 id
3194 4123 3279 4172 est
3303 4155 3318 4178 ,
3363 4108 3668 4165 multifaria

2074 4219 2330 4289 Opinione
2357 4215 2680 4271 materiali"
2702 4230 2824 4268 cum
2852 4209 3237 4282 principalibus
3267 4199 3660 4260 affectionibus,

2071 4308 2318 4366 ascendit
2360 4308 2426 4362 ad
2468 4307 2635 4360 Deutn
2677 4302 2989 4359 videndum.
3023 4297 3151 4366 Ejus
3193 4304 3368 4349 tamen
3414 4290 3666 4344 substan-

2078 4403 2206 4458 tiam
2232 4416 2337 4457 non
2363 4399 2528 4464 videt,
2562 4413 2694 4452 cum.
2714 4395 2788 4450 sit
2835 4387 3154 4451 invisibilis,
3186 4383 3280 4441 sed
3318 4382 3535 4442 locum,
3571 4375 3664 4464 ubi

402 4488 546 4544 haiic
565 4492 1051 4547 considerationem
1074 4492 1526 4548 Bartholomaeus
1552 4491 1662 4547 Deo
1686 4489 1979 4546 conformis
2004 4487 2055 4547 D
2081 4492 2222 4548 Deus
2251 4499 2353 4555 est,
2385 4463 2650 4556 siveipse
2695 4484 2843 4539 locus
2871 4480 2940 4536 sit
2964 4476 3172 4532 caelum
3216 4482 3465 4528 serenum
3488 4505 3503 4531 ,
3549 4463 3666 4556 sive

399 4579 628 4645 scribit,
671 4581 994 4652 theologiam
1029 4583 1074 4615 ¹⁶
1111 4583 1373 4652 prolixam
1406 4597 1526 4638 esse
1566 4583 1620 4636 in
1661 4582 1872 4646 verbis,
1922 4589 1978 4636 et

401 4678 694 4723 conﬂatam
725 4672 778 4724 in
807 4667 1076 4737 sensibus,
1106 4681 1159 4726 et
1183 4671 1527 4742 Evangelium
1541 4671 1706 4727 latum
1735 4672 1786 4725 in
1813 4686 1972 4741 purae

401 4758 556 4825 bolis,
582 4770 637 4816 et
663 4778 918 4834 magnum
960 4763 1014 4818 in
1050 4761 1325 4827 historiis,
1356 4770 1411 4818 et
1453 4777 1666 4818 rursum
1701 4771 1878 4817 artum
1918 4769 1976 4817 et

403 4865 624 4919 parvum
652 4852 706 4908 in
757 4854 1046 4925 mysteriis.
1077 4852 1182 4908 Per
1221 4860 1324 4907 hoc
1359 4863 1540 4907 autem
1565 4852 1709 4917 dico,
1755 4851 1972 4906 beatum

400 4942 870 5000 Bartholomaeum
892 4945 1068 5001 divina
1091 4945 1353 5017 sapientia
1379 4945 1594 5015 plenum
1617 4983 1632 5008 ,
1655 4958 1975 5012 supermun-

401 5031 597 5088 danum
653 5035 987 5092 intellectum
1034 5037 1286 5092 habuisse
1307 5075 1324 5101 ,
1374 5034 1622 5090 videlicet
1667 5034 1811 5102 quod
1863 5033 1976 5102 ipse

399 5122 566 5193 Deus,
589 5127 795 5198 quiest
835 5128 1099 5185 bonorum
1133 5127 1376 5185 omnium
1407 5119 1614 5191 causa,
1659 5123 1840 5178 multis
1865 5138 1977 5178 ser-

2081 4598 2218 4655 apex
2246 4553 2436 4653 lapidis
2464 4553 2738 4650 sapphiri,
2751 4575 2867 4630 sive
2889 4569 3028 4644 ignis
3049 4568 3266 4631 ardens,
3291 4562 3406 4618 sive
3428 4553 3654 4615 cacumi-

2081 4689 2152 4729 na
2178 4675 2230 4706 η
2248 4672 2466 4729 montis.

2755 4749 2983 4794 TEI‘I'US.

2153 4852 2270 4908 Hoc
2297 4861 2470 4906 autem
2499 4859 2621 4922 pnto
2663 4847 2961 4919 signiﬁcare
2984 4841 3309 4897 diuinissima
3344 4835 3666 4922 visorum-“

2078 4945 2452 5001 intellectorum
2473 4917 2509 5010 ,ἰ
2527 4959 2636 4997 esse
2665 4917 2926 5010 subjectae
2947 4937 3206 5008 quasdam
3232 4930 3459 4985 rationes
3484 4917 3671 5010 subje-

2081 5044 2286 5089 ctorum
2317 5034 2494 5088 omnia
2538 5031 2827 5095 excedenti,
2871 5043 2962 5098 per
3007 5041 3142 5095 quae
3170 5016 3465 5092 praesentia
3512 5008 3673 5078 ejus,
3740 5033 3742 5039 ι

2080 5143 2216 5197 quae
2268 5135 2341 5180 est
2392 5140 2547 5196 super
2599 5137 2801 5178 omnem
2853 5117 3237 5187 cogitationem,
3290 5102 3672 5161 manifestatur-

1666 5235 1923 5291 VARIAE
1958 5236 2360 5296 LECTIONES.

474 5365 491 5397 ί
521 5362 651 5397 Ρηηὲ
720 5363 818 5397 nml
872 5363 1140 5397 nh‘3nuum-
1225 5363 1248 5395 ι
1277 5359 1409 5397 Chni
1475 5371 1575 5397 nm
1601 5372 1760 5397 rnuan
1795 5357 1814 5397 ὅ

521 5362 697 5432 Conj.,
719 5363 840 5420 cod.
870 5363 1151 5434 ph‘iorum-.
1225 5363 1248 5395 ’
1277 5359 1453 5428 Geni,
1469 5371 1761 5483 grqcansa
1795 5358 1851 5411 in
1882 5358 2001 5411 cod.
2031 5365 2159 5411 tam.
2259 5358 2282 5388 ³
2311 5358 2489 5427 Conj.,
2517 5358 2639 5411 cod.
2675 5364 2692 5409 t
2722 5358 2921 5408 iirium.

521 5451 642 5508 rers.
697 5444 754 5489 et
791 5443 920 5508 text.
967 5449 1072 5508 gr;
1140 5433 1162 5464 '
1189 5431 1369 5508 Co_rr.,
1402 5445 1468 5508 eo
1507 5468 1522 5482 .
1560 5427 1860 5508 Intendens.
1935 5426 1957 5457 ⁸
1999 5425 2178 5508 corn,
2209 5427 2329 5481 cod.
2358 5427 2661 5508 pensatum
2692 5441 2795 5508 non
2821 5420 3002 5508 velate:

396 5505 589 5557 menda
613 5514 664 5558 et
701 5505 908 5558 menda.
968 5495 1008 5535 ἲ
1031 5503 1157 5558 Cor.
1194 5502 1262 5555 ad
1284 5500 1486 5554 omnia.
1560 5497 1582 5529 ’
1615 5495 1800 5550 Glossa
1831 5511 1964 5560 om.,
2001 5495 2124 5549 add.
2155 5511 2220 5549 ex
2251 5495 2392 5563 conj.

1968 5567 2012 5598 1.
2039 5566 2150 5598 l‘l‘s.
2199 5566 2421 5598 ιιι-ΙΛΙΛηῖ

1576 5566 1887 5636 βτηιαεὲοηὶ.
1968 5567 2012 5598 ³⁸
2039 5566 2171 5620 Cod.
2197 5566 2529 5634 catologiam.
2609 5566 2649 5591 ’δ
2679 5566 2782 5614 Pro
2820 5566 2937 5610 ideo
2964 5566 3084 5608 eou.
3117 5567 3171 5604 in
3202 5566 3284 5605 eo.
3317 5579 3320 5582 ~
3361 5566 3406 5580 ο-
3433 5566 3564 5599 υυυ.
3613 5566 3669 5604 τε

1576 5639 1615 5669 ⁸⁷
1658 5637 1838 5699 Corn,
1871 5635 1992 5691 cod.
2043 5635 2416 5689 intellectuales
2464 5629 2921 5698 contemplationes
2960 5623 3263 5678 exercitium
3299 5620 3669 5677 consumatur,

396 5451 463 5489 ex
501 5451 642 5488 vers.
697 5444 754 5489 et
791 5443 920 5488 text.
967 5449 1047 5503 gr.

395 5575 529 5626 tioni
550 5573 671 5629 cod.
702 5589 820 5627 cum
858 5572 1228 5643 negociacioni.
1304 5571 1346 5643 ‘7'
1367 5569 1498 5623 Cod.
1529 5565 1887 5643 afﬁrmationi.

395 5643 453 5694 id
490 5643 718 5696 verbum.
799 5642 994 5698 “God.
1040 5645 1095 5696 in
1133 5657 1224 5711 per
1257 5642 1496 5692 mixtam.

2259 5357 2282 5388 ³
2311 5356 2489 5427 Conj.,
2517 5356 2639 5411 cod.
2675 5364 2692 5409 t
2720 5341 2921 5408 ii—riuns.
3017 5348 3039 5378 ⁵
3069 5359 3189 5401 esse
3215 5354 3325 5395 om.
3358 5331 3511 5396 code.
3535 5328 3673 5410 Ιρᾴυ

2259 5427 2327 5467 sd-
2365 5444 2465 5467 non
2494 5427 2660 5467 anlsun
2693 5441 2795 5467 smn
2821 5420 3002 5467 uelata.
3079 5417 3099 5446 ⁷
3127 5412 3282 5467 Εοιτ.
3303 5448 3318 5467 ,
3340 5404 3460 5461 (30d-
3488 5414 3580 5467 (μη
3608 5415 3673 5453 ν’

2484 5415 2661 5480 solum
2692 5441 2795 5477 non
2821 5420 3002 5475 velate.
3079 5417 3099 5446 ⁷
3127 5415 3282 5467 Corr.
3303 5448 3318 5472 ,
3340 5415 3460 5482 cod.
3488 5415 3580 5469 qut
3608 5415 3674 5453 ne

2484 5497 2526 5528 ¹⁰
2551 5495 2682 5548 Cod.
2709 5492 2834 5561 aliq.
2866 5557 2875 5561 _
2914 5489 2955 5518 "
2983 5487 3162 5561 Corn,
3193 5488 3469 5561 pro-omn:
3483 5485 3659 5561 nega-

2609 5541 2937 5614 ii"Pi-triduo
2964 5555 3084 5608 eod.
3117 5541 3171 5604 in
3196 5541 3284 5605 eo.
3317 5579 3320 5582 ~
3361 5546 3406 5580 “
3433 5541 3564 5599 Cod.
3613 5556 3671 5604 es

402 5721 802 5790 “‘Corr.,cod.
832 5734 900 5780 et.
979 5723 1018 5756 ¹²
1057 5700 1250 5789 Corn,
1274 5721 1394 5777 cod.
1434 5718 1732 5774 eminentis.
1809 5718 2063 5782 “Corn,
2088 5716 2210 5770 cod.
2238 5700 2405 5768 natali.
2482 5712 2523 5743 ¹¹
2557 5709 2729 5775 Corn,
2766 5707 2884 5764 cod.
2919 5703 3236 5760 cacttminis.
