4178 6266
558 266 668 327 375

567 471 681 543 ejus
725 480 1082 546 superveniens
1105 498 1125 545 ;
1164 492 1286 538 tunc
1333 486 1472 543 etab
1514 489 1640 557 ipsis
1681 491 1901 548 solvitur
1941 496 2059 550 visis
2090 508 2139 552 et

544 562 874 640 uidentibus,
920 576 968 622 et
1010 569 1081 647 ad
1116 571 1390 642 caliginem
1437 577 1763 646 ignorantiae
1805 585 1984 651 intrat,
2007 604 2142 657 quae

565 653 735 726 caligo
752 672 863 710 uere
887 668 959 712 est
979 661 1219 729 mystica,
1250 664 1306 719 in
1330 683 1433 739 qua
1460 668 1657 724 claudit
1689 690 1862 730 omnes
1886 653 2138 749 cognitio-

565 759 655 799 nes
678 747 693 777 ¹
713 789 728 811 ,
758 759 804 800 et
839 749 892 804 in
922 750 1242 829 impalpabili
1274 758 1483 814 omnino
1521 770 1565 816 et
1598 762 1840 820 invisibili
1866 747 1959 835 ﬁt,
1973 772 2141 825 omnis

562 832 786 888 existens
805 826 945 905 ejus,
962 838 1052 907 qui
1072 849 1146 893 est
1170 858 1326 911 super
1345 847 1542 914 omnia,
1558 860 1606 902 et
1626 851 1843 918 nullius,
1875 873 2035 927 neque
2056 859 2140 912 sui

546 920 749 1001 lipsius,
774 941 933 995 neque
958 927 1194 1001 alterius,
1228 936 1436 989 omnino
1462 948 1634 993 autem
1664 941 1840 1011 ignoto
1874 949 2138 1004 vacatione

544 996 728 1064 omnis
775 1016 1080 1082 cognitionis
1121 1022 1404 1076 secundum
1436 1025 1457 1055 ³
1485 1028 1670 1083 melius
1712 1033 1922 1098 unitus,
1963 1045 2013 1089 et
2050 1053 2132 1107 eo,

544 1100 697 1181 quod
722 1103 853 1158 nihil
879 1108 1163 1177 cognoscit,
1189 1098 1344 1182 super
1369 1126 1944 1191 mentemvcognoscens.
2004 1194 2007 1197 _
2096 1128 2099 1129 ⁷

1240 1237 1475 1294 (item,
1544 1266 1547 1267 ν

544 1342 545 1345 η
588 1362 591 1365 ι
626 1321 773 1379 Talis
809 1337 884 1381 est
924 1343 1126 1387 sensus.
1168 1331 1376 1391 Dictum
1421 1346 1540 1404 est,
1580 1341 1747 1396 Deum
1789 1357 1894 1398 non
1928 1345 2130 1414 vi‘ieri,

550 1416 650 1471 sed
679 1416 875 1486 locum,
903 1423 993 1478 ubi
1024 1433 1130 1491 est,
1168 1425 1221 1480 id
1259 1436 1342 1482 est
1387 1429 1441 1483 in
1476 1434 1739 1487 creaturis
1776 1436 2129 1505 quibusdam,

546 1519 695 1574 quae
743 1508 999 1567 dicuntur
1036 1523 1093 1568 et
1135 1515 1469 1572 divinissima
1516 1521 1755 1591 subjecta
1790 1524 2030 1579 visorum
2076 1536 2133 1582 et

452 1663 456 1667 ⁴
542 1596 975 1670 intellecturum,
1008 1606 1093 1660 vel
1140 1607 1471 1665 divinissima
1510 1611 1625 1668 loca
1649 1654 1663 1679 ,
1696 1616 1823 1684 quia
1868 1617 2003 1672 nihil
2048 1618 2128 1673 di-

1935 290 2219 359 JOANMS
2255 296 2451 359 SCOTI

554 380 977 467 ‘inlelligibilious
1010 391 1395 453 summitatibus
1433 397 1882 461 sanctissimorum
1909 402 2141 469 locorum
2168 410 2219 470 Α
2245 426 2387 469 scere
2413 433 2528 473 eum

3708 333 3816 403 376

2539 460 2553 486 ,
2588 423 2682 492 qui
2704 434 2789 480 est.
2803 441 2960 495 super
2985 445 3190 487 omnem
3220 435 3467 505 visionem
3495 449 3543 495 et
3565 444 3819 513 cognitio—

2246 522 2359 564 nem
2379 512 2484 574 ;in
2504 513 2616 591 ipso
2641 532 2743 573 non
2760 519 2932 574 videre
2953 529 3002 575 et
3024 538 3129 577 non
3159 540 3467 595 cognoscere
3492 542 3565 585 est
3589 533 3612 564 ⁸
3632 512 3816 605 super-

2238 599 2629 660 substantialem
2647 610 3216 678 supersubstantialiter
3231 616 3452 675 laudare
3468 639 3563 691 per
3581 599 3813 697 omnium

2239 690 2570 753 existentium
2598 693 2935 763 oblationem,
2976 700 3109 755 sicut
3151 704 3313 772 ipsius
3356 690 3576 765 naturae
3612 690 3815 788 insigne

2238 780 2503 850 facientes,
2532 785 2824 854 auferentes
2848 791 3214 858 prohibitiones
3244 798 3515 867 oﬂicientes
3534 802 3554 832 "
3583 780 3812 859 mundae

2230 873 2428 929 ,Occulti
2450 876 2471 905 ⁸
2503 876 2704 943 visioni,
2736 888 2783 932 et
2810 880 2973 949 ipsam
3001 882 3054 936 in
3075 900 3130 938 se
3154 885 3263 956 ipsa
3287 889 3547 945 ablatione
3575 893 3689 949 sola
3720 911 3807 949 oc-

2238 959 2432 1015 cultam
2463 965 2857 1037 manifestantes
2882 971 3344 1040 pulchritudinem.

2747 1076 3029 1118 EXPOSITIO
3070 1081 3273 1122 TITULI.

2307 1142 2579 1208 Quomodo
2607 1161 2803 1234 Oportet
2825 1154 2983 1207 uniri.
3017 1154 3203 1211 Status
3226 1160 3480 1218 unitionis
3498 1180 3601 1219 non
3625 1177 3802 1236 potest

2230 1230 2392 1285 aliter
2420 1234 2671 1301 obtineri,
2706 1227 2807 1294 nisi
2837 1254 2934 1310 per
2977 1242 3433 1305 ferventissimam
3480 1227 3802 1312 desiderium

2226 1325 2483 1380 mentalis
2520 1328 2802 1395 orationis,
2839 1341 2894 1387 et
2943 1346 3039 1404 per
3074 1322 3339 1393 ~virtutem
3386 1347 3807 1412 supermentalis

2230 1413 2553 1479 atl‘ectionis,
2588 1420 2655 1473 ad
2691 1434 2852 1489 quam
2883 1438 2989 1478 non
3017 1427 3231 1498 attingit
3251 1430 3438 1486 oculus
3464 1433 3803 1492 intellectua-

2224 1504 2299 1560 lis
2328 1509 2682 1577 cognitionis;
2727 1512 2883 1569 unde.
2910 1516 3035 1570 talis
3063 1518 3298 1588 cognitio
3328 1521 3525 1577 dicitur
3562 1524 3677 1579 ﬁeri
3708 1542 3806 1596 per

2230 1597 2612 1667 ignorantiam.
2656 1602 2913 1675 Proprias
2947 1616 3124 1662 autem
3176 1610 3403 1681 hymnus
3458 1613 3571 1669 sive
3612 1617 3805 1675 modus

540 1686 964 1748 Vinius-mente
1012 1695 1300 1752 intuemur.
1349 1698 1553 1767 Quibus
1598 1705 1830 1761 arbitror
1856 1707 2120 1779 designari

2231 1688 2400 1744 Deum
2438 1691 2693 1749 laudandi
2724 1704 2808 1751 est
2831 1708 2929 1767 per
2966 1700 3329 1768 negationem,
3358 1703 3469 1757 sive
3501 1718 3596 1774 per
3619 1721 3803 1763 remo-

536 1790 789 1837 sununas
812 1791 879 1837 et
913 1793 1160 1842 aeternas
1201 1791 1517 1862 architipias
1557 1795 1672 1853 sive
1718 1798 1983 1865 rationes,
2013 1802 2127 1858 sive

547 1870 877 1941 exemplaria
920 1877 1159 1933 omnium
1185 1889 1559 1939 creaturarum
1602 1886 1709 1942 Deo
1738 1887 2123 1957 subiectarum,

545 1972 645 2030 per
666 1977 802 2029 quas
829 1964 969 2021 Deus
999 1966 1057 2021 tit
1104 1982 1361 2037 praesens
1384 1983 1485 2037 ,‘ct
1510 1976 1780 2045 coguitivc
1817 1979 1974 2034 nobis
2006 1996 2122 2034 ma-

536 2044 769 2107 snil‘estat
794 2066 852 2115 se
874 2053 1069 2122 ipsum,
1097 2058 1252 2126 nobis
1289 2060 1354 2117 de
1375 2061 1568 2128 spiritu
1586 2044 1893 2121 infundens
1919 2078 1975 2122 et
2002 2083 2120 2124 ma-

546 2134 812 2194 nifestans
856 2142 1259 2214 priueipaliores
1303 2152 1700 2220 et‘superiores
1742 2154 2123 2227 intelligentiae

542 2229 841 2285 eorundem
852 2272 857 2275 -
868 2233 1157 2302 rationum,
1182 2252 1320 2307 quae
1336 2248 1608 2310 utcunque
1621 2244 1642 2274 ³
1658 2246 1809 2301 nobis
1824 2259 1952 2302 sunt
1968 2249 2122 2305 intel-

535 2317 779 2389 ligibiles
801 2338 898 2392 per
921 2327 1194 2396 speculum
1213 2330 1255 2384 ⁸.
1278 2329 1475 2388 Postea
1499 2333 1709 2406 Moyses
1734 2341 2120 2406 separatur-ab

545 2407 665 2475 bis,
693 2413 785 2482 qui
811 2427 992 2470 metu
1016 2417 1190 2474 locum
1220 2421 1313 2477 Dei
1344 2424 1608 2492 viderant,
1638 2428 1692 2483 id
1728 2438 1830 2494 est,
1854 2430 1924 2493 ab
1950 2433 2120 2487 eumi-

540 2496 648 2557 δυο
674 2499 1130 2567 intellectibilibus
1175 2510 1552 2581 opinionibus,
1593 2525 1647 2571 et
1676 2519 2012 2576 subtrahitur
2052 2523 2119 2581 ab

539 2590 691 2645 omni
728 2591 1073 2667 intelligentia
1102 2607 1157 2653 et
1184 2601 1300 2657 visu
1332 2606 1550 2661 mentali
1570 2645 1585 2670 ,
1613 2615 1666 2662 et
1694 2609 1857 2663 intrat
1890 2611 1959 2664 ad
1982 2610 2118 2667 cali»

538 2681 723 2750 ginem
752 2684 1107 2755 ignorantiae,
1134 2692 1261 2760 quia
1278 2695 1467 2750 unitur
1490 2698 2117 2769 incomprehensibilitati

540 2771 772 2837 divinae,
795 2776 889 2843 qui
913 2791 1046 2846 apex
1072 2779 1459 2852 intelligentiae
1488 2799 1595 2841 non
1623 2797 1952 2857 penetratur,
1980 2807 2119 2861 quae

541 2860 722 2932 caligo
749 2877 875 2919 vere
903 2878 986 2922 est
1015 2872 1261 2939 mystica,
1288 2873 1340 2927 id
1368 2883 1470 2940 cst,
1501 2876 1702 2942 clausa,
1734 2881 1858 2948 quia
1883 2860 2013 2935 vere
2035 2893 2117 2937 est

540 2954 719 3009 omnis
747 2957 1069 3027 cognitionis
1103 2961 1351 3018 clausura
1375 3005 1389 3030 ,
1422 2968 1555 3022 etin
1594 2984 1653 3025 se
1684 2970 1884 3025 claudit
1931 2989 2112 3029 secre-

540 3040 784 3109 tissima,
829 3046 967 3102 celat
1000 3064 1186 3105 omnes
1231 3056 1702 3124 compreltensivas
1749 3061 2110 3130 cognitiones,

535 3131 678 3189 sicut
699 3135 754 3190 in
776 3137 949 3207 prima
978 3141 1218 3195 omnium
1248 3159 1434 3211 causa,
1466 3157 1522 3201 et
1540 3148 1635 3217 per
1662 3149 1801 3204 hanc
1826 3152 2109 3222 cubginem

536 3226 717 3282 omnis
739 3229 951 3284 animus
983 3232 1165 3286 unitur
1187 3231 1315 3297 Deo,
1346 3235 1397 3289 id
1417 3244 1523 3300 est,
1557 3227 1719 3307 super
1744 3241 1924 3294 omnia
1971 3241 2030 3294 lit
2059 3230 2112 3297 in

535 3323 682 3371 Statu
731 3317 1205 3387 excellentissimo,
1257 3340 1417 3393 quem
1470 3342 1569 3382 nec
1613 3329 1750 3383 ratio
1798 3330 1976 3400 palpat
2018 3349 2114 3402 per

535 3403 1029 3480 investigationem,
1086 3429 1187 3470 nec
1234 3415 1535 3474 intellectus
1581 3423 1975 3492 contemplatur
2018 3438 2115 3494 per

534 3497 821 3567 visionem,
843 3516 940 3572 per
972 3520 1130 3572 quem
1170 3516 1224 3563 et
1250 3517 1444 3563 statuat
1484 3511 1551 3565 ab
1582 3513 1830 3567 omnibus
1864 3514 1985 3570 aliis
2009 3556 2023 3579 ,
2057 3526 2111 3571 et

536 3603 570 3642 a
616 3605 677 3645 se
734 3592 848 3662 ipso
894 3607 1205 3666 separatur,
1259 3611 1519 3671 quantum
1577 3603 1642 3655 ad
1692 3603 2111 3661 intellectualem

533 3680 786 3749 propriae
831 3684 1149 3755 cognitionis
1182 3691 1541 3757 praesentiam
1566 3731 1580 3756 ,
1622 3699 1677 3746 et
1723 3709 1815 3762 per
1859 3695 2111 3751 unionem

536 3764 855 3836 dilectionis,
890 3789 1027 3844 quae
1048 3787 1129 3832 est
1157 3776 1397 3834 ell‘cctiva
1425 3796 1720 3836 convolsae
1766 3768 2108 3854 cognitionis,

536 3856 720 3911 unitur
743 3859 850 3915 Deo
880 3862 1331 3932 intcllectualiter,
1355 3866 1463 3923 Deo
1497 3864 1678 3940 ignoto
1702 3869 1744 3934 ',
1771 3874 2075 3942 cognitione
2093 3916 2107 3941 ,

535 3963 675 4018 quae
693 3951 863 4007 multo
901 3956 1092 4012 melior
1115 3968 1219 4024 est,
1246 3974 1404 4028 quam
1427 3961 1497 4015 sit
1516 3961 1748 4031 cognitio
1779 3962 2112 4019 intellectua-

534 4037 623 4106 lis,
645 4051 700 4096 et
728 4041 869 4098 ineo
893 4083 908 4109 ,
937 4047 1079 4114 quod
1116 4047 1524 4105 intellectualem
1565 4053 1923 4122 cognitionem
1959 4054 2112 4111 dere-

535 4130 748 4205 liuquit,
765 4136 878 4192 sive
894 4136 1245 4207 intellectum,
1263 4151 1316 4195 et
1334 4152 1564 4196 mentem
1580 4141 1790 4198 Domini
1814 4145 2107 4214 cognoscit,

535 4220 719 4290 idest,
763 4239 862 4294 per
888 4227 1203 4296 sapientiam
1253 4229 1713 4296 intellectualem,
1758 4246 1897 4300 quae
1946 4246 2110 4301 super

533 4310 733 4369 donum
766 4316 1083 4375 intellectus.
1113 4319 1202 4374 llla
1244 4323 1388 4375 enim
1416 4323 1583 4376 Deum
1615 4324 1857 4391 agnoscit
1891 4332 2108 4392 prepter

2232 1780 2455 1846 tionem,
2489 1784 2628 1839 sicut
2656 1794 2739 1841 est
2766 1787 2949 1863 videre
2977 1790 3026 1842 in
3055 1789 3220 1857 ﬁgura
3262 1791 3420 1857 linea,
3451 1807 3480 1846 a
3510 1809 3614 1863 qua
3648 1803 3802 1852 tanto

2228 1872 2399 1941 magis
2418 1871 2636 1928 videtur
2660 1875 3003 1944 pulchritudo
3031 1877 3251 1948 ﬁgurae.
3406 1948 3411 1951 _

2296 1963 2483 2020 Modus
2510 1964 2535 1997 ⁹
2566 1964 2884 2039 vero'hujus
2914 1969 3084 2024 laudis
3119 1980 3173 2025 et
3208 1972 3261 2026 in
3290 1973 3531 2043 opere“
3558 1976 3627 2032 ab
3656 1976 3799 2033 infe-

2222 2051 2461 2109 rioribus
2481 2056 2548 2110 ad
2568 2057 2844 2129 superiora
2870 2058 3226 2116 ascendendo.
3602 2086 3608 2093 ·

2252 2130 2257 2137 ’
2676 2140 2719 2173 ⁸
2900 2165 3127 2206 resres.

2293 2237 2361 2293 In
2389 2239 2487 2293 hac
2514 2238 2860 2310 superlucenti
2884 2252 2981 2296 etc.

2708 2330 2709 2333 “
2895 2347 3113 2389 ςιοεεΑ.

2293 2417 2488 2475 Sensus
2517 2420 2635 2474 talis
2664 2429 2761 2475 est.
2815 2420 2952 2476 Toto
2980 2423 3179 2478 mentis
3204 2422 3397 2479 affectu
3425 2437 3675 2494 optamus
3698 2443 3798 2484 nos

2223 2506 2417 2568 lieri‘in
2442 2513 2668 2582 caligine
2703 2513 3083 2583 superlucenti,
3119 2514 3172 2568 id
3201 2524 3304 2579 est,
3332 2515 3383 2569 in
3414 2525 3555 2572 statu
3580 2517 3787 2593 [super]

2221 2600 2563 2661 intellectuali
2590 2606 2653 2671 “,
2682 2605 2807 2674 quia
2832 2600 3058 2661 lucidior
3079 2614 3161 2661 εει
3181 2607 3245 2671 ¹¹,
3270 2622 3429 2676 quam
3459 2611 3795 2667 intellectua—

2219 2698 2285 2753 lis
2309 2740 2323 2763 ,
2360 2709 2420 2753 ut
2454 2713 2550 2767 per
2585 2699 2781 2753 mentis
2823 2711 3102 2753 excessum
3126 2741 3140 2765 ,
3189 2697 3376 2772 [quod]
3406 2701 3447 2732 “
3492 2702 3792 2760 intellectus

2219 2802 2323 2841 non
2363 2788 2522 2849 videt,
2572 2803 2675 2842 nec
2702 2787 2885 2858 aliquo
2917 2789 3077 2844 modo
3111 2790 3410 2859 cognoscit,
3451 2792 3717 2860 possimus
3746 2797 3791 2827 “

2218 2878 2388 2932 Deum
2449 2890 2775 2947 cognoscere
2821 2886 2876 2932 et
2920 2879 3107 2933 videre
3158 2880 3787 2949 superintellectualiter,

2214 2980 2313 3035 per
2341 2965 2697 3021 remotionem‘
2725 2965 2975 3022 videlicet
3019 2966 3391 3024 intellectualis
3437 2970 3789 3039 cognitionis,

2141 3088 2189 3165 α
2221 3071 2344 3110 cum
2371 3055 2484 3124 ipse
2515 3054 2657 3110 Deus
2685 3056 2802 3111 visu
2846 3056 3192 3112 intellectuali
3236 3056 3541 3113 nullatenus
3563 3061 3793 3132 attinga-

2220 3157 2327 3199 tur.
2376 3145 2549 3198 Etiam
2599 3158 2882 3214 precamur
2915 3146 2981 3211 *',
3015 3160 3113 3201 nos
3149 3146 3366 3203 laudare
3408 3163 3567 3219 posse
3607 3165 3793 3221 super-

2210 3233 2625 3289 ‘suhstantialem
2674 3234 3281 3308 supersubstantlaliter,
3332 3238 3383 3292 id
3444 3249 3547 3304 est,
3600 3240 3790 3306 Deum,

2217 3324 2308 3394 qui
2337 3324 2548 3379 excedit
2594 3335 2808 3379 omnem
2846 3325 3203 3381 substantiam
3244 3336 3297 3382 et
3336 3344 3495 3384 onme
3539 3346 3654 3397 eus,
3692 3347 3793 3400 per

2217 3415 2543 3469 oblationem
2569 3415 2807 3467 omnium
2835 3413 3205 3479 eximendum,
3237 3416 3377 3471 sicut
3405 3427 3489 3472 est
3517 3419 3701 3473 videre
3732 3421 3786 3475 in

2216 3505 2534 3567 artiﬁcibus.
2567 3505 2657 3575 qui
2687 3505 2920 3576 aliquam
2968 3495 3235 3561 fabricant
3280 3507 3676 3562 similitudinem
3717 3509 3787 3564 de

2208 3586 2393 3665 "aliqua
2417 3593 2710 3649 inanimato
2737 3595 2983 3660 materia,
3007 3596 3097 3664 qui
3115 3595 3403 3665 sculpendo
3427 3603 3481 3649 et
3499 3596 3788 3653 incidenda

2214 3692 2494 3738 removent
2525 3682 2822 3739 exteriores
2854 3684 3322 3755 p'artcs'materiae
3342 3686 3659 3756 grossiores,
3689 3688 3786 3756 qui

2212 3772 2488 3829 occultant
2527 3782 2582 3826 et
2611 3774 2946 3843 cooperiunt,
2977 3790 3046 3831 ne
3087 3775 3257 3831 videri
3302 3777 3470 3846 possit
3512 3776 3602 3830 illa
3643 3792 3781 3846 pura

2202 3870 2413 3939 imago,
2466 3884 2603 3939 quae
2637 3867 2956 3924 naturaliter
3001 3879 3056 3924 et
3087 3871 3449 3940 potentialiter
3495 3871 3538 3903 ³⁸
3566 3879 3650 3927 εει
3696 3871 3784 3927 in-

2211 3961 2400 4022 terius,
2425 3967 2477 4014 et
2504 3974 2602 4030 per
2636 3960 2807 4016 solam
2836 3959 3021 4014 talium
3051 3960 3497 4017 oﬁ‘emliculorum
3529 3962 3782 4018 remotio-

2211 4066 2331 4105 nem
2374 4051 2491 4105 sine
2517 4049 2622 4103 alio
2649 4049 3014 4104 additamenta
3058 4050 3433 4107 manifestatur
3472 4053 3524 4106 in
3566 4052 3784 4122 propria

2209 4141 2387 4207 specie
2418 4140 2585 4209 ipsius
2613 4139 2863 4209 imaginis
2904 4132 3266 4210 pulchritudo,
3296 4156 3435 4217 quae
3465 4141 3615 4211 prius
3649 4141 3783 4196 late-

2208 4232 2300 4288 bat
2330 4233 2382 4286 in
2410 4228 2638 4286 occulto.

2640 4322 2641 4325 ‘
2692 4330 2695 4331 '
2878 4315 3109 4357 τειτῠε.
3128 4340 3129 4343 η

533 4407 829 4467 unitionem
852 4450 869 4479 ,
915 4412 1050 4466 haec
1094 4429 1221 4470 vero
1248 4430 1348 4485 per
1388 4417 1623 4470 rationes
1658 4390 1839 4470 Verbi.
1880 4390 2107 4485 Explicit
2134 4422 2186 4480 ι)
2284 4394 2497 4464 θροτίθί
2534 4400 2730 4454 σ¹¹¹⁸²¹⁸’
2763 4391 2898 4485 ‘59“
2934 4394 3199 4485 “bur”!
3238 4391 3527 4485 αψλίθηα
3565 4390 3783 4485 ,ίαῨάῗιη

532 4498 760 4567 primum
791 4498 1114 4571 Capitulunt.

1064 4604 1460 4672 CAPITULUM
1509 4617 1574 4672 ll.

538 4715 808 4787 Quomodo
847 4731 1045 4790 oportet
1101 4726 1245 4779 uniri
1282 4736 1332 4781 et
1379 4728 1597 4810 hymnos
1647 4726 1838 4798 referre
1873 4730 2103 4786 omnium

510 4806 519 4817 ‘
672 4820 675 4823 λ
993 4809 1182 4851 causae
1201 4805 1247 4850 et
1274 4813 1429 4867 super
1454 4805 1647 4852 onmiu.

1200 4927 1303 4967 ἸΕΧ
1311 4930 1428 4969 TUS.
1466 4948 1467 4951 η

586 5020 636 5094 5
668 5023 718 5077 l.
748 5012 819 5078 In
862 5020 961 5080 hac
990 5029 1335 5100 superlucenti
1379 5032 1599 5103 caligine
1641 5051 1734 5089 nos
1777 5036 1897 5105 ﬁeri
1922 5050 2102 5105 preca-

535 5129 674 5181 mur,
714 5127 762 5170 et
801 5134 893 5187 per
920 5134 1025 5174 non
1069 5122 1240 5177 videre
1263 5132 1313 5178 et
1364 5120 1607 5194 ignorare
1636 5126 1806 5180 videre
1834 5137 1882 5180 et
1911 5142 2102 5196 rognoo

2204 4487 2490 4549 contrario,
2517 4498 2675 4555 quam
2701 4482 3004 4551 positiones.
3043 4479 3254 4536 Etenim
3289 4481 3408 4534 illas
3435 4499 3468 4534 a
3493 4481 3677 4549 primis
3701 4481 3783 4533 in-

2203 4584 2469 4655 cipientes,
2496 4592 2588 4647 per
2602 4575 2777 4629 media
2805 4574 2875 4627 ad
2896 4572 3082 4627 ultisna
3108 4571 3538 4643 [descendentes,
3569 4569 3658 4622 hic
3685 4583 3783 4621 au-

2206 4683 2314 4730 tem
2338 4672 2407 4726 ab
2431 4665 2658 4737 ultimis]
2684 4666 2725 4697 ¹¹¹
2747 4662 3209 4735 αάρτίηιὶραιίοηι
3233 4675 3503 4714 ascensum
3528 4657 3780 4726 facientes

2204 4779 2298 4834 per
2317 4761 2488 4815 media
2512 4770 2694 4812 rursus
2716 4755 2785 4809 ad
2807 4750 3037 4808 extrema
3058 4752 3232 4805 omnia
3252 4748 3577 4849 auferimus,
3614 4755 3780 4849 stt-Ire-

2205 4852 2370 4909 vclate
2420 4864 2789 4921 cognoscamus
2833 4846 2978 4900 illam
3026 4842 3375 4913 ignorantia»:
3423 4839 3487 4893 ab
3540 4838 3779 4892 omnibus

2208 4942 2539 5000 noscibiiibus
2564 4942 2617 4995 in
2647 4939 2882 4995 omnibus
2907 4932 3237 4990 existentiuut
3262 4930 3702 4993 circanaeelatam,
3727 4940 3777 4983 et

2204 5033 2754 5106 supersubstantialem
2780 5029 2933 5083 illam
2958 5027 3222 5083 videmnus
3245 5024 3521 5094 caliginem
3546 5022 3610 5076 ab
3636 5024 3776 5075 omni

2204 5125 2400 5179 Iuntina
2426 5125 2480 5177 in
2509 5123 2844 5178 existentibus
2868 5119 2913 5153 ³⁸
2939 5116 3235 5174 occultam-

1829 5237 2082 5294 VARIAE
2115 5234 2515 5295 LECTlONES.

530 5320 537 5327 ’
602 5321 627 5357 ⁸
656 5320 836 5394 δοιῇ..
863 5334 966 5377 vox
994 5324 1050 5378 in
1084 5327 1202 5380 eod.
1238 5334 1346 5383 tum
1380 5323 1650 5396 corrupta.
1682 5336 1741 5382 ut
1768 5330 1866 5397 legi
1890 5340 2148 5398 nequeat.
2225 5332 2245 5362 ²
2272 5333 2392 5414 Pro.
2416 5330 2704 5387 secundum
2755 5329 2875 5384 cod.
2922 5328 3037 5383 sed.
3112 5327 3134 5359 ³
3162 5325 3295 5427 Cod;
3338 5335 3498 5411 ιιι-,σν

530 5391 1050 5465 s_aectumm._l.ocus
1074 5394 1130 5449 in
1158 5398 1278 5450 cod.
1304 5399 1744 5465 corroptissimus
1766 5407 1868 5452 est.
1914 5436 1919 5443 ι
1978 5399 1998 5430 ⁸
2024 5398 2197 5465 Ctmi..
2219 5403 2341 5455 cod.
2374 5412 2572 5465 ignota.
2648 5401 2693 5461 ,⁸
2716 5400 2896 5461 Corn,
2931 5398 3052 5452 cod.
3096 5407 3165 5452 et.
3318 5397 3498 5465 (gout.

2065 5417 2197 5465 θυι..
2219 5417 2341 5455 eoo.
2374 5417 2572 5472 ignota.
2648 5417 2693 5461 γ’
2716 5417 2896 5461 t.orr.,
2931 5417 3052 5452 cou.
3096 5417 3163 5452 et.

2080 5471 2122 5500 ι·
2153 5471 2242 5524 Sic
2264 5471 2407 5535 ('Otl.,
2427 5472 2551 5525 fort.
2578 5469 2679 5540 leg.
2702 5478 2756 5524 et
2780 5469 2830 5521 in
2852 5468 2949 5520 hoc
2978 5482 3163 5549 opere.

2141 5540 2193 5575 ’³ο
2211 5543 2349 5609 quod
2371 5540 2655 5603 omnemi”
2697 5539 2822 5594 add.
2853 5552 3095 5609 exgcon].

530 5391 1050 5467 s_ae_ctunim._l.ocus
1074 5394 1130 5449 in
1158 5398 1278 5450 cod.
1304 5391 1744 5467 corrunptissitnus
1766 5391 1868 5452 est.
1914 5436 1919 5443 ι

532 5461 784 5525 ﬁcientes.
860 5463 882 5495 ⁸
910 5462 1089 5528 Corn,
1113 5468 1231 5519 cod.
1264 5461 1483 5520 occulte.
1553 5466 1575 5497 ’
1604 5466 1733 5520 le.
1768 5468 1992 5521 modica.

528 5529 851 5593 tellectuali;
894 5548 1052 5600 super
1079 5535 1202 5589 add.
1232 5551 1296 5590 ex
1330 5538 1474 5591 coni.
1551 5537 1593 5568 “
1622 5535 1797 5599 Cum,
1838 5540 1954 5592 cod.
1993 5547 2061 5593 et.

527 5610 735 5674 sumus:
842 5600 1240 5674 "_Conjg.._cml.
1286 5608 1573 5674 privamur.

526 5665 655 5720 add.
694 5684 759 5723 ex
798 5666 937 5736 conj.

1670 5607 1713 5637 “
1738 5606 1919 5678 Corn,
1949 5609 2073 5663 cod.
2120 5606 2559 5678 potentionalitcr.

1020 5672 1064 5705 ’⁸
1089 5672 1268 5741 Couj.,
1287 5672 1400 5744 pro
1430 5677 1481 5730 in
1508 5676 1841 5737 existentibus
1869 5678 1987 5735 cod.
2018 5672 2340 5744 exeuntibus.

3591 5325 3612 5355 ⁸
3640 5321 3770 5377 Cod.

3318 5391 3498 5469 (iuni,
3535 5394 3653 5469 coll.
3688 5391 3773 5469 {lf-

3257 5466 3295 5497 “
3328 5460 3505 5533 Con},
3537 5460 3656 5515 cod.
3687 5460 3771 5510 in-

3199 5536 3241 5567 “
3270 5534 3448 5597 Corr.,
3485 5533 3603 5585 coal.
3643 5544 3764 5595 pos-

2653 5609 2694 5641 "
2720 5597 3108 5665 descendentes
3138 5640 3201 5648 --
3234 5604 3434 5661 ultimi:
3464 5616 3573 5657 0m.
3619 5597 3765 5663 cod.,

2648 5401 2693 5461 ,⁸
2716 5400 2896 5461 Corn,
2931 5398 3052 5452 cod.
3096 5407 3165 5452 et.
