4178 6266
409 375 516 430 277

1100 497 1288 536 GLOSSA
1297 520 1311 535 .

497 597 554 652 In
586 593 894 666 praemissis
937 591 1085 647 libris
1109 591 1277 645 Deum
1306 589 1528 643 laudare
1555 602 1654 657 per
1676 581 1990 665 allirmatio-

427 702 574 749 netu,
599 686 650 738 in
679 685 778 738 isto
798 691 974 735 autem
1002 688 1213 748 oportet
1238 678 1455 732 laudare
1483 691 1579 745 per
1600 673 1911 741 negationes
1935 678 1989 730 et

427 777 657 832 omnium
679 773 1005 835 ablationes,
1043 771 1185 840 quod
1210 770 1225 800 ¹
1250 769 1521 822 contrario
1547 766 1649 819 illis
1671 765 1714 816 '.
1749 763 1822 816 lbi
1846 761 1992 816 enim
2083 819 2087 824 ,

425 868 731 924 inchoantes
757 865 826 920 ab
861 863 1219 917 alIirmatione
1243 859 1324 915 vel
1348 858 1613 929 positione
1641 851 1992 924 principalio-

413 973 534 1012 'rttm
571 971 666 1026 per
700 955 876 1010 media
926 953 993 1005 ad
1045 952 1232 1005 ultima
1272 952 1587 1005 descensum
1639 945 1989 998 faciebamus.

417 1047 516 1102 llic
568 1057 750 1100 autem
815 1043 884 1096 ab
938 1043 1251 1096 ultimorum
1309 1038 1577 1092 ablatione
1631 1034 1989 1102 incipientes,

418 1151 591 1206 usque
625 1137 693 1189 ad
727 1134 1054 1188 ablutionem
1099 1129 1538 1202 principaliorum
1589 1123 1851 1195 gradatim
1901 1136 1996 1190 per

421 1226 602 1281 media
651 1223 1016 1283 ascendimus,
1058 1228 1112 1274 et
1159 1219 1356 1271 iterum
1386 1217 1451 1269 ad
1475 1224 1714 1268 extrema
1756 1209 1995 1264 reﬂexim

427 1313 610 1368 omnia
643 1312 711 1365 ab
757 1327 821 1364 eo
858 1310 1055 1380 pariter
1084 1306 1407 1369 auferimus,
1439 1302 1579 1372 quod
1605 1301 1715 1369 jam
1749 1298 1994 1362 facimus,

432 1413 494 1459 ut
521 1405 638 1460 sine
651 1403 769 1457 velo
799 1402 1052 1472 mysticae
1075 1398 1480 1468 signiﬁcationis
1508 1406 1894 1464 cognoscamus
1920 1390 2000 1444 di-

433 1497 614 1551 vinam
645 1491 1358 1563 incomprehensibilitatem,
1408 1504 1545 1559 quae
1584 1487 1794 1542 excedit
1839 1499 1999 1538 onme

432 1605 551 1653 ens,
577 1603 712 1657 quae
743 1602 868 1641 vere
914 1584 1122 1640 occulta
1162 1591 1248 1639 est
1272 1583 1339 1637 ab
1369 1582 1516 1638 omni
1547 1579 1770 1636 scientia
1802 1578 1854 1632 in
1881 1592 2000 1631 om-

431 1679 588 1735 nibus
613 1678 896 1733 creaturis.

933 1803 1329 1862 CAPITULUM
1364 1803 1446 1858 lll.
1478 1804 1500 1835 ³

428 1899 578 1966 Quae
592 1909 712 1953 sunt
733 1896 1110 1966 cataphaticae,
1134 1895 1191 1948 id
1209 1893 1673 1966 est,_af[ir_mativae
1695 1890 2000 1966 theologiae;

544 1979 594 2024 et
630 1986 760 2039 quae
791 1963 910 2022 sunt
945 1967 1285 2037 apopltaticae
1310 1964 1364 2030 ⁸,
1398 1964 1451 2017 id
1477 1973 1574 2028 est,
1608 1963 1894 2033 negativae.

1049 2076 1335 2132 rsxrus.‘

501 2171 570 2226 In
619 2172 640 2202 ⁸
685 2169 979 2239 theologicis
1038 2169 1247 2239 quidem
1308 2167 1655 2238 gpottfosibus
1704 2167 1725 2198 ⁷
1779 2165 2007 2220 maxime

436 2265 644 2334 propria
669 2263 689 2294 ⁸
722 2262 1062 2330 afﬁrmatione
1105 2259 1389 2329 tlteologiae
1415 2259 1750 2312 laudavimus
1790 2258 1832 2322 ’,
1873 2274 2004 2328 quo-

443 2357 595 2410 modo
623 2356 795 2408 divina
841 2367 886 2406 et
915 2355 1047 2406 bona
1074 2363 1263 2405 natura
1294 2350 1575 2419 singularis
1621 2351 1838 2411 dicitur,
1871 2363 2006 2416 quo-

446 2448 602 2500 modo
632 2447 788 2507 trina,
811 2461 941 2514 quae
961 2444 1242 2496 secundum
1274 2443 1436 2510 ipsum
1466 2442 1608 2494 dicta
1642 2440 1929 2509 paternitas
1959 2452 2007 2495 et

442 2537 793 2608 ﬁliatio,quid
817 2535 920 2590 vult
942 2545 1230 2588 monstrare
1254 2534 1476 2602 Spiritus
1503 2531 1782 2600 theologia,
1799 2547 2010 2601 quanto-

441 2631 510 2684 do
538 2646 604 2684 ex
633 2628 969 2682 immateriali
1000 2639 1047 2680 et
1069 2625 1292 2694 simplici
1319 2626 1450 2677 bono
1488 2626 1543 2676 in
1581 2623 1733 2676 corde
1755 2624 2010 2676 manentia

441 2721 684 2776 bonitatis
696 2717 1084 2790 pullulaverunt
1108 2715 1332 2776 lumina,
1348 2724 1394 2768 et
1416 2731 1482 2784 qu
1491 2713 1676 2767 omodo
1693 2714 1954 2766 mansione
1970 2712 2010 2742 ¹⁰

438 2810 494 2862 in
515 2811 626 2878 ipso
651 2819 698 2862 et
729 2809 783 2862 in
806 2825 860 2861 se
881 2808 1005 2876 ipsis
1029 2816 1074 2859 et
1097 2807 1150 2858 in
1166 2821 1220 2858 se
1243 2805 1460 2856 inuicem
1482 2811 1752 2856 coaeterna
1778 2799 2009 2869 pallula-

443 2899 572 2952 tioni
600 2906 992 2968 permanserunt
1025 2893 1419 2964 inegressibilia,
1445 2891 1698 2963 quomodo
1738 2890 2012 2960 supersub-

447 2987 709 3041 stantialis
733 2987 885 3040 Iesus
907 3027 922 3052 ,
945 2988 1202 3040 ltumanae
1228 2996 1444 3039 naturae
1479 2983 1746 3039 virtutibus
1770 2983 2014 3038 substan-

449 3081 525 3132 tia
559 3080 729 3148 factus
748 3119 762 3144 ,
794 3089 841 3132 et
875 3095 1204 3149 quaecunque
1241 3078 1348 3131 alia
1373 3075 1436 3130 ab
1460 3076 1672 3146 eloquiis
1695 3091 1934 3144 expressa
1957 3076 2010 3128 in

1093 365 1586 425 EXPOSITIONES
1623 364 1688 420 IN
1726 357 2075 416 MYSTICAM
2112 351 2555 412 TllEOLOGlAM
2596 354 2654 408 S.
2699 351 3014 408 DlONYSll.

2020 485 2066 542 Α
2099 483 2220 520 nem
2249 465 2544 520 naturalem
2575 479 2605 518 a
2647 463 2757 518 Deo
2786 465 2961 534 ipSum
2992 461 3158 518 Deum
3186 459 3398 516 tandem
3428 459 3667 518 inveniat

2074 557 2438 628 ‘singularem.

3559 344 3667 404 278

2446 676 2459 689 ,
2763 637 2994 680 TEXTUS.

2231 749 2248 774 ο
2371 715 2543 787 Igitur
2557 715 2610 768 in
2631 715 2927 784 theologicis
2940 724 3064 781 etc.,
3083 723 3141 769 ut
3157 711 3383 786 s[upra].

2773 821 2964 862 GLOSSA

2165 898 2310 954 Talis
2346 906 2422 952 est
2470 911 2650 950 sensus
2692 913 2711 949 :
2745 894 2801 948 ιη
2867 903 3096 950 tractatu
3161 897 3228 951 de
3293 893 3488 952 divinis
3541 895 3671 953 cha—

2093 989 2430 1051 racteribus,
2491 986 2544 1039 id
2605 994 2688 1040 est
2757 985 3128 1054 personalibus
3196 986 3667 1055 distinctionibus,

2085 1082 2328 1136 maxime
2363 1079 2806 1134 aiﬁrmationibus
2861 1082 2944 1134 usi
2991 1095 3197 1144 smnus,
3235 1083 3346 1136 sive
3393 1082 3674 1152 positioni-

2082 1173 2196 1227 'bus
2217 1172 2270 1224 in
2297 1170 2492 1225 divinis
2513 1169 2780 1233 laudibus,
2813 1169 2903 1223 ubi
2929 1171 3282 1236 ostendimus,
3307 1175 3448 1242 quod
3494 1175 3674 1228 divina

2097 1275 2288 1320 natura
2317 1262 2606 1332 singularis
2640 1271 2722 1316 est
2764 1262 2817 1315 in
2863 1264 3117 1327 essentia,
3147 1271 3200 1318 et
3227 1265 3365 1317 trina
3409 1265 3459 1318 in
3491 1251 3676 1333 perso-

2087 1356 2208 1416 nis,
2233 1363 2288 1409 et
2310 1353 2539 1422 qualiter
2562 1351 2901 1421 intelligenda
2932 1361 3015 1406 est
3043 1355 3336 1424 paternitas
3371 1365 3426 1408 et
3465 1354 3674 1416 liliatio,

2093 1455 2154 1501 et
2181 1444 2353 1517 [quid]
2381 1443 2642 1512 signiticet
2684 1443 3004 1511 proprietas,
3024 1459 3183 1512 quam
3219 1459 3372 1499 sacra
3397 1443 3676 1515 Scriptura

2089 1534 2344 1589 attribuit
2366 1531 2586 1602 Spiritui
2608 1539 2813 1595 sancto,
2843 1532 2894 1586 id
2925 1541 3005 1586 est
3026 1535 3300 1603 processio
3327 1534 3482 1601 juxta
3509 1535 3634 1588 illud
3661 1553 3676 1590 :

2093 1645 2124 1678 1
2151 1625 2408 1694 Spiritum
2438 1621 2701 1686 veritatis,
2726 1620 2815 1691 qui
2839 1638 2868 1675 a
2893 1624 3050 1678 Patre
3075 1625 3367 1694 procedit».
3394 1627 3522 1680 Item
3545 1642 3680 1695 quo-

2099 1719 2260 1773 modo
2282 1716 2554 1786 plenitudo
2599 1713 2967 1780 invisibilium,
3001 1732 3138 1787 quae
3175 1719 3337 1772 inlixe
3364 1717 3426 1749 "‘
3457 1726 3681 1773 manent

2027 1831 2076 1891 Β
2106 1809 2159 1862 in
2198 1807 2362 1860 corde
2392 1805 2568 1858 Patris
2592 1844 2605 1867 ,
2645 1803 2871 1871 pullulat
2899 1821 2963 1858 ex
2999 1805 3339 1859 immateriali
3368 1816 3420 1861 et
3447 1807 3679 1876 simplici

2101 1898 2270 1963 bono,
2299 1898 2350 1952 id
2377 1906 2458 1952 est
2483 1911 2710 1965 persona
2739 1897 2946 1958 Patris;
2986 1913 3013 1949 a
3049 1912 3150 1966 qua
3184 1897 3428 1966 procedit
3450 1911 3682 1968 persona

2104 1989 2226 2044 Filii
2250 2003 2345 2058 per
2370 1990 2792 2059 generationem,
2818 1997 2872 2043 et
2895 2001 3118 2058 persona
3143 1985 3378 2056 Spiritus
3398 1987 3570 2042 sancti
3589 1991 3685 2056 per

2106 2080 2528 2150 processionem,
2555 2097 2782 2149 quorum
2813 2091 3038 2148 uterque
3073 2096 3100 2131 a
3134 2079 3294 2133 Patre
3324 2080 3530 2150 accepit
3556 2096 3688 2135 ean-

2109 2173 2228 2228 dem
2245 2173 2655 2243 plenitudinem,
2673 2183 2727 2229 et
2743 2189 2836 2244 per
2851 2172 3007 2228 hocF
3015 2173 3134 2228 ilius
3149 2183 3199 2227 et
3219 2172 3455 2241 Spiritus
3467 2182 3690 2228 sanctus

2109 2275 2328 2320 manent
2349 2265 2402 2318 in
2433 2264 2612 2328 Patre,
2649 2265 2780 2320 etin
2812 2279 2870 2318 se
2901 2264 3053 2333 ipsis,
3090 2272 3142 2317 et
3169 2277 3359 2318 onmcs
3389 2272 3500 2317 tres
3550 2263 3600 2315 iu
3625 2277 3690 2318 se

2109 2354 2363 2422 invicem,
2393 2363 2444 2407 et
2474 2354 2588 2422 ipsa
2620 2354 2880 2408 luminum
2927 2353 3200 2423 plenitudo
3242 2352 3294 2404 in
3325 2351 3461 2404 Filio
3485 2359 3541 2404 et
3568 2350 3689 2420 Spi-

2111 2446 2217 2500 ritu
2245 2453 2434 2499 sancto
2459 2455 2742 2512 permanet
2768 2452 3055 2499 coaeterno
3080 2441 3250 2506 Patri,
3281 2457 3311 2495 a
3333 2457 3440 2511 quo
3462 2452 3696 2510 uterque

2100 2551 2296 2598 eorum
2364 2535 2626 2606 originem
2700 2534 2896 2600 habet,
2957 2535 3046 2603 qui
3111 2542 3286 2588 tamen
3345 2534 3690 2588 uilnlominus

2116 2636 2259 2684 totus
2287 2627 2330 2660 ³⁸
2355 2636 2537 2682 manet
2568 2626 2620 2680 in
2653 2625 2829 2681 Patre.
2872 2627 2926 2679 ln
2966 2625 3155 2680 eodem
3197 2626 3359 2679 etiam
3407 2626 3542 2680 libro
3580 2633 3690 2680 tra-

2109 2719 2394 2781 ctavimus,
2429 2717 2696 2785 quomodo
2715 2715 2890 2780 Jesus,
2919 2717 3010 2785 qui
3039 2724 3123 2771 est
3159 2716 3689 2784 supersubstantialis

2107 2809 2406 2877 secundum
2433 2807 2686 2860 deitatem
2706 2846 2721 2870 ,
2771 2806 2946 2860 factus
2985 2814 3069 2859 est
3098 2807 3256 2861 homo
3285 2805 3574 2860 secundum
3596 2822 3692 2862 ve-

2109 2916 2227 2955 ram
2263 2899 2680 2960 humanitatem,
2707 2904 2764 2951 et
2787 2895 2888 2950 alia
2940 2895 3104 2948 multa
3149 2895 3498 2948 tractavimus
3539 2896 3692 2963 juxta

2113 3004 2368 3059 expressa
2422 2986 2736 3057 Seripturae
2781 2985 3106 3040 testimonia.
3142 2985 3200 3040 ln
3253 2984 3390 3040 libro
3416 2993 3595 3040 autem
3625 2986 3704 3043 de

2115 3078 2309 3133 divinis
2335 3076 2642 3132 nominibus
2667 3076 3036 3140 tractavimus,
3089 3076 3360 3146 quomodo
3393 3075 3535 3130 Deus
3561 3076 3692 3132 dici-

449 3169 748 3238 tltcologicis
774 3167 1114 3238 ypotifosibus
1161 3169 1445 3221 laudantur
1473 3167 1534 3218 “.
1568 3164 1634 3218 In
1667 3165 1797 3218 libro
1834 3174 2007 3217 autem
2038 3174 2080 3236 ρ
2115 3175 2204 3222 tur
2249 3167 2441 3232 bonus,
2495 3167 2765 3236 quomodo
2812 3167 3075 3230 existens,
3122 3167 3393 3237 quomodo
3429 3168 3535 3222 vita
3565 3167 3606 3198 ³⁸
3639 3179 3694 3222 et

447 3261 512 3313 de
567 3260 754 3314 divinis
802 3260 1114 3324 nominibus,
1160 3259 1419 3328 quomodo
1467 3259 1630 3312 bonus
1679 3259 2010 3322 nominatur,

438 3351 701 3418 quomodo
743 3350 988 3413 existens,
1034 3349 1289 3419 quomodo
1322 3351 1423 3403 vita
1457 3349 1522 3414 ",
1555 3359 1603 3402 et
1643 3347 1902 3416 quomodo
1937 3363 2018 3399 sa-

437 3439 656 3507 pientia,
679 3448 725 3490 et
753 3437 936 3501 uirtus,
965 3449 1012 3491 et
1039 3455 1372 3508 quaecunque
1402 3439 1511 3492 alia
1534 3437 1870 3507 intelligibilis
1896 3445 2014 3490 sunt

438 3527 535 3580 Dei
549 3527 920 3581 nominationis
939 3527 1002 3581 ".
1021 3528 1082 3581 In
1099 3527 1380 3598 symbolica
1396 3538 1568 3581 autem
1585 3527 1866 3596 theologia,
1881 3543 2016 3598 quae

435 3629 554 3674 sunt
582 3637 614 3670 a
648 3621 887 3674 sensibus
916 3620 986 3673 ad
1021 3621 1193 3674 divina
1218 3619 1747 3674 transnominationes
1773 3617 1863 3683 "‘,
1883 3634 2015 3686 quae

437 3718 554 3761 sunt
581 3709 786 3763 (lirinae
814 3708 1107 3777 formae,et
1131 3720 1324 3779 partes,
1347 3711 1809 3779 instrumentaque,
1841 3708 2015 3760 divina

440 3799 573 3863 loca,
605 3809 650 3851 et
689 3800 780 3868 qui
808 3811 1050 3863 ornatus,
1087 3811 1132 3853 et
1155 3802 1244 3870 qui
1276 3800 1503 3870 furores,
1534 3811 1580 3854 et
1612 3817 1744 3871 quae
1779 3801 2011 3865 tristitia,

443 3896 489 3938 et
517 3903 646 3956 quae
670 3889 904 3942 insaniae
931 3889 996 3953 “,
1025 3899 1073 3942 et
1099 3906 1231 3956 quae
1269 3890 1560 3952 ebrietates,
1593 3901 1639 3944 et
1668 3889 1934 3959 crapulae,
1967 3900 2012 3943 ct

441 3989 577 4042 quae
591 3974 914 4042 juramenta,
957 3986 1003 4030 et
1027 3977 1437 4042 maledictiones,
1459 3979 1546 4048 qui
1569 3977 1787 4048 sompui,
1812 3987 1858 4032 et
1881 3994 2015 4048 quae

440 4061 787 4132 vigilationes,
816 4073 864 4118 et
903 4082 1238 4136 quaecunque
1269 4065 1407 4120 aliae
1427 4077 1544 4120 sunt
1567 4077 1778 4120 sanctae
1808 4083 2014 4135 compa-

439 4153 570 4205 sitae
593 4152 933 4221 formationes
955 4157 1268 4224 symbolicae
1291 4155 1387 4210 Dei
1410 4156 1739 4225 formationis
1771 4157 1834 4210 ⁸⁵.

854 4274 1083 4314 τιτυιυε
1118 4274 1277 4315 BUJUS
1313 4274 1582 4315 CAPITULI.

515 4344 708 4401 Sensus
757 4348 876 4402 talis
925 4359 1020 4404 est.
1072 4349 1220 4414 Quae
1265 4357 1386 4402 sunt
1436 4347 1792 4420 catapltaticae
1838 4346 1903 4400 ⁸⁸.
1953 4344 2012 4400 In

442 4436 618 4491 tribus
668 4437 1027 4493 voluminibus
1062 4438 1170 4508 egit
1211 4438 1400 4492 beatus
1431 4437 1717 4507 Dionysius
1767 4438 1832 4492 de
1869 4445 2014 4490 cata-

2109 3255 2402 3330 sapientia,
2425 3263 2480 3309 et
2507 3255 2573 3308 de
2596 3254 2716 3310 aliis
2740 3255 3162 3326 intelligihilibus
3192 3255 3283 3310 Dei
3310 3257 3695 3312 nominationi-

2117 3347 2236 3401 bus.
2264 3345 2320 3399 ln
2343 3344 2634 3416 symbolica
2650 3357 2830 3401 autem
2856 3345 3120 3415 theologia
3150 3346 3498 3400 tractavimus
3520 3355 3696 3402 transv-

2115 3437 2411 3506 positioues
2445 3437 2834 3492 vocabulorum
2877 3437 3212 3491 sensibilium
3250 3436 3316 3491 ad
3367 3437 3693 3507 designanda

2103 3529 2406 3600 .anagogice
2433 3529 2480 3560 ¹⁰
2511 3529 2798 3586 invisibilia
2841 3529 3045 3593 divina,
3086 3529 3439 3584 monstrando
3465 3529 3691 3592 scilicet,

2115 3621 2384 3690 quomodo
2416 3619 2787 3689 accipiendum
2839 3620 2930 3686 sit,
2984 3619 3127 3688 quod
3176 3619 3285 3674 Deo
3329 3619 3696 3674 attribuuntur

2116 3714 2343 3781 formae,
2393 3724 2453 3770 ut
2503 3715 2632 3770 illud
2665 3734 2683 3766 ι
2720 3714 2810 3784 qui
2861 3731 2983 3770 cum
3034 3715 3087 3769 in
3141 3714 3311 3770 forma
3343 3715 3435 3770 Dei
3461 3723 3604 3769 esset
3643 3733 3693 3780 ι,

2115 3807 2340 3877 ﬁgurae,
2371 3817 2428 3862 ut
2451 3809 2578 3864 illud
2603 3808 2777 3864 Osee:
2811 3827 2830 3858 ι
2864 3807 3028 3874 Quasi
3068 3808 3255 3864 leaena
3289 3827 3332 3872 ι,
3360 3816 3452 3864 aut
3491 3815 3694 3878 partes,

2115 3909 2174 3954 ut
2201 3901 2325 3956 illud
2354 3900 2602 3956 Ezechiel
2628 3919 2640 3953 :
2670 3920 2687 3952 ι
2728 3900 3014 3956 Benedicta
3043 3901 3210 3969 gloria
3243 3901 3451 3956 Domini
3488 3903 3553 3955 de
3579 3901 3702 3954 loco:

2105 3998 2301 4050 sancto
2326 4004 2424 4042 suo
2453 4006 2498 4054 ι;
2528 3997 2620 4042 aut
2646 3999 2890 4051 ornatus,
2921 3999 2980 4044 ttt
3023 3990 3151 4042 illud
3188 4007 3200 4042 :
3237 4007 3254 4038 ‹
3292 3987 3534 4042 Vestitus
3559 4004 3694 4055 pon-

2113 4081 2244 4134 dere
2265 4079 2664 4141 o,autl'urores,
2691 4089 2749 4132 ut
2769 4079 2933 4134 illud:
2959 4096 2976 4126 ε
3005 4077 3247 4138 Domine,
3273 4091 3338 4128 ne
3361 4075 3414 4127 in
3437 4074 3618 4128 furore
3647 4097 3694 4138 ι,

2113 4177 2207 4223 aut
2229 4166 2498 4230 tristitiae,
2527 4175 2586 4220 ut
2615 4168 2666 4220 id
2699 4185 2712 4220 :
2747 4185 2765 4218 ι
2802 4167 2997 4220 Tristis
3020 4177 3102 4220 est
3151 4165 3329 4220 anima
3357 4177 3476 4217 mea
3521 4183 3568 4228 ι,
3598 4174 3697 4218 aut

2107 4256 2381 4321 .insaniae,
2408 4266 2469 4310 ut
2495 4256 2547 4310 id
2577 4255 2750 4310 Oscae
2777 4274 2789 4308 :
2819 4274 2837 4307 ‹
2871 4255 3018 4308 Scito
3044 4262 3093 4308 te
3114 4252 3278 4307 Israel
3303 4251 3544 4315 stultum,
3573 4267 3695 4321 pro-

2112 4350 2371 4420 phanum,
2397 4347 2643 4402 insanum
2675 4365 2720 4398 ι.
2747 4343 2858 4399 Nec
2889 4343 2932 4374 ¹¹
2967 4341 3140 4397 solum
3173 4341 3238 4396 de
3285 4341 3402 4395 istis
3446 4341 3697 4396 tractavi-

2115 4454 2258 4501 mus,
2283 4438 2376 4494 sed
2417 4445 2472 4491 et
2517 4437 2581 4490 de
2611 4435 2730 4490 aliis
2767 4432 3082 4503 compositis
3132 4429 3558 4494 formationibus,
3585 4429 3697 4487 Deo

435 4526 650 4596 phalica
671 4567 687 4590 ,
730 4527 783 4580 id
826 4535 929 4593 est,
970 4527 1286 4582 aliirmativa
1325 4527 1590 4596 theologia
1620 4545 1632 4579 :
1660 4527 1712 4580 in
1758 4525 1895 4579 libro
1942 4525 2008 4578 de
2037 4509 2086 4572 Ῑ)
2107 4528 2412 4594 ,θιιῖίὺυιὶςη
2436 4527 2490 4582 in
2517 4526 2662 4593 libro
2687 4526 2752 4586 de
2773 4523 3064 4597 symbolica
3097 4522 3380 4593 theologia.

431 4615 814 4686 ypotifosibus,
845 4617 898 4672 in
929 4631 1036 4685 quo
1063 4617 1174 4686 egit
1201 4617 1266 4672 de
1288 4616 1720 4671 distinctionibus
1745 4629 2004 4686 persona-

434 4720 552 4758 rum
576 4722 590 4770 ;
620 4706 672 4759 in
705 4706 943 4760 secundo
971 4707 1036 4760 de
1066 4705 1261 4760 divinis
1289 4705 1626 4770 nominibus;
1671 4705 1724 4759 in
1753 4704 1910 4758 tertio
1939 4703 2008 4758 de

429 4794 815 4848 vocabulorum
883 4794 1399 4865 insuppositionibus
1453 4794 1494 4825 ³⁷
1554 4794 1620 4847 ad
1680 4793 1860 4848 divina
1916 4792 2009 4848 de-

427 4885 725 4955 signanda;
759 4884 816 4940 in
842 4894 1056 4954 quarto,
1092 4885 1145 4939 id
1175 4892 1281 4949 est,
1318 4885 1544 4956 mystica
1579 4884 1840 4954 theologia
1883 4897 2006 4953 spe-

428 4975 639 5030 cialiter
683 4976 797 5045 agit
843 4977 908 5031 de
954 4975 1308 5045 apOphatica,
1351 4975 1404 5029 id
1446 4983 1530 5030 est
1570 4975 1838 5044 negativa,
1869 4987 2009 5042 quae

427 5064 642 5120 scilicet
667 5068 852 5122 omnia
887 5083 919 5120 a
949 5069 1056 5122 Deo
1094 5075 1349 5131 removet,
1376 5075 1484 5120 tam
1525 5067 1800 5132 inferiora,
1843 5081 2002 5135 quam

425 5157 630 5225 media,
664 5176 826 5231 quam
876 5159 1174 5229 superiora,
1219 5167 1278 5213 ut
1324 5158 1571 5213 videlicet
1618 5172 1716 5228 per
1749 5158 2000 5212 remotio‘

2783 4630 3008 4671 τειτυδ.

2185 4711 2252 4765 Et
2289 4719 2336 4764 te
2377 4709 2603 4764 arbitror
2647 4687 3004 4776 comperisse,
3032 4706 3290 4779 quomodo
3324 4703 3552 4776 plurium
3581 4720 3694 4760 ser—

2113 4817 2324 4855 monum
2350 4809 2470 4854 sunt
2497 4799 2703 4864 ultima,
2745 4816 2905 4870 quam
2943 4800 3132 4869 prima.
3177 4797 3384 4858 Etenim
3431 4798 3694 4867 oportebat

2115 4891 2430 4962 theologica:
2452 4893 2752 4962 gpotifoses,
2785 4902 2832 4945 et
2881 4892 3172 4946 diuinorum
3209 4890 3476 4945 nominum
3499 4903 3696 4942 resera-

2113 4989 2303 5043 tionem
2325 5004 2609 5056 paucorum
2641 5003 2934 5041 sermonum
2955 5003 3064 5041 esse
3085 4987 3151 5050 ",
3175 5001 3330 5053 quam
3357 4980 3695 5053 sgmbolicasu

2110 5075 2449 5143 theologiam,
2471 5075 2739 5144 quoniam,
2761 5084 3012 5144 quantum
3031 5073 3101 5126 ad
3114 5075 3352 5139 superius
3367 5073 3689 5140 respicimus.

2109 5171 2312 5216 tantum
2339 5162 2383 5194 ³³
2412 5178 2673 5217 sermones
2703 5162 3058 5234 conspectibus
3108 5159 3514 5229 intelligibilium
3571 5173 3694 5208 con-

1713 5271 1964 5327 VARIAE
2000 5269 2398 5327 LECTIONES.

503 5363 518 5441 ξ
549 5364 683 5441 Qod_.
712 5381 763 5436 q.
838 5365 860 5395 ’
891 5361 1214 5441 Conjzupro
1240 5361 1504 5441 illis__cod.
1531 5363 1626 5441 nt’.
1695 5363 1723 5441 ξ
1754 5362 2135 5441 Qapitulum‘m
2160 5381 2274 5441 om._
2303 5365 2422 5420 cod.
2500 5365 2674 5441 ‘-.Cr_)d.
2702 5364 3003 5441 catafatice,
3023 5359 3310 5441 .apofatice,
3327 5359 3431 5441 [sic
3455 5375 3687 5441 semper.

416 5432 444 5464 ⁵
473 5431 608 5487 Cod.
641 5431 834 5504 Tantus
854 5450 931 5504 p°.

411 5518 560 5555 ntus.
641 5502 684 5532 ¹⁰
715 5502 860 5557 Cod.
875 5505 1186 5557 mansiones.

1029 5433 1050 5464 ⁸
1073 5433 1202 5488 Cod.
1231 5433 1312 5501 lg.
1344 5433 1626 5503 ligitur?).g
1688 5436 1716 5503 _"
1748 5433 1879 5489 Cod.

1264 5505 1306 5534 “
1330 5501 1510 5564 Corn,
1531 5501 1650 5555 eod.
1677 5501 1916 5557 laudant.

419 5650 464 5680 "
504 5648 637 5720 Cod.
675 5651 1002 5720 cathefatice.
1079 5651 1119 5683 ¹⁷
1146 5651 1278 5706 Cod.
1321 5644 1606 5720 ἰδυίῃ-υἷι)ιῖ

1915 5451 2010 5504 pro
2041 5437 2427 5491 ὑποτυπώσεσι.

1995 5506 2036 5535 ¹²
2058 5503 2232 5569 Corr.,
2257 5507 2375 5558 cod.
2404 5505 2532 5558 lata.

419 5571 946 5650 Deinominacionis.
1025 5573 1068 5604 “
1098 5571 1280 5640 Conj.,
1307 5572 1432 5648 cod;
1468 5572 1723 5650 ἰξίαζηὶάο
1742 5591 1760 5637 ;
1791 5582 1919 5628 text.
1951 5589 2130 5644 graec.
2168 5574 2367 5644 μήνιδες
2387 5615 2400 5638 ,
2432 5588 2572 5625 vers.
2607 5573 2833 5626 maniac.

1688 5653 1749 5682 "'
1784 5651 1874 5707 Sic
1904 5654 2022 5706 cod.

412 5721 492 5772 ad
509 5716 894 5791 designandum
918 5723 1272 5790 anataaogice.
1346 5720 1389 5752 ³¹
1404 5716 1598 5787 ’(ἷέονιν.⁷
1615 5722 1735 5777 cod.
1754 5738 1835 5776 ne.
1906 5721 1950 5752 “
1970 5721 2074 5777 Pro
2097 5739 2205 5776 esse
2227 5723 2342 5776 cod.
2360 5731 2426 5774 ct.

2951 5427 3206 5500 proprie._
3274 5433 3293 5462 "
3323 5427 3454 5500 Ctttl.
3502 5427 3693 5486 lauda-

2994 5500 3058 5530 ιν
3080 5498 3255 5566 (Iottj.,
3279 5499 3399 5552 coal.
3425 5500 3492 5552 (ιιι
3515 5500 3708 5557 dit-ina:

2914 5569 2957 5598 "'
2985 5569 3162 5632 Corn,
3190 5570 3308 5624 cod.
3339 5570 3698 5640 formationis.

2127 5652 2168 5682 ¹⁸
2203 5655 2380 5714 Corn,
2429 5649 2547 5704 cod.
2577 5658 2704 5702 tota.
2803 5646 2844 5678 ¹⁹
2872 5646 3046 5708 Corn,
3099 5649 3218 5704 cod.
3270 5661 3404 5703 orta.
3481 5650 3524 5679 ¹⁰
3555 5647 3701 5702 ϐοά.-

2504 5717 2548 5749 ²³
2569 5717 2698 5771 Cod.
2715 5715 2788 5774 ιῆῐ
2812 5717 2930 5783 s'm,
2946 5715 3047 5774 hoc
3067 5726 3355 5784 cst,.tamcn
3380 5719 3708 5774 secundum»

2529 5434 2551 5466 ⁸
2581 5435 2731 5491 Corr.
2746 5475 2760 5497 ,
2791 5435 2910 5488 cod.

2612 5504 2653 5533 ³³
2677 5503 2765 5556 Sic
2795 5502 2912 5557 cod.
