4178 6266
506 304 610 360 279

1871 310 2156 372 JOANNIS
2194 311 2387 370 SCOTI

3653 343 3757 398 280

506 415 805 484 turbantur,
837 405 1271 490 quemadmodum
1295 432 1343 478 et
1373 438 1508 480 nunc
1537 424 1610 478 ad
1636 425 1929 497 caliginem,
1951 445 2089 499 quae
2112 436 2157 493 Α
2189 427 2417 493 Quaeris
2453 432 2497 463 ¹¹
2542 442 2722 489 autem
2764 435 3043 506 fortassis,
3097 457 3234 510 quae
3289 446 3360 502 sit
3406 451 3563 519 ratio,
3595 469 3769 524 quare

502 511 581 561 est
616 523 774 577 super
799 520 1014 564 mentem
1042 512 1080 579 ί,
1117 514 1460 580 introeuntes,
1489 532 1591 569 non
1616 533 1912 572 sermonum
1931 518 2092 572 brevi-

503 601 686 657 tatem,
711 596 799 648 sed
820 597 1327 654 irrationabilitatem
1343 603 1621 672 perfectam
1682 615 1729 658 et
1781 607 2084 675 impruden—

504 685 632 737 tiam
666 686 686 715 '
740 687 1054 742 inveniemus
1085 688 1126 742 ³.
1177 689 1245 745 Ει
1298 693 1368 745 ibi
1411 695 1618 763 quidem
1671 713 1702 749 a
1741 699 1997 766 superiori
2020 699 2090 752 ad

499 787 736 830 extrema
795 779 1106 835 descendens
1175 799 1344 846 sermo
1405 787 1690 840 secundum
1745 790 2089 858 quantitatem

503 870 784 924 descensus
832 870 902 923 ad
933 870 1277 940 portionalem
1314 872 1638 928 dilatabatur
1670 875 2087 939 multitudinem,-

502 973 642 1011 nunc
674 968 848 1012 autem
889 959 953 1012 ab
1002 958 1341 1030 inferioribus
1365 964 1434 1016 ad
1471 981 1765 1033 supremum
1808 965 2087 1019 ascendens

499 1048 789 1112 secundum
817 1065 1115 1104 mensuram
1140 1053 1457 1106 ascensionis
1500 1055 1847 1120 contrahitur,
1894 1065 1940 1108 et
1972 1063 2090 1124 post

499 1152 703 1190 omnem
735 1141 1087 1196 ascensionem
1119 1151 1257 1197 totus
1279 1143 1392 1198 sine
1418 1160 1538 1198 uoce
1559 1145 1676 1208 erit,
1699 1153 1746 1197 et
1775 1155 1911 1198 totus
1940 1147 2090 1199 unie-

500 1237 590 1281 tur
624 1227 646 1260 δ
693 1230 969 1299 ineﬁ‘abili.
1029 1232 1171 1286 Dicis
1220 1243 1429 1299 autem,
1463 1249 1626 1304 quare
1667 1233 1896 1287 totaliter
1918 1234 2088 1302 primo

499 1335 742 1388 ponentes
780 1323 802 1354 ⁸
839 1325 1044 1379 divinas
1077 1325 1382 1396 positiones,
1428 1329 1493 1380 ab
1542 1325 1734 1380 ultimis
1781 1327 2086 1381 inchoamus

501 1411 732 1466 divinam
763 1414 1120 1472 oblationem?
1150 1417 1413 1490 Quoniam
1435 1419 1575 1488 quod
1601 1428 1677 1473 est
1701 1435 1857 1483 super
1883 1434 2084 1473 omnem

497 1503 808 1567 positionem
832 1517 1099 1574 ponentes,
1131 1523 1164 1560 a
1193 1510 1360 1578 magis
1407 1509 1507 1579 ipsi
1547 1518 1766 1577 cognato
1799 1509 2084 1578 suppositi-

501 1612 622 1651 vam
658 1597 1054 1667 aﬁirmalionem
1101 1601 1367 1668 oportebat
1420 1617 1648 1670 ponere;
1699 1598 1832 1653 illud
1887 1609 2079 1663 autem,

496 1685 636 1754 quod
657 1694 730 1738 est
750 1702 907 1754 super
920 1703 1123 1740 omnem
1153 1688 1466 1742 oblationem
1492 1689 1533 1755 ‘,
1559 1688 1854 1756 auferentes
1869 1706 1900 1741 a
1915 1689 2082 1758 magis

497 1776 814 1831 distantibus
837 1777 901 1831 ab
924 1778 1034 1846 ipso
1051 1779 1283 1847 auferre.
1307 1783 1410 1836 Aut
1426 1798 1528 1835 non
1545 1783 1710 1852 magis
1735 1783 1841 1838 vita
1863 1793 1909 1836 et
1937 1783 2081 1838 boni-
2107 1772 2154 1834 Β

497 1875 602 1929 tas,
645 1882 802 1936 quam
845 1882 938 1920 aer
971 1877 1018 1920 et
1067 1866 1222 1938 lapis,
1250 1886 1352 1924 non
1397 1883 1472 1924 est
1507 1871 1725 1940 crapula
1767 1882 1815 1926 et
1871 1889 1975 1928 non
2002 1882 2075 1928 est

491 1954 727 2021 insania,
755 1972 912 2024 quam
942 1973 1048 2013 non
1068 1958 1261 2012 dicitur
1280 1970 1327 2014 et
1353 1977 1454 2015 non
1479 1960 1826 2033 intelligitur?

1183 2085 1399 2126 GLOSSA.

491 2191 494 2194 '
569 2177 770 2235 Sensus
798 2180 920 2235 talis
949 2189 1023 2235 est
1054 2197 1074 2237 :
1105 2183 1217 2253 Ego
1267 2193 1427 2252 puto,
1471 2186 1614 2254 quod
1654 2192 1730 2250 tu,
1770 2185 2074 2254 Timotbee,

495 2269 671 2327 oeulis
720 2273 916 2327 mentis
970 2275 1332 2343 perspexeris,
1397 2275 1539 2344 quod
1597 2285 1859 2334 tractatus
1905 2280 2075 2336 nostri

495 2363 670 2418 ultimi
705 2363 826 2434 plus
877 2364 1149 2420 abundant
1194 2367 1249 2421 in
1299 2367 1498 2432 verbis,
1536 2384 1697 2438 quam
1725 2369 1906 2439 primi.
1940 2370 2072 2426 Erat

500 2453 647 2508 enim
693 2469 944 2514 necesse.
981 2458 1124 2525 quod
1151 2457 1288 2512 liber
1314 2457 1381 2513 de
1409 2459 1604 2514 divinis
1649 2460 2074 2527 characteribus,

496 2541 582 2595 vel
635 2543 1010 2612 personalib'us
1056 2546 1514 2614 distinctionibus,
1552 2547 1672 2620 [etl
1704 2550 1725 2582 "
1763 2550 1831 2605 de
1878 2548 2075 2605 divinis

483 2633 810 2688 nominibus
837 2635 1016 2690 minus
1052 2645 1178 2692 sunt
1202 2638 1224 2670 ⁸
1261 2638 1313 2692 in
1343 2638 1520 2695 verbis
1541 2639 1879 2710 prolixiores,
1911 2655 2072 2709 quam

493 2721 700 2778 fuerint
727 2725 1051 2795 symbolieae
1085 2727 1383 2799 theologiae
1409 2739 1691 2786 tractatus.
1721 2730 1787 2785 Et
1808 2731 1946 2785 ratio
1967 2730 2073 2786 ista

493 2821 608 2879 est,
638 2816 916 2884 quoniam,
949 2825 1154 2887 quanto
1199 2821 1443 2884 materia,
1491 2821 1560 2876 de
1616 2837 1722 2892 qua
1753 2822 1948 2893 agitur,
1989 2831 2075 2878 est

495 2901 656 2958 altior
691 2915 746 2960 et
774 2921 803 2960 a
833 2921 994 2963 sensu
1025 2909 1301 2975 remotior,
1329 2919 1420 2965 aut
1447 2911 1516 2966 ab
1545 2909 1924 2980 imaginatione
1951 2911 2070 2966 lon-

493 2996 766 3066 ginquior,
797 3006 945 3054 tanto
973 3001 1151 3056 minus
1172 3010 1257 3056 est
1295 3003 1555 3057 utendum
1584 3003 1765 3058 verbis
1807 3003 2071 3059 sensibili-

496 3086 706 3162 bus,_et
737 3088 911 3157 magis
939 3092 1274 3145 exercendus
1315 3099 1399 3147 est
1447 3093 1637 3148 oculus
1678 3094 2070 3158 intellectualis,

492 3183 719 3244 propter
745 3176 886 3246 quod
935 3178 988 3231 in
1042 3181 1315 3248 praesenti
1357 3182 1516 3248 libro,
1544 3184 1635 3238 ubi
1691 3183 1750 3237 ﬁt
1778 3185 1979 3239 mentio
2005 3185 2072 3239 de

495 3264 678 3319 divina
733 3267 992 3337 caligine,
1044 3269 1096 3322 id
1144 3279 1229 3324 est
1278 3271 1345 3326 de
1394 3273 2068 3342 incomprehensibilitate,

494 3367 640 3422 quae
664 3358 877 3411 excedit
903 3372 1117 3413 omnem
1163 3369 1398 3415 mentem
1429 3369 1537 3416 tam
1564 3363 1883 3433 angelicam,
1911 3379 2072 3434 quam

487 3447 812 3515 humanam,
842 3449 927 3503 vel
951 3465 1090 3519 quae
1113 3461 1196 3508 est
1223 3467 1386 3522 super
1435 3455 1583 3508 verbi
1611 3455 1941 3510 intellectum
1975 3471 2072 3510 vo-

497 3538 672 3595 calem
715 3541 760 3606 ’,
809 3557 917 3596 non
949 3542 1119 3597 solum
1167 3544 1472 3600 invenimus
1502 3546 1787 3601 verborum
1838 3547 2075 3602 brevita-

489 3643 629 3699 tem,
661 3634 754 3689 sed
778 3634 1074 3704 perfectum
1099 3635 1575 3706 incomparabilem
1596 3653 1873 3695 excessum
1903 3640 2072 3694 ratio-

497 3726 584 3780 nis
608 3725 674 3779 ad
696 3725 1147 3796 investigandum,
1173 3738 1226 3782 et
1246 3728 1564 3798 prudentiae
1587 3729 1654 3784 ad
1675 3731 1832 3800 digne
1853 3730 2075 3800 loquen-

493 3817 642 3871 dum.
673 3816 728 3870 ln
763 3817 1053 3885 praedictis
1081 3817 1242 3873 etiam
1272 3819 1425 3875 lib-ris
1453 3827 1714 3875 tractatus
1757 3835 1787 3874 a
1830 3821 2074 3891 superio-

493 3904 648 3961 ribus
689 3906 756 3960 atl
792 3904 1075 3962 inferiores
1098 3909 1446 3974 descendens,
1492 3910 1787 3966 secundum
1817 3911 2071 3980 majorem

492 3994 582 4049 vel
633 3995 898 4050 minorem
944 3997 1310 4066 prolixitatem
1347 4009 1417 4060 et,
1463 4009 1666 4070 quanto
1711 4003 2075 4057 tractabamus

493 4083 773 4154 inferiora,
833 4094 887 4142 et
938 4089 1188 4145 sensibus
1245 4090 1650 4160 prepinquiora,
1705 4099 1852 4147 tanto
1900 4093 2073 4164 magis

491 4175 735 4232 abundat
797 4178 1085 4233 verborum
1165 4181 1321 4248 copia
1395 4182 1814 4250 proportionali;
1879 4182 2072 4237 eodem

491 4279 769 4322 seusu.....
802 4267 844 4299 “
879 4279 1059 4325 autem
1088 4277 1354 4326 tractatus
1401 4271 1469 4325 ab
1518 4271 1864 4327 inferioribus
1889 4273 1956 4327 ad
1983 4288 2076 4328 su-

489 4357 709 4425 periora
757 4362 1128 4416 conscendens
1183 4362 1477 4416 secundum
1531 4377 1841 4416 mensuram
1885 4377 2073 4416 ascen-

492 4446 665 4501 sionis
693 4450 1064 4514 contrahitur,
1097 4450 1148 4503 id
1176 4458 1261 4505 est
1301 4459 1592 4504 coartatur.
1624 4449 1757 4504 Cum
1799 4461 1978 4504 autem
2002 4451 2069 4504 ad
2097 4453 2149 4514 D

493 4539 690 4590 tuentis
717 4551 998 4594 excessum
1029 4551 1345 4609 perventum
1375 4541 1497 4606 fuit,
1537 4550 1664 4596 tunc
1690 4541 1870 4596 delleit
1897 4541 2074 4596 omnis

491 4639 674 4678 sermo
720 4634 830 4679 tam
874 4628 986 4683 oris
1026 4645 1190 4699 quam
1242 4635 1479 4700 mentis,
1516 4635 1643 4704 quia
1690 4647 1852 4688 verus
1895 4649 2074 4690 sermo

491 4715 690 4769 meritis
726 4716 1053 4779 inelfabilem
1098 4719 1266 4776 Deum
1317 4738 1424 4778 non
1461 4724 1721 4794 loquitur,
1770 4738 1870 4780 nec
1906 4732 2074 4780 restat

489 4804 696 4868 menti,
729 4805 833 4860 nisi
880 4816 938 4862 ut
983 4816 1096 4863 tota
1137 4821 1193 4865 et
1221 4810 1459 4866 totaliter
1487 4815 1527 4846 ιι
1565 4813 1817 4868 inell'abili
1850 4816 2071 4869 eounia-

491 4901 602 4948 tur.
637 4891 772 4948 Cum
799 4895 944 4950 enim
1003 4898 1142 4954 inter
1201 4899 1372 4954 Deum
1427 4911 1482 4956 et
1541 4912 1774 4956 mentem
1823 4904 1956 4958 nihil
2002 4904 2075 4959 sit

491 4985 726 5042 medium
746 5027 763 5054 ,
813 4999 1096 5060 postquam
1124 4991 1266 5048 facta
1299 5004 1382 5048 est
1411 5009 1440 5047 a
1476 4994 1584 5048 Deo
1611 4994 1850 5047 omnium
1889 5010 2067 5049 remo-

492 5075 588 5143 tio,
626 5093 732 5134 non
767 5088 939 5136 restat
977 5081 1082 5137 nisi
1117 5083 1186 5138 ad
1217 5083 1392 5153 ipsum
1423 5083 1833 5152 superinentalis
1859 5083 2049 5140 unitio.

2192 521 2488 588 positiones
2512 523 2795 592 incipimus
2821 541 2849 579 a
2880 529 3232 599 dignioribus,
3283 545 3339 590 et
3368 521 3665 598 ablationes
3693 547 3770 601 ab

2191 609 2558 668 inferioribus.
2593 615 2759 686 Cujus
2793 619 2870 672 rei
2912 621 3052 674 ratio
3090 623 3212 678 talis
3239 639 3323 681 est
3346 631 3523 699 :quia,
3546 638 3788 703 quando-

2189 703 2436 758 volumus
2463 719 2560 774 per
2584 709 2904 776 positionem
2931 711 3117 778 Deum,
3150 718 3239 784 qui
3260 727 3343 773 est
3361 736 3523 792 super
3543 740 3758 784 omnem

2189 800 2534 870 positionem,
2565 804 2868 874 designare,
2888 810 3153 872 convenit,
3182 823 3238 865 ut
3287 815 3399 882 ipsa
3432 817 3672 889 digniora
3701 830 3766 878 et

2188 891 2360 959 magis
2389 889 2438 944 ei
2463 893 2759 962 propinqua
2800 897 3146 966 principalius
3171 902 3523 963 attribuamus
3547 910 3755 980 eidem;

2187 984 2400 1049 quando
2431 1000 2557 1039 vero
2584 987 2828 1042 volumus
2856 991 3026 1060 ipsum
3057 992 3336 1065 designare
3381 1016 3480 1069 per
3525 1003 3757 1062 ablatio-

2186 1086 2331 1135 ncm,
2362 1075 2565 1142 pariter
2590 1073 2634 1107 ¹³
2667 1080 2938 1144 convenit,
2988 1081 3114 1136 illud
3159 1085 3226 1139 ab
3253 1101 3317 1140 eo
3356 1089 3589 1157 auferre,
3612 1096 3762 1163 quod

2185 1163 2357 1232 magis
2399 1163 2466 1217 ab
2511 1165 2627 1234 ipso
2676 1169 2879 1224 distare
2929 1172 3160 1228 videtur.
3206 1177 3365 1232 Verbi
3402 1183 3594 1250 gratia,
3622 1201 3754 1240 con-

2183 1253 2463 1319 gruentius
2499 1264 2551 1308 et
2578 1258 2932 1328 propinquius
2961 1265 3276 1321 attribuitur
3303 1270 3352 1324 ei
3381 1271 3487 1324 vita
3527 1283 3582 1327 et
3607 1275 3752 1332 boni-

2185 1347 2288 1404 tas,
2311 1358 2473 1411 quam
2521 1361 2614 1401 aer
2636 1349 2716 1402 vel
2767 1350 2922 1421 lapis.
2967 1352 3227 1412 Similiter
3268 1359 3336 1414 ab
3365 1378 3430 1416 eo
3461 1365 3761 1423 evidentius

2183 1440 2496 1486 removetur
2520 1436 2739 1505 crapula
2763 1438 2852 1494 vel
2881 1440 3111 1511 insania,
3156 1461 3316 1516 quam
3348 1450 3548 1508 dicitur
3571 1453 3656 1510 vel
3680 1455 3764 1512 itt-

2180 1519 2459 1592 telligitur.

2711 1697 3107 1760 CAPITULUM
3143 1705 3230 1762 IV.

2182 1839 2336 1908 Quod
2361 1842 2494 1898 nihil
2518 1854 2593 1900 est
2631 1851 2954 1933 sensibilium
2978 1857 3434 1933 omnissensibilis
3461 1879 3554 1933 per
3585 1866 3761 1921 excel—

2722 1921 2935 1977 lentiam
2964 1927 3213 1982 causalis.

2701 2068 2982 2110 EXPOSITIO
3019 2072 3224 2113 TITULI.

2251 2192 2416 2260 Deus,
2447 2195 2540 2266 qui
2567 2207 2649 2253 est
2679 2213 2840 2255 causa
2873 2201 3241 2258 causalissima
3267 2206 3525 2270 omnium,
3561 2209 3758 2266 merito

2182 2285 2378 2340 dicitur
2403 2288 2532 2342 nihil
2563 2303 2684 2344 esse
2718 2292 3048 2346 sensibilium
3073 2334 3087 2357 ,
3113 2294 3225 2348 sive
3250 2298 3486 2350 activum
3511 2300 3614 2363 sit,
3644 2302 3757 2354 sive

2180 2379 2476 2446 passivum.
2501 2379 2569 2433 Et
2589 2380 2708 2435 ideo
2732 2379 2920 2436 beatus
2943 2383 3247 2453 Dionysius,
3265 2387 3547 2441 ostendere
3571 2387 3760 2443 volens

2179 2468 2552 2524 excellentiam
2583 2470 2741 2540 hujus
2766 2487 2990 2540 causae,
3036 2475 3258 2544 quaevis
3300 2477 3366 2531 ab
3404 2491 3470 2532 eo
3517 2489 3760 2536 removet

2179 2559 2493 2626 remotiora,
2526 2569 2586 2616 ut
2609 2570 2694 2617 est
2741 2577 2847 2619 non
2879 2564 3180 2618 substantia
3202 2607 3217 2631 ,
3245 2574 3356 2620 tum
3398 2576 3456 2622 ut
3495 2583 3600 2622 non
3637 2584 3755 2634 ens,

2179 2669 2287 2710 non
2314 2654 2534 2721 vivens,
2574 2665 2635 2711 ut
2664 2655 2831 2726 lapis,
2873 2671 2980 2711 non
3025 2656 3322 2723 rationale,
3369 2667 3429 2714 ut
3472 2674 3654 2730 pecus.
3687 2655 3756 2715 Et

2177 2744 2527 2800 nominantur
2571 2745 2662 2802 hic
2714 2753 2825 2801 tres
2867 2747 3066 2818 gradus
3109 2746 3391 2802 inferiores
3435 2760 3752 2815 creaturae,

2177 2850 2313 2906 quos
2341 2845 2602 2901 removet,
2630 2836 2881 2892 videlicet
2909 2852 3094 2892 eorum
3121 2853 3255 2906 quae
3283 2846 3430 2903 sunt,
3455 2847 3510 2894 et
3532 2839 3754 2906 vivunt,

2178 2934 2235 2981 et
2255 2941 2362 2981 non
2385 2927 2655 2992 sentiunt;
2687 2927 2816 2983 item
2839 2941 3028 2983 eorum
3047 2926 3111 2995 ιδ,
3136 2943 3273 2997 quae
3297 2929 3501 2994 vivunt,
3530 2930 3623 2985 sed
3647 2945 3754 2986 non

2179 3018 2536 3084 rationantur,
2567 3034 2666 3074 nec
2692 3019 3027 3090 intelligunt;
3063 3027 3332 3089 postremo
3361 3031 3603 3078 removet
3639 3037 3756 3078 om-

2101 3119 2146 3181 c
2179 3107 2286 3172 nia,
2315 3123 2455 3180 quae
2478 3119 2701 3178 possunt
2729 3109 2942 3182 corpori
2970 3109 3054 3164 vel
3083 3110 3330 3165 sensibus
3359 3111 3657 3180 subjacere.

2843 3261 2947 3301 ἸῈΧ
2956 3261 3077 3302 ⁵1⁸118.

2244 3376 2480 3432 Dicimus
2500 3395 2644 3449 ergo,
2662 3379 2799 3450 quod
2816 3381 3046 3433 omnium
3062 3396 3241 3442 causa,
3260 3389 3306 3434 et
3333 3397 3488 3450 super
3511 3377 3554 3411 "
3576 3379 3747 3433 omnia

2175 3469 2428 3535 existens,
2456 3487 2548 3524 nec
2589 3471 2700 3524 sine
2742 3471 3032 3526 substantia
3069 3480 3178 3537 est,
3214 3487 3305 3525 nec
3334 3473 3442 3526 sine
3480 3471 3612 3534 vita,
3655 3487 3748 3524 nec

2174 3559 2286 3613 sine
2311 3559 2531 3624 ratione,
2555 3576 2644 3614 nec
2668 3561 2776 3614 sine
2798 3569 2983 3624 mente,
3007 3576 3099 3614 nec
3123 3576 3310 3629 corpus
3331 3569 3424 3623 est,
3442 3576 3531 3612 nec
3549 3559 3745 3628 ﬁgura,

2177 3668 2267 3706 nec
2311 3652 2572 3720 formam,
2622 3667 2714 3704 nec
2756 3651 3092 3721 qualitatem,
3124 3667 3214 3704 nec
3239 3650 3609 3718 quantitatem,
3655 3657 3746 3700 aut

2175 3743 2380 3812 pondus
2415 3741 2589 3806 habet,
2618 3758 2780 3810 neque
2803 3742 2858 3794 in
2882 3740 2994 3795 loco
3016 3751 3088 3796 est
3108 3781 3125 3808 ,
3153 3758 3242 3795 nec
3269 3741 3498 3802 videtur,
3528 3756 3619 3793 nec
3663 3748 3746 3793 ta-

2174 3839 2314 3882 ctum
2337 3827 2628 3882 sensibilem
2667 3829 2840 3894 habet,
2871 3844 2964 3882 nec
2990 3831 3228 3893 sentitur,
3254 3845 3344 3882 nec
3365 3827 3603 3882 sensibile
3639 3838 3751 3892 est,

2174 3935 2265 3972 nec
2294 3918 2734 3972 inordinationem
2763 3918 2947 3984 habet,
2981 3936 3143 3989 neque
3169 3917 3547 3972 turbationibus
3577 3935 3608 3970 a
3631 3933 3748 3986 pas-

2175 4009 2408 4062 sionibus
2437 4008 2794 4062 materialibus
2817 4009 3150 4076 perturbata,
3187 4025 3346 4078 neque
3375 4009 3624 4076 impotens
3649 4016 3746 4070 est,

2171 4095 2498 4151 sensibilibus
2523 4096 2752 4165 subjecta
2776 4097 3000 4158 casibus,
3021 4113 3112 4148 nec
3133 4096 3314 4164 indiga
3343 4095 3387 4126 ¹⁶
3415 4105 3491 4148 est
3514 4095 3745 4154 luminis.

2172 4203 2264 4241 nec
2291 4185 2663 4250 variationem,
2706 4201 2795 4237 nec
2842 4186 3250 4254 corruptionem,
3289 4195 3380 4237 aut
3408 4185 3710 4238 divisionem
3730 4222 3748 4249 ,

2171 4286 2260 4330 aut
2285 4275 2648 4346 privationem,
2677 4285 2768 4328 aut
2802 4277 3114 4344 passionem,
3143 4285 3232 4328 aut
3261 4275 3486 4344 ﬂuxum,
3525 4284 3616 4329 aut
3645 4273 3748 4328 ali-

2169 4365 2296 4436 quid
2322 4365 2469 4419 aliud
2495 4363 2814 4418 sensibilium
2844 4381 2936 4418 nec
2961 4365 3110 4418 habet
3142 4379 3233 4418 nec
3261 4374 3355 4418 est.

2852 4509 3066 4552 GLOSSA.

2240 4628 2437 4686 Sensus
2473 4629 2594 4684 talis
2623 4637 2719 4684 est.
2751 4627 3062 4683 Asserimus
3099 4627 3240 4695 quod
3270 4626 3444 4690 Dens,
3475 4625 3566 4694 qui
3596 4637 3748 4679 creao

2167 4719 2246 4775 vit
2285 4721 2470 4776 omnia
2493 4761 2508 4786 ,
2553 4729 2638 4775 est
2687 4719 2888 4790 aliquid
2921 4716 3270 4772 materialiter
3297 4713 3747 4776 substantiatum,

2169 4807 2285 4863 sive
2323 4824 2424 4864 nec
2449 4811 2658 4874 vivens,
2691 4824 2791 4863 nec
2819 4807 3026 4862 ratione
3054 4814 3209 4859 utens
3229 4844 3242 4866 ,
3270 4819 3370 4859 nec
3403 4811 3584 4858 mente
3608 4801 3748 4856 emi-

2169 4914 2304 4954 nens
2335 4898 2402 4953 ".
2433 4899 2525 4954 Ait
2551 4908 2754 4963 autem,
2781 4897 2960 4953 omnia
2980 4896 3026 4929 ¹⁸
3054 4909 3085 4949 a
3112 4909 3171 4949 se
3198 4895 3429 4949 invicem
3454 4895 3496 4926 "
3515 4899 3643 4946 sunt
3663 4903 3750 4946 re-

2171 4999 2316 5045 mota
2343 4999 2398 5045 et
2425 5005 2455 5045 a
2495 4989 2604 5045 Deo
2625 5031 2639 5055 ,
2668 4991 2793 5060 quia
2829 5005 2933 5043 non
2979 5001 3077 5041 ens
3116 4986 3376 5041 remotius
3403 4993 3489 5042 est
3528 4999 3560 5038 a
3603 4983 3748 5048 Deo,

2158 5099 2322 5154 quam
2347 5101 2430 5152 ea,
2459 5100 2596 5155 quae
2620 5093 2747 5140 sunt
2768 5094 2825 5138 et
2851 5082 3188 5150 vivunt,_nec
3209 5079 3574 5145 rationantur,
3597 5075 3749 5132 intel-

1771 5242 2026 5299 VARIAE
2060 5241 2463 5299 LECTIONES.

563 5394 586 5429 ⁸
608 5396 791 5462 Corn,
833 5395 953 5451 cod.
982 5405 1226 5450 montem.
1302 5396 1323 5426 ¹
1355 5395 1533 5470 Corn,
1557 5396 1674 5452 cod.
1698 5396 2050 5470 prudentiam.
2115 5396 2136 5470 ξ
2161 5395 2341 5470 (ἔσῃ),
2365 5395 2483 5449 cod.
2509 5394 2786 5470 veniemus.
2855 5394 2876 5424 ⁸
2902 5389 3229 5470 (ἔθει-,ηοω
3257 5389 3456 5470 unitur.
3531 5384 3752 5470 “tigri-ﬂ

490 5467 614 5522 cod.
635 5453 882 5535 potentes.
957 5466 978 5496 °
1003 5467 1183 5529 Corn,
1206 5467 1325 5519 cod.
1350 5453 1708 5520 oblacionem.’
1765 5467 1785 5496 ⁷
1814 5477 1861 5519 et
1889 5481 1998 5534 QII].
2033 5466 2154 5520 cod.
2229 5465 2251 5496 ⁸
2278 5453 2382 5520 l’ro
2409 5474 2525 5519 sunt
2551 5464 2672 5535 cod,
2701 5473 2748 5535 e_t
2771 5472 2848 5517 ut.
2915 5461 2937 5492 '
2967 5453 3145 5535 Conj.,
3178 5460 3299 5535 cod.
3324 5471 3488 5535 super
3512 5453 3752 5535 verbi

491 5531 860 5604 tellectualem.
899 5535 1065 5590 Mavis
1098 5535 1236 5590 forte
1275 5536 1588 5604 simpliciter
1628 5531 1961 5589 intellectum.

493 5604 540 5636 "
569 5603 746 5671 Conj.,
775 5606 899 5674 cod.
927 5621 1004 5673 p°,
1035 5604 1173 5660 forte
1202 5621 1300 5673 pro
1329 5603 1404 5674 pr.

491 5674 731 5744 indigna.
813 5674 850 5704 "
884 5673 1057 5746 Locus
1081 5673 1366 5744 corruptus
1391 5691 1513 5731 esse
1536 5675 1764 5731 videtur.

2040 5537 2082 5566 “
2114 5536 2227 5593 Una
2253 5551 2355 5589 vox
2386 5536 2556 5589 deest.

1499 5605 1697 5660 “Cod.
1736 5608 1856 5659 item
1894 5605 2183 5660 verborum.

1846 5676 1886 5707 "'
1914 5675 2045 5732 Cod.
2077 5678 2264 5732 ontnis.

3345 5521 3405 5556 ³⁸⁷
3420 5524 3574 5578 Corr.
3611 5521 3750 5591 q'ita.

2635 5533 2672 5562 ”
2699 5533 2882 5598 Corn,
2911 5532 3030 5586 cod.
3073 5529 3244 5583 totali.
3345 5529 3387 5556 "
3420 5529 3574 5578 Corr.
3611 5529 3750 5591 qrta.

2637 5642 2650 5656 .
2686 5602 2830 5662 cod.,
2862 5601 2983 5655 add.
3013 5616 3077 5655 ex
3109 5598 3251 5662 conj.
3350 5595 3393 5626 "
3421 5595 3601 5662 Corn,
3628 5589 3757 5648 cod.

2281 5605 2326 5636 ”
2353 5619 2508 5668 super
2545 5617 2650 5656 om.
2686 5602 2830 5664 cod.,
2862 5601 2983 5655 add.
3013 5616 3077 5655 ex
3109 5598 3251 5668 conj.

2346 5673 2386 5706 "
2416 5671 2519 5728 Pro
2545 5672 2762 5727 invicem
2796 5671 2914 5728 cod.
2945 5672 3104 5724 etiam
3131 5671 3310 5724 vicem.
