4178 6266
402 359 502 416 281

1071 353 1566 412 EXPOSITIONES
1599 351 1667 408 1N
1706 347 2059 406 MYSTICAM
2097 347 2540 407 THEOLOGIAM
2583 346 2640 402 S.
2681 346 2997 403 DIONYSII.

3567 351 3676 406 282

405 473 602 544 ligant.
801 482 1138 528 removemus
1163 471 1230 525 ab
1253 483 1320 524 eo
1344 483 1507 524 omne
1544 481 1865 538 corporeum
1889 506 1904 532 ,
1933 473 1990 520 et
2017 468 2064 526 Α
2092 466 2235 520 niam
2269 474 2318 520 et
2365 480 2521 535 super
2568 479 2773 517 omnem
2817 461 3130 516 oblationem
3173 471 3249 517 est
3295 463 3573 532 perfection
3621 474 3671 517 et

407 562 592 618 omnia
629 562 840 633 corpori
876 559 960 616 vel
1005 560 1082 614 rei
1123 573 1425 628 corporeae
1446 557 1779 622 accidentia,
1810 564 1871 610 ut
1906 563 1990 610 est
2091 554 2242 609 unita
2269 564 2317 608 et
2343 555 2546 608 unitiua
2570 553 2802 606 omnium
2827 567 3009 616 causa,
3031 562 3080 605 et
3107 567 3263 621 super
3287 568 3490 612 omnem
3520 555 3670 610 abl“.

407 650 608 722 ﬁgura,
637 651 828 713 forma,
857 648 1108 718 qualitas,
1137 648 1432 716 quantitas,
1457 647 1690 717 pondus,
1718 645 1987 710 localitas,

409 753 666 794 sensuum
682 737 986 808 proprietas
1017 746 1128 791 tam
1168 737 1340 791 activa
1363 751 1524 805 quam
1551 736 1785 804 passiva.
1818 734 1986 790 Simi-

407 827 533 884 liter
563 827 632 882 ab
656 841 720 882 eo
756 842 1102 883 removemus
1137 827 1590 882 inordinationem
1621 842 1652 879 a
1678 826 1988 881 carnalibus

405 918 852 988 concupiscentiis
871 919 1306 988 provenientem,
1337 927 1392 972 et
1419 918 1826 988 completionem
1864 931 1985 970 car-

404 1009 542 1064 nalis
571 1008 826 1064 desiderii
846 1009 860 1039 ¹
888 1024 919 1062 a
945 1007 1318 1062 materialibus
1339 1007 1674 1076 passionibus
1697 1005 1982 1075 perturba-

405 1109 516 1155 tam
545 1100 630 1155 vel
667 1099 942 1154 turbidam
991 1099 1211 1153 factam.
1255 1098 1385 1153 ltcm
1431 1112 1767 1152 removemus
1810 1098 1878 1150 ab
1918 1111 1984 1150 eo

408 1190 784 1260 impotentiam
829 1188 918 1242 vel
962 1188 1379 1242 invaleludinem
1426 1189 1721 1255 subjectum
1771 1189 1984 1242 casibus

409 1277 778 1333 sensibilibus.
807 1277 942 1332 Item
975 1292 1309 1332 removemus
1331 1278 1398 1331 ab
1420 1291 1482 1332 eo
1504 1276 1721 1331 luminis
1749 1277 1985 1347 indigen-

417 1366 551 1420 tiam
569 1405 587 1432 ,
613 1373 668 1420 et
695 1366 1040 1420 variationem
1060 1405 1076 1430 ,
1104 1366 1186 1420 vel
1216 1367 1614 1438 generationem
1635 1405 1649 1431 ,
1681 1365 1770 1420 vel
1803 1381 1986 1421 corru-

415 1456 688 1525 ptionem,
734 1465 788 1511 et
833 1456 1184 1523 divisionem,
1227 1469 1348 1511 cum
1385 1473 1488 1512 non
1525 1457 1598 1512 sit
1645 1472 1708 1512 ex
1758 1458 1985 1513 diversis

415 1546 790 1614 compositum.
821 1543 1083 1599 Similiter
1116 1546 1525 1615 passibilitatem
1555 1547 1888 1602 materialem
1917 1547 1985 1601 ab

411 1649 477 1687 eo
503 1633 826 1698 auferimus,
873 1643 929 1688 et
962 1633 1164 1688 ﬂuxum
1217 1635 1564 1706 temporalem
1584 1677 1599 1702 ,
1631 1652 1751 1694 cum
1783 1654 1887 1692 non
1918 1638 1990 1694 sit

405 1725 607 1792 aliquid
634 1738 845 1791 eorum,
873 1735 968 1781 aut
997 1725 1054 1780 in
1081 1740 1141 1782 se
1162 1727 1379 1794 habeat,
1404 1742 1504 1784 nec
1528 1727 1600 1783 sit
1629 1728 1828 1800 aliquid
1857 1744 1984 1786 sen-

403 1813 664 1868 sibilium.

905 1922 1316 1994 .CAPITULUM
1356 1923 1398 1978 v
1422 1936 1470 1980 α.

405 2055 558 2122 Quod
593 2057 724 2113 nihil
757 2067 833 2115 est
872 2058 1276 2130 intelligibilium
1309 2060 1476 2130 omnis
1497 2057 1854 2130 iintelligibilis
1893 2075 1988 2128 per

849 2128 1206 2183 excellentiam
1233 2129 1464 2182 causalis
1492 2129 1536 2182 ’.

920 2253 1200 2294 BXPOSITIO
1239 2255 1445 2295 TITULI.

487 2363 638 2418 Sicut
688 2365 832 2420 enim
879 2381 911 2421 a
954 2382 1112 2422 causa
1164 2369 1587 2425 causabilissima
1638 2379 1988 2427 removentur

417 2451 710 2515 sensibilis,
739 2468 859 2507 cum
891 2455 1004 2524 ipsa
1043 2470 1148 2511 non
1173 2458 1245 2511 sit
1268 2459 1568 2524 sensibilis,
1599 2475 1702 2516 nec
1728 2461 1984 2533 intelligi-

414 2545 556 2610 bilis,
592 2547 814 2618 ejusque
842 2549 1118 2620 dignitatis
1147 2551 1218 2605 sit
1252 2551 1383 2608 illud
1410 2554 1663 2608 sensibile
1686 2555 1772 2610 vel
1793 2555 1989 2612 intelli-

409 2639 591 2708 gibile,
625 2639 770 2709 quod
809 2639 885 2694 illi
929 2656 1126 2696 causae
1157 2643 1227 2696 sit
1257 2641 1619 2709 attribuibile,
1665 2644 1805 2701 hanc
1849 2646 1990 2703 inter

409 2740 714 2784 creaturam
745 2741 801 2787 et
815 2732 1139 2788 Creatorem
1169 2733 1483 2789 distantiam
1514 2749 1618 2789 non
1652 2745 1736 2790 est
1770 2737 1986 2792 dubium

410 2821 621 2889 operari
653 2820 772 2876 sine
801 2823 982 2878 medio
1005 2838 1203 2878 causae
1241 2823 1616 2880 excellentiam
1642 2843 1656 2880 :
1687 2840 1823 2895 quae
1845 2827 1987 2883 sicut

413 2910 466 2962 in
490 2925 548 2964 se
573 2919 655 2964 est
680 2909 985 2976 inell‘abilis,
1015 2912 1090 2966 ita
1118 2913 1249 2966 nulli
1274 2928 1306 2966 a
1337 2929 1398 2969 se
1419 2922 1638 2969 causato
1659 2923 1742 2969 est
1768 2930 1988 2986 compa-

419 3001 621 3055 rabilis.
645 3000 798 3056 Unde
819 3002 1034 3071 quando
1055 3003 1199 3057 nulla
1219 3004 1270 3058 ei
1291 3013 1468 3075 potest
1487 3018 1604 3059 esse
1618 3003 1639 3034 ³
1654 3006 1985 3074 comparatio

419 3103 674 3159 congrua,
705 3089 780 3146 ibi
805 3091 948 3146 cadit
971 3107 1130 3148 causa
1160 3094 1214 3147 in
1240 3093 1485 3150 sensibus
1507 3095 1910 3152 remotionem.‘

1082 3227 1305 3269 TEXTUS.

485 3314 689 3372 Rursus
733 3325 905 3372 autem
953 3321 1280 3376 ascendentes
1327 3323 1583 3391 dicimus,
1635 3324 1775 3397 quod
1821 3342 1986 3398 neque

410 3406 588 3460 anima
617 3417 715 3472 est,
741 3424 834 3463 nec
861 3425 1021 3476 mens,
1050 3427 1141 3465 nec
1159 3413 1514 3482 phantasiam,
1548 3432 1640 3468 nec
1665 3418 1983 3488 Opinionem,

409 3509 500 3553 aut
531 3499 810 3566 rationem,
832 3510 923 3555 aut
952 3502 1265 3558 intellectum
1293 3506 1466 3572 habet,
1491 3524 1583 3562 nec
1614 3509 1746 3563 ratio
1773 3519 1868 3578 est,
1892 3528 1986 3566 nec

409 3586 716 3655 intellectus,
747 3605 840 3644 nec
876 3590 1099 3658 dicitur,
1127 3608 1218 3648 nec
1242 3593 1582 3666 intelligitur,
1620 3614 1710 3651 nec
1738 3615 1985 3654 numerus

405 3685 504 3742 est,
525 3692 620 3732 nec
645 3678 801 3743 ordo,
830 3695 924 3734 nec
944 3680 1270 3750 magnitudo,
1293 3698 1384 3737 nec
1409 3686 1662 3753 paruitas,
1685 3702 1776 3740 nec
1795 3703 1986 3758 aequa-

408 3764 552 3831 litas,
579 3781 673 3819 nec
713 3767 1022 3835 similitudo,
1049 3786 1142 3824 nec
1167 3771 1559 3840 dissimilitudo,
1587 3790 1679 3829 nec
1713 3784 1849 3840 stat,
1893 3794 1986 3832 nec

411 3863 682 3919 movetur,
726 3871 889 3928 neque
929 3859 1195 3914 silentium
1239 3861 1376 3931 agit,
1419 3879 1512 3917 nec
1539 3863 1776 3920 uirtutem
1799 3866 1985 3936 habet,

415 3958 508 3996 nec
532 3944 694 3998 uirtus
730 3955 835 4012 est,
865 3963 956 4002 nec
989 3947 1196 4014 lumen,
1227 3966 1321 4005 nec
1349 3953 1468 4006 uiuit
1491 3993 1507 4019 ,
1543 3971 1705 4025 neque
1731 3959 1836 4012 vita
1876 3968 1982 4025 est,

415 4047 510 4086 nec
537 4035 829 4091 substantia
853 4049 960 4104 est,
1009 4057 1102 4094 nec
1141 4057 1320 4096 aeuum
1341 4083 1358 4108 ,
1406 4061 1569 4115 neque
1612 4055 1810 4117 tempus
1829 4089 1844 4116 ,
1893 4066 1987 4105 nec

414 4129 583 4176 tactus
607 4122 719 4190 ejus
745 4125 1102 4195 intelligibilis,
1131 4144 1223 4182 nec
1247 4130 1464 4184 scientia
1481 4172 1496 4197 ,
1528 4149 1620 4187 nec
1647 4137 1865 4202 veritas,
1894 4154 1986 4192 nec

414 4227 649 4282 regnum,
680 4232 842 4286 neque
875 4217 1132 4286 sapientia
1151 4257 1167 4284 ,
1202 4235 1295 4273 nec
1329 4237 1514 4287 unum,
1542 4239 1634 4277 nec
1661 4226 1865 4292 unitas,
1894 4243 1986 4282 nec

415 4302 606 4367 deitas,
633 4315 722 4357 aut
747 4305 970 4373 bonitas,
998 4322 1093 4360 nec
1112 4308 1326 4378 spiritus
1347 4321 1445 4376 est,
1467 4313 1598 4366 sicut
1619 4331 1711 4368 nos
1731 4317 1987 4384 videmus,

418 4407 512 4446 nec
538 4392 748 4460 ﬁliatio,
773 4411 863 4450 nec
887 4400 1196 4466 paternitas,
1219 4415 1309 4453 nec
1332 4399 1479 4454 aliud
1505 4401 1703 4474 aliquid
1722 4408 1985 4476 cognitum

2089 642 2284 695 tionem
2303 650 2377 694 est
2397 656 2636 695 excessus
2656 640 2722 692 ab
2749 639 2987 694 omnibus
3019 639 3326 708 sinuIliciter
3358 640 3584 697 absoluti
3619 652 3669 704 et

2088 745 2248 799 supra
2275 738 2465 784 totum.

2343 839 2345 842 ‘
2783 831 2973 872 GLOSSA
2982 855 2997 870 .

2159 906 2362 962 Sensus
2391 908 2513 961 talis
2551 915 2668 960 est:
2695 904 3013 961 lnchoantes
3042 907 3217 960 denuo
3250 908 3562 978 negationes
3600 912 3670 966 ab

2086 994 2372 1052 altioribus
2398 996 2613 1061 divinis,
2645 995 2889 1056 dicimus,
2927 996 3066 1064 quod
3093 997 3249 1059 Deus,
3283 999 3372 1066 qui
3400 1009 3667 1056 estcausa

2085 1086 2349 1149 omnium,
2381 1099 2481 1139 nec
2513 1086 2690 1138 anima
2714 1092 2820 1149 est,
2859 1085 2983 1153 quia
3013 1099 3208 1156 corpus
3246 1103 3354 1142 non
3396 1089 3667 1156 ‘viviﬂcat,

2085 1187 2184 1227 nec
2215 1189 2386 1239 mens,
2409 1174 2535 1243 quia
2561 1189 2667 1228 non
2700 1174 3064 1243 supereminet
3083 1176 3318 1243 animae,
3340 1187 3400 1232 ιιι
3421 1181 3670 1248 superior

2084 1276 2211 1332 pars
2231 1264 2466 1327 animae,
2491 1279 2587 1317 nec
2616 1263 2948 1333 phantasiam
2982 1264 3163 1329 habet,
3194 1265 3371 1321 divina
3392 1268 3480 1322 vel
3507 1269 3669 1337 spiri-

2087 1351 2248 1406 tualia
2277 1353 2640 1422 imaginando,
2673 1367 2771 1407 nec
2799 1353 3078 1422 opiniones
3103 1355 3155 1408 in
3183 1355 3424 1412 diversas
3450 1368 3668 1413 senten-

2085 1439 2188 1510 tias
2208 1440 2571 1495 diversimode
2591 1440 2926 1508 declinando,
2943 1456 3040 1497 nec
3063 1444 3322 1498 rationem
3345 1445 3485 1500 inter
3507 1447 3667 1502 dubia

2085 1531 2474 1595 discernenda,
2524 1546 2624 1587 nec
2672 1531 2996 1587 intellectum
3046 1533 3207 1588 habet
3249 1537 3382 1590 citra
3424 1537 3445 1568 ⁶
3493 1537 3666 1594 solum

2089 1634 2306 1673 causam
2335 1628 2483 1673 tanta
2513 1620 2746 1674 visibilia
2781 1620 3098 1685 insistendo,
3132 1637 3228 1676 nec
3250 1631 3334 1678 est
3363 1625 3502 1679 ratio
3528 1625 3670 1681 inter

2085 1709 2285 1764 bonum
2329 1718 2386 1764 et
2429 1708 2628 1762 malum
2659 1710 3004 1774 discernens,
3049 1725 3148 1764 nec
3174 1712 3476 1767 intellectus
3521 1715 3667 1770 circa

2011 1824 2060 1886 Β
2088 1796 2318 1850 visibilia
2359 1803 2537 1850 creata
2569 1797 2856 1863 insistens,
2885 1813 2984 1852 nec
3019 1799 3247 1863 dicitur,
3285 1801 3410 1868 quia
3439 1815 3544 1855 non
3583 1812 3669 1857 est

2088 1883 2336 1951 ell'abilis,
2372 1901 2471 1942 nec
2515 1887 2864 1956 intelligitur,
2895 1889 3018 1957 quia
3059 1904 3089 1942 a
3129 1889 3274 1943 nullo
3301 1897 3384 1945 est
3422 1906 3665 1960 compreo

2087 1976 2390 2031 hensihilis.
2420 1976 2491 2032 Ut
2514 1986 2692 2032 autem
2718 1978 3068 2033 decurramus
3088 1995 3184 2049 per
3205 1980 3380 2034 media
3403 1982 3470 2036 ad
3488 1989 3668 2038 extre-

2087 2082 2174 2122 ma
2192 2107 2207 2132 ,
2240 2082 2429 2122 rursus
2457 2068 2707 2134 dicimus,
2735 2071 2876 2139 quod
2917 2085 3090 2140 neque
3115 2086 3371 2127 numerus
3395 2081 3507 2139 est,
3539 2074 3666 2144 quia

2089 2170 2194 2209 non
2226 2163 2310 2210 est
2350 2156 2417 2211 ad
2446 2157 2595 2226 paria
2623 2157 2709 2212 vel
2738 2157 2790 2211 in
2828 2158 2978 2228 paria
3019 2160 3519 2228 proportionabilis,
3561 2175 3668 2218 nec

2091 2245 2425 2317 magnitudo,
2452 2249 2576 2317 quia
2603 2263 2708 2302 non
2734 2258 2818 2302 est
2836 2250 3265 2319 augmentabilis,
3283 2266 3383 2308 nec
3402 2254 3662 2322 parvitas,

2089 2337 2215 2408 quia
2247 2353 2352 2392 non
2385 2347 2469 2392 est
2499 2339 2858 2404 minorahilis,
2902 2355 3001 2396 nec
3031 2341 3347 2411 aequalitas,
3392 2344 3520 2413 quia
3557 2359 3666 2400 non

2088 2437 2172 2486 est
2202 2431 2717 2502 comportionabilis,
2751 2448 2849 2488 nec
2877 2433 3204 2501 similitudo,
3240 2434 3366 2506 quia
3416 2435 3544 2490 nulli
3585 2436 3666 2492 rei

2088 2520 2503 2591 comparabilis,"
2537 2535 2637 2576 nec
2683 2521 3092 2588 dissimilitudo,
3141 2524 3266 2594 quia
3308 2540 3340 2579 a
3387 2525 3535 2581 nullo
3580 2535 3666 2582 est

2087 2609 2488 2681 discrepabilis,
2523 2625 2622 2666 nec
2647 2618 2788 2675 stat,
2815 2611 2943 2681 quia
2978 2626 3086 2667 non
3116 2620 3203 2668 est
3224 2627 3314 2668 res
3337 2613 3662 2683 immobilis,

2086 2716 2188 2758 nec
2222 2709 2492 2766 movetur,
2533 2702 2659 2771 quia
2691 2717 2797 2756 non
2840 2711 2925 2758 est
2955 2702 3228 2769 volubilis,
3256 2718 3356 2760 nec
3393 2706 3664 2762 silentium

2087 2793 2220 2864 agit,
2251 2793 2376 2862 quia
2403 2807 2510 2846 non
2536 2800 2620 2846 est
2646 2790 2810 2846 verbo
2832 2792 3052 2848 mentali
3074 2791 3160 2847 vel
3181 2792 3351 2848 vocali
3373 2795 3666 2864 reprehen-

2088 2883 2282 2937 sihilis.
2316 2881 2390 2937 Ut
2416 2889 2594 2936 autem
2631 2879 2697 2935 ad
2721 2895 2934 2934 summa
2961 2895 3060 2951 per
3081 2880 3348 2950 quaedam
3375 2883 3551 2938 media
3582 2899 3667 2939 re-

2086 2981 2367 3029 vertamur
2385 3014 2401 3039 ,
2428 2981 2484 3027 et
2508 2973 2562 3026 in
2591 2971 2816 3028 summis
2843 2972 3107 3026 creaturis
3133 2972 3448 3042 negationes
3477 2976 3667 3029 termi—

2091 3079 2300 3125 nemus,
2332 3063 2581 3128 dicimus,
2605 3062 2747 3133 quod
2772 3077 2872 3118 nec
2897 3062 3178 3117 veritatem
3209 3061 3390 3128 habet,
3413 3063 3563 3133 quasi
3595 3066 3666 3122 ab

2009 3157 2054 3220 C
2086 3155 2192 3210 alio
2219 3154 2476 3210 solidetur
2497 3154 2540 3220 τ,
2570 3169 2671 3208 nec
2697 3167 2825 3208 vera
2843 3161 2946 3218 est,
2967 3151 3122 3222 quasi
3143 3151 3212 3206 ab
3238 3151 3344 3206 alio
3366 3161 3663 3218 mutuetur,

2083 3261 2186 3302 nec
2213 3247 2363 3310 vivit,
2395 3253 2455 3298 ut
2477 3246 2545 3299 ab
2571 3243 2677 3299 alio
2705 3243 3062 3307 sensilicetur,
3099 3257 3200 3298 nec
3227 3243 3335 3297 vita
3367 3253 3449 3298 est
3478 3242 3545 3296 ad
3577 3259 3664 3298 re-

2084 3337 2314 3408 gendum
2345 3337 2518 3406 adque
2548 3350 2744 3404 corpus
2780 3335 3206 3399 accomodatum,
3238 3349 3337 3389 nec
3365 3334 3663 3390 substantia

2083 3435 2167 3484 est
2195 3427 2544 3482 materialiter
2569 3426 2976 3492 subslantiatus,
3015 3440 3119 3481 nec
3157 3440 3375 3493 aevum,
3403 3427 3525 3496 quia
3555 3442 3663 3482 non

2083 3524 2168 3572 est
2207 3516 2437 3586 spatium
2478 3515 2636 3571 modo
2662 3514 2939 3580 variabile,
2976 3529 3074 3569 nec
3108 3523 3352 3586 tempus,
3398 3516 3523 3586 quia
3553 3531 3663 3570 non

2083 3615 2168 3660 est
2191 3606 2424 3675 spatium
2452 3603 2731 3671 variabile,
2756 3604 3034 3662 mutabile.
3063 3603 3175 3660 Nec
3203 3613 3285 3660 est
3314 3612 3508 3671 tactus,
3535 3606 3664 3675 quia

2086 3696 2382 3750 secundum
2430 3695 2720 3752 essentiam
2761 3710 2866 3750 non
2913 3704 2997 3749 est
3037 3694 3342 3765 aliqualiter
3369 3696 3662 3768 tangibile,

2084 3799 2186 3840 nec
2209 3794 2289 3839 est
2313 3786 2564 3852 scientia,
2603 3786 2727 3854 quia
2757 3801 2863 3841 non
2887 3797 2969 3839 est
2990 3785 3367 3853 coguoscibilis
3387 3826 3403 3852 ,
3441 3801 3538 3842 nec
3568 3798 3662 3840 ve-

2087 3876 2244 3941 ritas,
2261 3875 2384 3944 quia
2402 3891 2504 3930 non
2522 3885 2606 3930 est
2629 3874 2954 3931 intellectum
2973 3874 3214 3945 aequalis
3233 3876 3276 3941 ⁸,
3295 3892 3394 3932 nec
3416 3892 3664 3948 regnum,

2086 3967 2212 4037 quia
2259 3982 2366 4022 non
2412 3975 2498 4022 est
2539 3966 2912 4029 dominabilis,
2941 3980 3042 4021 nec
3078 3966 3368 4034 sapientia,
3393 3967 3519 4034 quia
3557 3981 3662 4022 nou

2086 4064 2173 4110 est
2207 4056 2601 4119 sustentabilis,
2643 4071 2742 4110 nec
2770 4071 2956 4120 unum,
2987 4055 3112 4123 quia
3156 4070 3262 4110 non
3305 4063 3386 4109 est
3415 4055 3468 4109 in
3511 4056 3665 4124 plura

2087 4145 2520 4213 augmentabilis,
2548 4160 2649 4198 nec
2677 4144 2878 4207 unitas,
2908 4146 3034 4212 quia
3067 4159 3172 4200 non
3202 4153 3287 4200 est
3313 4144 3667 4198 materialiter

2088 4231 2451 4296 indivisibilis,
2482 4246 2580 4287 nec
2607 4240 2692 4285 est
2720 4233 2890 4286 deitas
2914 4246 2943 4284 a
2979 4233 3133 4285 nobis
3171 4229 3545 4299 intelligihilis,
3574 4249 3666 4286 ne-

2087 4337 2193 4394 que
2220 4323 2454 4388 bonitas,
2499 4323 2625 4394 quia
2661 4335 2766 4375 non
2809 4330 2891 4375 est
2938 4320 3171 4391 qualitas
3212 4319 3533 4384 iuiusibilis,
3565 4336 3666 4375 nec

2088 4413 2363 4482 spiritusa
2395 4413 2549 4468 nobis
2576 4409 2957 4479 intelligibilis,
3002 4425 3104 4466 nec
3150 4410 3340 4468 liliatio
3383 4410 3450 4465 ab
3493 4411 3665 4464 altero

397 4498 451 4533 .a
482 4482 650 4546 nobis,
675 4494 769 4538 aut
798 4485 864 4538 ab
897 4487 1003 4541 alio
1024 4488 1253 4558 quodam
1277 4490 1603 4544 assistentium
1624 4533 1639 4558 ,
1670 4511 1760 4548 nec
1788 4495 1987 4565 aliquid
2014 4510 2070 4573 Β
2093 4503 2439 4559 subsistentia
2461 4501 2482 4534 ⁸
2509 4499 2861 4558 materialiter
2887 4500 3250 4571 producabilis
3267 4540 3284 4568 ,
3322 4513 3423 4555 nec
3461 4509 3546 4557 est
3571 4499 3669 4555 ali-

417 4583 489 4626 est
513 4575 861 4640 euidentium,
897 4594 1059 4647 neque
1082 4578 1281 4650 aliquid
1312 4589 1386 4634 est
1412 4583 1690 4636 essentiam
1709 4625 1725 4649 ,
1760 4602 1851 4641 nec
1872 4589 1986 4643 exi-

418 4663 600 4717 stentia
623 4664 795 4733 ipsum
821 4678 1133 4736 cognoscam
1157 4683 1266 4722 esse
1290 4669 1573 4723 secundum
1592 4674 1730 4742 quod
1751 4675 1864 4744 ipsa
1887 4686 1985 4742 est,

418 4768 508 4805 nec
532 4755 792 4823 cognoscit
825 4771 910 4822 ea,
937 4773 1071 4827 quae
1095 4767 1216 4812 sunt
1234 4759 1525 4825 existentia,
1545 4765 1828 4820 secundum
1848 4768 1988 4837 quod

419 4842 690 4896 esistentia
719 4853 840 4897 sunt
857 4884 874 4910 ,
913 4861 1004 4899 nec
1032 4847 1166 4899 ratio
1192 4847 1352 4916 ipsius
1392 4857 1503 4914 est,
1534 4866 1625 4904 nec
1652 4869 1855 4923 nomen,
1897 4873 1990 4912 nec

420 4933 660 5000 cognitio,
688 4951 782 4988 nec
804 4937 1064 5002 tenebrae,
1085 4953 1178 4992 nec
1198 4938 1392 5002 lumen,
1423 4955 1515 4994 nec
1536 4958 1698 5007 error,
1742 4962 1834 5000 nec
1857 4950 1992 5003 ueri-

421 5031 522 5084 tas,
547 5040 638 5078 nec
665 5027 974 5082 uniuersalis
1001 5029 1163 5098 ipsius
1188 5030 1211 5062 ⁸
1247 5031 1465 5100 positio,
1505 5049 1597 5086 nec
1639 5035 1863 5103 ablatio,
1903 5041 1993 5095 sed

421 5123 624 5175 eorum,
649 5129 765 5184 quc
789 5125 912 5170 sunt
939 5126 1146 5186 praeter
1165 5119 1330 5188 ipsam
1349 5160 1365 5185 ,
1402 5121 1680 5188 positiones
1701 5135 1749 5178 et
1773 5125 1994 5184 ablatio-

2093 4595 2220 4664 quid
2249 4594 2521 4664 cognitum
2548 4609 2580 4648 a
2605 4593 2759 4646 nobis
2773 4590 2952 4660 plene,
2978 4589 3060 4645 vel
3087 4591 3153 4648 ab
3178 4591 3356 4664 aliquo
3377 4593 3666 4667 existente,

2093 4699 2189 4739 seu
2217 4685 2454 4748 homine,
2483 4682 2564 4736 vel
2589 4681 2799 4750 angelo,
2831 4695 2929 4737 nec
2953 4689 3039 4736 est
3067 4682 3269 4754 aliquid
3295 4699 3403 4746 non
3432 4685 3668 4740 existen-

2094 4773 2228 4827 tium
2271 4771 2725 4837 intellectualiter,
2754 4771 2834 4826 vel
2875 4771 3079 4842 aliquid
3120 4774 3467 4830 existentium
3491 4786 3666 4832 mate-

2095 4859 2331 4926 rialiter,
2372 4875 2471 4916 nec
2494 4861 2781 4916 exiustcutia
2814 4862 2986 4932 ipsum
3012 4875 3344 4936 cognoscunt
3371 4867 3668 4924 secundum

2094 4951 2238 5021 quod
2262 4951 2374 5020 ipse
2402 4960 2506 5015 est,
2536 4966 2635 5006 nec
2665 4952 2779 5022 ipse
2807 4956 3082 5024 cognoscit
3110 4971 3174 5011 ea
3203 4956 3496 5011 secundum
3527 4957 3670 5024 quod

2093 5043 2210 5110 ipsa
2242 5043 2477 5097 existunt
2510 5044 2562 5095 in
2589 5054 2647 5095 se
2681 5039 2830 5112 ipsis,
2862 5044 2956 5098 sed
2981 5046 3276 5100 secundum
3295 5045 3439 5114 quod
3465 5055 3590 5099 sunt
3616 5047 3670 5098 in

2095 5132 2281 5187 verbo.
2325 5131 2458 5187 ltem
2498 5146 2598 5188 nec
2640 5143 2724 5186 est
2769 5133 2938 5202 ipsius
2973 5132 3252 5186 rationalis
3291 5134 3668 5202 investigatio,

422 5212 514 5254 nes
539 5199 781 5270 facientes
808 5208 996 5276 ipsum,
1024 5224 1116 5262 nec
1135 5211 1397 5278 ponimus,
1424 5227 1516 5264 nec
1538 5214 1848 5294 auferimus,
1871 5239 1997 5291 quo-
2097 5239 2270 5294 neque
2292 5224 2527 5278 nominis
2569 5224 2870 5296 impositio,
2904 5237 3000 5276 nec
3029 5222 3351 5291 cognitionis
3377 5223 3669 5290 reprehen-

1698 5333 1952 5396 VARIAE
1988 5339 2386 5402 LECTIONES.

494 5433 513 5464 ⁸
541 5431 671 5489 Cod.
704 5436 994 5492 desideriis.
1087 5436 1109 5467 ⁹
1135 5441 1264 5495 Cod.
1295 5441 1579 5498 causualis.

1684 5449 1705 5480 ³
1727 5450 1857 5507 Cod.
1892 5465 1959 5509 et.

497 5695 522 5724 ⁸
556 5684 853 5757 Capitulum
896 5688 934 5744 V
959 5705 1067 5746 om.
1097 5691 1215 5749 cod.

858 5454 994 5520 gms.
1032 5509 1046 5523 _
1088 5453 1108 5467 '
1135 5453 1579 5523 (θρᾳτεαιίδεεᾳιῡξ.
1684 5453 1857 5523 ’_Cod.
1892 5465 1959 5509 et.
2059 5457 2082 5488 ⁸
2111 5455 2241 5511 Cod.
2276 5469 2491 5510 remoco
2519 5453 2674 5523 (sic!)

425 5500 610 5558 solum.
686 5505 707 5536 '
739 5505 917 5577 Conj.,
947 5509 1066 5563 cod.
1098 5512 1301 5564 solidet.
1380 5514 1402 5543 "
1431 5513 1520 5569 Sic
1541 5500 1971 5588 legendum'esse
1997 5500 2241 5591 videtur.
2268 5500 2785 5596 ééQiI”£y"t."'i'i:oa.
2812 5500 3157 5576 sit—bsisleittis.

1908 5634 2213 5722 NOTAE.-

2764 5453 2785 5485 ⁸
2816 5452 2997 5523 Corr.,
3027 5453 3146 5523 cod.
3177 5449 3296 5519 ipsi.
3381 5448 3422 5523 _'
3449 5446 3581 5512 Cod.
3615 5467 3664 5514 (ι
