4178 6266
554 336 667 396 285
1486 356 1499 361 -
1706 358 1711 365 ·
1924 331 2209 390 ιοΑΝΝιε
2238 333 2439 391 SCOTI
2591 356 2596 367 π
3016 366 3019 373 ·
3700 342 3808 400 ω

558 451 676 513 sio,
717 442 821 504 nec
844 455 928 504 est
956 446 1210 504 tenebrae
1237 446 1499 503 alumine
1536 446 1879 513 deﬁcientes,
1915 456 2131 504 necest
2156 453 2205 510 Α
2235 447 2350 518 ipso
2372 444 2699 513 auferimus,
2728 446 2902 517 ipsum
2928 455 3106 504 tamen
3141 461 3419 519 nunquam
3445 447 3705 518 parum
3723 454 3817 511 ut

559 543 740 599 lumen
766 542 1116 611 intelligibile,
1147 554 1249 597 nec
1276 549 1367 595 est
1401 553 1585 604 error,
1612 554 1720 610 quo
1749 540 1961 595 animus
1986 539 2132 595 deci-
2233 538 2527 595 auferimus
2546 578 2565 604 ,
2606 539 2860 609 quoniam
2902 554 3066 610 super
3090 540 3413 611 positionem
3457 548 3545 594 est
3566 538 3809 609 perfecta

555 629 738 698 piatur
767 641 869 682 nec
915 627 1135 691 veritas,
1177 639 1280 695 qua
1312 624 1454 681 ‘sua
1480 624 1744 679 industria
1772 626 1991 679 animus
2017 623 2138 679 illu-
2231 628 2470 684 omnium
2510 643 2705 695 causa,
2748 638 2804 685 et
2847 645 3010 700 super
3053 630 3377 686 ablationem
3422 639 3507 687 est
3550 646 3809 701 excessus

496 764 499 767 ,
558 719 793 773 minatur
814 716 856 771 ⁸.
886 724 942 771 et
968 715 1187 769 omnino
1209 713 1350 768 nulla
1361 723 1444 770 est
1455 712 1572 782 ejus
1595 714 1790 784 positio
1806 711 1892 767 vel
1913 711 2137 769 ablatio.
2231 718 2351 790 ejus
2377 718 2447 773 ab
2479 720 2728 776 omnibus
2755 730 2811 776 et
2835 735 2998 789 super
3025 720 3206 776 omnia
3244 720 3542 778 absolutus.
3574 718 3811 792 Explieit

557 807 665 865 Sed
691 818 868 864 tamen
908 820 1261 875 quaecunque
1290 804 1391 860 alia
1415 806 1482 861 de
1511 806 1625 875 ipso
1652 804 1921 874 ponimus,
1944 801 2029 858 vel
2074 801 2143 857 ab
2230 826 2361 880 opus
2389 812 2611 866 multum
2637 811 2784 878 αιίια,
2816 820 2864 867 ει
2893 812 3171 867 “nam...
3194 809 3363 869 ωδε,

1831 964 2088 1029 manu
2121 936 2501 1031 moriones

631 1090 649 1123 ³
675 1088 765 1147 Sic
792 1090 915 1148 cod.
988 1092 1011 1124 ³
1036 1088 1215 1162 Conj.,
1243 1091 1362 1146 cod.
1390 1090 1670 1146 insb’alur.

561 1243 3792 1284 mm

2280 1267 2475 1281 *ιο
2491 1267 2977 1281 --ο--.-·-

1355 1263 2897 1477 “massa

1958 1536 2405 1645 HOMILIA
2508 1578 2589 1581 -η
2782 1556 2791 1561 η

752 1634 759 1637 ’
844 1690 981 1825 IN;
1024 1689 1564 1817 nomen:
1641 1685 1730 1812 s.
1808 1642 2349 1815 EVANGELII
2422 1672 2937 1813 suum
3006 1666 3499 1812 ltilNNliM.

1894 1828 2071 1951 (CAP.
2114 1871 2166 1938 Ι,
2190 1860 2454 1948 ’1-11ι.)

553 2023 627 2077 Ex
653 2025 761 2075 cod.
801 2036 887 2074 ms.
923 1982 1258 2075 bibliothecae
1283 2021 1650 2075 Alenconiensis
1672 2021 1852 2082 primus
1872 2019 2025 2070 edidit
2047 2017 2275 2082 lanificiis
2302 2018 2580 2082 narcissos).

2788 2023 2960 2095 {5.95"
2989 2015 3445 2095 ἔῆἒεξὲέἐίὲεῐιέφφ.
3454 2020 3555 2095 '1“.
3569 2020 3792 2095 Marti:-

611 2074 763 2147 ntmn
786 2084 848 2147 de
872 2074 1067 2136 l’oueu.
1098 2074 1256 2147 Paris,
1282 2086 1419 2145 isti,
1444 2074 1797 2147 ‘paggsst‘sqq
1820 2084 1984 2131 denuo
2006 2074 2207 2131 excudit
2228 2081 2289 2132 Ill.
2312 2074 2618 2132 Salatélieué
2641 2074 2962 2145 Taillandler,
2984 2080 3101 2131 Sco!
3119 2074 3397 2144 Brigéne'et
3426 2079 3476 2130 ta
3503 2074 3797 2147 philosophia

609 2144 957 2208 κήοιιαὸςκο,
982 2146 1191 2208 Str-3b.,
1216 2147 1351 2208 ιβιδ,
1374 2159 1480 2208 pag.
1516 2145 1606 2195 299
1628 2157 1740 2207 sqq.

1949 2218 2383 2236 ﬂ

454 2372 461 2375 '
552 2350 817 2423 Ornelt'a'
889 2348 1168 2421 Joannis
1239 2347 1422 2419 Scoti'
1505 2346 1935 2419 translators}
2013 2346 2120 2416 Ιο-

2224 2342 2470 2403 bumanis
2483 2342 2753 2409 mentibus
2771 2358 2836 2398 ac
2856 2343 3402 2405 sensibusintimare‘l
3423 2343 3540 2409 Dic,
3566 2357 3792 2414 quaeso,

945 2445 1254 2515 rarcht'ae
1299 2444 1615 2534 Dionysii
1672 2442 1721 2513 '.

552 2626 553 2631 π
627 2610 742 2665 Vox
775 2608 1072 2680 spiritualis
1109 2610 1320 2679 aquilae
1360 2608 1598 2663 auditum
1630 2606 1805 2677 pulsat
1828 2603 2119 2661 Ecclesiae:

549 2698 804 2754 Exterior
832 2712 1026 2754 sensus
1047 2708 1412 2753 transeuntem
1437 2700 1666 2768 accipiat
1686 2697 1950 2761 sonitum;
1982 2697 2124 2749 intee

548 2787 663 2842 rior
688 2786 901 2841 animus
929 2799 1231 2842 manentem
1262 2796 1510 2857 penetret
1528 2786 1877 2841 intellectum.
1910 2784 2024 2838 Vox
2046 2783 2125 2837 ale

545 2877 696 2931 tividi
726 2876 963 2932 volatilis
983 2917 998 2941 ,
1039 2894 1143 2933 non
1171 2893 1295 2931 aera
1324 2892 1644 2947 corporeum
1673 2877 1755 2932 vel
1787 2877 2004 2931 aethera
2036 2873 2123 2929 vel

544 2966 710 3020 totius
759 2966 1028 3021 sensibilis
1080 2968 1263 3020 mundi
1323 2967 1584 3021 ambitum
1652 2965 2121 3035 supervolitantis,

542 3059 640 3114 sed
666 3073 881 3112 omnem
932 3056 1193 3110 tlieoriam
1215 3096 1228 3118 .
1265 3056 1406 3109 ultra
1456 3057 1635 3111 omnia
1657 3097 1670 3120 ,
1701 3071 1842 3125 quae
1867 3064 2026 3119 sunt,
2067 3063 2124 3109 et

545 3165 686 3219 quae
716 3164 819 3202 non
860 3155 1016 3211 sunt,
1046 3146 1279 3200 citivolis
1328 3147 1549 3201 intimae
1590 3146 1891 3217 theologiae
1931 3144 2122 3215 pennis

536 3239 877 3295 clarissimae
929 3251 1266 3305 superasque
1320 3237 1788 3306 contemplationis
1848 3236 2124 3292 obtutibus

544 3326 1000 3384 transcendentis.
1032 3327 1165 3381 Dico
1187 3334 1364 3380 autem
1390 3340 1526 3396 quae
1552 3336 1708 3391 sunt,
1736 3341 1875 3396 quae
1896 3328 2010 3382 sive
2029 3328 2124 3381 huo

544 3435 766 3474 manum
797 3420 913 3474 sive
937 3418 1240 3486 angelicum
1264 3433 1370 3472 non
1392 3419 1614 3473 omnino
1648 3418 1859 3488 fugiunt
1879 3430 2120 3484 sensum,

522 3522 665 3583 cum
696 3519 818 3579 post
842 3508 1009 3562 Deum
1049 3506 1189 3574 sint,
1236 3516 1293 3562 et
1326 3521 1510 3562 eorum
1560 3523 1871 3573 numerum,
1894 3522 2033 3578 quae
2052 3509 2121 3564 ab

541 3614 648 3655 una
666 3598 906 3655 omnium
924 3612 1085 3652 causa
1106 3598 1318 3652 condita
1341 3606 1501 3662 sunt,
1525 3612 1630 3651 non
1657 3598 1951 3662 excedant;
1981 3611 2119 3666 quae

2110 2438 2123 2457 "
2224 2433 2311 2488 cui
2341 2441 2487 2488 tanta
2518 2448 2582 2490 ac
2602 2433 2726 2487 talis
2763 2443 2848 2490 est
2887 2434 3085 2488 donata
3124 2435 3331 2504 gratia?
3378 2434 3642 2490 Fortassis
3669 2437 3797 2504 quis

2223 2522 2364 2579 dicet
2395 2536 2412 2577 :
2443 2537 2652 2577 summo
2678 2521 2870 2576 vertici
2910 2522 3274 2592 apostolorum
3295 2563 3313 2591 ,
3340 2523 3503 2578 Petro
3525 2523 3675 2587 dico,
3702 2525 3795 2594 qui

2221 2610 2451 2667 Domino
2480 2611 2862 2682 interroganti,
2891 2626 3051 2681 quem
3091 2627 3150 2668 se
3176 2627 3295 2670 esse
3324 2612 3676 2678 existimaret,
3704 2628 3794 2667 re-

2221 2701 2437 2772 spondit
2469 2716 2483 2754 :
2519 2720 2538 2753 ι
2576 2700 2653 2755 Tu
2687 2716 2748 2756 es
2771 2701 3016 2773 Christus
3040 2700 3208 2757 Filius
3233 2703 3325 2757 Dei
3352 2703 3457 2757 vivi
3486 2723 3530 2755 ι.
3561 2702 3664 2757 Sed
3685 2717 3791 2769 non

2225 2801 2428 2855 temere
2451 2833 2466 2859 ,
2501 2802 2563 2847 ut
2588 2793 2801 2863 opinor,
2828 2794 2950 2863 quis
2971 2793 3196 2858 dixerit,
3219 2792 3338 2863 plus
3360 2794 3413 2848 in
3440 2803 3561 2864 typo
3588 2793 3709 2848 ﬁdei
3734 2803 3794 2851 et

2224 2880 2488 2945 actionis,
2523 2896 2685 2949 quam
2721 2882 2977 2937 scientiae
2999 2893 3052 2935 et
3076 2882 3539 2956 contemplationis
3575 2882 3795 2939 Petrum

2224 2969 2349 3027 talia
2370 2970 2571 3025 dixisse
2588 3010 2603 3033 ,
2626 2984 2689 3025 ea
2707 2970 2915 3027 scilicet
2943 2970 3145 3025 ratione
3160 3009 3176 3035 ,
3203 2985 3310 3040 qua
3330 2970 3522 3025 Petrus
3543 2970 3595 3024 in
3619 2970 3793 3025 forma

2223 3060 2451 3115 actionis
2499 3075 2564 3117 ac
2607 3059 2727 3113 fidei
2780 3060 3026 3129 ponitur,
3058 3057 3291 3115 Joannes
3335 3068 3512 3117 autem
3557 3071 3797 3116 contem-

2220 3149 2473 3220 plationis
2512 3158 2675 3218 atque
2719 3149 2978 3204 scientiae
3027 3158 3209 3221 typum
3243 3150 3504 3205 imitatur.
3544 3148 3695 3205 Unus
3722 3151 3794 3204 si-

2221 3240 2439 3309 quidem
2468 3240 2821 3294 decumbebat
2848 3250 3007 3309 super
3042 3250 3229 3310 pectus
3266 3240 3624 3307 Dominicum,
3654 3242 3796 3312 quod

2220 3336 2308 3386 est
2333 3329 2802 3401 contemplationis
2840 3339 3239 3385 sacramentum
3261 3370 3276 3395 ,
3314 3330 3449 3385 alter
3471 3344 3632 3399 saepe
3662 3330 3793 3384 titti-

2221 3421 2412 3486 babat,
2437 3422 2588 3491 quasi
2610 3421 2847 3491 trepidae
2866 3422 3093 3476 actionis
3113 3421 3430 3493 symbolum.
3458 3420 3616 3474 Actio
3642 3434 3792 3474 nant-

2219 3526 2325 3584 que
2365 3512 2741 3567 mandatorum
2772 3511 3117 3576 divinorum,
3167 3513 3477 3581 priusquam
3511 3510 3821 3581 perveniat

2222 3598 2275 3652 in
2307 3598 2546 3652 habitum
2567 3638 2582 3662 ,
2608 3613 2772 3667 puras
2792 3597 3079 3667 aliquando
3103 3598 3359 3653 discernit
3387 3597 3592 3666 species
3621 3595 3789 3650 virtu-

541 3704 673 3746 vero
717 3706 823 3745 non
873 3696 1029 3753 sunt,
1059 3704 1196 3757 quae
1232 3688 1476 3759 profecto
1510 3702 1698 3742 omnes
1741 3688 2125 3758 intelligentiae
2150 3682 2195 3744 C
2227 3695 2370 3750 tum,
2401 3686 2687 3756 aliquando
2710 3687 2915 3741 fallitur
2934 3688 3051 3758 ejus
3067 3688 3355 3758 judicium.
3385 3687 3679 3743 carnalium
3702 3701 3793 3742 eoo

540 3781 687 3836 vires
718 3780 1045 3849 relinquunt.
1071 3779 1388 3850 Supervolat
1416 3780 1597 3848 itaque
1626 3778 1814 3834 beatus
1841 3778 2117 3849 theologus

540 3868 779 3925 Joannes
820 3883 924 3924 non
965 3870 1138 3925 solum
1176 3883 1313 3938 quae
1363 3866 1586 3938 intelligi
1638 3881 1702 3920 ac
1737 3867 1838 3921 dici
1871 3874 2118 3937 possunt,

542 3972 734 4015 verum
764 3958 927 4013 etiam
955 3958 1008 4013 in
1037 3974 1122 4023 ea,
1161 3972 1299 4027 quae
1334 3965 1590 4026 superant
1616 3970 1833 4012 omnem
1873 3953 2119 4009 intelleco

541 4056 659 4105 tum
694 4059 749 4106 et
772 4050 1220 4121 signiﬁcationem
1240 4089 1254 4115 ,
1287 4049 1693 4118 supervehitur,
1725 4055 1987 4116 extraque
2005 4060 2121 4100 om-

541 4141 639 4194 nia
665 4140 919 4195 ineffabili
956 4141 1153 4196 mentis
1181 4140 1363 4195 volatu
1386 4139 1440 4194 in
1467 4153 1662 4195 arcana
1691 4138 1852 4194 unius
1877 4139 2120 4195 omnium

547 4232 797 4302 principii
851 4232 1121 4288 exaltatur
1148 4272 1164 4299 ,
1202 4228 1907 4313 incom‘prehensibilemqt’te
1952 4230 2123 4300 ipsius

543 4322 793 4392 principii
823 4332 880 4378 et
904 4325 1088 4389 verbi,
1115 4325 1219 4378 hoc
1245 4332 1327 4379 est
1347 4322 1525 4376 Patris
1548 4330 1605 4377 et
1626 4322 1779 4387 Filii,
1807 4321 2012 4376 unitam
2032 4333 2122 4374 su-

541 4413 1115 4483 peressentialitatem,
1144 4428 1245 4467 nec
1282 4426 1389 4466 non
1419 4419 1474 4465 et
1499 4410 1803 4465 distinctam
1829 4408 2118 4478 supersub-

540 4503 953 4557 Stantialitatem
981 4518 1114 4572 pure
1156 4504 1458 4565 dinoscens,
1490 4501 1841 4570 Evangelium
1862 4514 2018 4555 suum
2039 4499 2122 4553 in-

538 4588 724 4654 choat,
746 4588 929 4643 dicens
956 4589 1058 4643 ειη
1084 4590 1338 4660 principio
1360 4599 1471 4645 erat
1504 4587 1746 4643 Verbum.

609 4675 656 4731 0
695 4678 852 4730 beate
876 4676 1146 4740 Joannes,
1203 4695 1308 4733 non
1357 4679 1626 4734 immerito
1669 4678 1925 4734 vocitaris
1954 4675 2121 4734 Joan-

539 4778 657 4822 nes.
684 4765 918 4823 Ebreum
949 4782 1143 4821 nomen
1183 4777 1267 4821 est
1299 4767 1569 4833 Joannes,
1607 4768 1759 4836 cujus
1799 4769 2123 4838 interpreta-

539 4858 618 4913 tio
651 4871 843 4928 graece
881 4856 921 4932 ᾧ
959 4859 1248 4933 ἕχαρίσατο
1274 4871 1300 4899 α
1322 4900 1337 4925 ,
1374 4859 1541 4913 latine.
1583 4872 1710 4915 vero
1744 4861 1828 4914 cui
1866 4860 2122 4915 donatum

540 4956 638 5002 est.
666 4946 765 5002 Cui
797 4948 942 5002 enim
986 4949 1352 5019 theologorum
1404 4950 1659 5004 donatum
1701 4958 1816 5013 est,
1857 4950 1999 5017 quod
2027 4950 2121 5005 tibi

2218 3777 2539 3845 gitationum
2568 3776 2776 3832 nebulis
2804 3778 3206 3833 obumbratum.
3233 3778 3457 3834 lntimae
3494 3788 3624 3833 vero
3647 3779 3793 3833 theo-

2219 3867 2333 3922 riae
2362 3867 2528 3933 acies,
2556 3877 2839 3937 postquam
2863 3868 3033 3925 semel
3055 3870 3298 3925 veritatis
3324 3869 3661 3941 perspexerit
3680 3869 3795 3925 vul-

2219 3962 2370 4018 tum,
2423 3970 2758 4026 nequaquam
2808 3958 3190 4026 repercutitur,
3234 3974 3509 4030 nunquam
3549 3957 3791 4024 fallitur,
3848 3954 3857 3957 ’

2215 4043 2365 4098 nulla
2393 4045 2618 4116 caligine
2642 4045 2943 4101 occultatur
2977 4047 3029 4101 in
3061 4056 3401 4119 perpetuum.

2288 4133 2461 4189 Ambo
2484 4144 2659 4190 tamen
2685 4142 2915 4190 currunt
2940 4138 3004 4190 ad
3028 4146 3454 4193 monumentum.
3483 4137 3797 4194 Monumetn

2214 4229 2335 4278 tum
2364 4222 2563 4278 Christi
2598 4233 2682 4278 est
2712 4224 2893 4278 divina
2925 4224 3241 4295 Scriptura,
3273 4226 3326 4281 in
3355 4241 3461 4296 qua
3500 4227 3796 4282 divinitatis

2215 4324 2276 4369 et
2304 4314 2653 4369 humanitatis
2695 4314 2811 4382 ejus
2832 4317 3089 4386 mysteria
3117 4316 3439 4372 densissima
3470 4317 3638 4373 veluti
3668 4328 3797 4387 qua-

2220 4406 2342 4461 dam
2384 4407 2696 4460 muniuntur
2727 4416 2899 4475 petra.
2953 4404 3062 4461 Sed
3104 4406 3340 4463 Joannes
3378 4408 3687 4476 praecurrit
3721 4407 3797 4463 cl-

2216 4494 2327 4549 tius
2352 4492 2530 4548 Petro.
2554 4493 2778 4547 Acutius
2798 4508 3030 4564 namque
3055 4502 3215 4564 atque
3234 4495 3472 4549 velocius
3499 4496 3689 4549 intima
3722 4494 3799 4549 di-

2211 4586 2466 4640 vinorum
2495 4600 2714 4653 operum
2738 4594 2985 4655 penetrat
3013 4593 3219 4640 secreta
3254 4586 3428 4638 virtus
3456 4584 3797 4654 contempla-

2214 4675 2383 4729 tionis
2408 4675 2623 4744 penitus
2657 4675 3001 4744 puriﬁcatae,
3035 4689 3196 4744 quam
3230 4673 3460 4729 actionis
3486 4673 3665 4727 adhuc
3700 4687 3797 4741 pu-

2211 4766 2534 4822 rificandae.
2572 4762 2951 4821 Verumtamen
2978 4766 3157 4834 primo
3191 4764 3357 4819 intrat
3374 4762 3579 4818 Petrus
3600 4763 3654 4817 in
3682 4774 3796 4816 mo-

2221 4862 2534 4911 numentum
2552 4895 2567 4920 ,
2605 4854 2798 4910 deinde
2829 4854 3096 4919 Joannes,
3126 4869 3190 4909 ac
3211 4854 3351 4909 sicut
3369 4854 3530 4908 ambo
3542 4859 3795 4915 currunt,

2208 4946 2382 5001 ambo
2432 4946 2655 4999 lntrant.
2704 4943 2900 4999 Petrus
2945 4943 3211 5013 siquidem
3263 4942 3387 4998 ﬁdei
3445 4940 3747 5014 symbolum
3778 4978 3797 5005 ,

541 5044 625 5092 est
654 5037 908 5092 donatum
928 5080 942 5105 ,
975 5038 1155 5095 abdita
1190 5037 1439 5094 videlicet
1459 5041 1652 5094 summi
1684 5039 1806 5094 boni
1830 5050 2111 5110 penetrare
2145 5023 2188 5081 ο
2210 5036 2448 5093 Joannes
2478 5035 2742 5107 signiﬁcat
2778 5035 3126 5091 intellectum.
3153 5034 3233 5090 Ac
3259 5048 3360 5105 per
3386 5034 3514 5099 hoc,
3544 5029 3799 5103 quoniam

541 5129 820 5200 mysteria,
841 5137 895 5185 et
921 5145 1009 5196 ea,
1031 5145 1168 5199 quae
1199 5131 1292 5185 tibi
1322 5130 1552 5186 revelata
1578 5140 1633 5186 et
1662 5131 1930 5187 declarata
1964 5138 2111 5196 sunt,
2200 5129 2477 5196 scriptum
2489 5134 2573 5182 est
2589 5142 2605 5181 :
2624 5143 2647 5177 ί
2669 5123 2782 5182 Nisi
2796 5124 3160 5193 credideritis,
3180 5122 3619 5194 nonintelligetis
3641 5139 3685 5188 ι,
3707 5132 3799 5175 ne-

1826 5240 2079 5298 VARIAE
2114 5234 2509 5313 LECTIONES.

2044 5368 2293 5453 NOTAE.
2472 5332 2477 5337 ’

604 5506 639 5535 ι
670 5493 761 5547 Sic
790 5494 941 5551 locus
985 5494 1222 5565 reparari
1255 5494 1434 5549 debet.
1486 5491 1543 5547 in
1585 5492 1768 5547 codice
1812 5489 2008 5561 legitur
2046 5487 2125 5540 οἱ·
2220 5486 2608 5565 interpretatur
2625 5500 2660 5565 ε
2681 5483 2955 5565 Joannes,
2998 5493 3058 5565 in
3093 5508 3198 5564 quo
3230 5502 3317 5565 est
3345 5492 3534 5565 gratia.
3571 5472 3651 5543 uel
3674 5484 3800 5565 Do-

522 5571 810 5640 mpicato
834 5611 849 5633 ,
879 5575 1020 5640 quod
1046 5554 1143 5628 ἐει
1184 5572 1227 5645 ᾦ
1267 5581 1619 5636 EXAPICA'I‘O,
1644 5570 1694 5623 id
1722 5554 2123 5639 quod'editores
2220 5554 2580 5623 mini’gratia.
2624 5554 2908 5613 Derivatur
2951 5554 3308 5654 eiiim'tgtjﬁnz
3345 5554 3384 5616 'a
3588 5566 3642 5612 et
3672 5564 3799 5638 ’ρῐξτο

521 5649 609 5703 «il.
648 5650 868 5704 omnino
909 5652 1107 5722 fugisse
1147 5654 1376 5709 videtur.
1421 5653 1478 5710 S.
1512 5652 1867 5733 Hieronymus
1910 5666 2123 5725 quoque
2220 5658 2297 5713 ita
2327 5665 2388 5711 ut
2417 5658 2635 5727 proprie
2669 5660 2939 5729 signiticet
2976 5667 3063 5722 cui
3106 5649 3305 5723 labora
3351 5665 3624 5737 propitius.

599 5313 632 5347 "
665 5312 799 5371 Cod.
835 5313 1113 5370 Geram/tie
1134 5312 1378 5368 Dionist't'.
