4178 6266
322 343 429 399 285

1266 338 1496 395 HOMlL.
1539 339 1610 397 ΙΝ
1645 336 1941 396 PROLOC.
1979 335 2228 396 EVANG.
2271 337 2419 395 SEC.
2458 338 2654 428 J'OAN.

3487 344 3592 401 286

324 455 571 512 ressario
582 448 855 526 praecedit
871 451 1063 509 ﬁdesin
1078 460 1483 508 monumentum
1505 461 1722 508 sanctae
1732 451 1913 521 Scrip-
1939 450 1985 517 Α
2018 450 2266 520 accipere
2283 492 2301 519 ,
2327 444 2429 507 nisi
2452 453 2602 522 prius
2630 453 3183 524 incomprehensibilis
3204 455 3449 513 veritatis
3470 474 3586 530 par-

328 555 516 613 turae,
536 547 731 601 deinde
746 560 973 613 sequens
994 544 1158 597 intrat
1181 542 1506 608 intellectus,
1524 543 1610 598 cui
1633 558 1731 613 per
1745 541 1903 596 iidem

327 643 691 707 praeparatur
715 634 907 688 aditus.
934 631 1129 686 Petrus
1151 632 1331 702 itaque
1359 631 1630 687 Christum
1661 632 1828 687 Deum
1853 639 1911 686 et

328 728 605 785 hominem
620 727 730 797 jam
758 726 954 781 factum
978 725 1038 779 in
1065 725 1395 794 temporibus
1416 725 1692 795 cognovit,
1721 734 1779 780 et
1799 725 1905 779 ait:

336 838 357 872 ι
392 821 472 875 Tu
492 834 551 873 es
589 817 835 874 Christus
863 816 1035 871 Filius
1062 816 1154 869 Dei
1181 816 1291 871 vivi
1321 832 1367 870 ιν.
1389 816 1669 873 Altissime
1689 816 1904 872 volavit.

329 908 437 965 Sed
460 910 622 964 altius
647 907 737 963 Ille
759 948 774 973 ,
802 906 894 975 qui
930 907 1161 960 eundem
1202 905 1477 961 Christum
1501 904 1672 961 Deum
1700 906 1767 959 de
1798 905 1908 960 Deo

329 1008 458 1055 ante
482 998 668 1054 omnia
712 1006 959 1065 tempora
989 996 1228 1063 genitum
1258 995 1552 1061 intellexit,
1584 995 1767 1050 dicens
1796 1012 1810 1047 :
1841 992 1909 1047 ιη

331 1092 590 1162 principio
631 1096 745 1143 erat
790 1086 1035 1160 Verbum.
1084 1085 1252 1139 Nemo
1295 1097 1393 1139 nos
1429 1084 1706 1139 existimet
1750 1083 1911 1137 Petro

330 1176 600 1239 Joannem
631 1178 928 1249 praeferre.
949 1176 1081 1243 Quis
1103 1177 1206 1231 hoc
1228 1174 1458 1231 fecerit?
1485 1170 1741 1243 Quisnam
1772 1184 1917 1231 esSet

334 1271 718 1342 apostolorum
761 1268 927 1322 altior
958 1267 1047 1322 illo
1071 1308 1086 1332 ,
1134 1268 1224 1336 qui
1278 1277 1359 1323 est
1401 1276 1456 1323 et
1497 1269 1694 1323 dicitur
1728 1275 1916 1323 vertex

335 1374 536 1417 eorum
554 1360 590 1413 τ
612 1357 731 1414 Non
757 1357 1105 1429 praeferimus
1144 1356 1305 1412 Petro
1330 1356 1589 1413 Joannem
1614 1396 1629 1423 ,
1658 1357 1751 1412 sed
1792 1372 1920 1413 con-

342 1451 577 1508 ferimus
615 1450 812 1506 actioni
862 1449 1397 1519 contemplationem,
1437 1450 1715 1520 purgando
1745 1448 1919 1503 adhuc

340 1544 529 1600 animo
555 1541 791 1611 perfecte
820 1551 1139 1612 purgatum,
1167 1541 1479 1596 ascendenti
1519 1541 1693 1595 adhuc
1720 1539 1920 1593 virtute

342 1637 412 1692 ad
445 1629 935 1690 incommutabilem
984 1629 1230 1685 habitum
1271 1644 1364 1700 per
1402 1629 1709 1685 venientem
1751 1627 1768 1659 ¹
1806 1614 1921 1698 jam

336 1726 615 1780 virtutem.
645 1718 763 1778 Non
793 1723 936 1777 enim
968 1735 1110 1777 nunc
1146 1721 1551 1776 consideramus
1597 1717 1918 1790 apostolica-

2012 539 2377 610 ticipationem
2400 541 2596 609 dignus
2616 540 2883 596 eiliciatur
2908 542 3125 598 habere.
3152 543 3383 601 Sanctus
3406 548 3589 617 itaque

2011 628 2311 704 theologus,
2338 635 2389 689 in
2407 636 2572 690 Deum
2602 644 3012 702 trausmutatus,
3031 639 3274 696 veritatis
3294 646 3588 718 particeps,

2012 724 2180 779 Deum
2227 723 2457 779 Verbum
2500 725 2796 780 subsistere
2819 726 2870 779 in
2907 726 3018 781 Deo
3044 728 3461 797 principio,boc
3503 744 3590 792 est

2012 815 2179 869 Deum
2210 813 2402 868 Filium
2427 815 2481 868 in
2505 814 2614 869 Deo
2635 814 2820 881 Patre,
2847 819 3175 887 pronuntiat.
3215 819 3278 874 In
3310 800 3587 893 principio,

2013 906 2205 975 inquit,
2228 916 2340 960 erat
2363 904 2605 959 Verbum.
2621 906 2833 961 intuere
2854 908 3062 962 caelum
3084 920 3328 979 apertum
3345 953 3360 978 ,
3384 913 3485 969 hoc
3504 927 3592 971 est

2014 1002 2259 1048 Summae
2294 1009 2358 1047 ac
2387 1003 2609 1049 sanctae
2642 995 2902 1050 trinitatis
2926 1005 2980 1050 et
3026 998 3251 1054 unitatis
3293 1001 3590 1060 revelatum

2013 1085 2214 1139 mundo
2242 1085 2578 1154 mysterium.
2609 1084 3050 1141 Animadvertere
3079 1089 3325 1159 angelum
3353 1092 3591 1150 divinum

2016 1192 2178 1246 super
2199 1175 2395 1231 Filium
2440 1177 2676 1232 hominis
2706 1180 3108 1246 ascendentem,
3159 1183 3312 1238 nobis
3347 1184 3596 1243 videlicet

2017 1268 2467 1333 annunciantem,
2501 1267 2676 1337 ipsum
2706 1283 2825 1322 esse
2856 1279 2980 1323 ante
3021 1265 3286 1326 oumia'in
3327 1275 3594 1345 principio

2018 1356 2273 1420 Verbum,
2291 1373 2354 1413 ac
2376 1372 2501 1411 mox
2521 1359 2933 1413 descendentem
2968 1375 3128 1429 super
3144 1363 3371 1417 eundem
3395 1362 3593 1425 Filium

2019 1448 2256 1503 hominis
2281 1487 2296 1511 ,
2349 1445 2780 1516 clamantemque
2811 1466 2824 1502 :
2855 1447 2924 1501 Et
2964 1448 3183 1504 Verbum
3231 1468 3354 1507 caro
3396 1454 3595 1523 factum

2019 1548 2116 1593 est.
2141 1537 2428 1592 Descendit
2451 1535 2828 1606 evangelizans
2857 1538 3022 1592 Deum
3054 1537 3287 1595 Verbum
3321 1543 3595 1599 hominem

2021 1624 2221 1683 iactum
2277 1627 2763 1699 supernaturaliter
2812 1630 2956 1684 inter
3001 1633 3181 1686 omnia
3226 1647 3292 1687 ex
3345 1633 3593 1705 virgine;

2022 1720 2616 1791 ascenditproclamans
2647 1722 2787 1775 idem
2809 1722 3046 1777 Verbum
3077 1726 3598 1793 superessentialiter

334 1822 453 1874 rum
481 1828 835 1888 personarum
863 1816 1204 1887 dignitatem,
1234 1816 1327 1870 sed
1366 1814 1753 1887 iuvesﬁgamus
1794 1812 1915 1886 pul-
1948 1820 1989 1881 Β
2018 1813 2254 1885 genitum
2285 1828 2351 1865 ex
2376 1812 2533 1865 Patre
2556 1818 2681 1865 ante
2707 1819 2762 1865 et
2805 1811 2946 1865 ultra
2969 1811 3171 1866 omnia.
3205 1812 3271 1866 In
3299 1814 3553 1885 principio
3577 1853 3595 1879 ,

330 1908 661 1963 uberrimam
689 1900 991 1961 divinorum
1018 1907 1397 1976 mysteriorum
1427 1903 1806 1960 diﬂ'ereutiam.

401 1998 598 2053 Petrus
620 1999 820 2067 itaque.
850 1998 952 2051 hoc
976 2005 1060 2052 est
1084 1998 1226 2052 actio
1245 1997 1504 2051 virtutqu
1533 2037 1549 2062 ,
1579 1995 1674 2051 Dei
1697 1995 1917 2062 Filium,

334 2086 573 2142 mirabili
595 2097 647 2141 et
670 2085 920 2141 ineffabili
941 2087 1098 2141 modo
1120 2100 1284 2141 carne
1306 2087 1797 2156 circumscriptum,
1824 2099 1921 2154 per

336 2176 591 2247 virtutem
614 2176 735 2230 ﬁdei
766 2183 821 2231 et
843 2172 1069 2230 actionis
1097 2176 1442 2247 conspicatur
1470 2190 1485 2228 :
1508 2173 1746 2232 Joannes
1765 2191 1919 2242 vero,

343 2266 451 2322 huc
474 2276 556 2321 est
583 2266 837 2322 altissima
863 2267 1241 2336 contemplatio
1264 2268 1531 2332 veritatis,
1561 2267 1657 2322 Dei
1682 2267 1921 2323 Verbum

348 2368 449 2423 per
476 2369 536 2408 se
572 2355 871 2409 absolutum
900 2366 956 2409 et
984 2355 1249 2410 inﬁnitum
1280 2354 1333 2410 in
1359 2345 1625 2425 principio
1650 2371 1748 2411 suo
1772 2397 1787 2422 ,
1818 2356 1924 2411 hoc

348 2451 439 2498 est
458 2484 473 2508 ,
504 2445 558 2497 in
596 2442 759 2498 Patre
783 2459 880 2499 suo
911 2445 1159 2499 miratur.
1184 2446 1377 2500 Petrus
1405 2454 1626 2502 aeterna
1666 2446 1824 2501 simul
1857 2462 1922 2501 ac

346 2532 701 2601 temporalia,
727 2533 780 2587 in
818 2533 1037 2588 Christo
1083 2544 1250 2587 unum
1292 2533 1469 2598 facta,
1501 2533 1685 2588 divina
1723 2530 1925 2591 revela-

342 2623 493 2679 tione
522 2624 863 2679 introductus
885 2624 1136 2694 inSpicit:
1169 2623 1404 2680 Joannes
1435 2623 1549 2680 sola
1577 2633 1794 2680 aeterna
1816 2624 1929 2695 eius

342 2709 398 2766 in
429 2713 676 2766 notitiam
710 2711 942 2767 ﬁdelium
964 2713 1268 2775 animarum
1298 2713 1607 2767 introducit.

415 2800 711 2870 Spirituale
736 2801 898 2873 igitur
920 2804 1133 2862 πτηνόν
1156 2803 1178 2834 ⁸
1201 2802 1501 2869 citivolum,
1524 2804 1812 2868 deividum,
1834 2803 1926 2859 Jo-

347 2906 543 2947 annem
584 2893 706 2949 dico
746 2893 1088 2963 theologum,
1127 2909 1344 2948 omnem
1373 2894 1637 2948 visibilem
1665 2903 1719 2949 et
1743 2895 1925 2950 invisi-

347 2981 514 3037 biiem
538 2990 839 3036 creaturam
870 2976 1109 3051 superat,
1134 2997 1349 3037 omnem
1375 2983 1694 3037 intellectum
1727 2978 1920 3049 tranat,

353 3078 410 3124 et
446 3067 757 3124 deiﬁcatum
785 3070 839 3125 in
885 3070 1051 3124 Deum
1097 3071 1263 3124 intrat
1302 3066 1651 3125 deiﬁcantem.
1686 3069 1731 3126 Ο
1769 3071 1926 3127 beate

2021 1900 2225 1973 inquit,
2246 1911 2355 1955 erat
2386 1899 2631 1955 Verbum.
2665 1900 2732 1955 Et
2760 1903 3085 1967 notandum,
3110 1903 3253 1972 quod
3276 1903 3328 1958 in
3360 1905 3459 1959 hoc
3479 1903 3599 1959 loco

2019 2008 2127 2047 non
2159 1991 2439 2060 temporis,
2464 1991 2556 2045 sed
2581 1991 2912 2046 substantiae
2932 1992 3380 2061 signiﬁcationem
3406 1994 3598 2052 beatus

2020 2081 2346 2151 evangelista
2377 2072 2612 2135 insinuat
2650 2096 2745 2150 per
2767 2083 2906 2137 hanc
2937 2093 3146 2147 vocem,
3179 2097 3316 2153 quae
3350 2092 3433 2138 est
3460 2094 3598 2140 erat.“

2021 2169 2155 2224 Nam
2184 2177 2237 2224 et
2281 2169 2477 2240 positio
2507 2166 2644 2238 ejus,
2676 2171 2727 2226 id
2770 2172 2853 2227 est
2876 2186 2992 2225 sum
3012 2212 3028 2236 ,
3071 2172 3214 2227 unde
3244 2170 3601 2242 inaequaliter

2023 2259 2280 2325 ﬂectitur,
2328 2260 2594 2329 duplicem
2636 2261 2891 2316 continet
2916 2261 3266 2317 intellectum.
3293 2263 3599 2333 Aliquando

2024 2351 2235 2420 quidem
2258 2350 2658 2406 subsistentiam
2679 2352 3045 2422 cujuscunque
3076 2353 3188 2416 rei,
3218 2352 3283 2408 de
3313 2368 3417 2424 qua
3440 2368 3596 2423 prae-

2025 2441 2252 2505 dicatur,
2276 2442 2478 2511 absque
2502 2441 2608 2497 u‘llo
2633 2442 2907 2513 temporali
2941 2453 3085 2497 motu
3114 2443 3413 2512 significat,
3447 2432 3599 2500 ideo;

2025 2546 2129 2600 que
2160 2531 2556 2586 substantivum
2581 2533 2803 2587 verbum
2830 2532 3127 2596 vocitatur;
3155 2532 3439 2604 aliquando
3464 2542 3600 2589 lem-

2024 2623 2239 2693 porales
2275 2632 2453 2678 motus
2494 2625 2785 2678 secundum
2837 2625 3062 2678 aliorum
3088 2626 3379 2680 verborum
3418 2625 3602 2680 analo-

2025 2714 2167 2785 giam
2196 2713 2458 2768 declarat.
2490 2713 2622 2768 Tale
2658 2729 2785 2784 ergo
2820 2723 2903 2769 est
2931 2714 3070 2781 quod
3101 2715 3177 2767 ait
3208 2732 3221 2768 :
3253 2713 3318 2768 In
3344 2715 3601 2785 principid

2027 2814 2138 2858 erat
2170 2802 2393 2858 Verbum
2415 2843 2430 2870 ,
2459 2819 2520 2859 ac
2543 2803 2588 2858 si
2619 2812 2803 2872 aperte
2832 2803 3034 2859 diceret
3058 2821 3070 2857 :
3095 2804 3151 2857 lu
3172 2803 3331 2857 Patre
3355 2804 3602 2859 sdbsistit

2026 2895 2216 2951 Filius.
2249 2895 2381 2962 Quis
2414 2894 2558 2949 enim
2595 2900 2783 2950 sanum
2830 2895 3044 2966 sapiens
3066 2893 3289 2958 dixerit,
3320 2894 3514 2949 Filium
3545 2894 3602 2951 iit

2027 2982 2189 3039 Patre
2234 2984 2601 3053 temporaliter
2648 2999 2883 3054 unquam
2925 2982 3265 3038 substitisse?
3302 2980 3415 3038 illic
3457 2982 3603 3039 enim

2030 3074 2140 3128 sola
2162 3070 2429 3143 Cogitatur
2449 3074 2743 3129 aeternitas
2765 3115 2780 3140 ,
2805 3074 2898 3130 ubi
2931 3073 3043 3129 sola
3072 3072 3390 3144 intelligitur
3410 3073 3606 3127 immus

355 3157 559 3223 Paule,
591 3168 775 3228 raptus
796 3174 854 3214 es
875 3199 890 3225 ,
915 3168 975 3214 ut
1003 3166 1056 3212 tu
1088 3160 1201 3229 ipse
1227 3160 1420 3214 asseris
1439 3200 1454 3226 ,
1480 3158 1532 3213 in
1557 3161 1771 3215 tertium
1795 3174 1918 3215 cae-
1945 3161 1994 3228 α
2024 3163 2204 3219 tabilis
2228 3165 2450 3220 veritas.
2494 3162 2561 3219 Et
2613 3178 2681 3219 ne
2721 3166 2841 3236 quis
2880 3166 3242 3231 existimaret,
3272 3164 3342 3218 ita
3366 3162 3605 3220 Verbum

354 3248 486 3315 lum,
518 3250 613 3305 sed
643 3266 748 3305 non
792 3266 850 3306 es
874 3258 1058 3321 raptus
1086 3249 1225 3305 ultra
1267 3264 1425 3305 omne
1466 3250 1705 3317 caelum;
1738 3258 1928 3322 raptus

350 3352 412 3393 es
437 3338 490 3391 in
525 3338 874 3407 paradisum,
923 3340 1014 3393 sed
1040 3353 1146 3392 non
1187 3353 1246 3394 es
1292 3347 1479 3409 raptus
1506 3354 1671 3409 super
1710 3352 1927 3395 omnem

347 3427 677 3498 paradisum.
733 3427 966 3483 Joannes
998 3441 1161 3483 omne
1211 3429 1419 3483 caelum
1460 3431 1770 3495 conditum,
1807 3445 1927 3483 om-

347 3530 578 3587 nemque
595 3525 838 3573 ereatum
860 3518 1166 3588 paradisum
1184 3561 1198 3586 ,
1231 3519 1335 3574 hoc
1354 3529 1472 3586 est,
1508 3536 1721 3576 omnem
1743 3522 1931 3576 huma-

348 3624 472 3663 nam
500 3610 911 3681 augelicamque
958 3611 1351 3681 transgreditur
1380 3620 1645 3666 naturam.
1676 3612 1732 3665 in
1770 3608 1930 3667 tertio

352 3703 498 3757 caelo
515 3744 530 3768 ,
553 3717 587 3758 ο
608 3717 708 3759 vas
737 3704 1015 3760 electionis
1056 3713 1112 3761 et
1141 3705 1400 3776 magister
1427 3708 1666 3776 gentium
1689 3748 1703 3772 ,
1729 3704 1929 3761 audisti

350 3793 515 3847 verba
536 3790 824 3848 ineﬂabilia
844 3835 857 3856 ,
886 3809 1026 3864 quae
1049 3811 1154 3850 non
1178 3795 1303 3850 licet
1339 3795 1541 3850 homini
1576 3794 1740 3865 loqui.
1769 3796 1933 3851 Joan-

352 3901 454 3939 nes
476 3925 491 3949 ,
513 3887 735 3942 intimae
769 3890 1018 3944 veritatis
1044 3890 1344 3960 inspector,
1373 3890 1516 3945 ultra
1536 3906 1694 3947 omne
1721 3888 1930 3946 caelum

353 3976 410 4030 in
440 3976 698 4045 paradiso
723 3980 1115 4048 paradisorum,
1144 3981 1246 4036 hoc
1273 3989 1351 4036 est
1379 3981 1432 4035 in
1460 3996 1619 4035 causa
1648 3982 1886 4036 omnium
1913 4023 1927 4048 ,

352 4064 562 4120 audivit
582 4080 751 4121 unum
772 4067 1026 4135 Verbum,
1050 4084 1149 4139 per
1170 4071 1313 4141 quod
1336 4070 1481 4126 facta
1511 4081 1635 4125 sunt
1652 4051 1864 4135 omnia:
1878 4070 1933 4127 et

351 4153 512 4211 libuit
534 4157 593 4211 ei
609 4156 737 4213 illud
760 4153 994 4214 Verbum
1035 4158 1234 4226 dicere,
1279 4156 1694 4229 hominibusque
1718 4162 1932 4229 praedi-

350 4262 500 4314 care,
531 4258 792 4318 quantum
812 4251 1121 4308 hominibus
1148 4253 1445 4324 praedicari
1476 4254 1673 4322 potest,
1700 4267 1764 4307 ac
1796 4251 1933 4307 ﬁdu-

353 4338 567 4395 cialiter
588 4339 785 4396 clamat
815 4360 829 4397 :
862 4342 927 4398 In
950 4344 1205 4414 principio
1227 4353 1338 4399 erat
1370 4343 1610 4399 Verbum.

425 4429 545 4486 Non
590 4444 719 4504 ergo
764 4433 993 4492 Joannes
1046 4445 1164 4492 erat
1214 4438 1406 4500 homo,
1454 4439 1548 4491 sed
1601 4432 1721 4505 plus
1766 4448 1929 4505 (lnam

2030 3250 2083 3309 in
2106 3255 2370 3325 principio
2391 3256 2716 3322 subsistere,
2745 3265 2804 3310 ut
2832 3256 2971 3310 nulla
3006 3255 3430 3311 substantiarum
3454 3252 3603 3309 diﬂ’ea

2031 3350 2207 3402 rentia
2229 3348 2662 3420 subintelligatur
2690 3350 2886 3414 inesse,
2919 3337 3175 3403 continuo
3198 3345 3473 3415 subiunxit
3500 3365 3513 3401 :
3538 3346 3607 3401 Et

2042 3436 2263 3492 Verbum
2286 3426 2400 3493 erat
2429 3438 2571 3511 apud
2602 3424 2788 3505 Deum,
2820 3438 2923 3493 hoc
2950 3444 3032 3493 est
3051 3478 3066 3503 ,
3089 3445 3142 3491 et
3165 3434 3329 3490 Filius
3363 3432 3609 3490 subsistit

2030 3532 2151 3583 cum
2175 3522 2335 3583 Patre
2360 3530 2412 3585 in
2446 3529 2651 3585 unitate
2681 3530 2946 3584 essentiae
2968 3535 3022 3583 et
3055 3524 3392 3582 substantiali
3418 3525 3609 3580 distin-

2032 3626 2227 3681 ctione.
2255 3624 2322 3680 Et
2344 3628 2570 3693 iterum,
2594 3641 2660 3681 ne
2686 3626 2739 3680 in
2763 3625 3016 3697 quapiam
3041 3624 3162 3678 talis
3184 3631 3426 3693 serperet
3448 3626 3608 3676 veneé

2032 3734 2162 3776 nosa
2201 3720 2495 3791 cogitatio,
2528 3708 2766 3777 Verbum
2798 3717 3132 3774 solummodo
3161 3716 3215 3770 in
3255 3715 3414 3777 Patre
3445 3728 3563 3769 esse
3588 3753 3603 3780 ,

2029 3819 2083 3864 et
2109 3825 2230 3864 eum
2254 3810 2364 3866 Deo
2385 3826 2531 3875 esse,
2559 3828 2665 3865 non
2690 3819 2869 3864 autem
2900 3809 3073 3878 ipsum
3100 3806 3331 3861 Verbum
3357 3804 3609 3859 substauA

2032 3899 2227 3953 tialiter
2252 3909 2308 3954 et
2346 3900 2773 3956 coessentialiter
2801 3897 2949 3951 Patri
2997 3896 3166 3951 Deum
3207 3895 3501 3949 subsistere
3539 3890 3610 3932 -ὲ

2029 3988 2120 4042 hic
2156 4004 2387 4057 namque
2429 4003 2586 4043 error
2626 3986 2859 4055 perﬁdos
2899 3984 3096 4041 inrasit
3135 3982 3455 4036 Arianos—
3482 3994 3610 4048 pro-

2032 4075 2178 4129 tinus
2223 4074 2418 4142 adjecit
2452 4092 2466 4128 :
2500 4072 2571 4128 Et
2605 4074 2747 4129 Deus
2777 4084 2888 4128 erat
2921 4073 3168 4127 Verbum.
3198 4069 3399 4124 Videns
3424 4067 3552 4120 item
3587 4078 3604 4134 ,'

2029 4162 2172 4234 quod
2201 4179 2305 4218 non
2336 4161 2573 4217 defuturi
2604 4170 2783 4217 essent
2808 4202 2822 4227 ,
2851 4162 2941 4231 qui
2976 4161 3216 4215 dicerent
3235 4196 3251 4221 ,
3282 4166 3387 4210 neu
3412 4153 3477 4208 de
3499 4171 3609 4211 uno

2030 4253 2327 4321 eodemque
2348 4248 2525 4304 Verbo
2546 4248 2932 4318 evangelistam
2956 4244 3240 4316 scripsisse
3271 4258 3286 4296 :
3317 4239 3390 4295 In
3414 4243 3611 4312 princi-

2028 4342 2114 4412 pio
2144 4350 2256 4395 erat
2288 4339 2543 4404 Verbum,
2571 4348 2625 4394 et
2648 4337 2788 4392 Deus
2813 4345 2924 4390 erat
2952 4333 3179 4390 Verbum
3198 4370 3212 4396 ,
3240 4329 3334 4385 sed
3357 4329 3500 4383 aliud
3520 4341 3613 4384 v0'

2033 4432 2199 4488 luisse
2233 4428 2453 4487 Verbum
2481 4431 2537 4485 in
2564 4427 2841 4501 principio,
2872 4425 3017 4481 aliud
3043 4421 3185 4478 Deus
3207 4417 3607 4484 erat‘V‘erbnm,

351 4520 546 4588 homo,
576 4502 793 4594 quando
815 4538 871 4581 et
896 4528 1132 4599 seipsum
1156 4569 1170 4591 ,
1204 4536 1258 4582 et
1275 4526 1476 4592 omnia,
1508 4502 1647 4598 quae
1669 4502 1799 4582 sunt
1811 4569 1825 4592 ,
1849 4544 1930 4581 su-
1959 4502 2009 4562 Ῐ)
2035 4523 2361 4577 baereticam
2385 4519 2692 4590 opinionem
2714 4516 2998 4572 destrueas
3017 4557 3031 4580 ,
3053 4516 3448 4580 consequenter
3475 4508 3605 4562 subdi

352 4613 558 4682 perarit
575 4655 592 4682 ,
620 4622 675 4670 et
700 4615 957 4692 ineﬂ'abili
980 4618 1274 4687 sapientiae
1300 4618 1517 4682 virtute,
1536 4610 1932 4687 purissimoque

353 4704 550 4760 mentis
569 4706 822 4760 acumine
849 4708 1137 4762 subvectus
1155 4747 1171 4773 ,
1198 4706 1250 4761 in
1275 4721 1337 4760 ea
1354 4747 1368 4769 ,
1394 4722 1536 4776 quae
1572 4720 1732 4775 super
1749 4705 1930 4762 omnia

353 4800 497 4858 sunt,
520 4802 733 4849 secreta
758 4795 1008 4853 videlicet
1034 4798 1193 4852 unius
1227 4797 1491 4852 essentiae
1528 4799 1581 4851 in
1611 4799 1780 4853 tribus
1807 4798 1935 4853 sub-

354 4880 599 4947 stantiis,
628 4891 685 4937 et
713 4868 876 4937 trium
912 4885 1333 4940 substantiarum
1366 4885 1546 4961 inuna
1576 4887 1830 4952 essentia,
1858 4887 1935 4941 in-

355 4980 685 5037 gressusest.
703 4971 821 5028 Non
841 4975 982 5028 enim
999 4972 1156 5029 aliter
1168 4975 1642 5044 potuitascendere
1664 4975 1716 5028 in
1738 4972 1931 5041 Deum,

354 5057 465 5111 nisi
489 5061 639 5128 prius
667 5052 827 5120 ﬁeret
851 5063 1015 5120 Deus.
1048 5064 1119 5122 Ut
1148 5066 1290 5120 enim
1324 5065 1507 5119 radius
1531 5060 1807 5119 ocularum
1836 5078 1933 5121 no-

354 5157 849 5231 strorumrspecies
878 5170 1056 5211 rerum
1096 5156 1427 5211 sensibilium
1467 5147 1781 5222 coloresque
1823 5166 1931 5209 non

353 5240 508 5310 prius
533 5252 710 5314 potest
733 5246 966 5313 sentire,
1006 5260 1167 5315 quam
1196 5259 1255 5301 se
1276 5242 1547 5300 solaribus
1570 5242 1736 5296 radiis
1754 5242 1931 5296 immi-

360 5341 526 5395 seeat,
554 5350 831 5406 unumque
860 5337 914 5390 in
942 5334 1074 5407 ipsis
1097 5344 1295 5390 etcum
1324 5334 1457 5403 ipsis
1480 5333 1594 5398 ﬁat,
1616 5332 1691 5386 ita
1719 5333 1932 5388 animus

362 5433 672 5480 sanctorum
703 5442 895 5497 puram
942 5442 1128 5482 rerum
1166 5424 1524 5496 spiritualium
1553 5465 1571 5491 ,
1611 5439 1934 5494 omnemque

364 5510 697 5573 intellectum
743 5520 1115 5591 superandum
1162 5514 1522 5590 cognitionem
1578 5530 1685 5572 non
1744 5514 1935 5570 sull'ert

439 5699 458 5730 ‘
482 5699 661 5771 Corn,
683 5702 751 5758 ii.
781 5705 1180 5776 pervenientem.
1256 5690 1476 5773 ﬁdem,
1503 5700 1623 5759 cod.
1651 5709 1899 5756 aetatum.

2034 4611 2202 4667 nectit
2221 4629 2235 4664 :

2109 4702 2224 4758 Hoc
2247 4714 2357 4758 erat
2379 4705 2435 4759 in
2460 4702 2714 4774 principio
2758 4701 2899 4771 apud
2936 4698 3135 4764 Deum,
3175 4708 3240 4752 ac
3268 4696 3315 4752 si
3361 4695 3608 4751 diceret:

2034 4794 2140 4850 hoc
2170 4793 2400 4848 Verbum
2424 4834 2438 4859 ,
2467 4793 2608 4863 quod
2628 4792 2773 4848 Deus
2792 4798 2877 4847 est
2895 4833 2908 4858 ,
2940 4789 3075 4862 apud
3101 4786 3272 4843 Deum
3296 4787 3469 4858 ipsum
3493 4788 3574 4839 est
3590 4820 3610 4847 ν

2035 4895 2091 4942 et
2120 4900 2226 4940 non
2256 4883 2399 4939 aliud
2426 4885 2554 4955 quid
2584 4893 2704 4939 erat
2754 4884 2807 4938 in
2837 4883 3124 4954 principio.
3161 4878 3269 4934 Sed
3301 4876 3612 4949 significth

2039 4978 2146 5033 tius
2171 4993 2238 5033 ex
2270 4976 2600 5034 Graecorum
2625 4976 3022 5047 exemplaribus
3056 4978 3232 5042 potest
3276 4966 3521 5033 intelligi.
3547 4960 3611 5019 In

2038 5070 2118 5125 eis
2143 5070 2283 5123 enim
2314 5066 2460 5130 οὗτος
2484 5068 2757 5131 scribitur,
2782 5068 2834 5121 id
2864 5073 2977 5128 est,
3003 5064 3105 5125 hic,
3139 5070 3195 5114 et
3216 5066 3392 5129 potest
3419 5054 3610 5110 referri

2037 5160 2104 5214 ad
2130 5169 2452 5228 utrumque,
2483 5158 2548 5213 ad
2583 5155 2818 5212 Verbum
2848 5153 3100 5208 videlicet
3145 5158 3201 5202 et
3248 5146 3449 5207 Deum;
3477 5144 3613 5195 haec

2036 5250 2232 5320 quippe
2260 5249 2364 5302 duo
2394 5249 2612 5303 nomina
2638 5248 2761 5307 Θεὸς
2792 5252 2847 5298 ει
2882 5243 3026 5316 λόγος
3057 5238 3199 5308 ³1)ηά
3218 5235 3611 5320 Graeco???"

2036 5316 2227 5394 sculini
2255 5338 2468 5407 generis
2497 5345 2642 5392 sunt.
2670 5336 2746 5390 Ac
2769 5349 2868 5403 per
2896 5333 2996 5387 hoc
3023 5330 3093 5384 ita
3120 5332 3300 5397 potest
3337 5316 3610 5384 intelligi:

2029 5436 2076 5482 et
2098 5427 2238 5481 Deus
2258 5438 2370 5482 erat
2403 5426 2644 5490 Verbum;
2672 5424 2756 5478 hic
2775 5423 2959 5477 eratin
2978 5416 3239 5490 principio
3255 5412 3394 5482 apud
3420 5409 3614 5471 Deum.

2031 5526 2285 5587 tanquam
2314 5519 2359 5574 si
2387 5518 2505 5593 luce
2548 5516 2750 5571 clarius
2795 5511 2994 5568 dixerit
3020 5527 3032 5562 :
3058 5507 3159 5563 ilic
3199 5506 3341 5563 Deus
3367 5501 3613 5563 Verbum

1588 5616 1597 5625 ‘
1625 5594 1883 5662 VARIAE
1918 5602 2321 5666 LECTIONES.
