4178 6266
583 315 685 369 287

1954 300 2238 359 JOANNIS
2276 303 2471 363 SCOTI

3736 327 3844 388 988

581 425 722 494 apud
757 423 922 480 Deum
942 465 957 489 ,
991 424 1104 494 ipse
1125 431 1240 490 est,
1265 421 1334 478 de
1359 437 1465 492 quo
1489 421 1595 477 dixi
1624 441 1635 474 :
1671 421 1734 476 In
1754 387 2009 493 principio
2039 431 2153 477 erat
2180 427 2228 486 Α
2259 438 2364 478 non
2389 423 2659 493 potuistis,
2691 422 2818 493 quid
2840 431 2995 479 extra
3029 439 3116 481 me
3145 425 3322 482 facere
3344 431 3608 499 potestis?
3636 433 3768 492 Nam
3788 451 3846 496 et

589 513 835 568 Verbum.

654 605 844 658 Omnia
869 620 960 672 per
979 605 1146 671 ipsum
1180 602 1320 670 facta
1347 613 1489 656 sunt.
1513 602 1616 656 Per
1639 603 1810 673 ipsum
1834 601 2002 656 Deum
2024 599 2154 655 Ver-

582 699 734 762 bum,
761 696 842 751 vel
865 711 960 766 per
987 696 1158 765 ipsum
1186 696 1421 750 Verbum
1451 697 1618 750 Deum
1638 697 1817 749 omnia
1841 694 1984 750 facta
2006 701 2154 750 sunt.

587 791 654 845 Et
679 789 804 859 quid
835 797 919 842 est
953 789 1129 842 omnia
1150 803 1242 856 per
1272 790 1439 856 ipsum
1461 789 1780 856 Inclusum,
1805 787 1907 841 nisi
1935 805 1948 841 :
1976 801 2041 842 eo
2061 802 2130 841 na

588 893 773 938 scente
793 891 919 935 ante
958 881 1137 935 onmia
1166 895 1230 934 ex
1266 879 1425 933 Patre
1446 919 1461 944 ,
1502 882 1682 935 omnia
1706 895 1829 936 cum
1850 880 1966 949 ipso
1986 889 2039 934 et
2060 893 2156 948 per

585 977 759 1044 ipsum
811 973 949 1028 facta
1011 972 1183 1026 sunt?
1230 970 1362 1026 Nam
1403 972 1569 1041 ipsius
1616 987 1684 1026 ex
1730 970 1893 1026 Patre
1937 985 2158 1040 genera-v

580 1067 660 1121 tio
692 1067 805 1136 ipsa
839 1072 924 1120 est
969 1079 1255 1118 causarum
1292 1062 1532 1116 omnium
1573 1061 1847 1127 conditio,
1888 1062 2156 1118 omnium-

581 1172 723 1226 que,
770 1170 910 1226 quae
968 1168 1036 1208 ex
1093 1154 1269 1209 causis
1314 1154 1367 1206 in
1422 1168 1616 1224 genera
1668 1161 1722 1208 et
1773 1152 1978 1220 species
2033 1167 2158 1221 pro-

582 1246 818 1311 cedunt,
866 1244 1111 1314 operatio
1173 1252 1228 1299 et
1278 1241 1522 1296 eﬁ‘ectus.
1589 1239 1692 1295 Per
1752 1241 2156 1310 generationem

577 1337 779 1406 quippe
828 1335 922 1390 Dei
975 1349 1043 1390 ex
1088 1333 1200 1388 Deo
1249 1332 1518 1403 principio
1573 1331 1716 1386 facta
1768 1340 1894 1386 sunt
1949 1332 2152 1386 omnia.

579 1415 721 1480 Audi
773 1425 1012 1479 divinum
1058 1433 1115 1478 et
1166 1421 1434 1477 ineffabile
1471 1421 1853 1492 paradoxum,
1897 1421 2157 1474 irresera-

578 1518 682 1573 bile
707 1525 997 1582 secretum,
1021 1515 1308 1580 invisibile,
1329 1514 1674 1583 profundum,
1697 1513 2158 1584 incomprehensi-

579 1608 683 1662 bile
715 1608 1046 1678 mysterium.
1075 1605 1182 1660 Per
1203 1621 1308 1659 non
1333 1603 1559 1668 factum,
1575 1604 1667 1658 sed
1690 1603 1951 1674 genitum,
1972 1603 2156 1658 omnia

577 1695 746 1762 facta,
772 1697 864 1751 sed
893 1710 998 1750 non
1019 1695 1220 1763 genita.
1252 1692 1605 1762 Principium,
1619 1708 1684 1749 ex
1702 1708 1806 1760 quo
1831 1692 2030 1756 omnia,
2055 1691 2157 1746 Pa-

2259 512 2330 566 ibi
2357 527 2464 566 non
2499 511 2610 568 ἃνιν
2629 553 2643 579 ,
2671 514 2764 569 sed
2799 519 2987 593 χωρίς,
3014 517 3117 571 hoc
3138 526 3240 584 est,
3274 534 3379 575 non
3409 524 3549 588 sine,
3579 529 3674 582 sed
3699 542 3850 588 extra

2258 602 2450 660 Graeci
2482 606 2744 660 scribunt.
2768 606 3004 663 Facilius
3026 617 3206 664 autem
3230 619 3513 682 propterea
3538 616 3672 684 dixi,
3694 621 3845 689 quia,

2259 693 2385 747 dum
2424 695 2548 764 quis
2589 695 2736 749 audit
2765 697 2877 750 sine
2907 698 3048 766 ipso,
3083 707 3258 767 potest
3285 710 3476 768 putare
3520 705 3640 762 sine
3679 708 3848 778 ipsius

2255 782 2484 838 consilio
2529 783 2611 837 vel
2646 783 2935 851 adjutorio,
2982 801 3048 841 ac
3075 803 3175 856 per
3204 789 3307 845 hoc
3350 807 3456 846 non
3491 802 3685 862 totum,
3735 814 3845 854 non

2263 875 2444 929 omnia
2496 874 2585 928 'illi
2643 876 2948 940 distribuit;
3007 879 3229 934 audiens
3281 896 3410 936 vero
3467 895 3654 952 extra,
3705 889 3844 943 nihil

2254 966 2476 1021 omnino
2507 966 2780 1037 relinquit,
2822 970 2965 1038 quod
2993 970 3047 1024 in
3077 971 3194 1040 ipso
3221 981 3276 1028 et
3303 989 3403 1044 per
3433 975 3608 1046 ipsum
3630 977 3839 1036 factum

2257 1068 2365 1109 non
2393 1055 2483 1109 sit.

2328 1143 2482 1209 Quod
2507 1144 2702 1215 factum
2725 1156 2800 1200 eu
2825 1145 3009 1215 inipso
3042 1147 3148 1202 vita
3167 1158 3300 1204 erat.
3342 1150 3629 1224 Postquam
3663 1173 3839 1214 remo-

2259 1234 2467 1290 tissima
2511 1237 2660 1290 omni
2699 1237 2907 1291 ratione
2935 1247 2989 1290 et
3016 1238 3292 1295 intellectu
3331 1243 3522 1300 beatus
3563 1249 3837 1318 evangeli~

2257 1333 2369 1379 stes
2399 1325 2578 1381 divina
2618 1327 2876 1381 revelavit
2909 1330 3186 1398 mysteria,
3220 1331 3389 1388 Deum
3421 1335 3656 1393 Verbum
3695 1341 3844 1395 vide-

2258 1412 2385 1467 licet
2424 1415 2478 1469 in
2530 1415 2642 1469 Deo
2682 1416 2951 1486 loquente,
3002 1419 3054 1472 in
3117 1419 3381 1477 ambobus
3428 1425 3842 1498 intelligentiam

2256 1504 2429 1560 sancti
2463 1505 2696 1574 Spiritus
2727 1507 2940 1563 divinae
2969 1509 3279 1580 Scripturae
3318 1517 3842 1585 contemplatoribus

2256 1596 2698 1667 relinquens—ut
2718 1598 2883 1665 enim,
2911 1599 3002 1669 qui
3021 1600 3274 1671 loquitur,
3305 1604 3356 1658 in
3378 1605 3566 1672 verbo,
3591 1612 3733 1678 quod
3765 1611 3843 1668 ιο-

2256 1687 2468 1755 quitur,
2522 1689 2828 1744 necessario
2879 1691 3126 1759 spiritum
3186 1694 3400 1762 proﬂat,
3448 1695 3520 1750 ita
3565 1698 3707 1755 Deus
3744 1700 3842 1758 Pa-

577 1795 659 1840 ter
684 1793 802 1850 est;
834 1783 1192 1854 principium,
1220 1796 1320 1852 per
1345 1782 1487 1852 quod
1509 1782 1706 1846 omnia,
1733 1781 1900 1836 Filius
1920 1790 2019 1836 est.
2052 1781 2154 1836 Pa-
2188 1767 2232 1826 Β
2263 1788 2344 1832 ter
2404 1779 2564 1834 simul
2624 1788 2680 1835 et
2743 1782 2912 1837 semel
2971 1791 3026 1838 et
3080 1784 3276 1842 Filium
3337 1802 3491 1844 suum
3556 1791 3725 1861 gignit
3782 1804 3839 1850 et

576 1887 658 1935 tre
695 1875 944 1945 loquente
976 1873 1199 1928 verbum
1225 1888 1402 1938 suum,
1435 1873 1537 1932 hoc
1566 1882 1650 1927 est
1671 1913 1684 1935 ,
1721 1871 1881 1926 Patre
1905 1861 2158 1943 gignente

576 1965 897 2035 sapientiam
917 1979 1090 2027 suam,
1122 1963 1301 2017 omnia
1325 1962 1472 2016 fiunt.
1498 1961 1765 2032 Propheta
1789 1961 1894 2015 ait:
1917 1979 1936 2010 ‹
1966 1959 2157 2015 Omnia

577 2074 628 2111 tn
658 2055 919 2125 sapientia
968 2053 1142 2107 fecisti
1182 2071 1200 2104 ι
1231 2069 1246 2118 ;
1277 2060 1334 2108 et.
1363 2052 1511 2116 alibi,
1539 2067 1823 2122 personam
1853 2049 2030 2105 Patris
2070 2051 2156 2104 in-

575 2145 865 2201 troduccns
893 2160 906 2197 :
938 2162 956 2194 ι
991 2142 1270 2197 Eructavit
1293 2158 1390 2198 cor
1416 2159 1592 2197 meum
1623 2161 1667 2196 ι.
1700 2142 1765 2195 Et
1790 2141 1916 2212 quid
1946 2148 2157 2194 eructa-

577 2238 764 2291 viteor
786 2235 978 2290 suum?
1004 2233 1120 2305 Ipse
1145 2233 1362 2302 exponit
1395 2251 1407 2286 :
1431 2251 1450 2283 «
1485 2233 1706 2288 verbum
1737 2233 1933 2287 bonum
1959 2231 2080 2285 dico
2109 2249 2156 2295 ι,

575 2330 798 2384 verbum
844 2329 1043 2383 bonum
1087 2327 1297 2395 loquor,
1347 2325 1538 2379 Filium
1581 2324 1781 2380 bonum
1827 2324 2003 2394 gigno.
2052 2321 2157 2378 Cor

575 2417 754 2471 Patris
783 2425 866 2471 est
894 2430 991 2470 sua
1018 2415 1237 2484 propria
1277 2412 1597 2478 substantia,
1626 2412 1691 2466 de
1724 2427 1830 2482 qua
1871 2411 2047 2483 genita
2073 2419 2156 2466 est
2205 2412 2207 2414 ’

572 2508 694 2563 Filii
743 2508 958 2578 propria
1011 2505 1339 2570 substantia;
1393 2505 1666 2575 praecedit
1719 2503 1880 2559 Pater
1918 2503 2153 2560 Verbum

571 2614 678 2654 non
701 2607 914 2663 natura,
944 2598 1038 2652 sed
1064 2611 1246 2651 causa.
1268 2594 1404 2649 Audi
1430 2596 1601 2666 ipsum
1631 2595 1822 2654 Filium
1846 2594 2152 2649 dicentem:

575 2709 594 2740 ι
641 2686 802 2742 Pater
840 2685 1013 2754 major
1044 2693 1126 2740 cst
1153 2699 1241 2740 me
1269 2702 1312 2748 ι.
1339 2684 1638 2739 substantia
1663 2683 1781 2753 ejus
1809 2699 1970 2738 causa
1998 2697 2154 2740 meae

573 2779 910 2836 substantiae
940 2786 1044 2834 est.
1090 2775 1402 2842 Praecedit,
1447 2775 1664 2846 inquam
1684 2815 1698 2840 ,
1728 2774 1890 2830 Pater
1919 2774 2151 2830 Verbum

2261 1868 2521 1938 Spiritum
2573 1887 2728 1926 suum
2784 1888 2882 1944 per
2934 1875 3170 1944 genitum
3226 1894 3382 1934 suum
3428 1883 3762 1950 producit--
3782 1895 3840 1942 et

2258 1969 2540 2030 postquam
2582 1977 2681 2031 per
2723 1962 2892 2018 Deum
2931 1965 3127 2021 Filium
3173 1969 3354 2023 omnia
3404 1969 3548 2025 facta
3577 1988 3729 2037 esse,
3780 1985 3838 2028 et

2259 2048 2391 2103 nihil
2413 2061 2565 2105 extra
2589 2052 2763 2121 ipsmn
2785 2053 3082 2110 subsistere
3115 2058 3364 2124 astruxit,
3388 2059 3552 2116 veluti
3575 2061 3644 2116 ab
3669 2063 3838 2119 altero

2256 2137 2550 2206 primordio
2591 2155 2720 2195 suae
2763 2142 3062 2211 theologiae
3108 2146 3556 2216 seriem-direxit,
3599 2151 3832 2207 dicens:

2260 2227 2412 2293 Quod
2434 2229 2630 2297 factum
2649 2240 2724 2284 est
2746 2233 2799 2284 in
2826 2232 2938 2301 ipso
2958 2233 3062 2287 vita
3081 2244 3212 2288 erat.
3232 2235 3510 2292 Praedixit
3534 2240 3698 2304 enim,
3725 2257 3838 2294 om-

2257 2318 2345 2371 m'a
2381 2335 2472 2386 per
2499 2319 2665 2388 ipsum
2695 2319 2834 2389 facta
2857 2332 3000 2386 sum,
3038 2339 3102 2378 ac
3130 2325 3292 2379 veluti
3331 2341 3362 2380 a
3399 2329 3653 2397 quopiam
3679 2345 3836 2400 roga-

2259 2417 2343 2464 tus
2367 2409 2435 2466 de
2462 2411 2549 2476 iis,
2573 2427 2713 2479 quae
2735 2428 2837 2480 per
2864 2412 3032 2467 Deum
3066 2411 3300 2470 Verbum
3333 2415 3474 2472 facta
3501 2426 3628 2473 sunt
3655 2436 3669 2472 :
3698 2435 3837 2488 quo-

2258 2500 2416 2555 modo
2455 2511 2512 2555 et
2543 2502 2670 2569 quid
2706 2501 2760 2554 in
2800 2502 2916 2571 ipso
2939 2513 3098 2558 erant
3123 2545 3137 2568 ,
3167 2520 3308 2574 quae
3335 2520 3432 2578 per
3469 2508 3641 2578 ipsum
3691 2485 3835 2564 facta

2256 2591 2417 2646 sunt?
2449 2592 2722 2660 respondit
2746 2601 2800 2646 et
2827 2593 2903 2645 ait
2933 2611 2944 2644 :
2987 2592 3139 2658 Quod
3169 2595 3366 2662 factum
3395 2607 3472 2650 est
3507 2599 3563 2652 in
3588 2600 3704 2667 ipso
3727 2601 3837 2657 vita

2254 2693 2384 2736 erat.
2417 2681 2564 2749 Quae
2595 2683 2859 2737 sententia
2889 2683 3172 2752 dupliciter
3206 2688 3611 2756 pronunciatur.
3646 2690 3832 2748 Potest

2256 2772 2398 2826 enim
2442 2773 2798 2842 subdistingui
2829 2792 2841 2827 :
2871 2774 3023 2838 Quod
3047 2775 3242 2844 factum
3267 2788 3360 2839 est.
3392 2795 3456 2834 ac
3488 2780 3679 2836 deinde
3707 2783 3831 2838 sub-

569 2872 862 2927 causaliter
888 2911 902 2937 ,
945 2868 1222 2939 praecedit
1245 2867 1418 2922 Filius
1444 2867 1622 2921 eninia
1643 2906 1659 2931 ,
1687 2880 1827 2934 quae
1852 2881 1949 2934 per
1975 2865 2150 2934 ipsum
2248 2861 2397 2933 jungi
2422 2863 2475 2914 in
2496 2862 2604 2932 ipso
2638 2865 2738 2917 vita
2761 2873 2870 2917 erat
2889 2905 2904 2928 ,
2931 2874 3107 2933 potest
3135 2868 3297 2921 etiam
3322 2869 3402 2924 sic
3421 2887 3434 2922 :
3455 2869 3607 2936 Quod
3631 2873 3832 2940 factum

573 2962 712 3016 facta
745 2970 892 3025 sunt,
921 2957 1260 3013 naturaliter.
1294 2955 1606 3012 Substantia
1633 2955 1754 3010 Filii
1798 2953 1946 3009 Patri
1996 2968 2151 3010 coae-

2253 2959 2326 3005 est
2355 2952 2410 3004 iu
2434 2952 2568 3021 ipso,
2595 2966 2658 3006 ac
2681 2953 2876 3008 deinde
2896 2953 3182 3009 subinferri
3206 2957 3311 3010 vita
3341 2968 3473 3012 erat.
3506 2961 3585 3014 Ac
3615 2976 3710 3030 per
3731 2964 3834 3017 hoc

571 3059 725 3106 terna
766 3060 868 3104 est.
912 3048 1224 3102 Substantia
1254 3062 1460 3109 eorum,
1495 3060 1634 3115 quae
1659 3060 1758 3115 per
1786 3045 1960 3113 ipsum
2006 3044 2148 3098 facta
2189 3110 2222 3118 _
2255 3043 2308 3098 in
2331 3045 2536 3098 duabus
2556 3043 3083 3113 pronuntiatiouibus
3101 3047 3234 3102 duos
3255 3050 3595 3118 speculamur
3625 3053 3830 3109 intelle-

571 3149 719 3206 sunt,
758 3139 1029 3194 inchoavit
1059 3138 1112 3191 in
1143 3137 1257 3205 ipso
1299 3151 1418 3192 esse
1443 3145 1570 3190 ante
1598 3145 1837 3204 tempora
1866 3132 2148 3197 secularia,
2179 3110 2223 3173 Ο
2255 3143 2392 3190 ctus.
2425 3133 2542 3188 Non
2574 3136 2716 3190 enim
2747 3136 2936 3190 eadem
2967 3137 3174 3192 theoria
3208 3110 3312 3204 est,
3341 3155 3478 3209 quae
3498 3143 3624 3197 dicit
3654 3145 3831 3214 :quod

571 3246 677 3286 non
699 3231 752 3284 in
784 3238 1047 3296 tempore,
1077 3227 1170 3280 sed
1195 3239 1317 3277 cum
1351 3225 1710 3293 temporibus:
1728 3222 1960 3291 Tempus
1979 3220 2149 3289 siqui-

572 3323 695 3377 dem
735 3319 877 3374 inter
915 3326 1092 3371 cetera
1113 3355 1130 3380 ,
1159 3327 1296 3382 quae
1330 3313 1468 3366 facta
1494 3321 1640 3376 sunt,
1672 3311 1872 3366 factum
1898 3319 2013 3376 est;
2043 3327 2151 3366 non

574 3420 755 3465 autem
783 3413 1145 3478 procreatum,
1173 3404 1268 3458 sed
1287 3412 1646 3458 concreatum.
1672 3401 1739 3456 Et
1759 3415 1897 3472 quae
1917 3408 2000 3456 est
2025 3415 2153 3458 con-

573 3499 850 3570 sequentia
881 3496 1054 3562 verbi,
1077 3495 1219 3566 quod
1236 3495 1470 3550 locutum
1495 3502 1578 3549 est
1603 3507 1666 3550 os
1699 3491 2002 3548 Altissimi?
2035 3490 2152 3547 Non

570 3591 715 3645 enim
756 3589 809 3643 in
850 3602 1042 3642 vanum
1082 3586 1295 3639 locutus
1320 3593 1404 3640 est
1435 3584 1616 3650 Pater,
1652 3599 1758 3638 non
1798 3582 2149 3647 infructuose,

571 3692 681 3732 non
709 3676 825 3731 sine
867 3689 1061 3744 magno
1104 3672 1326 3740 effectu;
1351 3688 1477 3728 nam
1519 3682 1574 3728 et
1610 3672 1855 3727 homines
1883 3669 2070 3744 [inter]
2095 3685 2155 3726 se

569 3767 720 3836 ipsos
760 3766 1041 3834 loquentes
1089 3764 1290 3834 aliquid
1328 3764 1385 3818 in
1427 3762 1650 3818 auribus
1679 3760 2006 3816 audientium
2035 3758 2153 3814 etii—

571 3859 739 3913 ciunt.
779 3857 904 3911 Tria
953 3856 1137 3925 itaque
1183 3857 1405 3910 credere
1445 3867 1498 3909 et
1533 3853 1831 3924 intelligere
1872 3852 2150 3918 debemus,

569 3951 876 4020 loquentem
903 3949 1121 4003 Patrem
1143 3988 1156 4014 ,
1202 3948 1610 4019 pronunciatum
1633 3947 1891 4011 Verbum,
1923 3961 1985 4000 ea
2017 3961 2156 4016 quae

569 4041 874 4099 emciuntur
900 4057 996 4112 per
1035 4042 1290 4097 Verbum.
1319 4042 1480 4096 Pater
1509 4040 1766 4109 loquitur,
1811 4039 2045 4095 Verbum
2071 4041 2154 4110 gi-

573 4137 776 4207 gnitur,
819 4135 1001 4191 omnia
1041 4133 1366 4189 efficiuntur.
1408 4134 1550 4187 Audi
1596 4131 1941 4202 Prophetam,
1990 4147 2155 4200 quum

571 4228 688 4296 ipse
725 4227 878 4291 dixit,
915 4237 962 4280 et
1006 4225 1146 4295 facta
1174 4235 1325 4287 sunt,
1358 4225 1461 4280 hoc
1483 4234 1587 4288 est,
1623 4222 1856 4278 Verbum
1883 4238 2037 4277 suum
2065 4237 2156 4292 ge-

571 4319 712 4384 nuit,
741 4333 836 4386 per
853 4319 997 4388 quod
1035 4317 1176 4372 facta
1210 4326 1337 4372 sunt
1365 4316 1567 4370 omnia.
1600 4315 1668 4368 Et
1703 4331 1770 4369 ne
1799 4313 1938 4368 forte
1967 4315 2154 4368 existi-

571 4423 752 4464 mares
771 4423 977 4472 eorum,
1001 4423 1142 4477 quae
1171 4419 1318 4472 sunt,
1341 4408 1602 4476 quaedam
1627 4406 1840 4474 quidem
1863 4421 1958 4474 per
1980 4405 2152 4474 ipsum

2253 3223 2478 3290 factum,
2505 3224 2638 3280 locis
2682 3226 3122 3295 temporibusque
3169 3227 3480 3294 discretum,
3515 3234 3829 3302 generibus,

2250 3312 2441 3383 formis
2463 3314 2808 3383 numerisque
2839 3315 3149 3370 distinctum
3169 3356 3184 3382 ,
3215 3320 3558 3375 sensibilibus
3583 3322 3832 3392 intelligi-

2252 3403 2556 3473 bilibusque
2584 3405 2902 3460 substantiis
2947 3420 3042 3459 seu
3084 3419 3420 3478 compactum
3450 3425 3543 3465 seu
3581 3428 3832 3484 segrega-

2255 3502 2366 3550 tum
2388 3535 2404 3560 ,
2435 3496 2538 3549 hoc
2566 3504 2732 3549 totum
2755 3495 2812 3550 in
2841 3495 2956 3566 ipso
2977 3497 3091 3551 vita
3118 3507 3265 3564 erat;
3293 3509 3348 3553 et
3387 3517 3448 3555 ea
3477 3516 3615 3570 quae
3653 3503 3832 3558 decla-

2255 3595 2342 3641 rat
2367 3607 2380 3642 :
2407 3587 2551 3658 quod
2589 3587 2792 3644 factum
2836 3599 2920 3643 est
2960 3590 3014 3642 in
3052 3591 3187 3660 ipso,
3222 3607 3327 3647 non
3377 3593 3521 3648 aliud
3561 3603 3679 3649 erat
3723 3587 3830 3651 nisi

2253 3678 2383 3742 vita,
2413 3685 2473 3731 ut
2511 3677 2580 3732 sit
2625 3692 2815 3733 sensus
2846 3697 2859 3733 :
2890 3677 3115 3747 Omnia,
3145 3695 3283 3751 quae
3327 3697 3422 3752 per
3469 3684 3641 3753 ipsum
3687 3683 3831 3739 facta

2253 3775 2399 3834 sunt,
2421 3768 2472 3820 in
2501 3769 2616 3837 ipso
2636 3768 2744 3822 vita
2777 3777 2901 3823 sunt
2926 3778 2980 3823 et
2999 3787 3164 3825 unum
3188 3780 3329 3827 sunt.
3355 3773 3522 3828 Erant
3539 3773 3707 3838 enim,
3729 3775 3832 3830 hoc

2253 3865 2336 3912 est
2365 3857 2664 3912 subsistunt
2690 3859 2744 3914 in
2781 3860 2897 3930 ipso
2923 3846 3232 3929 causaliter,
3272 3863 3585 3934 priusquam
3627 3863 3737 3916 sint
3777 3863 3832 3916 in

2256 3951 2560 4021 semetipsis
2594 3950 2858 4008 etl‘ective.
2907 3954 3078 4009 Aliter
3108 3955 3252 4008 enim
3294 3955 3391 4008 sub
3430 3955 3546 4024 ipso
3580 3965 3707 4011 sunt
3745 3969 3831 4021 ea,

2255 4033 2394 4110 quae
2435 4057 2530 4111 per
2576 4042 2749 4112 ipsum
2795 4043 2942 4099 facta
2986 4052 3131 4110 sunt,
3162 4045 3320 4100 aliter
3351 4045 3407 4099 in
3437 4045 3554 4116 ipso
3578 4053 3706 4101 sunt
3747 4060 3831 4110 ea,

2257 4148 2416 4201 quam
2465 4134 2576 4202 ipse
2606 4143 2707 4188 est.
2742 4133 2934 4191 Omnia
2969 4137 3172 4205 itaque,
3198 4151 3336 4205 quae
3375 4150 3470 4205 per
3498 4135 3733 4192 Verbum
3759 4135 3836 4193 fa-

2256 4232 2342 4276 cta
2385 4233 2533 4287 sunt,
2581 4224 2632 4278 in
2664 4226 2777 4294 ipso
2815 4225 2999 4279 vivunt
3042 4225 3574 4292 incommutabiliter,
3625 4236 3683 4282 et
3730 4226 3835 4282 vita

2257 4322 2419 4379 sunt;
2451 4314 2503 4369 in
2542 4331 2648 4383 quo
2677 4331 2848 4384 neque
2881 4315 3100 4371 fuerunt
3127 4317 3309 4372 omnia
3337 4316 3724 4389 temporalibus
3751 4315 3804 4371 in

2263 4403 2500 4458 tet-vallis
2526 4419 2620 4459 seu
2662 4404 2937 4470 localibus,
2973 4421 3072 4462 nec
3096 4406 3276 4462 futura
3311 4417 3460 4472 sunt,
3505 4408 3598 4462 sed
3641 4405 3838 4462 solum-

572 4498 669 4552 Dei
697 4496 934 4552 Verbum
982 4498 1122 4552 facta
1149 4514 1291 4562 esse,
1319 4498 1586 4568 quaedam
1626 4511 1754 4550 vero
1782 4506 1936 4550 extra
1985 4497 2155 4566 ipsum
2187 4465 2233 4524 D
2262 4493 2420 4546 modo
2441 4509 2601 4562 super
2623 4494 2800 4547 omnii
2827 4503 3062 4564 tempora
3085 4505 3140 4551 et
3164 4496 3280 4550 loca
3299 4497 3351 4549 in
3377 4496 3494 4565 ipso
3522 4512 3688 4550 unum
3715 4504 3838 4550 sunt

573 4597 668 4642 aut
704 4587 846 4641 facta
889 4603 1010 4642 esse
1039 4598 1130 4642 aut
1173 4591 1463 4644 existentia
1494 4604 1589 4659 per
1619 4588 1926 4658 semetipsa,
1981 4588 2054 4642 ita
2099 4597 2160 4644 ut

573 4691 683 4730 non
709 4677 888 4730 omnia
909 4718 922 4740 ,
945 4692 1086 4745 quae
1113 4687 1238 4732 sunt
1257 4719 1272 4742 ,
1301 4689 1355 4732 et
1397 4694 1536 4747 quae
1564 4693 1670 4732 non
1707 4687 1868 4742 sunt,
1899 4679 1964 4731 ad
1995 4694 2158 4732 unum

572 4764 899 4836 principium
931 4766 1235 4820 referantur
1258 4807 1271 4829 ,
1303 4767 1702 4820 conclusionem
1744 4768 1907 4821 totius
1951 4768 2158 4822 theolo-

575 4855 698 4925 giae
735 4854 976 4908 subdidit
1016 4868 1032 4907 :
1063 4865 1110 4907 et
1137 4856 1246 4907 sine
1271 4856 1381 4924 ipso
1403 4855 1600 4923 factum
1623 4865 1696 4908 est
1728 4856 1893 4920 nihil;
1925 4857 2026 4911 hoc
2055 4866 2158 4920 est,

576 4944 714 5000 nihil
739 4954 895 5000 extra
925 4947 1098 5014 ipsum
1139 4953 1219 5000 cst
1247 4943 1472 5009 factum,
1501 4944 1628 5013 quia
1656 4945 1770 5013 ipse
1794 4945 1980 5007 ambit,
2023 4946 2160 5000 intra

575 5053 639 5092 se
679 5038 1143 5107 eomprehcndens
1171 5037 1373 5102 omnia,
1402 5045 1458 5092 et
1483 5037 1614 5090 nihil
1638 5037 1686 5092 ei
1708 5046 2052 5092 coaeternum
2082 5037 2163 5092 vel

571 5129 1038 5187 consubstantiale
1075 5127 1392 5200 intelligitur
1422 5127 1505 5182 vel
1534 5128 1884 5184 coessentiale
1905 5169 1918 5193 ,
1945 5135 2163 5198 praeter

577 5240 736 5282 suum
771 5223 988 5279 Patrem
1015 5232 1072 5279 et
1108 5238 1262 5277 suum
1304 5221 1562 5291 Spiritum
1605 5237 1634 5274 a
1669 5219 1830 5274 Patre
1857 5235 1953 5290 per
1985 5221 2160 5290 ipsum

578 5319 980 5390 procedentem.
1013 5315 1079 5370 Et
1119 5315 1218 5369 hoc
1251 5313 1460 5368 facilius
1487 5313 1544 5366 in
1580 5311 1793 5366 Graeco
1821 5312 1978 5365 datur
2004 5311 2160 5366 intel-

579 5410 696 5478 ligi.
743 5408 842 5464 Ubi
881 5409 1025 5462 enim
1072 5406 1248 5460 Latini
1295 5413 1499 5474 ponunt
1537 5405 1650 5457 sine
1689 5403 1822 5472 ipso,
1864 5402 1936 5456 ibi
1971 5401 2162 5458 Graeci

581 5501 749 5572 χωρὶς
781 5500 976 5561 αὐτοῦ,
1043 5496 1146 5551 hoc
1204 5506 1287 5550 est
1339 5503 1493 5550 extra
1552 5493 1744 5560 ipsum.
1803 5491 2064 5547 Similiter
2109 5502 2164 5547 et

582 5588 698 5654 ipse
726 5587 983 5640 Dominus
1012 5587 1124 5641 suis
1151 5585 1428 5654 discipulis
1451 5585 1581 5638 dicit
1610 5602 1621 5636 :
1658 5601 1676 5634 ι
1714 5583 1881 5636 Extra
1911 5598 1996 5638 me
2028 5584 2164 5637 nihil

581 5675 804 5744 potestis
830 5673 1006 5730 facere
1039 5695 1084 5728 ι.
1114 5675 1214 5741 Qui
1255 5689 1351 5743 per
1377 5689 1490 5741 vos,
1533 5673 1726 5743 inquit,
1749 5681 1905 5727 extra
1937 5687 2020 5728 me
2046 5671 2162 5729 fieri

2263 4591 2317 4635 et
2343 4582 2717 4636 universaliler
2747 4585 3047 4638 subsistunt
3077 4584 3324 4648 visibilia,
3357 4583 3672 4647 invisibilia,
3717 4598 3838 4637 cor-

2263 4673 2500 4742 poralia,
2547 4673 2938 4743 incorporalia,
3000 4673 3276 4728 rationalia
3296 4671 3723 4738 ,'irrationalia,
3784 4682 3838 4726 et

2263 4761 2578 4831 simpliciter
2605 4763 2813 4816 caelum
2841 4775 2894 4817 et
2924 4773 3063 4816 terra
3084 4803 3096 4827 ,
3122 4765 3379 4832 abyssus,
3400 4770 3455 4815 et
3482 4775 3838 4831 quaecunque

2264 4852 2317 4903 in
2341 4851 2420 4904 eis
2457 4862 2602 4915 sunt,
2635 4852 2687 4905 in
2714 4852 2827 4921 ipso
2853 4852 3060 4916 vivunt,
3089 4863 3141 4906 et
3161 4852 3269 4905 vita
3295 4859 3442 4915 sunt,
3466 4859 3520 4906 et
3547 4850 3837 4904 aeternali-

2267 4947 2349 4993 ter
2372 4940 2691 5006 subsistunt,
2719 4952 2774 4995 et
2793 4957 2928 5010 quae
2952 4942 3106 4996 nobis
3129 4943 3273 4996 omni
3297 4951 3449 4996 motu
3473 4941 3620 4996 vitali
3650 4955 3837 4994 carere

2263 5033 2535 5100 videntur,
2567 5033 2619 5087 in
2644 5035 2821 5090 Verbo
2850 5037 3055 5091 vivunt.
3094 5035 3198 5090 Sed
3221 5036 3266 5090 si
3292 5037 3543 5105 quaeris,
3570 5034 3841 5103 quomodo

2264 5123 2346 5178 vel
2373 5139 2476 5192 qua
2502 5125 2710 5179 ratione
2731 5127 2934 5192 omnia,
2976 5141 3114 5198 quae
3141 5141 3240 5198 per
3261 5128 3498 5183 Verbum
3527 5130 3666 5181 facta
3695 5134 3838 5183 sunt.

2263 5218 2318 5272 in
2348 5218 2464 5288 ipso
2497 5218 2733 5274 vitaliter
2777 5228 2833 5276 et
2879 5221 3226 5277 uniformiter
3264 5228 3320 5282 et
3345 5219 3634 5276 causaliter
3671 5219 3843 5274 subsi-

2262 5318 2434 5376 stunt,
2473 5310 2658 5379 accipe
2696 5311 3068 5382 paradigmata
3109 5325 3178 5366 ex
3219 5319 3596 5366 creaturarum
3628 5318 3842 5368 natura,

2262 5403 2409 5458 disce
2433 5403 2695 5459 factorem
2722 5418 2789 5459 ex
2813 5404 2898 5467 iis,
2925 5419 3065 5474 quae
3088 5403 3141 5458 in
3165 5402 3281 5472 ipso
3303 5411 3360 5457 et
3380 5402 3670 5471 peripsum
3699 5397 3840 5452 facta

2263 5503 2409 5548 sunt.
2439 5511 2460 5544 ι
2492 5492 2783 5547 lnvisibilia
2806 5494 2950 5547 enim
2972 5495 3088 5564 ejus
3118 5512 3166 5560 ι,
3191 5500 3252 5547 ιιι
3269 5492 3346 5547 ait
3361 5489 3669 5561 Apostolus,
3696 5506 3715 5538 ε
3747 5503 3845 5557 per

2265 5598 2351 5648 ea,
2380 5596 2516 5650 quae
2539 5579 2676 5634 facta
2704 5593 2830 5636 sunt
2849 5621 2864 5646 ,
2888 5581 3162 5636 intellecta
3186 5580 3599 5650 conspiciuntur
3634 5595 3679 5629 ι.
3703 5576 3844 5631 Con-

2265 5672 2495 5744 spicare,
2521 5671 2792 5741 quomodo
2819 5672 3060 5727 omnium
3087 5686 3291 5738 rerum,
3318 5684 3456 5741 quas
3479 5665 3664 5724 mundi
3686 5665 3846 5737 hujus
