4178 6266
1768 150 1819 190 ,τί
1888 146 1980 203 33'

382 312 497 372 ω
592 272 606 295 .

1377 306 1610 365 HOMlL.
1647 305 1717 363 IN
1752 304 2051 365 PROLOG.
2091 303 2350 364 EVANG.
2388 302 2540 360 SEC.
2578 304 2775 363 ιοΑΝ.

2122 152 2125 155 .
2144 144 2222 178 η,

2021 201 2067 221 εὐ.

3550 306 3661 365 290

383 420 665 484 sensibilis
700 417 993 493 globositas
1023 419 1450 489 comprehendit,
1496 433 1695 474 causae
1721 404 1881 474 simul
1907 425 1963 473 et
1989 420 2042 483 Α
2065 415 2373 486 phantasia,
2406 416 2500 472 sed
2524 417 2579 471 in
2604 417 2719 485 ipsa
2754 429 2880 470 vera
2904 415 3262 480 humanitate,
3290 430 3452 487 quam
3481 424 3651 475 totam

387 513 736 573 uniformiter
764 512 819 568 in
842 512 946 568 isto
968 510 1082 568 sole
1100 549 1114 575 ,
1142 510 1235 580 qui
1263 511 1561 565 maximum
1591 511 1778 565 mundi
1809 510 1968 565 lumi—

384 623 530 667 nae
550 607 835 670 vocitatur,
863 604 1179 661 subsistunt.
1207 602 1333 658 inde
1357 618 1592 673 namque
1622 602 1829 658 formae
1849 617 1967 656 om.

385 699 542 757 nium
568 712 849 769 corporum
877 695 1197 767 procedunt,
1228 694 1351 749 inde
1377 694 1691 749 distantium
1724 693 1968 748 colorum
2000 754 2009 761 Δ

383 787 748 863 pulchritudo,
785 795 841 842 et
864 794 1067 851 cetera,
1095 800 1231 854 quae
1251 784 1318 837 de
1337 782 1575 839 sensibili
1601 791 1789 837 natura
1813 796 1969 853 prae-
1998 780 2010 792 '

380 881 554 938 dicari
590 888 835 951 possunt.
865 877 1166 933 Considera
1204 876 1560 947 multiplicem
1608 884 1665 931 et
1704 876 1969 931 inﬁnitam

378 972 653 1029 seminum
680 971 960 1033 virtutem,
984 967 1254 1037 quomodo
1275 967 1636 1022 numerositas
1655 967 1965 1032 herbarum,

378 1063 696 1126 fructuum,
722 1058 1043 1114 animalium
1076 1058 1133 1112 in
1154 1058 1382 1130 singulis
1409 1058 1709 1113 seminibus
1728 1058 1972 1114 contine-

377 1163 496 1219 tur,
519 1150 799 1223 quomodo
820 1164 888 1203 ex
921 1149 1003 1203 eis
1026 1147 1198 1219 surgit
1225 1146 1452 1218 pulchra
1486 1146 1784 1203 formarum
1810 1156 1865 1203 et
1890 1148 1972 1203 in-

379 1239 753 1297 numerabilis
781 1237 1180 1307 multiplicitas;
1221 1237 1433 1292 intuere
1460 1236 1809 1291 interioribus
1841 1252 1975 1291 ocu-

382 1330 478 1394 lis,
529 1326 799 1399 quomodo
843 1327 1164 1396 multiplices
1215 1325 1432 1395 regulae
1482 1326 1539 1381 in
1580 1335 1698 1381 arte
1750 1327 1976 1383 artiﬁcis

386 1436 562 1475 unum
594 1427 743 1484 sunt,
767 1425 820 1474 et
847 1419 900 1473 in
927 1418 1108 1472 animo
1130 1417 1465 1487 disponentis
1488 1432 1584 1473 eas
1610 1418 1823 1483 vivunt;
1848 1433 1977 1488 quo-

386 1512 555 1569 modo
598 1512 837 1567 inﬁnitus
882 1510 1148 1566 linearum
1193 1524 1452 1566 numerus
1508 1510 1564 1564 in
1624 1526 1732 1565 uno
1776 1521 1977 1581 puncto

384 1621 556 1660 unum
610 1604 884 1670 subsistit,
940 1609 998 1657 et
1048 1602 1358 1673 hujusmodi
1410 1602 1676 1683 naturalia
1728 1604 1979 1673 perspice

2067 507 2169 562 sibi
2187 507 2239 561 in
2266 508 2527 562 unitatem
2541 508 2873 563 substantiae
2893 509 3149 578 suscepit,
3174 509 3452 577 apparuit,
3476 524 3659 565 suam-

2073 612 2181 667 que
2206 597 2571 667 cognitionem
2599 598 2849 655 omnibus
2874 600 3326 670 cognoscentibus
3348 616 3406 655 se
3432 601 3657 672 praesti~

2068 686 2154 740 tit.
2183 685 2299 740 Lux
2322 686 2502 755 itaque
2523 686 2795 742 hominum
2822 688 3084 743 Dominus
3112 696 3297 745 noster
3318 688 3478 745 Jesus
3496 687 3656 746 Chri-

2071 785 2208 844 stus,
2239 778 2405 847 quiin
2432 779 2664 833 humana
2694 787 2885 833 natura
2913 780 3059 834 omni
3077 781 3325 836 rationali
3355 791 3410 837 et
3438 782 3656 839 intelle-

2072 870 2237 926 ctuali
2250 878 2532 926 creaturae
2545 871 2777 940 seipsum
2805 871 3188 936 manifestavit,
3206 889 3443 944 suaeque
3460 874 3657 931 divini-

2074 966 2223 1030 tatis,
2237 982 2343 1036 qua
2359 966 2505 1021 Patri
2522 967 2763 1037 aequalis
2781 977 2886 1035 est,
2903 969 3083 1024 abdita
3099 971 3352 1027 revelavit
3373 975 3653 1044 mysteria.

2064 1052 2067 1053 ⁷
2144 1055 2214 1109 Et
2234 1055 2328 1110 tua:
2362 1056 2417 1111 in
2449 1057 2670 1112 tenebris
2711 1057 2867 1113 lucet.
2907 1059 3043 1114 Audi
3078 1060 3394 1131 Apostolum
3425 1079 3440 1117 :
3481 1084 3499 1117 ι
3534 1065 3661 1121 Fui-

2074 1145 2177 1201 stis
2214 1163 2259 1210 ι,
2291 1144 2488 1215 inquit,
2514 1165 2532 1197 ι
2571 1144 2859 1215 aliquando
2888 1150 3163 1216 tenebrae,
3196 1166 3341 1207 nunc
3364 1162 3541 1209 autem
3567 1155 3661 1210 lux

2076 1235 2133 1289 in
2175 1235 2401 1289 Domino
2432 1254 2478 1288 ι.
2514 1234 2653 1290 Audi
2683 1236 2873 1292 Isaiam
2904 1252 2919 1292 :
2958 1258 2977 1290 ι
3007 1239 3329 1298 Sedentibus
3357 1243 3410 1297 in
3440 1246 3658 1316 regione

2075 1327 2303 1381 umbrae
2330 1327 2521 1381 mortis
2545 1326 2635 1381 lux
2658 1336 2776 1382 orta
2802 1336 2885 1383 est
2920 1347 2968 1384 ι.
3000 1328 3113 1385 Lux
3139 1332 3193 1386 in
3224 1334 3463 1389 tenebris
3494 1334 3661 1390 lucet.

2079 1414 2275 1470 Totum
2311 1431 2478 1487 genus
2511 1418 2803 1473 humanum
2830 1420 3025 1476 merito
3057 1422 3335 1493 originalis
3362 1424 3569 1495 peccati
3601 1426 3658 1481 in

2078 1506 2321 1561 tenebris
2339 1515 2489 1573 erat,
2521 1521 2626 1561 non
2649 1508 2977 1564 exteriorum
2998 1510 3295 1578 oculorum,
3314 1513 3511 1582 quibus
3534 1528 3663 1569 sen-

2056 1596 2319 1653 'sibilium
2350 1594 2559 1653 formae
2590 1597 2905 1669 coloresque
2942 1600 3268 1667 sentiuntur,
3302 1601 3397 1659 sed
3439 1602 3662 1658 interio-

380 1696 661 1765 exempla;
706 1710 774 1752 ex
803 1695 999 1767 quibus
1027 1693 1195 1749 veluti
1223 1693 1480 1765 physicae
1516 1694 1762 1750 theoriae
1788 1694 1980 1763 pennis
2001 1684 2225 1767 _'rum,
2256 1687 2453 1755 quibus
2482 1686 2899 1758 intelligibilium
2931 1690 3138 1760 species
3158 1700 3214 1747 et
3232 1692 3661 1763 pulchritudines

380 1787 522 1842 ultra
542 1788 728 1843 omnia
761 1787 1074 1849 subvectus,
1099 1786 1280 1841 divina
1306 1785 1479 1856 gratia
1505 1784 1740 1855 adjutus,
1769 1784 1969 1840 illumi-

377 1885 575 1943 natus,
612 1876 821 1947 poteris
854 1891 1054 1932 arcana
1084 1873 1248 1931 Verbi
1293 1874 1493 1931 mentis
1530 1874 1648 1930 acie
1678 1875 1969 1945 inspicere,

377 1977 457 2033 et,
486 1978 747 2038 quantum
769 1970 929 2024 datur
946 1966 1200 2024 humanis
1220 1969 1777 2038 argumentationibus
1799 1967 1969 2023 Deum

377 2075 537 2116 suum
565 2059 971 2132 quaerentibus,
1016 2060 1223 2125 videre,
1268 2059 1539 2127 quomodo
1568 2060 1786 2125 omnia,
1827 2076 1971 2132 quae

380 2166 479 2221 per
504 2151 742 2208 Verbum
764 2150 904 2208 facta
923 2161 1072 2217 sunt,
1097 2150 1152 2204 in
1180 2149 1294 2220 ipso
1314 2149 1503 2205 vivunt
1523 2158 1579 2205 et
1601 2151 1708 2205 vita
1731 2158 1878 2206 sunt.
1907 2151 1970 2208 In

385 2240 504 2309 ipso
530 2242 695 2307 enim,
715 2250 776 2295 ut
794 2256 858 2296 os
889 2240 1129 2313 loquitur
1161 2242 1421 2307 divinum,
1446 2240 1681 2298 vivimus
1706 2250 1761 2295 et
1788 2255 1971 2297 move-

366 2396 369 2401 _
389 2346 513 2386 mur
533 2339 587 2387 et
611 2346 825 2398 sumus;
857 2340 944 2399 et,
962 2344 1034 2401 _ut
1057 2334 1135 2387 ait
1161 2349 1389 2405 magnus
1407 2332 1698 2405 Dionysius
1718 2332 1971 2405 Areopa-

388 2420 529 2489 gita,
569 2434 689 2475 esse
712 2421 951 2477 omnium
984 2430 1070 2477 est
1092 2422 1556 2493 superessentialis
1582 2422 1860 2480 divinitas.

461 2513 537 2571 Et
579 2518 687 2571 vita
724 2526 838 2572 «at
883 2517 976 2572 lea:
1012 2519 1299 2574 hominum.
1337 2519 1435 2575 Dei
1466 2518 1691 2587 Filium,
1725 2511 1970 2591 quemro

378 2610 545 2666 beate
592 2610 856 2682 theologe,
901 2610 1053 2680 prius
1097 2612 1301 2667 vocasti
1342 2610 1604 2676 Verbum,
1638 2629 1783 2669 nunc
1807 2617 1971 2673 vitam

375 2700 631 2759 nominas
654 2709 712 2758 et
744 2699 939 2756 lucem.
979 2700 1094 2757 Nec
1120 2701 1393 2757 immerito
1420 2704 1641 2759 mutasti
1664 2704 1972 2774 appellatio-

379 2803 513 2855 nes,
562 2798 626 2844 ut
668 2789 927 2845 distantes
970 2790 1127 2846 nobis
1176 2790 1483 2847 insinuares
1521 2792 1964 2861 signiﬁcationes.

383 2879 625 2935 Verbum
667 2881 931 2951 siquidem
957 2881 1056 2937 Dei
1100 2882 1301 2939 Filium
1345 2886 1654 2952 nominasti,
1698 2888 1825 2957 quia
1870 2904 1969 2958 per

386 2969 567 3039 ipsum
598 2970 810 3028 locutus
843 2980 929 3029 est
956 2971 1119 3029 Pater
1142 2974 1355 3043 omnia,
1394 2991 1557 3048 quum
1598 2978 1709 3049 ipse
1749 2980 1887 3035 dixit
1914 2990 1969 3037 et

388 3060 535 3116 facta
560 3070 720 3129 sunt;
743 3063 916 3119 lucem
940 3079 1068 3121 vero
1089 3074 1145 3121 et
1167 3067 1349 3134 vitam,
1374 3068 1500 3139 quia
1525 3069 1663 3126 idem
1687 3069 1857 3125 Filius
1876 3071 1966 3127 lux

388 3161 477 3209 est
519 3162 577 3208 et
602 3154 709 3208 vita
738 3155 1009 3221 omnium,
1039 3171 1179 3227 quae
1209 3172 1307 3227 per
1341 3159 1515 3228 ipsum
1554 3158 1696 3216 facta
1725 3170 1871 3217 sunt.
1904 3162 1973 3218 Et

358 3243 521 3325 :quid
556 3243 853 3299 illuminat?
876 3245 992 3302 Non
1032 3247 1204 3314 aliud,
1232 3248 1334 3304 nisi
1359 3252 1597 3322 seipsum
1620 3293 1636 3319 ,
1669 3262 1724 3308 et
1754 3254 1972 3311 Patrem

379 3347 562 3387 suum.
592 3332 712 3389 Lux
740 3334 921 3406 itaque
939 3345 1040 3403 est,
1070 3346 1124 3392 et
1151 3340 1386 3413 seipsum
1414 3341 1707 3410 illuminat,
1733 3346 1973 3415 seipsum

379 3425 583 3481 mundo
616 3426 876 3493 declarat,
930 3443 989 3485 se
1036 3428 1211 3499 ipsum
1255 3432 1633 3501 ignorantibus
1657 3450 1716 3490 se
1744 3435 1975 3493 manife-

378 3524 515 3570 stat.
566 3515 686 3571 Lux
739 3516 956 3575 divinae
1002 3520 1327 3591 cognitionis
1368 3524 1437 3578 de
1485 3526 1686 3581 mundo
1724 3527 1971 3595 recessit,

378 3606 511 3661 dum
568 3608 732 3664 homo
776 3608 952 3666 Deum
1015 3610 1271 3667 deseruit.
1330 3612 1631 3684 Dupliciter
1694 3631 1823 3688 ergo
1877 3617 1973 3675 lux

378 3708 603 3753 aeterna
642 3713 702 3754 se
742 3699 917 3770 ipsam
952 3702 1151 3757 mundo
1189 3702 1461 3769 declarat,
1504 3721 1602 3776 per
1632 3705 1972 3778 Scripturam

384 3789 635 3845 videlicet
657 3798 713 3845 et
739 3800 1067 3847 creaturam.
1104 3791 1223 3849 Non
1253 3794 1399 3850 enim
1430 3796 1587 3853 aliter
1618 3799 1669 3853 in
1700 3800 1855 3859 nobis
1887 3800 1971 3855 di-

383 3875 511 3931 vina
543 3880 777 3949 cognitio
802 3890 1127 3949 renovatur,
1152 3882 1255 3938 nisi
1280 3898 1379 3955 per
1400 3886 1615 3943 divinae
1656 3887 1971 3960 Scripturae

384 3966 569 4037 apices
594 3978 648 4024 et
672 3980 952 4028 creaturae
976 3974 1202 4043 species.
1233 3975 1461 4047 Eloquia
1494 3977 1641 4035 disce
1671 3980 1851 4036 divina
1872 4021 1887 4050 ,
1911 3990 1969 4038 et

342 4116 345 4121 ,
383 4056 442 4113 in
468 4057 650 4114 animo
679 4068 768 4115 tuo
803 4077 991 4118 eorum
1016 4065 1241 4135 concipe
1269 4066 1626 4136 intellectum,
1649 4058 1704 4126 in
1734 4088 1843 4143 quo
1870 4088 1967 4130 co-

378 4164 611 4222 gnosces
634 4151 889 4207 Verbum.
924 4153 1097 4211 Sensu
1119 4170 1381 4228 corporeo
1406 4158 1610 4217 formas
1635 4176 1699 4217 ac
1724 4162 1966 4233 pulchri-

381 4240 598 4297 tudines
616 4258 796 4299 rerum
818 4248 1035 4318 percipe
1059 4250 1420 4318 sensibilium,
1442 4260 1498 4307 et
1519 4253 1572 4308 in
1596 4255 1676 4310 eis
1699 4254 1967 4326 intelliges

379 4330 555 4387 Deum
576 4332 828 4401 Verbum,
850 4345 906 4392 et
928 4338 983 4393 in
1006 4339 1074 4394 iis
1096 4340 1349 4397 omnibus
1372 4341 1446 4397 nil
1465 4342 1610 4399 aliud
1643 4344 1737 4399 tibi
1759 4346 1966 4402 veritas

383 4421 684 4481 declarabit
736 4436 950 4498 praeter
993 4429 1192 4500 ipsum,
1241 4432 1333 4500 qui
1384 4430 1515 4487 fecit
1552 4434 1758 4501 omnia,
1806 4443 1963 4490 extra

381 4530 543 4586 quem
565 4518 698 4573 nihil
716 4520 1177 4591 contemplaturus
1213 4538 1303 4590 es,
1345 4523 1472 4594 quia
1502 4525 1615 4595 ipse
1648 4535 1730 4582 est
1758 4528 1960 4584 omnia.

372 4607 435 4663 In
458 4610 710 4667 omnibus
734 4612 914 4681 enim,
946 4629 1086 4683 quae
1108 4624 1263 4683 sunt,
1288 4615 1544 4687 quidquid
1574 4626 1676 4683 est,
1706 4617 1820 4687 ipse
1860 4627 1962 4674 est.

380 4702 448 4757 Ut
465 4706 609 4758 enim
633 4704 840 4759 nullum
865 4705 1069 4761 bonum
1096 4708 1473 4774 substantiale,
1505 4708 1577 4762 ita
1600 4708 1743 4764 nulla
1772 4723 1960 4765 essen-

328 4776 334 4785 ’
377 4790 453 4844 tia
476 4800 693 4860 praeter
716 4794 892 4862 ipsum
921 4804 1005 4850 est
1029 4795 1114 4851 vel
1152 4795 1470 4851 substantia.
1504 4796 1574 4851 Et
1604 4798 1707 4853 vita
1728 4808 1840 4854 erat
1867 4798 1962 4854 tua

376 4875 667 4934 hominum.
685 4880 867 4949 Quare
887 4881 980 4937 lu
999 4883 1202 4938 addidit
1224 4886 1530 4939 hominum?
1550 4884 1714 4953 Quasi
1744 4887 1957 4957 specia-

376 4965 502 5025 liter
520 4984 586 5025 ac
608 4971 831 5043 proprie
852 4972 943 5028 lux
974 4974 1045 5029 sit
1067 4975 1370 5041 hominum,
1397 4977 1487 5045 qui
1514 4984 1596 5031 est
1623 4977 1715 5030 lux
1741 4977 1959 5047 angelo-

378 5072 527 5124 rum,
551 5057 644 5114 lux
664 5062 1034 5119 universitatis
1066 5064 1337 5130 conditae,
1360 5064 1451 5120 lux
1469 5064 1635 5121 totius
1657 5066 1882 5122 visibilis
1903 5075 1961 5124 et

320 5214 325 5217 ‘
376 5148 663 5207 invisibilis
689 5154 1046 5210 existentiae?
1083 5155 1167 5210 An
1211 5153 1353 5210 forte
1398 5153 1632 5210 Verbum
1677 5156 1959 5215 viviﬁcans

324 5238 329 5243 ’
375 5243 561 5298 omnia
592 5245 903 5314 specialiter
942 5261 1009 5302 ac
1052 5246 1271 5317 proprie
1304 5246 1397 5301 lux
1426 5244 1705 5301 hominum
1734 5247 1956 5316 dicitur,

320 5332 325 5337 ’
376 5334 505 5404 quia
535 5332 588 5389 in
607 5335 828 5391 homine
856 5351 962 5391 non
999 5338 1172 5392 solum
1204 5335 1547 5403 hominibus,
1577 5352 1766 5393 verum
1792 5340 1960 5396 etiam

320 5422 323 5423 ⁷
375 5424 601 5496 angelis,
648 5429 904 5500 omnique
949 5436 1252 5493 creaturae,
1307 5428 1518 5484 divinae
1566 5431 1961 5501 cognitionibus

316 5500 329 5585 ξ
374 5516 645 5585 particeps
667 5517 783 5573 ﬁeri
814 5518 1033 5584 valenti,
1064 5519 1299 5589 seipsum
1324 5500 1655 5575 declaravit?
1676 5520 1791 5577 Non
1814 5521 1957 5578 enim

314 5600 317 5601 ⁷
375 5620 472 5674 per
496 5606 744 5678 angelum
767 5609 992 5679 angelis,
1014 5624 1188 5680 neque
1215 5623 1316 5678 per
1344 5608 1593 5679 angelum
1621 5611 1957 5680 hominibus,
2008 5626 2009 5629 ‘

374 5697 469 5751 sed
511 5712 608 5767 per
650 5698 925 5755 hominem
959 5710 1016 5755 et
1053 5700 1362 5757 hominibus
1393 5710 1448 5758 et
1484 5702 1723 5773 angelis,
1758 5720 1867 5761 non
1902 5705 1959 5764 in

611 5792 885 5855 Panos.
915 5792 1177 5857 CXXII.

2000 1762 2050 1823 B
2078 1775 2490 1840 discernuntur;
2517 1790 2627 1832 non
2654 1776 2708 1830 in
2742 1778 2985 1834 tenebris.
3003 1780 3162 1850 hujus
3189 1762 3470 1853 caliginosi
3494 1785 3658 1854 aeris,

2070 1868 2169 1921 sed
2200 1866 2253 1920 in
2291 1866 2527 1922 tenebris
2572 1867 2912 1938 ignorantiae
2938 1870 3214 1939 veritatis;
3240 1890 3348 1929 non
3380 1875 3433 1930 in
3463 1876 3658 1933 absen-

2068 1960 2144 2014 tia
2166 1958 2325 2025 lucis,
2352 1973 2493 2030 quae
2515 1961 2775 2015 mundum
2794 1977 3114 2032 corporeum
3142 1965 3403 2033 declarat,
3445 1970 3540 2025 sed
3596 1971 3656 2028 in

2071 2048 2318 2105 absentia
2345 2049 2500 2115 lucis,
2516 2062 2655 2119 quae
2681 2052 2938 2107 mundum
2965 2053 3342 2126 incorporeum
3362 2055 3653 2117 illuminat.

2069 2136 2201 2194 Post
2215 2138 2370 2208 cujus
2393 2149 2573 2195 ortum
2603 2155 2672 2195 ex
2704 2140 2910 2213 virgine
2937 2143 3028 2199 lux
3059 2145 3113 2200 in
3134 2148 3371 2204 tenebris
3395 2149 3569 2218 lucet,
3599 2152 3656 2208 in

2070 2227 2326 2284 cordibus
2336 2228 2585 2284 videlicet
2603 2232 3129 2304 secognoscentium.
3147 2234 3411 2303 Quoniam
3426 2255 3554 2295 vero
3576 2249 3658 2297 to-

2071 2328 2187 2376 tum
2250 2333 2419 2387 genus
2462 2320 2756 2377 humanum
2804 2322 2862 2377 in
2883 2324 3015 2379 duas
3065 2324 3229 2381 veluti
3281 2335 3466 2397 partes
3518 2329 3651 2384 divi-

2071 2413 2251 2479 ditur,
2302 2413 2358 2468 in
2412 2427 2506 2469 eos
2557 2414 2830 2481 videlicet,
2867 2431 3096 2486 quorum
3140 2419 3303 2473 corda
3343 2420 3653 2491 cognitione

2070 2504 2319 2560 veritatis
2369 2504 2671 2561 illuminata
2712 2516 2871 2574 sunt,
2931 2517 2987 2563 et
3023 2524 3146 2575 eos,
3196 2510 3289 2582 qui
3353 2512 3408 2568 in
3458 2513 3656 2571 obscu-

2072 2596 2304 2651 rissimis
2371 2597 2549 2653 adhuc
2607 2598 2901 2669 impietatis
2960 2609 3121 2672 atque
3180 2604 3438 2672 perﬁdiae
3508 2615 3656 2662 tene-

2069 2688 2186 2744 bris
2230 2698 2582 2758 permanent,
2631 2690 2964 2759 evangelista
3015 2690 3293 2761 subjunxit
3343 2711 3358 2749 :
3410 2704 3461 2750 et
3514 2707 3653 2755 teno-

2071 2781 2197 2835 brae
2245 2795 2364 2834 eum
2422 2797 2525 2834 non
2564 2782 3079 2850 comprehenderunt.
3134 2784 3213 2839 Ac
3265 2787 3309 2839 si
3374 2788 3654 2844 evidenter

2072 2874 2278 2930 diceret
2334 2891 2348 2929 :
2403 2872 2519 2928 Lux
2570 2872 2623 2926 in
2672 2872 2908 2927 tenebris
2953 2872 3188 2928 ﬁdelium
3237 2876 3539 2931 animarum
3582 2879 3632 2933 lu

2070 2977 2192 3034 cet,
2243 2976 2300 3023 et
2344 2965 2518 3037 magis
2557 2980 2622 3020 ac
2678 2965 2849 3036 magis
2892 2964 3066 3031 lucet,
3120 2981 3149 3019 a
3210 2965 3315 3021 ﬁde
3369 2968 3654 3037 iuchoaus,

2073 3060 2141 3115 ad
2172 3061 2406 3131 speciem
2441 3061 2695 3125 tendens;
2728 3058 3014 3129 impiorum
3042 3074 3173 3115 vero
3201 3061 3443 3116 cordium
3486 3064 3651 3134 perﬁ-

2173 3111 2405 3131 sr--_-_-_
3486 3111 3619 3134 ρ.--

1997 3111 2044 3175 C
2076 3153 2165 3208 dia
2194 3163 2249 3208 et
2279 3153 2586 3225 ignorantia
2619 3152 2793 3208 lucem
2811 3152 2971 3208 Verbi
3009 3152 3104 3207 Dei
3134 3153 3186 3207 in
3219 3169 3381 3210 carne
3402 3155 3651 3226 fulgentis

2074 3261 2181 3300 non
2229 3244 2772 3316 comprehenderunt.
2832 3263 2851 3295 ι
2894 3243 3250 3300 Obscuratum
3286 3254 3373 3301 est
3413 3246 3557 3301 enim
3588 3268 3608 3302 ι
3635 3291 3653 3317 ,

2074 3344 2135 3389 ut
2185 3335 2262 3390 ait
2309 3335 2635 3405 Apostolus,
2675 3352 2695 3385 ί
2729 3334 2991 3404 insipiens
3030 3350 3127 3389 cor
3180 3349 3368 3391 eorum
3407 3355 3456 3401 ι,
3485 3345 3541 3392 et
3569 3352 3653 3394 sa-

2042 3426 2288 3497 pientes
2334 3440 2393 3482 se
2436 3440 2559 3481 esse
2602 3426 2845 3480 dicentes
2872 3425 3022 3480 stulti
3054 3424 3181 3481 facti
3221 3435 3365 3482 sunt.
3418 3426 3523 3484 Sed
3552 3428 3655 3486 iste

2042 3530 2045 3535 ’
2071 3537 2266 3578 sensus
2298 3521 2539 3577 moralis.
2561 3521 2790 3594 Physica
2816 3535 2944 3576 vero
2971 3522 3165 3577 horum
3186 3523 3472 3580 verborum
3500 3525 3655 3581 theo-

2072 3613 2156 3669 ria
2206 3613 2327 3669 talis
2360 3622 2461 3668 est.
2520 3613 2762 3667 Humana
2796 3619 3027 3678 natura,
3070 3614 3173 3669 etsi
3222 3630 3327 3670 non
3377 3622 3652 3685 peccaret,

2036 3705 2185 3761 'suis
2224 3705 2459 3775 propriis
2486 3703 2693 3759 viribus
2720 3703 2902 3759 lucere
2935 3718 3041 3759 non
3085 3714 3289 3775 posset.
3340 3703 3455 3761 Non
3503 3708 3651 3763 enim

2070 3796 2396 3853 naturaliter
2426 3796 2517 3851 lux
2540 3804 2662 3863 est,
2700 3796 2792 3852 sed
2825 3799 3098 3868 particeps
3147 3798 3302 3855 lucis.
3346 3799 3528 3869 Capax
3579 3800 3655 3856 si-

2068 3887 2289 3960 quidem
2339 3887 2641 3957 sapientiae
2668 3897 2783 3952 est,
2824 3902 2933 3942 non
2988 3889 3104 3956 ipsa
3145 3891 3445 3960 sapientia,
3498 3889 3653 3960 cujus

2070 3976 2487 4048 participatione
2534 3977 2751 4047 sapiens
2780 3976 2900 4032 ﬁeri
2928 3985 3125 4048 potest.
3176 3978 3332 4033 Sicut
3378 3994 3509 4049 ergo
3556 3996 3654 4036 aer

2068 4065 2173 4121 iste
2205 4081 2303 4137 per
2333 4080 2391 4120 se
2425 4065 2602 4135 ipsum
2634 4082 2743 4122 non
2773 4066 2938 4131 lucet,
2982 4068 3081 4122 sed
3116 4069 3463 4123 tenebrarum
3487 4084 3650 4125 voca-

2066 4154 2195 4209 bulo
2220 4164 2584 4224 nuncupatus,
2625 4170 2798 4225 capax
2839 4165 3018 4211 tamen
3057 4157 3253 4212 solaris
3282 4157 3501 4212 luminis
3529 4170 3650 4227 est;

2066 4244 2142 4300 ita
2174 4251 2361 4298 nostra
2388 4251 2579 4298 natura
2600 4283 2617 4309 ,
2650 4246 2779 4299 dum
2806 4260 2903 4314 per
2939 4260 3000 4300 se
3031 4246 3203 4316 ipsam
3232 4248 3609 4306 consideratur
3632 4291 3651 4318 ,

2066 4333 2335 4406 quaedam
2367 4334 2658 4390 tenebrosa
2703 4334 3041 4401 substantia,
3084 4350 3254 4407 capax
3287 4351 3352 4390 ac
3378 4338 3652 4409 particeps

2020 4425 2205 4497 qluds
2242 4424 2560 4496 sapientiae.
2603 4425 2672 4480 Et
2721 4424 3171 4495 quemadmodum
3220 4425 3499 4497 praefatus
3527 4442 3645 4494 aer,

2066 4517 2197 4572 dum
2226 4516 2391 4573 solari
2428 4514 2582 4571 radio
2619 4515 2928 4588 participat,
2978 4530 3085 4572 non
3127 4517 3324 4573 dicitur
3353 4532 3451 4587 per
3474 4532 3534 4573 se
3561 4516 3647 4574 lu-

2064 4621 2212 4672 cere,
2233 4606 2329 4661 sed
2352 4604 2483 4661 solis
2510 4605 2766 4676 splendor
2792 4605 2989 4661 dicitur
3008 4606 3065 4662 in
3085 4622 3151 4664 eo
3178 4622 3438 4680 apparere
3458 4609 3557 4677 ita,
3588 4617 3651 4666 ut

2063 4704 2123 4752 et
2146 4695 2449 4751 naturalem
2489 4710 2645 4750 suam
2674 4696 3060 4753 obscuritatem
3087 4714 3195 4754 non
3218 4699 3430 4770 perdat,
3459 4711 3517 4757 et
3561 4702 3648 4757 luo

2062 4799 2182 4842 cem
2228 4787 2697 4856 supervenientem
2739 4787 2793 4842 in
2842 4801 2905 4843 se
2938 4788 3205 4860 recipiat,
3248 4789 3325 4845 ita
3369 4791 3651 4850 rationalis

2063 4884 2286 4934 nostrae
2330 4886 2557 4932 naturae
2596 4892 2745 4948 pars,
2782 4877 2909 4932 dum
2938 4879 3297 4949 praesentiam
3339 4879 3435 4936 Dei
3484 4880 3650 4939 Verbi

2010 4992 2017 4993 ί
2062 4970 2324 5041 possidet,
2352 4984 2457 5023 non
2482 4982 2581 5039 per
2610 4982 2669 5024 se
2692 4983 2781 5024 res
2803 4968 3166 5040 intelligibiles
3186 4977 3243 5025 et
3268 4970 3437 5026 Deum
3460 4986 3645 5038 suum,

2060 5059 2160 5115 sed
2185 5074 2285 5129 per
2312 5059 2533 5115 insitum
2558 5058 2661 5114 sibi
2707 5058 2949 5114 divinum
2976 5058 3155 5115 lumen
3185 5065 3481 5132 cognoscit.
3502 5062 3648 5119 Audi

2064 5153 2241 5224 ipsum
2258 5152 2521 5209 Verbum:
2544 5171 2565 5204 ι
2593 5152 2709 5209 Non
2732 5167 2831 5208 vos
2849 5171 2898 5219 ι,
2927 5152 3123 5223 inquit,
3154 5171 3174 5203 ι
3195 5155 3327 5208 estis
3351 5156 3443 5225 qui
3470 5156 3647 5225 loqui-

2064 5244 2218 5311 mini,
2265 5245 2360 5301 sed
2402 5243 2637 5315 Spiritus
2677 5243 2845 5300 vestri
2892 5243 3102 5308 Patris,
3145 5245 3238 5313 qui
3291 5244 3531 5314 loquitur
3585 5247 3644 5305 in

2065 5336 2221 5391 vobis
2240 5354 2286 5390 ι.
2334 5334 2450 5391 Hac
2501 5351 2608 5390 una
2643 5335 2914 5390 sententia
2962 5332 3130 5388 voluit
3185 5346 3285 5388 nos
3341 5333 3538 5389 docere
3587 5334 3645 5393 id

2068 5428 2244 5498 ipsum
2296 5426 2352 5482 in
2419 5428 2617 5483 ceteris
2659 5426 2999 5497 intelligere,
3054 5438 3118 5479 ac
3165 5437 3377 5493 semper
3412 5424 3466 5479 in
3509 5441 3644 5484 aure

2065 5519 2247 5575 cordis
2288 5520 2459 5573 nostri
2491 5517 2747 5573 inellabili
2774 5518 2935 5573 modo
2962 5529 3157 5570 sonare
3188 5529 3203 5570 :
3232 5530 3338 5572 non
3365 5533 3462 5572 vos
3486 5521 3639 5585 estis,

2065 5613 2156 5681 qui
2181 5610 2395 5676 lucetis,
2422 5609 2518 5665 sed
2545 5608 2782 5678 Spiritus
2823 5607 3000 5663 Patris
3031 5608 3231 5675 vestri,
3274 5611 3367 5682 qui
3412 5610 3554 5667 lucet
3586 5614 3641 5668 in

2062 5705 2237 5772 vobis,
2268 5706 2373 5761 hoc
2395 5713 2501 5772 est,
2528 5719 2617 5761 me
2647 5705 2702 5759 in
2743 5704 2896 5761 vobis
2924 5702 3107 5759 lucere
3129 5704 3286 5761 vobis
3309 5705 3642 5771 manifestat,
