4178 6266
411 333 436 362 τ.
481 335 516 421 ni

1373 355 1612 416 HOMIL.
1653 359 1720 416 IN
1756 317 2051 416 ructus;
2087 349 2348 418 Evam.
2391 363 2538 419 ssc.
2577 361 2768 419 JOAN.

3585 361 3694 420 29‘

419 481 512 553 qui
541 479 607 535 de
635 477 861 535 occultis
885 455 1108 532 naturae
1135 461 1342 528 sinibus
1367 471 1422 532 in
1453 473 1598 533 hunc
1627 479 1886 532 mundum
1911 495 2008 550 per
2031 465 2083 540 ιλ
2111 479 2444 535 nominasse.
2463 463 2597 536 Tres
2611 487 2790 534 tamen
2817 467 3050 536 mundos
3075 473 3335 538 debemus
3361 483 3690 556 intelligere,

418 571 822 644 generationem
874 569 1004 622 locis
1063 565 1509 639 tesuparilmsque
1551 571 1774 623 veniunt
1803 613 1815 632 ,
1858 585 2010 624 acce-

409 665 584 736 ‘peris,
627 661 796 732 qualis
837 659 1165 716 ill'nninatio
1193 673 1276 716 est
1307 663 1357 715 in
1388 662 1490 716 hac
1521 664 1630 716 vita
1659 663 2012 736 nascentibus

417 765 476 810 ut
507 755 802 807 moriantur
822 794 834 814 ,
881 753 1261 826 crcseentibus
1293 761 1348 806 ut
1374 761 1830 822 corrumpantur,
1862 767 2009 806 com-

413 845 604 918 positis
637 853 693 900 ut
724 847 1028 910 solvantur,
1062 847 1128 900 de
1171 845 1487 914 quietudinc
1533 843 1742 898 siicntis
1779 853 2008 898 naturae

415 935 466 992 in
507 937 937 1009 inquietudinem
961 934 1342 989 tumultuantis
1365 933 1618 988 miseriae
1651 933 2006 988 cadentibus?

415 1029 532 1093 Dic,
567 1045 796 1099 quaeso,
827 1027 1004 1095 qualis
1033 1027 1122 1080 lux
1154 1037 1270 1078 erat.
1305 1025 1604 1093 spiritualis
1649 1033 1701 1098 et
1729 1039 1854 1078 vera
1879 1039 2008 1094 pro-

415 1123 616 1176 creatis
639 1124 696 1173 in
725 1121 838 1173 vita
863 1109 1178 1173 transitoria
1205 1127 1255 1170 et
1277 1115 1448 1170 falsa?
1471 1115 1740 1185 Numquid
1779 1120 2008 1174 mundus

405 1211 522 1266 iste
578 1211 831 1264 alienatis
863 1223 892 1262 a
937 1223 1065 1262 vero
1111 1207 1319 1261 lumine
1371 1209 1696 1284 conveniens
1745 1209 2008 1262 habitatio

422 1303 548 1356 est?
581 1301 856 1369 Numquid
893 1301 1039 1368 regio
1067 1300 1291 1352 umbrae
1324 1299 1538 1363 mortis,
1570 1309 1621 1352 et
1649 1299 2007 1370 lacrymarum

427 1393 583 1448 vallis
608 1435 621 1456 ,
654 1401 708 1446 et
737 1392 1068 1462 ignorantiae
1113 1387 1443 1458 profundum
1464 1431 1478 1452 ,
1509 1397 1562 1442 et
1593 1397 1808 1443 terrena
1853 1377 2009 1444 habi-

425 1485 582 1550 tatio,
617 1486 905 1538 humanum
951 1483 1190 1536 animum
1232 1493 1570 1550 aggravans,
1603 1491 1656 1536 et
1685 1497 1749 1536 ex
1783 1483 1896 1536 veri
1927 1483 2010 1537 lu—

421 1577 585 1631 minis
614 1575 854 1629 contuitu
899 1574 1187 1628 interiores
1213 1573 1402 1627 oculos
1444 1573 1737 1637 elimitans,
1765 1587 1874 1626 non
1907 1574 2008 1626 im-

416 1671 612 1724 merito
649 1669 884 1724 dicitur?
933 1667 1050 1724 Non
1093 1685 1224 1739 ergo
1271 1669 1336 1722 de
1383 1669 1469 1730 iis,
1531 1669 1624 1738 qui
1673 1670 1740 1722 de
1775 1668 2008 1724 occultis

413 1759 679 1821 seminum
718 1757 979 1814 causisin
1007 1759 1216 1828 species
1239 1773 1532 1828 corporeus
1555 1759 1876 1828 procedunt,
1913 1760 2006 1813 de-

2115 572 2357 639 Quorum
2381 574 2591 644 primus
2616 582 2722 636 est,
2753 575 2844 642 qui
2871 573 3116 630 absolute
3151 575 3280 630 solis
3331 576 3691 633 invisibilibus

2113 673 2168 720 et
2214 663 2590 734 spiritualibus
2635 665 2892 718 virtutum
2927 667 3184 735 impletur
3229 668 3584 732 substantiis;
3635 667 3692 724 in

2113 769 2272 824 quem
2302 757 2610 824 quicunque
2637 755 2866 818 venerit,
2897 745 3114 823 plenam
3153 747 3316 810 verae
3343 755 3484 810 locis
3505 758 3688 826 possis

2111 843 2204 896 det
2231 837 2718 913 participationem.
2765 844 3072 908 Secundus,
3105 843 3200 913 qui
3233 844 3476 914 praefato
3523 861 3692 917 ορμον

2109 932 2256 987 nitur
2287 949 2317 988 e
2350 933 2582 998 diverso,
2635 936 2887 1004 quoniam
2922 936 3164 992 absolute
3211 951 3276 990 ex
3331 937 3692 994 invisibilibus

2111 1029 2166 1076 et
2229 1024 2604 1092 corporalibus
2661 1027 3008 1080 constituitur
3053 1029 3278 1082 naturis.
3321 1028 3396 1082 -Ει
3441 1030 3688 1099 quamvis

2111 1115 2483 1168 universitatis
2507 1117 2746 1170 intimam
2777 1118 3018 1176 obtineat
3045 1120 3475 1186 proportionem,
3521 1121 3578 1176 in
3621 1133 3690 1178 eo

2093 1209 2292 1259 'tamen
2323 1215 2440 1259 erat
2471 1206 2729 1270 Verbum,
2769 1216 2826 1260 ct
2863 1223 2957 1276 per
2999 1207 3232 1262 Verbum
3279 1209 3456 1264 factus
3491 1221 3594 1278 est,
3633 1220 3690 1268 et

2111 1309 2194 1354 est
2233 1301 2439 1368 primus
2481 1299 2680 1370 gradus
2709 1302 2774 1353 ad
2817 1302 3180 1368 Cognitionem
3210 1304 3458 1358 veritatis
3499 1319 3692 1360 ascen:

2113 1390 2242 1443 dere
2279 1403 2378 1457 per
2419 1403 2612 1442 sensus
2651 1389 2978 1454 volentibus;
3036 1394 3244 1460 species
3279 1409 3512 1462 namque
3561 1396 3691 1456 visi-

2111 1479 2298 1534 bilium
2347 1480 2414 1532 ad
2468 1481 2828 1549 cognitionem
2881 1481 3224 1536 invisibilium
3271 1485 3684 1540 ratiocinantem

2109 1571 2335 1625 attrahit
2365 1572 2623 1626 animum.
2657 1571 2872 1626 Tertius
2897 1575 3128 1626 mundus
3169 1583 3272 1641 est,
3297 1575 3388 1646 qui
3415 1577 3686 1656 rationem

2097 1662 2420 1715 medietatis
2465 1661 2646 1725 habet,
2693 1673 2748 1716 et
2791 1663 3124 1732 superiorem
3155 1667 3498 1733 spiritalium,
3523 1675 3576 1724 et
3603 1668 3686 1724 iu-

2109 1750 2364 1806 feriorem
2381 1751 2740 1821 corporalium
2761 1753 2814 1806 in
2837 1769 2896 1807 se
2927 1755 3040 1822 ipso
3061 1756 3296 1826 copulat,
3315 1765 3371 1814 et
3391 1759 3458 1812 de
3477 1759 3688 1814 duobus

393 1847 602 1903 'bemus
631 1847 936 1919 intelligere
969 1865 982 1901 :
1015 1865 1152 1918 quae
1199 1847 1462 1903 illuminat
1496 1865 1698 1903 omnem
1745 1849 2005 1903 hominem
2037 1845 2082 1905 B
2111 1857 2276 1898 unum
2319 1843 2467 1906 facit.
2501 1853 2556 1898 et
2583 1845 2634 1897 ill
2669 1843 2884 1898 homine
2923 1846 3040 1900 solo
3085 1847 3436 1917 intelligitur,
3479 1849 3534 1902 iu
3577 1863 3685 1918 quo

409 1940 695 1994 uenientem
731 1939 784 1992 in
815 1941 1066 1992 mundum
1094 1980 1107 2002 ,
1141 1937 1234 1992 sed
1279 1941 1346 1993 de
1385 1939 1482 2003 iis,
1515 1939 1606 2007 qui
1649 1939 2008 2008 spiritualiter

409 2045 510 2102 per
537 2031 938 2102 generationem
967 2033 1194 2100 gratiae,
1229 2045 1368 2098 quae
1391 2031 1552 2082 datur
1576 2030 1628 2083 in
1653 2029 2002 2098 baptismate,

387 2107 466 2176 oin
521 2123 776 2174 mundum
827 2120 1048 2174 veniunt
1099 2119 1422 2174 invisibilem
1449 2159 1464 2182 ,
1495 2119 1588 2188 qui
1633 2121 2004 2186 nativitatem,

415 2225 553 2284 quae
579 2214 874 2266 secundum
907 2211 1255 2281 Corruptibile
1285 2225 1484 2280 corpus
1513 2221 1619 2277 est,
1659 2221 2002 2281 spernentes,

419 2303 778 2368 nativitatem,
807 2317 944 2372 quae
983 2313 1062 2358 est
1109 2303 1402 2357 secundum
1455 2303 1730 2372 spiritum,
1769 2303 2002 2372 eligunt,

421 2395 684 2450 mundum
713 2395 802 2464 qui
835 2396 1087 2448 deorsum
1117 2401 1200 2446 est
1227 2394 1532 2457 calcantes,
1563 2403 1615 2448 et
1641 2394 1696 2447 in
1739 2397 2004 2448 mundum

389 2483 518 2560 'qui
549 2487 836 2541 desursum
863 2495 944 2539 est
974 2485 1360 2548 ascendentes,
1411 2487 1635 2539 umbras
1667 2485 2004 2553 ignorantiae

417 2587 474 2634 et
505 2580 698 2634 mortis
728 2579 1044 2632 deserentes
1066 2618 1079 2640 ,
1127 2575 1301 2629 lucem
1340 2576 1642 2645 sapientiae
1671 2585 1722 2630 et
1749 2579 1888 2631 vitae
1913 2591 2007 2647 ap-

409 2679 696 2743 petentes,
747 2669 840 2723 tilii
897 2669 1174 2722 hominum
1228 2683 1348 2723 esse
1391 2667 1727 2732 desinentes,
1773 2670 1864 2724 lilii
1915 2673 2004 2726 [lci

414 2763 532 2819 ﬁeri
569 2747 910 2826 inchoantes,
945 2763 1206 2816 mundmn
1243 2763 1502 2816 vitiorum
1533 2773 1906 2831 postponcntes
1949 2773 2002 2818 et

415 2869 472 2908 tn
502 2855 812 2922 semetipsis
846 2855 1187 2908 destruentes
1217 2893 1230 2917 ,
1279 2855 1544 2907 mundum
1577 2854 1830 2906 virtutum
1877 2865 2004 2911 ante

421 2945 612 2999 oculos
643 2947 842 3000 tuentis
872 2945 1282 3006 constituentes,
1315 2953 1371 2998 et
1400 2945 1452 2996 in
1479 2957 1600 2997 eum
1643 2945 1768 3000 totis
1799 2945 2004 3002 viribus

425 3040 726 3092 ascendere
769 3039 1059 3092 inhiantes.
1095 3038 1198 3092 Eas
1229 3037 1410 3107 itaque
1427 3053 1556 3092 Vera
1591 3037 1676 3090 lux
1707 3038 1999 3104 illuminat,

425 3129 516 3199 qui
558 3129 612 3181 in
653 3129 909 3181 mundum
961 3129 1212 3182 virtutum
1249 3129 1486 3191 veniunt,
1521 3143 1624 3182 non
1661 3143 1778 3194 eos,
1821 3132 1914 3198 qui
1945 3131 1998 3184 in

423 3221 682 3274 mundum
721 3219 970 3272 vitiorum
1017 3227 1194 3271 ruunt.

489 3311 555 3365 In
585 3313 778 3364 mumlo
813 3319 941 3364 erat.
975 3311 1028 3363 ln
1057 3309 1157 3364 hoc
1185 3309 1302 3364 loco
1331 3311 1588 3364 mundum
1631 3310 1864 3379 appellat
1889 3323 1994 3362 non

413 3405 584 3460 solum
613 3403 942 3473 generaliter
965 3401 1226 3456 visibilem
1251 3409 1584 3465 creaturam,
1615 3417 1802 3456 verum
1833 3402 1996 3456 etiam

410 3495 719 3565 Specinlilet‘
761 3492 1041 3546 rationalis
1087 3501 1328 3552 naturae,
1381 3497 1522 3561 quae
1559 3492 1610 3546 in
1643 3492 1860 3546 homine
1889 3501 1995 3556 est,

412 3587 792 3642 substantiam.
837 3585 892 3638 ln
935 3585 1017 3638 his
1059 3585 1326 3654 siquidem
1369 3585 1642 3649 omnibus,
1682 3593 1756 3644 et,
1785 3591 1846 3637 ut
1867 3585 1996 3638 sitn-

375 3663 382 3758 :
411 3677 624 3754 pliciter
649 3677 854 3738 dicam,
893 3677 946 3730 in
985 3675 1337 3730 universitate
1390 3675 1610 3730 condita
1637 3674 1874 3728 Verbum
1904 3675 1995 3728 lux

417 3783 542 3824 vera
570 3777 706 3822 erat.
741 3767 887 3822 Idem
913 3767 1176 3831 subsistit,
1205 3775 1260 3821 et
1281 3775 1498 3839 semper
1531 3778 1670 3833 erat,
1707 3769 1835 3837 quia
1861 3783 1998 3822 nun-

377 3855 382 3860 ’
419 3873 578 3932 quam
607 3859 662 3913 in
691 3859 944 3914 omnibus
975 3853 1272 3914 subsistere
1303 3859 1537 3914 desistit.
1583 3860 1655 3916 Ut
1693 3861 1859 3926 enim,
1881 3862 1997 3930 'qui

418 3951 674 4022 loquitur,
705 3951 827 4004 dum
853 3951 1111 4021 loquitur,
1137 3951 1336 4006 desinit
1357 3967 1466 4006 vox
1491 3951 1608 4020 eius
1627 3965 1774 4017 esse,
1801 3953 2002 4006 desinit

411 4051 470 4099 et
498 4043 778 4099 evanescit
807 4061 819 4095 :
852 4045 930 4098 sic
975 4043 1226 4098 caelestis
1276 4043 1436 4098 Pater
1475 4046 1520 4099 si
1559 4045 1796 4102 Verbum
1837 4059 1996 4099 suum

411 4135 560 4204 loqui
595 4135 847 4196 cessarit,
891 4133 1112 4188 eichtus
1143 4135 1328 4200 Verbi,
1365 4137 1486 4189 'hoc
1524 4143 1627 4200 est,
1675 4137 2000 4190 universitas

417 4227 634 4282 condita
684 4243 789 4281 non
824 4227 1144 4282 substiterit.
1181 4225 1560 4282 Universitatis
1591 4243 1826 4297 namque
1873 4243 2002 4282 con-

417 4315 566 4373 ditae
595 4317 904 4371 substitutio
934 4327 1016 4371 est
1039 4327 1091 4371 et
1113 4318 1424 4385 permansio
1453 4317 1546 4372 Dei
1573 4317 1752 4372 Patris
1777 4318 2001 4384 locutio,

417 4407 524 4466 hoc
561 4417 665 4473 est,
709 4419 926 4462 acterna
965 4418 1019 4462 et
1063 4409 1522 4464 incommutabilis
1565 4411 1648 4463 sui
1705 4409 1866 4462 Verbi
1911 4423 2032 4476 εει,

416 4505 647 4557 ncratio.
689 4499 874 4557 Potest
915 4503 1080 4556 etiam
1137 4517 1240 4556 non
1289 4503 1734 4558 irrationabiliter
1781 4506 1846 4558 de
1895 4505 2002 4558 hoc

2111 1936 2288 1988 omnis
2333 1943 2582 1988 creatura
2627 1936 2914 1988 adnitatur.
2961 1935 3198 2005 Corpore
3223 1939 3686 1994 cuimconstatet

2109 2028 2312 2082 anima.
2358 2027 2564 2094 Corpus
2609 2027 2674 2081 de
2721 2029 2824 2081 hoc
2879 2030 3096 2090 rutundo,
3137 2030 3370 2084 animum
3403 2029 3470 2084 de
3513 2030 3685 2086 altero

2089 2123 2310 2176 'mundo
2361 2122 2639 2191 colligens,
2693 2137 2854 2174 unum
2903 2123 3032 2176 facit
3077 2132 3350 2180 ornatum.
3391 2125 3458 2180 Et
3487 2139 3683 2194 corpus

2109 2215 2326 2283 quidem
2365 2229 2580 2268 munem
2615 2229 2956 2284 corpoream,
2989 2217 3170 2270 anima
3201 2231 3330 2271 vero
3357 2231 3572 2272 omnem
3601 2217 3682 2272 in—

2109 2317 2420 2372 corpoream
2450 2305 2689 2372 possidet
2715 2315 2982 2360 naturam.
3009 2305 3176 2371 Quae,
3203 2305 3328 2362 dum
3367 2307 3684 2376 compagine

2109 2407 2214 2448 una
2261 2394 2672 2464 conglobantur,
2705 2409 2864 2449 ouilia
2895 2399 3222 2450 mundanum
3255 2397 3490 2452 hominis
3519 2397 3686 2452 conii-

2107 2485 2260 2539 ciunt
2301 2495 2704 2538 ornamentum.
2757 2485 2990 2554 Ideoque
3021 2487 3182 2540 homo
3225 2487 3422 2542 dicitur
3463 2487 3680 2551 omnis;

2105 2579 2281 2631 omnis
2333 2592 2564 2644 munque
2613 2587 2864 2630 creatura
2891 2593 2958 2634 ,ιιι
3011 2579 3128 2646 ipso
3175 2577 3320 2632 velut
3361 2579 3414 2632 in
3469 2577 3684 2632 oiiicina

2105 2672 2338 2741 quadain
2383 2671 2668 2723 conﬂatur.
2709 2669 2848 2724 Hinc
2877 2679 2933 2724 et
2965 2671 3080 2738 ipse
3109 2671 3368 2724 Dominus
3407 2672 3683 2738 praedica-

2105 2764 2244 2818 turis
2271 2763 2548 2831 discipulis
2579 2764 2856 2829 praecepit
2885 2779 2898 2813 :
2940 2781 2958 2812 ι
2993 2764 3310 2816 Praedicatc
3333 2763 3684 2832 Evangelium

2105 2857 2250 2909 omni
2284 2863 2566 2907 creaturae
2595 2871 2643 2906 ι.
2671 2853 2774 2906 Iste
2797 2853 2960 2918 igitur
2985 2853 3234 2914 tntmdus,
3267 2853 3366 2906 hoc
3393 2863 3476 2906 est
3500 2853 3681 2917 homo,

2105 2945 2424 2999 Creatorem
2459 2959 2614 2998 suum
2653 2959 2762 2998 non
2823 2944 3114 3012 cognovit,
3165 2959 3338 3010 neque
3391 2959 3488 3013 per
3551 2944 3686 3010 legis

2106 3035 2344 3105 scriptae
2387 3036 2654 3106 symbolo,
2703 3051 2880 3104 neque
2904 3051 3002 3104 per
3031 3034 3258 3089 visibilis
3277 3043 3558 3098 creaturae
3581 3053 3682 3107 pa-

2107 3129 2406 3198 radigmata
2441 3129 2610 3182 Deum
2637 3143 2792 3183 suum
2821 3129 2986 3182 voluit
3009 3143 3356 3198 cognoscere,
3381 3130 3682 3186 carnalium

2023 3210 2072 3270 C
2105 3222 2494 3291 cogitationum
2523 3221 3040 3276 vinculisdetentus.
3079 3221 3146 3274 Et
3182 3223 3408 3276 ntumlus
3437 3239 3554 3276 cum
3579 3240 3684 3278 non

2102 3317 2356 3384 Cognovit.
2387 3315 2516 3370 'Nou
2555 3318 2808 3388 cognovit
2835 3318 2998 3372 homo
3024 3317 3192 3370 Deum
3223 3316 3478 3380 Verbum,
3509 3333 3686 3390 neque

2103 3419 2228 3461 ante
2251 3409 2690 3464 hum'anationem
2705 3411 2822 3481 ejus
2841 3425 2939 3480 per
2953 3426 3010 3464 se
3027 3411 3138 3465 sola
3160 3409 3443 3464 divinitate
3459 3413 3680 3475 nudum,

2103 3511 2202 3550 nec
2233 3507 2350 3566 post
2383 3500 2820 3556 humanationem
2849 3501 2962 3554 sola
3005 3499 3376 3556 incarnatione
3407 3502 3679 3556 vestitum.

2077 3587 2429 3644 'lnvisibilem
2491 3591 2805 3660 ignorabat,
2861 3591 3126 3648 visibilem
3189 3595 3440 3662 negabat.
3505 3593 3686 3648 Noluit

2075 3693 2368 3747 quaerere
2405 3689 2754 3750 quaerentem
2795 3695 2887 3746 se;
2919 3681 3090 3736 noluit
3131 3683 3318 3737 audire
3365 3693 3684 3748 vocantem;

2103 3767 2277 3824 noluit
2309 3769 2488 3824 colere
2531 3771 2904 3836 deiﬁcantem;
2939 3771 3108 3826 noluit
3149 3772 3389 3841 recipere
3423 3774 3686 3843 recipien-

2105 3867 2212 3916 tem
2221 3902 2234 3915 .

2176 3953 2242 4008 In
2270 3957 2482 4024 propria
2509 3959 2666 4023 venit,
2701 3957 2754 4010 in
2783 3971 2848 4012 ea
2895 3957 3174 4023 videlicet,
3212 3971 3354 4026 quae
3382 3969 3479 4027 per
3501 3957 3680 4029 ipsum

2103 4039 2245 4096 facta
2277 4055 2422 4108 sunt,
2458 4059 2522 4100 ac
2547 4061 2644 4115 per
2677 4048 2778 4101 hoc
2813 4047 3034 4116 prepria
3083 4047 3228 4100 illius
3265 4061 3372 4100 non
3409 4048 3684 4104 immerito

2105 4141 2251 4186 sunt.
2287 4133 2356 4184 Et
2377 4135 2456 4187 sui
2485 4151 2602 4188 eum
2627 4135 2781 4208 [non]
2819 4137 2834 4166 ι
2865 4145 3179 4203 receperunt.
3211 4135 3304 4188 Sui
3337 4143 3462 4188 sunt
3493 4151 3685 4204 omnes

2107 4221 2370 4286 homines,
2397 4237 2534 4292 quos
2553 4224 2720 4276 voluit
2749 4223 3018 4276 redimere
3043 4233 3100 4276 et
3131 4221 3378 4275 redemit.

2177 4313 2448 4388 Quotquot
2477 4325 2650 4368 mitem
2682 4323 2978 4382 receperunt
3014 4329 3156 4378 cum,
3183 4312 3323 4366 dedit
3361 4315 3432 4366 eis
3462 4325 3686 4382 potesta-

2107 4427 2206 4471 tem
2235 4415 2374 4484 ﬁlios
2407 4413 2502 4466 Dei
2554 4411 2690 4478 ﬁeri,
2721 4407 3048 4462 credentibus
3077 4409 3131 4461 in
3162 4407 3370 4461 nomine
3398 4408 3533 4476 ejus.
3563 4408 3684 4466 Jan]

2108 4507 2366 4564 dividitur
2393 4517 2500 4558 non
2541 4499 2850 4556 humanitas
2889 4499 3166 4552 rationalis
3209 4497 3414 4564 mundi,
3452 4499 3546 4553 sed
3585 4515 3684 4556 vo-

415 4591 617 4648 mundo
647 4593 893 4647 sensibili
922 4593 1260 4648 solunnnodo
1297 4594 1432 4647 haec
1471 4595 1740 4648 sententia
1787 4596 1999 4663 praedi-
2027 4583 2081 4642 D
2108 4602 2316 4665 lunias;
2351 4603 2704 4666 segregantur
2739 4601 3046 4661 receptores
3107 4591 3370 4646 iucarnati
3431 4591 3590 4648 Verbi
3653 4607 3686 4648 a

415 4685 548 4750 cari,
577 4701 717 4754 quae
745 4687 820 4738 ait
855 4703 866 4738 :
903 4685 966 4739 In
993 4685 1188 4740 mundo
1214 4695 1346 4750 erat,
1384 4695 1432 4740 et
1457 4689 1684 4740 urendus
1709 4705 1800 4756 per
1825 4689 1996 4757 ipsum

417 4775 586 4846 factus
617 4779 712 4829 est.
747 4773 825 4830 Ne
849 4775 988 4830 forte
1012 4777 1144 4844 quis
1169 4783 1388 4844 putaret
1421 4775 1733 4832 Manicheae
1758 4781 2000 4835 haeresis

415 4883 664 4934 consors,
697 4867 954 4922 mnmlum
983 4869 1255 4938 corporeis
1275 4871 1525 4924 sensibus
1551 4873 1996 4927 succumbentem

419 4973 450 5012 a
471 4959 684 5014 diabolo
709 4959 878 5013 fuisse
905 4969 1165 5022 creatum,
1203 4971 1254 5014 et
1281 4975 1390 5014 non
1421 4977 1451 5014 a
1475 4959 1734 5016 Creatorc
1757 4963 1998 5018 omnium

419 5051 710 5106 visibilium
737 5063 792 5106 et
824 5053 1202 5118 invisibilium,
1241 5054 1527 5122 theologus
1559 5053 1836 5110 subnectit
1883 5073 1896 5106 :
1931 5055 1998 5111 In

419 5145 614 5197 mundo
649 5157 783 5210 erat,
823 5147 927 5201 hoc
958 5155 1060 5210 est,
1105 5147 1160 5200 in
1211 5147 1318 5202 hoc
1343 5147 1558 5201 mando
1590 5157 1709 5200 erat
1751 5147 1862 5212 ille,
1907 5148 1998 5216 qui

420 5235 658 5291 continet
696 5239 900 5301 omnia,
957 5247 1004 5291 et
1047 5237 1276 5291 mundus
1321 5253 1416 5306 per
1465 5239 1636 5306 ipsum
1681 5236 1852 5305 factus
1903 5249 1998 5292 est.

417 5323 534 5382 Non
563 5327 708 5380 enim
739 5329 791 5382 in
826 5328 1015 5383 alienis
1041 5329 1297 5398 cperibus
1337 5327 1707 5381 universitatis
1753 5328 2003 5384 conditor

415 5409 647 5482 habitat,
690 5417 786 5473 sed
813 5419 876 5472 in
913 5417 1024 5473 suis
1063 5421 1202 5487 quae
1237 5415 1388 5472 fecit.
1427 5416 1874 5472 Animadvertero
1909 5409 2004 5474 de-

413 5501 626 5582 beluus,
649 5499 880 5569 beatum
925 5509 1310 5583 evangelistam
1349 5509 1688 5580 generaliter
1741 5511 2002 5566 mundum

2109 4691 2488 4761 respuentibus
2529 4687 2676 4740 illud.
2705 4683 2917 4739 Fideles
2943 4686 3168 4740 credunt
3195 4685 3484 4740 adventum
3525 4684 3688 4742 Vedii

2107 4787 2162 4838 et
2191 4781 2420 4836 libenter
2449 4776 2716 4846 recipiunt
2753 4775 3039 4830 Dominum
3077 4775 3181 4830 sui.
3223 4775 3376 4843 impii
3405 4785 3606 4846 negant
3629 4785 3688 4831 et

2108 4872 2502 4930 contumaciter
2527 4879 2798 4934 renuunt,
2831 4867 3020 4925 Judaei
3050 4883 3146 4938 per
3169 4869 3424 4922 invidiam
3445 4909 3458 4932 ,
3491 4869 3688 4939 pagani

2106 4979 2206 5034 per
2255 4961 2631 5036 ignorantiam.
2685 4959 3090 5029 ltecipientibus
3145 4957 3292 5012 dedit
3355 4965 3688 5028 potestatem

2111 5053 2250 5109 ﬁlios
2303 5053 2398 5107 Dei
2439 5051 2580 5116 ﬂeri,
2623 5065 2732 5106 non
2761 5049 3146 5118 recipientibus
3195 5048 3288 5100 dat
3333 5047 3506 5100 adhuc
3551 5061 3705 5114 span

2111 5147 2246 5200 tium
2275 5145 2594 5214 recipiendi.
2625 5143 2670 5196 Α
2699 5141 2848 5196 nullo
2875 5139 3018 5193 enim
3063 5135 3308 5190 aufertur
3357 5135 3710 5204 possibilitas,

2105 5235 2358 5290 credendi
2381 5235 2440 5288 in
2471 5233 2566 5288 Dei
2595 5231 2814 5296 Filium,
2843 5237 2900 5282 et
2935 5223 3268 5296 possibilitas
3295 5221 3556 5278 eﬁicicndi
3589 5223 3686 5276 Dei

2105 5327 2307 5392 filium;
2343 5329 2445 5382 hoc
2497 5325 2642 5380 enim
2681 5326 2735 5376 in
2777 5320 3010 5376 arbitrio
3053 5313 3288 5371 hominis
3327 5323 3382 5369 et
3421 5327 3683 5382 conpen-

2105 5419 2252 5476 tione
2275 5419 2482 5490 gratiae
2507 5415 2862 5472 constitutum
2887 5417 2996 5463 est.
3039 5405 3248 5472 Quibus
3278 5403 3683 5476 dedit.me-

2053 5533 2060 5540 -
2107 5517 2216 5564 tem
2273 5505 2414 5564 titius
2615 5501 2768 5560 ﬁeri?
2817 5495 3224 5570 Kwipieutibus
3265 5511 3370 5564 ac,
3431 5495 3684 5558 videlicet

1691 5643 1944 5702 vanus
1979 5609 2386 5714 Lucriouss.

495 5764 516 5798 ⁸
551 5781 654 5821 non
682 5780 791 5820 om.
824 5765 972 5832 cod.,
1001 5763 1124 5822 add.
1155 5778 1218 5818 ex
1254 5759 1394 5818 coni.
