4178 6266
1927 310 2214 374 JOANNIS
2250 309 2449 371 SCOTI

3726 323 3838 382 996

555 427 972 486 credentibusin
995 419 1534 494 nomineejus.MuIti
1557 423 2136 496 recipiuntChristum.
2167 427 2216 488 Α
2244 421 2587 480 ascendentis
2616 422 2681 478 ad
2707 422 2952 490 Patrem,
2985 425 3202 494 quando
3238 423 3306 482 ab
3343 425 3551 498 angelis
3586 441 3837 503 assump-

553 521 742 577 Ariam
774 520 1246 590 recipiunteum,
1279 519 1373 574 sed
1409 533 1514 573 non
1557 517 1784 572 credunt
1827 516 1880 570 in
1921 517 2139 571 nomine

554 611 698 682 ejus,
731 627 836 667 non
867 611 1095 666 credunt
1121 608 1460 679 unigenitum
1488 607 1582 662 Dei
1612 605 1806 662 Filium
1839 605 1986 661 Patri
2010 621 2140 661 con-

555 702 1002 765 substantialem;
1032 698 1304 771 ὃμοούσιον
1325 713 1449 753 eum
1479 707 1700 769 negant,
1740 697 1841 752 hoc
1861 707 1966 762 est,
1987 695 2137 754 Patri

553 793 995 857 coessentialem;
1033 793 1355 869 ἕτεροούσιον
1381 805 1505 845 eum
1545 789 1837 854 aﬁirmant,
1882 789 1986 845 hoc
2031 797 2137 853 est,

551 885 783 943 alterius
808 884 1080 940 essentiae
1119 898 1282 953 quam
1316 880 1478 937 Pater
1515 889 1617 935 est.
1660 880 1738 936 Ac
1767 894 1864 952 per
1901 879 2004 934 hoc
2029 889 2166 934 non'

550 978 777 1050 prodest
801 979 880 1033 eis
901 976 1178 1034 Christum
1211 975 1454 1045 recipere
1474 1013 1490 1041 ,
1527 974 1653 1030 dum
1684 981 1953 1028 conantur
1997 970 2138 1026 veri-

551 1079 720 1126 tatem
753 1069 870 1139 eius
895 1086 1112 1142 negare.
1143 1067 1247 1136 Qui
1285 1082 1416 1124 vero
1448 1067 1716 1136 recipiunt
1739 1066 2016 1122 Christum
2043 1079 2138 1120 ve-

551 1178 675 1218 rum
722 1163 892 1220 Deum
943 1172 999 1218 et
1046 1177 1234 1217 verum
1283 1159 1580 1223 hominem,
1611 1166 1668 1213 et
1697 1159 1800 1213 hoc
1829 1157 2140 1212 ﬁrmissime

550 1255 801 1320 credunt,
831 1255 910 1309 eis
936 1253 1265 1325 possibilitas
1297 1251 1424 1306 data
1453 1258 1539 1305 est
1574 1247 1716 1304 ﬁlios
1745 1247 1840 1303 Dei
1876 1247 2015 1302 ﬁeri.

623 1347 730 1415 Qui
755 1365 856 1401 non
883 1364 948 1401 ea:
967 1346 1308 1417 sanguinibua
1331 1385 1347 1410 ,
1371 1359 1536 1414 neque
1561 1356 1626 1396 ex
1655 1339 1918 1395 voluntate
1939 1339 2133 1405 carnis,

552 1456 716 1512 neque
741 1457 806 1494 ea:
832 1439 1096 1494 voluntate
1121 1439 1239 1503 viri,
1278 1441 1368 1491 sed
1410 1451 1474 1490 ex
1498 1432 1608 1487 Deo
1650 1433 1758 1486 nati
1789 1442 1931 1485 sunt.
1957 1430 2016 1485 In
2039 1445 2139 1486 an-

553 1535 719 1604 tiquis
763 1533 1098 1588 Graecorum
1135 1528 1534 1600 exemplaribus
1569 1527 1906 1583 solummodo
1943 1527 2138 1582 scribi-

549 1635 642 1680 tur
675 1644 688 1678 :
723 1624 827 1690 Qui
857 1641 960 1679 non
999 1641 1062 1678 ea:
1095 1623 1468 1693 sanguinibus,
1495 1621 1586 1676 sed
1614 1638 1678 1676 ea:
1705 1619 1816 1676 Deo
1844 1621 1957 1676 nati
1990 1629 2132 1676 sunt.

551 1716 672 1772 Non
705 1731 776 1771 ex
819 1715 1195 1788 sanguinibus,
1225 1713 1416 1783 inquit,
1448 1713 1552 1768 hoc
1579 1721 1692 1778 est,
1739 1728 1845 1767 non
1877 1727 2137 1782 corpora-

550 1807 694 1864 libus
717 1781 1207 1878 procreationibus,
1241 1781 1332 1874 qui
1364 1802 1711 1874 adoptionem
1751 1781 1987 1856 ﬁliorum
2042 1801 2135 1858 Dei
2167 1781 2213 1844 Β

551 1900 751 1957 merito
777 1899 900 1954 ﬁdei
933 1897 1336 1968 adipiscuntur;
1371 1895 1466 1950 sed
1502 1911 1531 1948 a
1571 1895 1683 1950 Deo
1710 1892 1871 1948 Patre
1896 1909 1992 1963 per
2017 1892 2138 1962 Spi-

551 1993 714 2050 ritum
743 2001 988 2048 sanctum
1022 1991 1075 2045 in
1113 1989 1569 2046 cohaereditatem
1603 1986 1823 2048 Christi,
1873 1986 1976 2040 hoc
2013 1993 2097 2040 est
2118 2025 2135 2052 ,

552 2085 608 2140 in
638 2082 1062 2140 conﬁliolitatem
1088 2079 1347 2151 unigeniti
1375 2077 1470 2134 Dei
1493 2078 1614 2133 Filii
1640 2079 1749 2132 nati
1773 2085 1918 2132 sunt.
1955 2076 2138 2149 Neque

551 2191 618 2231 ea:
647 2174 910 2229 voluntate
938 2172 1146 2237 carnis,
1184 2186 1346 2241 neque
1371 2185 1436 2224 ea:
1469 2168 1732 2225 voluntate
1765 2167 1884 2222 viri.
1932 2167 2138 2236 Duplex

550 2264 919 2321 introducitur
965 2277 1158 2327 sexus,
1211 2276 1277 2316 ex
1333 2274 1443 2330 quo
1492 2260 1546 2314 in
1588 2273 1756 2314 carne
1797 2258 2136 2314 nascentium

550 2357 845 2413 carnaliter
877 2357 1237 2413 numerositas
1263 2363 1627 2427 propagatur;
1685 2355 1867 2410 carnis
1918 2355 2137 2423 quidem

550 2449 772 2506 nomine
802 2448 1118 2510 femineum,
1170 2448 1272 2504 viri
1325 2463 1454 2503 vero
1505 2446 1863 2504 masculinum
1902 2461 2138 2518 evange-

549 2539 676 2598 lista
703 2542 1031 2612 signiﬁcavit
1058 2541 1324 2597 habitum.

618 2631 688 2688 Et
731 2648 798 2688 ne
838 2631 976 2688 forte
1017 2633 1164 2689 dicas
1193 2649 1206 2686 :
1235 2629 1566 2702 impossibile
1611 2629 1846 2694 videtur,
1879 2627 2138 2683 mortales

544 2726 664 2784 ﬁeri
715 2725 1072 2790 immortales,
1111 2723 1492 2796 corruptibiles
1535 2722 1887 2791 corruptione
1923 2735 2134 2787 carere,

541 2832 707 2889 puros
739 2817 986 2872 homines
1015 2814 1152 2870 ﬁlios
1183 2814 1278 2870 Dei
1309 2828 1455 2880 esse,
1482 2810 1806 2884 temporales
1833 2810 2134 2865 aeternita-

541 2916 652 2966 tem
677 2909 973 2980 possidere,
997 2923 1063 2963 ει
1089 2907 1178 2973 iis,
1204 2921 1344 2978 quae
1368 2903 1574 2974 majora
1596 2911 1743 2970 sunt,
1771 2903 1957 2972 accipe
1977 2917 2137 2970 argu-

541 3011 819 3067 mentum,
868 3016 975 3072 quo
1023 3001 1124 3068 rei,
1176 3000 1244 3055 de
1289 3014 1396 3070 qua
1447 2999 1684 3063 dubitas,
1740 2997 1920 3068 possis
1973 2994 2134 3051 ﬁdem

543 3095 956 3150 accommodare
981 3111 994 3146 :
1025 3091 1091 3146 Et
1112 3091 1323 3147 verbum
1345 3107 1470 3145 caro
1493 3091 1693 3160 factum
1723 3098 1819 3144 est.
1848 3086 1906 3142 Si
1933 3087 2130 3157 itaque,

2244 526 2330 570 tus
2367 524 2452 570 est
2498 516 2549 572 in
2604 515 2835 573 caelum.
2880 517 2946 572 Et
2983 533 3148 589 super
3191 519 3328 576 haec
3356 521 3537 574 omnia
3570 522 3840 581 altissimo

2241 608 2440 664 mentis
2467 609 2711 664 contuitu
2741 613 3140 681 contemplatus
3168 628 3227 668 es
3251 612 3401 680 illud,
3428 614 3550 670 dico
3572 616 3835 684 Verbum,

2242 701 2295 756 in
2320 701 2585 772 principio
2612 718 2710 758 suo
2738 706 2880 774 apud
2912 704 3130 760 Patrem
3161 721 3342 771 suum,
3393 707 3483 763 ubi
3510 707 3693 764 vidisti
3725 709 3838 780 glo-

2244 793 2380 848 riam
2411 791 2525 861 ejus
2547 794 2702 865 quasi
2735 795 2995 865 unigenili
3019 809 3050 849 a
3076 795 3256 851 Patre.
3301 793 3525 852 Plenum
3557 803 3764 870 gratiae
3787 810 3837 855 et

2241 885 2494 939 veritatis.
2545 884 2749 957 Duplex
2797 886 2958 957 hujus
2980 887 3188 958 periodi
3242 887 3546 946 intellectus
3587 899 3688 947 est.
3731 891 3836 948 Po-

2243 975 2516 1030 testenim
2566 976 2630 1031 de
2681 977 3050 1042 humanitate,
3104 993 3168 1033 ae
3230 978 3508 1036 divinitate
3561 981 3834 1038 incarnati

2245 1066 2408 1122 Verbi
2449 1067 2646 1138 accipi,
2694 1069 2768 1124 ita
2813 1077 2874 1123 ut
2913 1069 3193 1139 plenitudo
3232 1071 3442 1141 gratiae
3471 1072 3737 1130 referatur
3763 1075 3834 1130 ad

2241 1159 2657 1226 humanitatem,
2700 1161 2981 1232 plenitudo
3019 1177 3151 1218 vero
3184 1163 3436 1218 veritatis
3477 1165 3545 1220 ad
3578 1166 3830 1238 divinita:

2229 1261 2374 1320 tem.
2427 1252 2662 1308 Verbum
2712 1253 2912 1325 quippe
2961 1254 3302 1310 incarnatum
3345 1255 3609 1312 Dominus
3650 1265 3837 1313 noster

2240 1344 2402 1401 Jesus
2441 1343 2692 1401 Christus
2733 1343 3122 1416 plenitudinem
3159 1347 3368 1418 gratiae
3401 1347 3701 1404 secundum
3730 1348 3833 1403 hu-

2241 1436 2560 1492 manitatem
2597 1436 2829 1507 accepit,
2855 1437 3112 1506 quoniam
3143 1447 3309 1507 caput
3339 1436 3617 1493 Ecclesiae
3649 1447 3752 1503 est,
3779 1447 3836 1494 et

2239 1528 2638 1600 primogenitus
2687 1527 2977 1586 universae
3023 1537 3328 1593 creaturae,
3377 1529 3482 1584 hoc
3519 1539 3621 1592 est,
3668 1531 3834 1587 totius

2241 1618 2623 1675 universaliter
2647 1619 3020 1683 humanitatis,
3049 1635 3189 1692 quae
3220 1619 3275 1675 in
3308 1619 3425 1691 ipso
3452 1629 3507 1676 et
3535 1636 3634 1692 per
3656 1622 3834 1692 ipsum

2241 1721 2430 1766 sanata
2477 1722 2533 1767 et
2587 1722 2892 1768 restaurata
2933 1721 3039 1770 est.
3090 1713 3146 1769 In
3196 1714 3312 1785 ipso
3358 1715 3522 1779 dico,
3567 1715 3830 1786 quoniam

2241 1804 2542 1860 maximum
2589 1812 2646 1859 et
2695 1803 2991 1875 principale
3040 1806 3348 1876 exemplum
3395 1787 3635 1877 gratiae:
3683 1820 3830 1877 qua,

2241 1896 2402 1952 nullis
2429 1896 2878 1967 praecedentibus
2917 1897 3152 1962 meritis,
3193 1898 3355 1953 homo
3397 1895 3626 1954 efﬁcitur
3661 1897 3828 1968 Deus,

2240 1989 2358 2057 ipse
2385 1999 2490 2056 est,
2519 2000 2575 2045 et
2604 1991 2656 2046 in
2684 1991 2802 2061 ipso
2824 1991 3251 2060 primordialiter
3282 1991 3685 2046 manilestatum
3717 1999 3824 2047 est.

2240 2079 2346 2136 Per
2382 2081 2556 2151 ipsum
2609 2097 2757 2148 vero,
2801 2081 3061 2152 quoniam
3103 2083 3169 2136 de
3209 2081 3538 2151 plenitudine
3583 2080 3700 2149 ejus
3729 2097 3830 2140 nos

2221 2186 2432 2236 omnes
2469 2173 2780 2243 accepimus
2805 2173 3037 2244 gratiam
3064 2172 3443 2239 deiﬁeationis,
3475 2187 3573 2243 per
3598 2173 3828 2244 gratiam

2242 2263 2387 2329 ﬁdei,
2416 2280 2522 2333 qua
2565 2265 2617 2319 in
2661 2279 2786 2319 eum
2826 2264 3126 2329 credimus,
3163 2273 3219 2318 et
3246 2264 3498 2332 actionis,
3530 2277 3639 2334 qua
3671 2279 3830 2318 man-

2239 2357 2363 2412 data
2392 2357 2512 2426 ejus
2546 2357 2905 2413 custodimus.
2955 2355 3143 2413 Potest
3185 2355 3350 2410 etiam
3395 2344 3830 2426 plenitudo'gra-

2241 2448 2351 2502 tiae
2375 2447 2576 2504 Christi
2605 2447 2670 2502 de
2697 2446 2902 2518 Spiritu
2932 2454 3124 2501 sancto
3148 2445 3392 2513 intelligi.
3424 2445 3656 2501 Sanctus
3682 2461 3830 2499 nam-

2241 2553 2349 2609 que
2391 2537 2652 2610 Spiritus,
2708 2537 2800 2606 qui
2847 2535 3171 2592 distributor
3209 2544 3265 2590 et
3289 2546 3544 2607 operator
3577 2535 3826 2591 donatio-

2241 2647 2372 2685 num
2414 2629 2645 2700 gratiae,
2688 2628 2862 2701 gratia
2893 2626 3030 2682 solet
3057 2627 3337 2697 appellari.
3385 2625 3552 2696 Cujus
3577 2626 3827 2696 ,Spiritus

2237 2721 2572 2792 septiformis
2601 2719 2846 2790 operatio
2887 2717 3278 2774 humanitatem
3311 2717 3516 2773 Christi
3556 2715 3822 2788 implevit,

2238 2824 2294 2871 et
2319 2815 2374 2870 in
2401 2828 2468 2870 eo
2503 2812 2792 2883 requievit,
2822 2811 2962 2868 sicut
2992 2811 3070 2866 ait
3097 2811 3359 2882 propheta
3389 2828 3404 2864 ε
3443 2827 3462 2861 ι
3485 2809 3556 2865 Et
3581 2809 3816 2879 requies-

2239 2914 2517 2976 cet.super
2545 2919 2668 2960 eum
2701 2903 2926 2974 spiritus
2970 2901 3207 2967 Domini,
3253 2901 3480 2972 spiritus
3523 2900 3826 2970 sapientiae

2237 3007 2294 3054 et
2321 2997 2652 3064 intellectus,
2689 2996 2916 3066 spiritus
2956 2995 3170 3052 consilii
3197 3003 3253 3050 et
3283 2993 3637 3059 fortitudinis,
3667 2993 3828 3066 spiri-

2240 3098 2329 3146 tus
2357 3088 2621 3146 scientiae
2647 3099 2702 3143 et
2727 3086 2970 3157 pietatis,
2999 3095 3053 3140 et
3087 3084 3315 3155 replebit
3341 3100 3464 3140 eum
3495 3083 3718 3154 spiritus
3759 3083 3829 3138 ti-

521 3185 690 3254 ‘quod
729 3183 850 3254 plus
881 3190 987 3247 est,
1026 3179 1402 3251 proculdubio
1427 3178 1750 3250 praecessit,
1779 3193 1876 3233 cur
1899 3177 2134 3233 ineredi-
2161 3165 2208 3230 C
2237 3182 2408 3240 moris
2439 3181 2721 3237 Dominis.
2759 3179 2818 3234 Si
2845 3195 2978 3250 ergo
3019 3179 3089 3235 de
3138 3177 3357 3234 Christo
3397 3193 3497 3248 per
3543 3193 3603 3234 se
3651 3178 3823 3248 ipsum

541 3275 652 3331 bile
677 3273 908 3338 videtur,
956 3272 1101 3342 quod
1151 3271 1332 3326 minus
1377 3279 1482 3335 est,
1530 3284 1690 3340 posse
1738 3269 2033 3340 consequi?
2071 3268 2130 3324 Si

540 3361 711 3422 Filius
740 3363 836 3418 Dei
862 3362 1039 3417 factus
1067 3369 1152 3418 est
1179 3362 1362 3428 homo,
1406 3361 1551 3431 quod
1597 3375 1758 3415 nemo
1797 3374 2007 3426 eorum,
2036 3358 2130 3431 qui

539 3465 668 3509 eum
714 3452 1003 3523 recipiunt,
1050 3449 1300 3520 ambigit,
1332 3449 1461 3520 quid
1491 3449 1709 3515 mirum,
1742 3449 1789 3506 si
1828 3449 1988 3504 homo
2013 3465 2132 3505 cre-

539 3545 676 3601 dens
716 3545 771 3600 in
807 3543 1004 3600 Filium
1044 3543 1138 3598 Dei
1176 3541 1320 3597 ﬁlius
1361 3541 1455 3598 Dei
1499 3541 1710 3598 futurus
1762 3542 1868 3597 sit?
1901 3542 1982 3596 Ad
2025 3541 2130 3598 hoc

539 3635 808 3708 siquidem
850 3635 1086 3691 Verbum
1121 3633 1174 3690 in
1202 3632 1753 3696 carnemdeseendit,
1785 3633 1923 3686 utin
1953 3632 2128 3703 ipsum

539 3748 690 3799 caro,
736 3734 789 3788 id
825 3741 932 3798 est,
963 3733 1126 3786 homo
1148 3730 1376 3786 credens
1405 3744 1501 3800 per
1529 3742 1750 3783 carnem
1791 3728 1842 3782 in
1893 3727 2130 3784 Verbum

540 3822 822 3888 ascendat,
844 3832 902 3875 ut
932 3836 1030 3892 per
1053 3819 1356 3876 naturalem
1381 3817 1576 3873 Filium
1608 3817 1944 3889 unigenitum
1973 3817 2129 3872 multi

541 3913 640 3970 ﬁlii
685 3913 988 3968 eﬁieiantur
1033 3911 1290 3982 adoptivi.
1335 3911 1454 3966 Non
1485 3919 1705 3981 propter
1734 3909 1968 3980 seipsum
1998 3910 2132 3965 Ver-

540 4006 672 4062 bum
694 4019 822 4059 caro
847 4002 1046 4058 factum
1072 4013 1173 4067 est,
1207 4005 1302 4060 sed
1336 4014 1558 4075 propter
1599 4019 1718 4068 nos,
1764 4005 1855 4074 qui
1897 4019 2002 4060 non
2027 4005 2131 4060 nisi

541 4107 640 4164 per
683 4093 845 4150 Verbi
887 4107 1111 4148 carnem
1151 4095 1520 4163 potuissemus
1560 4095 1613 4148 in
1653 4092 1746 4148 Dei
1781 4094 1920 4150 ﬁlios
1947 4103 2129 4149 trans-

543 4185 773 4250 mutari;
819 4184 966 4239 solus
1011 4184 1313 4250 descendit,
1359 4201 1483 4240 cum
1527 4185 1710 4240 multis
1759 4187 2032 4252 ascendit;
2062 4185 2131 4242 de

503 4303 508 4306 ·
541 4277 850 4334 hominibus
901 4276 1031 4332 facit
1071 4277 1224 4342 deos,
1271 4277 1362 4346 qui
1404 4277 1471 4332 de
1518 4277 1628 4332 Deo
1668 4276 1797 4333 fecit
1830 4279 2126 4334 hominem.

505 4399 509 4406 -
539 4367 611 4422 Et
648 4369 898 4423 habitavit
931 4370 984 4423 in
1016 4369 1184 4435 nobis,
1221 4369 1325 4426 hoe
1353 4376 1438 4425 est
1467 4379 1716 4425 naturam
1743 4379 1986 4426 nostram
2010 4387 2132 4441 pos-

537 4459 705 4524 sedit,
754 4467 815 4513 ut
857 4473 988 4515 suae
1033 4469 1263 4515 naturae
1301 4475 1401 4515 nos
1437 4460 1733 4532 participes
1778 4430 2026 4516 faceret:
2055 4430 2165 4516 Et-

2232 3277 2318 3331 vis
2357 3275 2633 3346 accipere,
2685 3273 2832 3345 quod
2878 3273 3088 3329 dictum
3120 3281 3206 3329 est
3242 3272 3452 3344 plenum
3493 3272 3714 3342 gratiae,
3756 3272 3825 3326 de

2231 3366 2575 3439 plenitudine
2615 3364 2978 3422 deiﬁcationis
3019 3365 3136 3435 ejus
3161 3375 3217 3419 et
3243 3362 3690 3420 sanctiﬁcationis
3737 3376 3824 3418 se-

2232 3457 2471 3515 cundum
2497 3455 2897 3513 humanitatem
2928 3469 3220 3527 wgnosce.
3247 3451 3612 3509 Deiﬁcationis
3636 3458 3818 3507 autem

2234 3549 2377 3612 dico,
2411 3563 2518 3617 qua
2548 3547 2712 3602 homo
2737 3554 2794 3602 et
2823 3546 2968 3602 Deus
3001 3546 3055 3600 in
3082 3546 3344 3600 unitatem
3380 3543 3539 3598 unius
3565 3542 3823 3598 substan-

2234 3640 2344 3694 tiae
2393 3638 2612 3695 adunati
2646 3646 2802 3704 sunt;
2854 3636 3304 3694 sanctiﬁcationis
3347 3651 3500 3701 vero,
3550 3649 3657 3705 qua
3707 3647 3819 3690 non

2233 3732 2406 3788 solum
2447 3732 2515 3786 de
2559 3729 2766 3801 Spiritu
2815 3740 3006 3786 sancto
3049 3736 3373 3799 conceptus,
3421 3741 3610 3782 verum
3652 3725 3820 3782 etiam

2233 3823 2570 3894 plenitudine
2599 3823 2951 3878 donationum
2982 3821 3101 3894 ejus
3135 3820 3380 3893 repletus
3408 3827 3525 3884 est;
3562 3833 3627 3876 ac
3651 3819 3824 3876 veluti

2234 3916 2289 3971 in
2317 3914 2630 3972 summitate
2659 3914 2873 3986 mystici
2897 3914 3163 3970 ecclesiae
3191 3913 3502 3970 candelabri
3524 3913 3821 3984 gratiarum

2233 4005 2511 4076 lampades
2537 4005 2592 4060 in
2619 4005 2736 4075 ipso
2758 4013 2813 4061 et
2835 4005 2903 4059 de
2932 4003 3051 4074 ipso
3081 4003 3305 4060 fulsere.
3345 4002 3403 4059 Si
3427 4017 3556 4058 vero
3588 4001 3823 4072 plenitu-

2233 4097 2416 4153 dinem
2457 4097 2668 4169 gratiae
2713 4107 2768 4152 et
2810 4096 3060 4152 veritatis
3092 4095 3363 4151 incarnati
3394 4093 3554 4151 Verbi
3578 4094 3645 4148 de
3670 4093 3822 4148 Novo

2235 4190 2588 4269 Testamento
2633 4191 2806 4246 mavis
2848 4189 3172 4259 intelligere,
3204 4189 3284 4245 sic
3316 4187 3458 4243 idem
3485 4187 3821 4257 evangelista

2190 4339 2191 4342 η
2232 4283 2394 4355 paulo
2433 4291 2556 4354 post
2597 4283 2814 4337 videtur
2858 4281 3118 4338 sensisse.
3161 4280 3253 4336 Ait
3297 4280 3443 4336 enim
3473 4297 3487 4334 :
3521 4278 3673 4334 «Lex
3721 4292 3821 4348 per

2231 4375 2453 4447 Moysen
2479 4377 2601 4430 data
2635 4383 2750 4442 est;
2780 4375 2954 4445 gratia
2980 4381 3167 4429 autem
3196 4381 3252 4429 et
3278 4372 3487 4428 veritas
3510 4385 3608 4442 per
3634 4367 3820 4425 Jesutn

2231 4466 2510 4522 Christum
2537 4466 2682 4523 facta
2720 4474 2806 4522 est
2833 4485 2880 4520 ι.
2918 4464 3036 4522 Non
3075 4465 3372 4536 incongrue
3415 4461 3814 4533 pronuntiabis,

539 4551 761 4606 vidimus
785 4549 1008 4621 gloriam
1027 4553 1165 4622 ejus,
1188 4551 1411 4621 gloriam
1431 4553 1584 4623 quasi
1605 4553 1862 4624 unigeniti
1887 4571 1918 4606 a
1943 4551 2126 4609 Patre.
2155 4539 2209 4601 Ι)
2234 4557 2620 4629 plenitudinem
2646 4557 2856 4629 gratiae
2885 4554 3023 4612 Novi
3055 4554 3388 4612 Testamenti
3416 4569 3515 4623 per
3535 4553 3814 4607 Christum

543 4639 644 4695 Uhi
672 4640 892 4705 vidisti,
945 4657 979 4695 o
1034 4642 1191 4696 beate
1240 4643 1526 4714 theologe,
1583 4643 1814 4715 gloriam
1865 4643 2132 4700 incarnati

540 4730 733 4795 Verbi,
760 4729 987 4801 gloriam
1023 4730 1305 4785 huma'nati
1345 4731 1465 4786 Filii
1494 4731 1624 4787 Dei?
1660 4733 1888 4800 Quando
1914 4733 2134 4790 vidisti?

539 4819 800 4887 Qualibus
820 4819 991 4874 oculis
1012 4821 1372 4890 perspexisti?
1394 4821 1800 4894 Corporalibus,
1832 4834 1893 4882 ut
1913 4827 2127 4897 opinor,

539 4912 594 4965 in
643 4919 827 4968 monte
865 4909 1330 4967 tranformationis
1365 4921 1624 4984 tempore.
1661 4914 1812 4972 Tunc
1839 4917 1983 4970 enim
2021 4923 2132 4972 ter-

535 5003 648 5058 tius
694 5003 890 5060 aderas
940 5001 1094 5058 testis
1138 5002 1352 5060 divinae
1397 5005 1822 5074 gloriﬁcationis.
1861 5003 2128 5061 Praesens

536 5109 688 5160 eras,
733 5103 795 5149 ut
841 5093 1116 5160 existimo,
1163 5093 1221 5150 in
1267 5094 1592 5163 Jerusalem,
1627 5104 1682 5151 et
1707 5096 1905 5153 audisti
1934 5111 2124 5154 vocem

489 5217 498 5224 -
535 5183 719 5241 Patris
771 5183 970 5241 Filium
1023 5183 1377 5243 clariﬁcantis
1426 5187 1696 5242 dicentem
1726 5205 1741 5242 :
1777 5206 1796 5240 ι
1819 5186 2124 5244 Clariﬁcavi

489 5298 498 5304 -
534 5281 594 5328 et
638 5267 837 5330 iterum
883 5273 1267 5330 clariﬁcabor.
1311 5273 1527 5330 Audisti
1572 5282 1782 5332 turmas
1830 5275 2122 5332 infantium
2170 5327 2172 5329 .

532 5363 985 5434 proclamantium
1010 5381 1026 5421 :
1058 5363 1341 5421 «Hosanna
1368 5365 1480 5421 ﬁlio
1508 5365 1735 5422 David».
1769 5366 1907 5435 Quid
1937 5368 2118 5424 dicam

530 5458 605 5510 de
643 5455 818 5526 gloria
858 5455 1314 5514 resurrectionis?
1349 5456 1544 5514 Vidisti
1575 5471 1700 5514 eum
1743 5469 2119 5531 resurgentem

533 5557 568 5596 a
613 5543 866 5610 mortuis,
910 5545 1040 5600 dum
1079 5546 1149 5602 ad
1195 5554 1248 5603 te
1293 5555 1612 5620 ceterosque
1639 5557 1760 5608 tuos
1787 5551 2130 5623 condiscipu-

529 5631 614 5690 los
670 5631 868 5692 clausis
910 5633 1095 5708 ianuis
1154 5639 1395 5708 intravit.
1461 5641 1657 5710 Vidisti
1711 5642 1944 5714 gloriam
2005 5641 2126 5716 ejus

2232 4665 2354 4706 esse
2404 4650 2683 4714 donatam,
2722 4658 2777 4704 et
2813 4648 3067 4719 legalium
3116 4644 3484 4719 symbolarum
3526 4643 3817 4698 veritatem

2233 4742 2289 4798 in
2320 4743 2438 4812 ipso
2471 4757 2594 4799 esse
2631 4741 2922 4812 implexam
2950 4757 2965 4807 ;
3012 4741 3093 4795 sic
3118 4737 3196 4792 ait
3221 4734 3550 4805 Apostolus:
3579 4752 3599 4786 ι
3619 4733 3678 4790 In
3705 4747 3818 4805 quo

2233 4834 2444 4890 habitat
2472 4834 2746 4905 plenitudo
2776 4831 3077 4889 divinitatis
3104 4827 3464 4900 corporaliter
3491 4843 3548 4894 ις
3577 4825 3814 4898 plenitu-

2233 4925 2414 4981 dinem
2461 4924 2714 4980 videlicet
2757 4921 3052 4979 divinitatis
3098 4919 3358 4992 mystieos
3400 4918 3652 4990 legalium
3697 4933 3818 4974 um-

2229 5016 2449 5071 brarum
2474 5016 2782 5072 intellectus
2802 5013 3105 5087 appellans,
3131 5027 3269 5085 quos
3290 5010 3545 5070 Christus
3570 5011 3625 5066 iu
3651 5025 3818 5068 carne

2179 5167 2182 5172 _
2228 5109 2454 5166 veniens
2496 5109 2552 5166 in
2582 5124 2642 5165 se
2674 5109 2790 5180 ipso
2819 5107 3204 5181 corporaliter,
3250 5105 3356 5162 hoc
3400 5113 3509 5170 est,
3552 5103 3823 5160 veraciter

2179 5257 2182 5261 .
2228 5200 2508 5257 habitasse
2527 5207 2584 5255 et
2607 5199 2792 5255 docuit
2809 5206 2866 5254 et
2887 5196 3282 5262 manifestavit,
3306 5194 3567 5267 quoniam
3596 5195 3712 5266 ipse
3735 5200 3823 5248 est

2226 5290 2352 5347 fons
2394 5299 2452 5347 et
2492 5290 2771 5361 plenitudo
2813 5289 3141 5362 gratiarum,
3196 5287 3402 5343 veritas
3445 5285 3819 5358 symbolorum

2167 5425 2178 5430 -
2225 5380 2514 5455 legalium,
2561 5380 2686 5438 ﬁnis
2728 5380 3130 5454 prophetalium
3167 5378 3463 5442 visionum,
3509 5373 3597 5429 cui
3642 5371 3817 5445 gloria

2227 5491 2350 5534 cum
2375 5476 2538 5533 Patre
2577 5483 2635 5531 et
2675 5483 2866 5532 sancto
2900 5474 3108 5548 Spiritu
3137 5487 3236 5544 per
3278 5467 3462 5526 omnia
3503 5463 3689 5524 secula
3730 5477 3819 5522 se-

2227 5567 2496 5637 culorum.
2527 5567 2723 5624 Amen.
