4178 6266
415 479 1336 519 W

1465 357 1817 416 COMMENT.
1858 360 1925 416 IN
1965 360 2220 418 EVANG.
2264 360 2412 418 SEC.
2452 359 2645 416 JOAN.

1336 625 2138 743 JOANNIS
2212 626 2731 745 SCOTI

2734 480 3629 514 ΞΜ

2723 490 3610 505 Μ

1635 852 2466 963 COMMENTARIUS

515 1054 664 1169 IN
756 1053 876 1170 S.
967 1052 1901 1173 EVANGELIUM
1987 1051 2760 1173 SECUNDUM
2842 1048 3546 1169 JOANNEM.

403 1270 488 1334 ιι
512 1275 635 1336 cod,
675 1288 765 1324 ms.
799 1273 854 1336 81
882 1333 892 1336 _
918 1273 1039 1324 bibl.
1076 1272 1435 1331 Laudunensis,
1485 1273 1777 1336 membqu
1810 1285 1913 1324 sec.
1938 1286 2016 1336 ix,
2036 1271 2114 1336 ι⁶;
2144 1272 2328 1336 primus
2352 1270 2482 1320 edid.
2518 1271 2580 1321 ll.
2608 1270 2759 1336 Eclth
2786 1270 3051 1336 lisfuiqu
3074 1272 3129 1336 in,
3144 1270 3293 1336 libro,
3316 1272 3678 1336 quiilllcnbitu

404 1332 417 1405 ξ
491 1334 754 1400 Caeloque
773 1333 972 1400 θάνατοι
1001 1336 1088 1389 de:
1110 1337 1398 1388 musci-its
1417 1337 1503 1388 des
1525 1332 1859 1398 bibliotbéques
1880 1332 2134 1399 publiqu
2150 1334 2236 1385 des
2258 1333 2611 1396 department:
2634 1333 2775 1385 Tom.
2796 1333 2814 1385 l
2841 1333 2996 1385 Paris.
3024 1334 3166 1396 1849,
3196 1332 3347 1398 t°,'p.'
3365 1333 3458 1386 505
3478 1347 3590 1400 sqq.

792 1584 1515 1649 FRAGMENTUM
1558 1588 1607 1648 Ι.

994 1672 1124 1730 Car.
1148 1673 1192 1742 Ι,
1230 1675 1403 1731 Η-εθ

474 1858 542 1914 In
575 1858 790 1929 propria
835 1874 958 1928 ergo
982 1858 1116 1913 uenit
1138 1898 1154 1925 ,
1185 1859 1289 1915 hoc
1316 1868 1419 1925 εει,
1453 1860 1506 1914 in
1539 1859 1773 1917 humana
1801 1872 1993 1918 natura

402 1951 719 2009 incarnatus
756 1960 859 2007 est.
901 1949 974 2006 Et
1002 1952 1085 2007 sui
1122 1969 1240 2006 eum
1272 1969 1377 2007 non
1408 1963 1731 2022 receperunt.
1771 1953 1886 2010 Hoc
1912 1955 1993 2010 di-

400 2052 549 2102 etum
574 2053 657 2099 est
679 2044 746 2099 de
775 2041 998 2113 perﬁdis
1024 2040 1244 2098 Judaeis
1278 2052 1334 2098 et
1382 2043 1638 2100 omnibus
1661 2045 1865 2115 impiis,
1899 2045 1992 2116 qui

402 2134 690 2191 noluerunt
730 2134 824 2189 Dei
850 2130 1088 2189 Verbum
1134 2134 1399 2204 recipere,
1437 2135 1539 2190 hoc
1580 2145 1684 2201 est,
1730 2151 1911 2207 neque
1937 2136 1992 2190 in

406 2238 529 2279 eum
575 2226 826 2289 credere,
858 2240 1033 2295 neque
1075 2240 1199 2281 eum
1242 2226 1541 2298 intelligere
1586 2228 1893 2284 voluerunt.
1927 2229 1994 2284 Et

411 2328 480 2369 ne
503 2316 622 2384 quis
643 2323 874 2385 putaret,
901 2331 1090 2371 omnes
1117 2316 1366 2373 homines
1385 2333 1511 2373 eum
1540 2334 1647 2374 non
1677 2321 1953 2390 recepisse
1975 2360 1992 2387 ,

411 2421 539 2461 nam
588 2408 655 2461 ab
694 2408 849 2461 initio
891 2408 1076 2462 mundi
1125 2408 1326 2464 nullum
1359 2418 1572 2480 tempus
1615 2421 1753 2475 erat,
1788 2413 1842 2466 in
1885 2427 1994 2482 quo

413 2504 727 2567 receptores
792 2498 958 2553 divini
1029 2496 1199 2555 Verbi
1250 2516 1355 2557 non
1433 2512 1651 2571 essent,
1710 2515 1994 2576 propterea

408 2589 617 2646 addidit
651 2609 665 2645 :

478 2680 746 2753 Quotquot
778 2691 957 2738 autem
1000 2693 1304 2755 receperunt
1326 2702 1467 2750 eum,
1494 2686 1601 2742 hoc
1629 2695 1728 2752 est,
1757 2688 1998 2758 quicum-

405 2788 511 2845 que
543 2773 891 2830 crediderunt
930 2776 984 2830 in
1016 2790 1173 2842 eum,
1220 2777 1366 2832 dedit
1412 2779 1486 2832 eis
1532 2787 1831 2848 potestatem
1859 2778 1996 2849 ﬁlios

406 2864 504 2920 Dei
546 2866 681 2936 fieri.
711 2865 831 2921 Non
862 2866 1042 2922 dixit:
1080 2867 1230 2923 dedit
1270 2868 1352 2925 eis
1394 2878 1715 2938 potestatem
1756 2870 1993 2939 salvari,

2021 1588 2075 1650 Α
2099 1583 2334 1647 mireris,
2360 1596 2605 1647 carnem,
2633 1581 2685 1637 id
2707 1590 2790 1637 est
2810 1581 3089 1638 mortalem
3111 1582 3408 1648 hominem,
3438 1582 3489 1637 in
3512 1580 3682 1639 ﬁlium

2090 1674 2185 1731 Dei
2216 1688 2375 1745 posse
2399 1673 2632 1728 transire
2654 1687 2751 1742 per
2770 1674 3021 1744 gratiam,
3041 1688 3162 1730 cum
3192 1672 3416 1744 majoris
3438 1672 3683 1730 miraculi

1972 1807 1989 1824 .
2092 1766 2411 1822 sitVerbum
2437 1782 2564 1821 caro
2580 1765 2799 1822 factum.
2816 1765 2951 1821 Nam
2969 1768 3034 1833 si,
3052 1768 3194 1837 quod
3217 1768 3464 1839 superius
3491 1775 3591 1831 est,
3610 1766 3683 1823 ad

2092 1857 2318 1913 inferius
2350 1857 2643 1923 descendit,
2669 1858 2799 1927 quid
2826 1858 3126 1924 mirum,si,
3158 1859 3298 1927 quod
3328 1857 3554 1913 inferius
3574 1866 3680 1924 est,

2092 1952 2149 2006 in
2171 1951 2245 2015 id,
2271 1953 2411 2021 quod
2441 1952 2708 2021 superius,
2747 1952 3039 2022 superioris
3068 1953 3237 2024 gratia
3265 1961 3457 2023 agente
3494 1966 3683 2008 ascen-

2094 2041 2207 2107 dat,
2235 2042 2551 2111 praesertim
2579 2056 2699 2097 cum
2731 2042 2798 2096 ad
2825 2041 2928 2097 hoc
2963 2040 3188 2097 Verbum
3214 2059 3336 2096 caro
3363 2043 3561 2112 factum
3590 2043 3680 2109 sit,

2093 2148 2153 2195 ut
2174 2140 2336 2194 homo
2372 2137 2513 2192 ﬁlius
2536 2138 2628 2193 Dei
2661 2137 2842 2192 ﬁeret!
2872 2137 3162 2193 Descendit
3186 2137 3328 2191 enim
3364 2135 3594 2191 Verbum
3624 2137 3683 2192 in

2094 2231 2387 2295 hominem,
2419 2239 2479 2285 ut
2513 2245 2607 2300 per
2632 2229 2807 2300 ipsum
2850 2229 3167 2285 ascenderet
3208 2230 3369 2284 homo
3410 2229 3463 2283 in
3488 2228 3677 2283 Deum.

2096 2322 2249 2378 Sicut
2290 2323 2432 2378 enim
2482 2323 2753 2378 dicimus:
2791 2321 3020 2377 Verbum
3068 2338 3196 2379 caro
3239 2323 3435 2376 factum
3465 2332 3577 2386 est,
3608 2322 3683 2378 ita

2094 2429 2379 2486 possumus
2403 2414 2581 2469 dicere
2608 2428 2623 2467 :
2656 2422 2709 2469 et
2732 2429 2859 2469 caro
2889 2411 3123 2470 Verbum
3158 2413 3296 2469 facta
3324 2423 3425 2469 est.
3454 2412 3521 2467 Et
3560 2412 3683 2467 Ver-

2097 2505 2216 2559 bum
2243 2521 2364 2559 caro
2393 2504 2588 2573 factum
2615 2514 2708 2569 est,
2741 2505 2876 2560 haec
2911 2504 3218 2575 evangelica
3251 2505 3519 2561 sententia
3550 2520 3683 2575 pro-

2096 2594 2397 2665 loquiorum
2429 2610 2580 2649 more
2617 2595 2868 2649 recurrit.
2898 2593 2966 2648 Et
2998 2595 3247 2649 habitavit
3281 2596 3335 2648 in
3367 2595 3536 2659 nobis,
3579 2594 3684 2651 hoc

2096 2697 2201 2754 est,
2247 2696 2622 2743 conversatum
2668 2691 2756 2740 est
2797 2685 2940 2740 inter
2977 2699 3075 2739 nos
3112 2686 3393 2750 homines;
3443 2683 3682 2739 Verbum

2096 2780 2360 2836 habitavit
2390 2779 2445 2833 in
2472 2778 2646 2841 nobis,
2680 2777 2781 2831 hoc
2804 2785 2909 2840 est,
2942 2785 3193 2830 naturam
3223 2786 3465 2830 nostram
3496 2790 3685 2843 posse-

2098 2874 2197 2929 dit.
2233 2873 2298 2927 Et
2326 2872 2551 2926 vidimus
2577 2869 2797 2941 gloriam
2819 2868 2964 2939 ejus;
2995 2883 3092 2922 nos
3115 2866 3389 2932 videlicet,
3416 2880 3551 2935 quos
3574 2865 3685 2921 ele-

412 2971 509 3013 aut
530 2959 587 3012 in
612 2959 905 3028 pristinum
936 2968 1140 3015 statum
1170 2970 1227 3016 et
1250 2962 1563 3032 dignitatem
1602 2964 1865 3020 humanae
1893 2981 1989 3019 na-
2022 2941 2071 3001 Β
2096 2967 2176 3037 git
2203 2968 2269 3019 de
2308 2963 2527 3028 mundo,
2559 2960 2789 3015 vidimus
2821 2957 3045 3028 gloriam
3077 2956 3192 3025 ejus
3234 2957 3287 3011 in
3315 2955 3665 3011 manifestissi

412 3054 570 3103 turae
603 3048 749 3103 dedit
774 3050 855 3104 eis
882 3059 1204 3120 potestatem
1233 3053 1509 3118 redeundi,
1537 3055 1650 3120 sed,
1684 3057 1824 3125 quod
1856 3056 1994 3113 inef-

413 3137 581 3195 fabile
607 3148 708 3207 est,
737 3148 792 3196 et
816 3142 961 3196 omni
987 3152 1210 3197 naturae
1233 3158 1329 3214 per
1350 3160 1408 3200 se
1442 3147 1609 3216 ipsam
1642 3146 1993 3216 impossibile,

416 3233 567 3288 dedit
606 3232 685 3289 eis
723 3249 822 3304 per
851 3236 1231 3305 sublimitatem
1282 3255 1413 3296 suae
1455 3242 1665 3312 gratiae
1716 3244 1856 3299 ﬁlios
1899 3245 1996 3300 Dei

412 3320 551 3376 ﬁeri.
583 3320 685 3377 His
718 3323 811 3393 qui
834 3325 1051 3380 credunt
1093 3328 1151 3381 in
1195 3330 1401 3384 nomine
1438 3331 1575 3399 ejus,
1622 3333 1727 3389 hoc
1757 3342 1858 3400 est,
1889 3335 1995 3401 his,

409 3409 499 3479 qui
545 3413 802 3479 credunt,
841 3415 1090 3470 notitiam
1129 3416 1245 3487 ejus
1294 3418 1312 3450 ⁸
1344 3428 1400 3474 ει
1444 3420 1854 3493 intelligentiam
1898 3439 2000 3494 per

406 3496 567 3552 ﬁdem
599 3500 653 3554 in
685 3501 788 3558 bac
826 3502 956 3569 vita,
1008 3511 1065 3560 et
1105 3518 1205 3577 per
1248 3507 1484 3577 speciem
1514 3508 1571 3565 in
1604 3509 1774 3567 altera
1812 3525 1871 3573 se
1912 3525 1999 3569 re-

408 3599 678 3661 cepturos.

479 3683 586 3750 Qui
615 3701 719 3741 non
742 3703 807 3743 ea:
827 3690 1194 3761 sanguinibtts,
1220 3691 1326 3749 hoc
1351 3702 1458 3761 est,
1486 3695 1578 3765 qui
1601 3710 1709 3751 non
1738 3711 1805 3752 ex
1835 3697 1998 3754 semi-

410 3773 598 3841 nibus;
626 3792 788 3848 neque
816 3796 881 3835 ea:
912 3780 1182 3837 voluntate
1222 3786 1420 3851 carnis,
1449 3786 1552 3841 hoc
1593 3797 1697 3853 est,
1727 3803 1905 3860 neque
1930 3805 1997 3845 ex

416 3882 549 3922 sexu
583 3869 843 3940 femineo;
870 3890 998 3931 caro
1041 3878 1238 3949 quippe
1286 3879 1578 3937 femineum
1621 3898 1809 3938 sexum
1839 3901 1999 3956 saepe

414 3961 712 4032 signiﬁcat;
741 3983 900 4038 neque
929 3985 993 4024 ex
1025 3970 1293 4027 voluntate
1318 3974 1439 4039 viri,
1462 3976 1565 4029 hoc
1594 3985 1699 4042 est,
1733 3992 1907 4047 neque
1929 3993 1997 4035 ex

412 4055 623 4110 seniine
650 4058 807 4112 virili.
845 4059 1030 4118 Potest
1051 4064 1215 4118 etiam
1254 4066 1334 4121 sic
1366 4066 1589 4139 intelligi
1617 4086 1779 4141 neque
1814 4087 1879 4125 ex
1911 4088 1999 4126 vo-

408 4143 613 4202 luntate
637 4151 832 4213 carnis,
862 4161 922 4207 ut
941 4152 1205 4223 expositio
1236 4158 1341 4223 sit,
1370 4158 1515 4229 quod
1543 4162 1806 4231 sequitur,
1834 4179 1999 4234 neque

2096 3057 2201 3111 mis
2219 3053 2518 3118 miraculis,
2535 3053 2588 3107 in
2611 3049 3083 3121 transﬁguratione
3110 3049 3166 3103 in
3188 3054 3373 3102 monte
3395 3044 3686 3117 spirituali,

2099 3146 2151 3201 in
2181 3145 2428 3201 claritate
2472 3141 2925 3207 resurrectionis;
2969 3149 3025 3195 et
3074 3155 3181 3195 non
3221 3138 3382 3193 aliam
3432 3137 3683 3210 gloriam,

2097 3242 2191 3294 sed
2211 3237 2432 3308 gloriam
2453 3235 2707 3307 unigeniti
2727 3252 2758 3288 a
2784 3233 2963 3288 Patre.
2994 3230 3219 3288 Plenum
3242 3232 3465 3303 gratiae,
3486 3229 3686 3286 subau-

2097 3330 2247 3387 ditur
2275 3347 2288 3383 :
2311 3329 2528 3400 plenum
2559 3327 2792 3383 vidimus
2816 3326 3025 3397 gratiae
3048 3324 3344 3380 secundum
3376 3322 3690 3379 humanitao

2098 3431 2228 3487 tem,
2254 3430 2301 3475 et
2332 3421 2559 3475 veritatis
2588 3419 2881 3475 secundum
2911 3417 3188 3472 deitatem.
3746 3405 3753 3413 ’

2166 3508 2401 3565 Joannes
2429 3518 2650 3564 testatur
2677 3509 2742 3563 de
2787 3508 2920 3578 ipso,
2950 3504 3124 3563 Verbo
3151 3506 3441 3573 videlicet,
3469 3515 3519 3562 et
3571 3505 3687 3563 ela-

2095 3610 2229 3666 mat,
2253 3600 2337 3655 vel
2361 3601 2499 3655 sicut
2530 3599 2582 3654 in
2609 3598 2818 3654 Graeco
2846 3597 3044 3668 legitur
3069 3616 3081 3652 :
3110 3604 3158 3653 et
3187 3595 3431 3651 clamavit
3466 3595 3686 3653 dicens:

2100 3690 2205 3748 Hic
2218 3701 2327 3747 erat
2347 3708 2498 3763 quem
2520 3690 2652 3757 dixi,
2667 3690 2772 3754 vel,
2788 3688 2929 3744 sicut
2954 3688 3007 3743 in
3030 3686 3238 3745 Graeco
3257 3687 3687 3758 habeturtquem

2099 3785 2353 3852 dicebant,
2384 3786 2527 3855 quod
2556 3784 2724 3840 multo
2749 3782 3142 3855 signiﬁcantius
3166 3792 3268 3839 εει.
3294 3782 3429 3837 Nam
3452 3781 3497 3837 sl
3532 3795 3688 3852 prae-

2099 3879 2318 3934 teritum
2341 3877 2661 3947 perfectum,
2685 3875 2828 3945 quod
2861 3883 2945 3930 est
2974 3873 3107 3939 dixi,
3130 3883 3377 3944 poneret,
3405 3880 3687 3943 peractum

2092 3970 2206 4041 jam
2232 3969 2650 4042 praedicationis
2673 3970 2792 4039 ejus
2820 3968 2887 4024 de
2912 3968 3129 4024 Christo
3152 3983 3288 4038 Opus
3316 3964 3683 4036 signiﬁcaret;

2097 4060 2452 4130 praeteritum
2484 4071 2612 4111 vero
2638 4054 3034 4125 imperfectum,
3063 4053 3206 4124 quod
3237 4063 3321 4107 est
3345 4051 3604 4117 dicebam,
3628 4060 3685 4109 et

2099 4153 2498 4208 inchoationem
2534 4149 2955 4218 praedicationis
2992 4148 3194 4203 Christi
3236 4146 3305 4200 ab
3351 4144 3559 4199 Joanne
3613 4145 3717 4209 si-_

407 4240 477 4293 es
502 4239 771 4296 uoluntate
798 4244 918 4326 piri.
952 4244 1066 4301 Non
1095 4248 1240 4302 enim
1276 4248 1492 4317 desunt,
1520 4251 1611 4320 qui
1655 4252 2001 4309 irrationabi-
2025 4288 2073 4351 ρ
2103 4242 2345 4314 gniﬁcat.
2377 4249 2432 4296 ει
2470 4240 2644 4294 adhuc
2672 4239 2724 4293 in
2752 4239 2867 4307 ipsa
2898 4237 3302 4306 Ρτθεάίοθιίοηθ
3328 4246 3687 4305 Persevera“-

408 4323 519 4351 1.-
550 4337 751 4351 _-l_-_.
813 4346 902 4351 ..μμ
937 4334 953 4351 ι
988 4350 997 4351 κ
1070 4337 1083 4349 ο
1344 4340 1359 4351 ι
1402 4340 1413 4351 ι
1615 4342 1627 4351 .
1962 4343 1996 4351 ι.
2107 4337 2143 4351 ,ι
2220 4350 2225 4351 ,
2304 4332 2368 4351 Ill
2441 4341 2571 4351 -s--.-
2613 4330 2701 4351 1-1-
2746 4341 3039 4351 ..-Α-,Αμιι-
3084 4335 3161 4351 ιιι-ι
3206 4326 3682 4351 ,ΙΑ-ΑΑηοΙ-Αιζ---σιι

408 4323 520 4384 lem
550 4337 778 4397 motum,
802 4323 913 4402 quo
937 4334 1186 4393 homines
1208 4340 1583 4408 concipiuntur
1615 4342 1665 4396 in
1690 4357 1876 4409 carne,
1899 4343 1999 4399 soli

410 4421 570 4473 carni
618 4422 934 4487 attribuunt,
977 4426 1134 4496 quasi
1161 4428 1297 4483 nihil
1327 4430 1396 4485 ad
1434 4431 1667 4485 animam
1708 4432 1999 4501 pertineat,

413 4507 543 4563 dum
587 4525 716 4567 caro
756 4514 875 4568 sine
916 4516 1098 4573 anima
1149 4518 1285 4573 nihil
1332 4520 1386 4574 in
1430 4519 1625 4577 talibus
1668 4521 1997 4592 praevaleat.

410 4597 644 4671 ideoque
679 4606 949 4675 sequitur,
1001 4624 1165 4680 neque
1207 4627 1271 4665 ea:
1296 4610 1558 4667 voluntate
1588 4613 1718 4679 viri,
1748 4615 1853 4670 hoc
1894 4623 1995 4679 est,

412 4702 584 4760 neque
610 4707 678 4747 ex
705 4694 989 4751 voluntate
1016 4700 1183 4756 totius
1212 4698 1467 4757 hominis.
1518 4701 1692 4773 Saepe
1726 4703 1999 4774 sapientes

411 4775 513 4831 viri
536 4781 801 4837 vocabulo
831 4783 1103 4842 hominem
1137 4786 1312 4843 solent
1340 4789 1628 4861 appellare.
1664 4791 1771 4847 Sed
1798 4809 1864 4848 ea:
1888 4792 2001 4848 Deo

413 4870 524 4921 nati
554 4882 701 4938 sunt,
726 4886 829 4943 per
851 4877 1081 4944 gratiam
1119 4879 1370 4936 videlicet
1411 4882 1776 4953 baptismatis,
1807 4884 1861 4939 in
1890 4898 2001 4953 quo

416 4955 677 5029 incipiunt
702 4964 990 5023 credentes
1018 4969 1071 5024 in
1115 4968 1389 5026 Christum
1433 4988 1499 5027 ex
1553 4974 1661 5028 Deo
1690 4973 1860 5028 nasci.
1894 4973 2002 5030 Sed

417 5059 490 5101 ne
516 5051 635 5117 quis
654 5053 989 5125 impossibile
1014 5059 1372 5127 existimaret,
1390 5063 1662 5117 hominem
1694 5063 1997 5127 mortalem,

414 5143 706 5213 carnalem,
722 5147 991 5221 fragilem,
1013 5155 1443 5225 eorruptibilem,
1468 5156 1522 5210 in
1547 5162 1753 5210 tantam
1774 5156 1998 5228 gloriam

413 5234 662 5303 exaltari,
693 5249 757 5296 ut
782 5243 927 5299 ﬁlius
948 5244 1041 5301 Dei
1071 5245 1247 5311 ﬁeret,
1269 5247 1435 5303 veluti
1466 5248 1798 5318 evangelista
1830 5249 2001 5320 respi-

414 5336 561 5419 rans,
593 5331 929 5404 occultisque
975 5336 1270 5394 inﬁdelium
1311 5339 1730 5409 cogitationibus
1779 5353 2000 5413 respon-
2035 5414 2041 5419 _

413 5416 571 5484 dens,
601 5420 957 5482 fortissimum
989 5431 1169 5499 posuit
1194 5440 1606 5502 argumentum:

484 5509 555 5568 Et
590 5510 820 5574 Verbum
859 5536 983 5577 caro
1010 5522 1212 5594 factum
1255 5534 1353 5583 est.
1398 5525 1479 5585 Ac
1521 5526 1568 5584 si
1611 5525 1811 5584 dixerit
1837 5545 1851 5581 :
1877 5525 1998 5581 Non
2036 5532 2050 5550 ‘

2105 4337 2258 4391 tiam.
2294 4332 2398 4388 Hic
2427 4341 2572 4395 erat;
2613 4330 2705 4384 hic
2746 4341 3042 4398 pronomen
3081 4335 3165 4381 est
3202 4326 3684 4380 demonstrativum

2101 4425 2404 4499 praesentis
2430 4436 2723 4495 personae;
2756 4435 2821 4476 ac
2846 4434 2945 4490 per
2982 4418 3085 4474 hoc
3108 4418 3270 4475 datur
3308 4414 3552 4487 intelligi,
3587 4414 3686 4470 ad-

2102 4518 2269 4576 fuisse
2294 4516 2568 4573 Christum
2608 4514 2661 4568 in
2704 4512 2795 4567 illo
2833 4510 2972 4577 loco,
3011 4510 3065 4566 in
3115 4525 3222 4581 quo
3247 4507 3485 4565 Joannes
3521 4506 3685 4562 talem

2103 4610 2170 4666 de
2214 4624 2280 4665 eo
2309 4605 2826 4664 demonstrationem
2855 4610 3041 4673 aperte
3078 4599 3394 4657 declaravit.
3437 4597 3552 4655 Nec
3581 4599 3687 4655 hoc

2102 4699 2332 4763 mirum;
2365 4708 2526 4764 saepe
2550 4693 2694 4747 enim
2722 4693 2837 4761 ipse
2862 4691 3141 4756 Dominus,
3166 4689 3343 4744 adhuc
3370 4686 3485 4744 fere
3514 4688 3660 4743 omni
3722 4710 3725 4711 ν

2102 4789 2206 4845 bus
2249 4788 2493 4858 ignotus,
2522 4784 2833 4855 priusquam
2875 4782 3264 4854 baptizaretur,
3290 4790 3346 4836 et
3370 4780 3687 4850 praedicare

2103 4878 2404 4941 inchoaret,
2441 4875 2509 4930 ad
2547 4873 2806 4930 Joannem
2842 4871 3032 4928 solitus
3059 4880 3177 4928 erat
3200 4871 3406 4926 venire.
3449 4868 3684 4939 ideoque

2107 4970 2185 5024 ait
2229 4967 2506 5025 Joannes:
2545 4965 2648 5020 Hie
2674 4974 2786 5019 erat
2809 4981 2960 5035 quem
2985 4964 3114 5018 dixi.
3156 4963 3214 5017 in
3246 4963 3351 5018 hoc
3376 4961 3519 5027 loco,
3547 4963 3684 5016 sicut
3716 4986 3721 4987 ί

2104 5058 2417 5129 frequenter
2436 5066 2492 5111 et
2520 5057 2574 5109 in
2604 5054 2992 5125 superioribus,
3014 5052 3235 5107 verbum
3267 5050 3411 5123 quod
3438 5061 3523 5107 est
3547 5061 3681 5115 erat,
3716 5074 3721 5077 τ

2106 5166 2216 5208 non
2245 5148 2696 5219 signiﬁcationem
2728 5143 3004 5211 temporis,
3033 5144 3127 5196 sed
3149 5140 3486 5195 substantiae
3509 5139 3684 5195 decla-
3732 5162 3745 5181 ι

2106 5250 2210 5305 rat,
2242 5241 2317 5295 ita
2343 5248 2404 5293 ut
2428 5236 2788 5306 intelligamus
2826 5234 2909 5287 hic
2934 5242 3067 5297 erat,
3095 5246 3159 5285 ac
3181 5230 3226 5284 si
3264 5237 3450 5298 aperte
3479 5229 3683 5283 diceret

2102 5337 2188 5391 hic
2224 5343 2319 5397 est,
2344 5332 2432 5386 hic
2458 5330 2736 5391 subsistit,
2770 5340 2928 5396 quem
2958 5324 3203 5379 dicebam
3230 5321 3410 5376 vobis.
3439 5320 3522 5374 Ad
3550 5333 3685 5390 quos

2104 5426 2352 5485 dicebat?
2380 5424 2460 5479 Ad
2494 5422 2786 5491 discipulos
2811 5418 3055 5490 profecto
3084 5430 3231 5479 suos,
3259 5413 3457 5484 quibus
3492 5419 3548 5468 et
3586 5410 3682 5465 ab-

2102 5527 2311 5576 sentem
2338 5514 2611 5570 Christum
2630 5508 2997 5581 praedicabat,
3020 5515 3077 5565 et
3097 5511 3437 5577 praesentem
3457 5504 3685 5562 demon-

1720 5642 1980 5715 VARIAE
2014 5646 2415 5713 LECTIONES.

486 5738 760 5803 ‘Cod.ei
