4178 6266
400 277 498 332 501

1461 285 1809 342 COMMENT.
1851 287 1918 341 IN
1957 288 2209 344 EVANG.
2253 289 2397 346 SEC.
2436 291 2625 348 JOAN.

3551 302 3670 384 30%.

402 401 530 450 nam
557 409 712 452 suum
741 399 1136 464 intellexerunt,
1169 400 1263 454 Dei
1293 402 1542 458 videlicet
1585 383 1804 468 Filium:
1843 413 1894 460 et
1925 397 1977 461 in
2007 407 2052 466 A
2085 407 2254 476 ipsum
2287 409 2352 463 'ei
2375 429 2418 462 ι.
2471 410 2526 464 In
2577 411 2804 490 epistola
2868 429 2963 468 sua
3029 413 3262 471 Joannes
3302 435 3312 470 :
3372 437 3388 467 ι
3421 419 3635 473 Scimus

407 488 524 557 ipso
559 497 622 546 ct
655 506 750 564 per
787 493 958 562 ipsum
999 501 1162 558 totam
1187 503 1450 552 remotam
1491 498 1836 554 abeuntibus
1859 497 1980 552 Tris-
2031 541 2036 550 .

409 580 656 638 nitatem.
705 575 1087 640 Universaliter
1127 585 1308 655 itaque
1347 596 1402 646 αι
1437 588 1690 644 rationali:
1727 597 1784 644 et
1825 589 1982 646 intelo

411 669 624 728 icctuali
677 683 956 744 αρξωταθ
1007 673 1212 746 proluit
1251 676 1354 738 Doi-
1377 677 1538 736 Verbi
1565 679 1982 746 inhumana'tn,‘

413 764 658 838 rationali
703 765 954 834 videlicet,
997 768 1404 832 adlibentutem
1447 779 1774 826 natttrao'ex
1807 781 1984 830 morte

409 861 462 930 et
482 853 1008 930 spryitjodiaholioo,
1031 867 1088 920 et
1109 874 1180 918 ex
1195 860 1505 936 ignorantia
1531 865 1797 929 veritatis,
1829 865 1984 919 intel-

406 941 620 1020 lectuali
647 961 774 1016 apro
797 947 868 1012 ad
891 954 1320 1019 cognoscendam
1347 969 1498 1010 suam
1515 971 1774 1021 .causam,
1818 971 1986 1026 quam

407 1036 556 1106 prius
578 1037 886 1108 ignorabat.
909 1040 1046 1096 Hinc
1063 1043 1354 1112 Apostolus
1377 1063 1392 1099 :
1423 1065 1446 1098 ι
1471 1045 1657 1118 Inque
1684 1055 1984 1104 restaurata

407 1135 538 1182 sunt
577 1129 790 1192 omnia,
836 1146 974 1199 quae
1015 1133 1074 1188 in
1111 1135 1262 1190 caelo
1299 1147 1358 1190 et
1395 1138 1450 1190 in
1491 1149 1636 1192 terra
1663 1160 1708 1193 ι.
1743 1141 1847 1196 Sed
1879 1155 1986 1198 non

409 1218 686 1292 immerito
705 1222 1004 1290 quaeritur,
1029 1239 1128 1280 cur
1147 1227 1168 1278 i
1204 1229 1256 1282 in
1278 1228 1460 1285 Veteri
1491 1229 1832 1288 Testamento
1851 1243 1908 1288 et
1933 1235 1990 1289 in“

413 1308 568 1384 lflovo
613 1309 925 1382 frequenter
963 1315 1174 1386 legatur
1213 1319 1284 1376 de
1303 1322 1440 1388 Deo,
1486 1323 1794 1380 hominibus
1821 1337 1990 1394 appaé

419 1401 618 1468 ruisse,
655 1404 765 1466 sive
805 1406 1084 1468 visita-liter
1119 1413 1428 1469 carnalibus
1467 1415 1670 1480 oculis,
1709 1417 1821 1472 sive
1856 1417 1992 1473 invi-

419 1492 650 1550 sibiliter
667 1498 992 1566 propheticis
1019 1501 1333 1568 visionibus,
1357 1507 1484 1560 dunt
1503 1508 1850 1579 Evangeiium
1875 1511 1990 1565 ait:

423 1602 444 1638 ι
469 1583 634 1640 Deum
665 1601 824 1642 nemo
863 1589 994 1646 vidit
1029 1607 1265 1661 unquam
1291 1613 1336 1646 ι.
1375 1595 1480 1651 Sed
1512 1598 1556 1652 si
1599 1600 1664 1653 de
1691 1600 1812 1655 solo
1835 1599 1996 1656 Patre

415 1675 712 1742 diceretur,
755 1680 900 1748 quod
937 1697 1058 1736 eum
1111 1699 1272 1739 neruo
1312 1689 1477 1753 vidit,
1525 1690 1782 1746 facillime
1824 1694 1996 1749 solve-

2059 502 2204 571 .quia
2243 491 2336 556 lilii
2387 497 2492 557 Dei
2530 505 2746 584 sumus,
2805 506 2900 584 sed
2949 503 3180 560 nondum
3234 495 3478 578 apparuit
3529 509 3658 578 quid

2082 583 2557 650 erimus."Scimus
2593 607 2769 650 autem
2801 583 2960 666 quia,
3002 595 3124 652 cum
3165 599 3275 666 ipse
3320 599 3670 667 apparuerit,"

2082 683 2384 739 videbimus
2407 687 2549 752 eunt,
2575 685 2728 741 sicuti
2758 697 2838 742 est
2859 707 2902 740 ι.
2931 687 3127 742 Paulus
3155 681 3282 741 item
3312 707 3324 741 :
3357 709 3374 739 ι
3407 687 3668 744 Videmus

2086 773 2230 830 nunc
2261 793 2358 847 per
2403 779 2677 846 speculum
2727 780 2777 832 in
2827 779 3147 849 aenigmate,
3187 791 3312 835 tunc
3354 789 3533 834 autem
3583 779 3672 833 fa-'

2087 871 2222 924 ciem
2272 869 2338 923 ad
2385 869 2574 924 faciem
2613 889 2657 934 υ,
2705 877 2988 940 ceteraque
3037 873 3088 925 id
3139 887 3326 940 genus.
3373 873 3538 938 Quid,
3585 861 3670 925 in;

2088 977 2269 1030 quam,
2301 963 2480 1017 vident
2527 965 2771 1019 homines
2815 973 2868 1018 et
2905 965 3120 1036 angeli,
3161 965 3244 1021 vel
3291 968 3457 1022 visuri
3506 963 3674 1032 sunt,"

2087 1055 2214 1110 dum
2245 1044 2583 1125 apertissime
2611 1067 2664 1112 et
2700 1067 2917 1113 sanctus
2945 1059 3262 1114 Amlu'osius
3293 1070 3346 1115 et
3377 1059 3670 1131 Dionysius

2087 1144 2408 1214 Areopagita
2435 1147 2638 1214 absque
2663 1146 2766 1200 ulla
2791 1149 3134 1204 cunctatione
3160 1149 3449 1214 inculcant,
3475 1147 3670 1216 Deum,”

2093 1227 2359 1287 summam
2407 1235 2527 1290 dico
2554 1236 2897 1302 Trinitatem,
2947 1237 3075 1292 nulli
3123 1253 3221 1308 per
3261 1255 3316 1292 se
3354 1239 3521 1307 ipsam
3571 1233 3673 1292 un?

2093 1337 2254 1394 quam
2287 1329 2620 1396 apparuisse,
2663 1345 2936 1398 nunquam
2967 1345 3245 1400 apparere,
3269 1325 3548 1398 nunquam
3581 1331 3675 1398 ap;

2092 1419 2434 1486 parili-trarii?
2477 1419 2770 1490 Apparebit
2817 1421 2998 1490 itaque
3049 1422 3101 1475 in
3153 1421 3490 1492 theophaniis
3537 1423 3672 1487 suis,

2097 1511 2199 1563 hoc
2229 1517 2311 1564 est
2349 1509 2545 1564 divinis
2577 1511 3018 1580 apparitionibus,
3051 1511 3102 1564 in
3137 1512 3326 1580 quibus
3362 1513 3512 1582 juxta
3553 1513 3678 1566 alti«

2099 1600 2336 1654 tudinem
2387 1601 2635 1670 puritatis
2687 1609 2738 1656 et
2795 1603 3008 1656 virtutis
3055 1601 3475 1674 uniuscujusque
3533 1603 3680 1657 Deus

2101 1692 2396 1760 apparebit.
2429 1693 2812 1762 Theophaniae
2863 1703 3039 1748 autem
3088 1705 3211 1748 sunt
3241 1711 3425 1748 omnes
3464 1703 3676 1748 creatu~

414 1773 562 1820 retur
603 1770 868 1836 quaestio,
915 1781 988 1826 ut
1029 1789 1258 1842 persona
1303 1777 1422 1832 Filii
1459 1789 1516 1833 et
1553 1777 1790 1850 Spiritus
1817 1785 1989 1838 sancti
2021 1785 2066 1860 Β
2094 1797 2190 1838 rae
2227 1783 2473 1839 visibiles
2513 1793 2568 1839 et
2615 1785 2934 1851 invisibiles,
2983 1803 3079 1856 per
3126 1803 3257 1856 quas
3313 1787 3469 1850 Deus,
3521 1795 3574 1839 et
3620 1785 3680 1864 in

410 1869 568 1924 saepe
596 1856 966 1928 intelligantur
989 1864 1272 1920 visit-diter
1301 1871 1634 1939 apparuisse,
1667 1873 1838 1928 solum
1867 1867 1998 1932 vero

411 1943 622 2000 Patrem
669 1961 940 2008 remotum
986 1955 1054 2008 ab
1101 1960 1246 2013 omni
1289 1961 1512 2017 visione.
1557 1964 1828 2030 Quoniam
1867 1971 1998 2023 vero

413 2057 516 2098 non
539 2044 606 2098 de
631 2059 732 2100 una
755 2061 1004 2114 persona,
1031 2051 1132 2106 sed
1153 2054 1217 2106 de
1237 2054 1358 2108 sola
1381 2055 1666 2122 Trinitate,
1691 2073 1829 2128 quae
1853 2061 1998 2116 Deus

411 2151 550 2190 unus
593 2146 706 2202 est,
746 2139 848 2194 hoc
905 2140 1224 2212 intelligitur
1281 2147 1515 2212 dictum,
1573 2167 1592 2200 ε
1625 2149 1794 2204 Deum
1837 2157 2002 2207 nemo

413 2223 548 2278 vidit
587 2241 822 2296 unquam
845 2251 891 2293 ι,
931 2235 1220 2288 essentiam
1261 2236 1512 2294 videlicet
1545 2249 1600 2294 et
1635 2243 2000 2298 substantiam

419 2316 578 2376 unius
613 2318 912 2384 Trinitatis,
956 2327 1210 2393 quoniam
1265 2339 1484 2398 superat
1525 2335 2000 2389 omnemintelleu

426 2413 572 2460 ctum
611 2409 886 2466 rationalis
909 2422 966 2468 et
999 2415 1372 2474 intellectualis
1404 2431 1709 2488 creaturae,
1752 2433 1876 2480 non'
1905 2428 2002 2481 im-

426 2500 620 2555 merito
675 2501 1100 2574 investigandum
1151 2517 1282 2575 est,
1341 2513 1484 2581 quod
1539 2517 1788 2584 apparuit
1811 2559 1823 2580 ,
1875 2519 2000 2572 dum

425 2592 624 2648 dicitur
651 2593 800 2650 Deus
835 2597 952 2652 sive
991 2599 1274 2656 visibilitcr
1311 2604 1424 2660 sive
1465 2605 1806 2662 invisibiliter
1846 2625 2004 2679 appa-

422 2681 616 2736 ruisse.
641 2683 838 2740 Beatus
851 2687 1186 2759 Augustinus
1201 2691 1580 2750 incunctanter
1599 2687 1788 2768 aperit,
1817 2686 2004 2755 Filium

421 2775 734 2842 apparuisse
775 2778 832 2830 in
861 2777 1042 2842 Veteri
1090 2780 1460 2850 Testamento,
1493 2799 1598 2840 non
1641 2795 1820 2843 tamen
1859 2792 1910 2844 in
1941 2797 2006 2847 ea

423 2866 746 2929 substantia,
785 2882 894 2937 qua
939 2871 1086 2925 Patri
1131 2875 1376 2942 aequalis
1421 2885 1534 2940 est,
1575 2879 1670 2932 sed
1717 2880 1770 2933 in
1824 2881 2006 2950 aliqua

427 2957 668 3026 subjecta
696 2970 968 3026 creatura,
1009 2965 1125 3024 sive
1161 2965 1359 3019 visibili
1389 2967 1502 3021 sive
1537 2968 1808 3023 invisibili.
1845 2971 2006 3026 Sinti;

430 3048 558 3102 liter
583 3053 804 3118 quando
825 3054 1135 3121 apparuisse
1157 3053 1386 3124 Spiritus
1411 3057 1622 3128 legitur,
1651 3062 1798 3114 verbi
1830 3063 2008 3131 gratia“

2063 1874 2296 1944 quibus
2341 1891 2499 1943 saepe
2544 1879 2826 1946 apparuit,
2867 1885 2920 1931 et
2962 1887 3205 1946 apparet,
3251 1889 3305 1931 et
3335 1878 3680 1946 apparitore!

2101 1976 2203 2022 est.
2255 1967 2386 2022 item
2447 1959 2676 2023 virtute
2717 1969 3219 2042 purgatissimarum
3281 1969 3580 2020 animarum
3621 1969 3682 2022 et

2099 2059 2466 2114 intellectuum
2515 2059 2872 2129 theophaniae
2901 2069 3053 2123 sunt,
3102 2067 3154 2113 et
3199 2057 3249 2112 in
3298 2059 3377 2112 eis
3416 2071 3680 2128 quaeren-

2104 2153 2246 2208 tibus
2287 2161 2341 2206 et
2380 2151 2724 2222 diligentibus
2768 2167 2826 2207 se
2869 2151 3012 2207 Deus
3040 2151 3370 2214 manifestat,
3403 2151 3454 2204 iu
3487 2150 3682 2219 quibus

2102 2245 2266 2298 veluti
2315 2243 2633 2313 quihusdam
2682 2243 2914 2299 nubibus
2949 2245 3232 2314 rapiuntur
3258 2244 3428 2297 sancti
3467 2231 3683 2295 ohviaui

2103 2325 2502 2401 CliriStOL‘sicut
2529 2327 2601 2390 ait
2621 2337 2905 2405 Apostolus
2931 2355 2943 2389 :
2983 2357 3000 2387 ι
3031 2335 3322 2406 Rapicmur
3349 2334 3402 2386 in
3449 2331 3684 2385 nubibus

2105 2427 2316 2483 obviam
2362 2427 2643 2492 Christo),
2692 2429 2860 2483 nubes
2908 2429 3180 2499 appellans
3226 2425 3535 2481 altitudines
3573 2423 3686 2478 cla-3

2107 2517 2348 2572 rissimas
2369 2517 2578 2572 divinae
2601 2520 2860 2582 theariac,
2887 2521 2937 2572 in
2964 2535 3065 2587 qua
3091 2535 3301 2587 semper
3323 2533 3442 2572 cum
3467 2515 3686 2570 Christo

2105 2615 2283 2661 erunt.
2317 2605 2454 2662 Hinc
2506 2618 2614 2672 cst,
2660 2609 2800 2676 quod
2849 2608 3133 2676 Dionysius
3175 2609 3251 2660 ait
3285 2625 3296 2659 :
3337 2626 3356 2657 ‹
3381 2607 3520 2660 Etsi
3565 2603 3688 2674 quis

2107 2713 2253 2762 cum,
2281 2699 2445 2752 Deum
2475 2697 2739 2760 videlicet,
2769 2697 2966 2751 vidisse
2995 2697 3212 2760 dixerit,
3239 2711 3344 2752 non
3379 2711 3499 2748 eum
3530 2693 3686 2756 vidit,

2109 2791 2202 2843 sed
2233 2787 2434 2856 aliquid
2465 2787 2534 2839 ab
2563 2803 2625 2840 eo
2657 2787 2872 2839 litt-tum.
2905 2786 3022 2854 ipse
3062 2785 3202 2838 enim
3243 2785 3462 2836 omnino
3509 2782 3691 2835 invisi-

2109 2880 2233 2934 bilis
2261 2887 2362 2940 cst,
2395 2877 2484 2946 qui
2517 2877 2706 2930 melius
2735 2875 3023 2929 nesciendo
3055 2873 3244 2936 scitur,
3274 2883 3326 2926 et
3358 2873 3509 2940 cujus
3539 2871 3688 2940 igno-

2112 2973 2286 3026 rantia
2309 2985 2436 3023 vera
2463 2981 2546 3023 cst
2575 2968 2838 3038 sapientia
2861 2987 2903 3019 i.
2932 2963 3240 3034 Unigenitus
3271 2960 3464 3028 Filius,
3503 2961 3592 3032 qui
3617 2967 3692 3014 est

2111 3065 2168 3119 in
2205 3067 2322 3118 simi
2373 3057 2579 3128 Patris;
2607 3061 2690 3115 vel
2727 3067 2784 3114 ut
2827 3059 2879 3113 in
2911 3057 3118 3113 Graeco
3163 3055 3454 3110 scribitur:
3488 3055 3578 3124 qui
3610 3064 3693 3108 est

431 3137 488 3194 in
531 3139 716 3207 specie
749 3140 1042 3208 colu-mbae,
1088 3160 1198 3198 non
1230 3160 1326 3214 per
1361 3161 1420 3200 se
1453 3147 1624 3216 ipsum
1671 3151 1724 3203 in
1765 3165 1828 3204 ea
1881 3154 2008 3206 sub-
2035 3141 2080 3206 C
2115 3157 2166 3210 in
2199 3155 2374 3208 simun
2407 3153 2600 3216 Patris,
2631 3151 2716 3206 vel
2751 3151 2802 3203 in
2831 3150 3036 3204 sinibus
3062 3145 3257 3201 Patris.
3286 3145 3342 3200 In
3371 3145 3694 3214 quibusdam

431 3229 650 3296 stantia,
687 3246 792 3301 qua
819 3230 966 3286 Patri
994 3243 1047 3288 et
1074 3233 1210 3290 Filio
1247 3238 1616 3294 coesscutialis
1655 3249 1768 3304 est,
1813 3243 1914 3296 sed
1951 3244 2006 3296 in

424 3318 672 3386 subjecta
715 3332 962 3376 creatura
1009 3335 1094 3378 est
1137 3326 1574 3383 existimandum.
1623 3329 1680 3382 Id
1721 3330 1896 3399 ipsum
1939 3332 2010 3387 de

419 3409 586 3464 Patre
613 3411 872 3483 intelligo.
900 3414 1148 3472 Visiones
1166 3418 1330 3472 etiam
1371 3421 1784 3490 prophetarum,
1811 3425 2010 3492 quibus

417 3503 718 3574 prophetae
755 3505 924 3566 Deum
973 3508 1174 3564 vidisse
1229 3513 1602 3580 perhibentur,
1653 3516 1720 3568 de
1769 3515 2010 3584 sntijecta

419 3595 655 3663 quadam
686 3597 953 3666 spirituali
982 3609 1228 3655 creatura
1263 3599 1436 3658 factae
1465 3599 1624 3670 sunt;
1649 3607 2016 3662 substantiam

419 3697 552 3740 vero
573 3685 816 3741 divinam
839 3703 936 3758 per
955 3703 1011 3744 se
1039 3691 1210 3760 ipsam
1241 3694 1388 3748 nullo
1407 3696 1568 3750 modo
1591 3697 1670 3750 eis
1693 3687 2012 3766 apparuisse

425 3775 718 3848 Dionysius
755 3777 1136 3836 incunctanter
1170 3787 1392 3850 astruit,
1425 3801 1492 3841 ne
1525 3789 1817 3845 invisibilis
1844 3799 1897 3844 et
1929 3793 2014 3845 in-

429 3873 928 3940 comprehensibilis
959 3876 1144 3945 aliquo
1189 3880 1350 3933 modo
1399 3880 1570 3934 videri
1616 3892 1709 3935 aut
1759 3897 2011 3953 compre-

431 3957 592 4013 bendi
617 3973 774 4031 posse
801 3963 1158 4019 existimetur.
1181 3967 1472 4034 Quaeritur
1493 3972 1674 4036 etiam,
1701 3982 1878 4028 utrum
1911 3977 2014 4032 hoc

431 4047 678 4123 [dicatur
715 4053 804 4126 de]
849 4055 1154 4116 hominibus
1191 4049 1540 4115 solummodo
1582 4065 1756 4120 adhuc
1807 4067 1858 4120 in
1911 4069 2014 4122 hac

427 4141 540 4197 vita
561 4143 898 4214 degentibus,
923 4159 1030 4206 non
1059 4141 1240 4204 autem
1265 4153 1332 4206 de
1361 4153 1649 4212 virtutibus
1671 4157 2012 4222 caelestibus.

431 4243 574 4302 quae
591 4237 878 4306 scalper-riu
909 4237 1086 4294 divina
1103 4242 1566 4310 contemplatione
1585 4247 1907 4302 consistunt.
1933 4247 2014 4302 Ad
2051 4235 2059 4246 ’

435 4319 546 4378 hoc
579 4323 882 4392 dicendum,
909 4329 1032 4399 quia
1073 4329 1249 4386 nullus
1291 4325 1555 4389 ltulnanae
1599 4341 1704 4391 seu'
1735 4323 2018 4407 angelicaei

437 4420 666 4482 naturae
689 4417 956 4489 particeps
979 4419 1153 4490 ipsum
1191 4423 1360 4477 Deum
1399 4439 1498 4493 per
1521 4439 1580 4481 se
1607 4427 1782 4498 ipéum
1827 4425 1882 4483 in
1913 4435 2014 4485 Sua

2071 3253 2074 3256 ’
2115 3247 2391 3302 codicibus
2435 3243 2765 3300 Graecorum
2816 3241 3160 3313 singulariter
3202 3240 3351 3294 sinus
3395 3237 3573 3292 Patris
3613 3233 3696 3289 dii

2115 3338 2275 3399 citur,
2307 3337 2362 3389 iu
2393 3333 2716 3405 quibusdam
2765 3333 3067 3404 pluraliter,
3108 3331 3260 3401 quasi
3294 3331 3444 3384 sinus
3495 3327 3694 3381 multos

2114 3425 2276 3482 Pater
2336 3428 2552 3481 habeat.
2604 3424 2724 3494 Ipse
2775 3424 3060 3478 enarravit.
3119 3421 3442 3491 linigcnitus
3507 3419 3693 3489 itaque

2113 3519 2284 3575 Filius
2321 3521 2491 3575 Deum
2543 3515 2801 3582 narravit,
2851 3517 2953 3572 hoc
2999 3523 3110 3579 est,
3155 3515 3212 3568 in
3264 3529 3321 3568 se
3373 3513 3488 3582 ipso
3521 3510 3694 3564 mani-'-

2116 3615 2355 3679 festavit,
2391 3631 2496 3669 non
2550 3615 2600 3667 in
2638 3621 2896 3684 quantum
2930 3610 3185 3665 divinitas
3231 3609 3370 3678 ejus,
3402 3619 3540 3677 (piae
3583 3619 3698 3658 om-

2118 3707 2250 3763 hino
2313 3703 2601 3760 invisibilis
2639 3713 2751 3769 est,
2807 3703 2900 3758 sed
2955 3701 3008 3756 in
3056 3709 3317 3770 quantum
3364 3697 3696 3759 humanitas,

2116 3793 2308 3868 quam,
2355 3807 2416 3853 ut
2459 3813 2518 3852 se
2563 3799 2734 3866 ipsum
2786 3803 2839 3849 et
2881 3793 3098 3848 Patrem
3146 3807 3331 3857 suum,
3383 3805 3590 3844 necnon
3641 3791 3698 3840 et

2121 3889 2382 3960 Spiritum
2413 3897 2661 3944 sanctum
2689 3901 2845 3940 suum
2879 3885 3188 3940 hominibus
3232 3880 3606 3937 manifestaret
3641 3883 3697 3930 et

2119 3981 2344 4050 angelis,
2381 3981 2609 4049 accepit.
2653 3977 2786 4032 Nam
2835 3980 3066 4031 luunana
3098 3977 3298 4038 anima,
3337 3974 3461 4025 dum
3507 3985 3602 4038 per
3641 3979 3702 4022 se

2119 4071 2290 4140 ipsam
2321 4071 2605 4124 invisibilis
2629 4069 2719 4134 sit,
2755 4083 2851 4138 per
2879 4077 3056 4120 motus
3085 4079 3212 4122 suos
3243 4073 3555 4130 corporeos,
3587 4073 3694 4110 non

2119 4161 2248 4230 quid
2273 4162 2365 4224 sit,
2397 4161 2488 4213 Sed
2519 4160 2642 4227 quia
2679 4161 2772 4224 sit,
2805 4156 3132 4212 manifestat.
3165 4155 3232 4223 Et
3263 4150 3390 4220 quid
3418 4155 3520 4210 est,
3551 4145 3698 4216 quod

2121 4253 2238 4305 ait:
2271 4255 2289 4302 ἀ
2319 4249 2419 4316 Qui
2451 4259 2533 4304 est
2561 4249 2612 4302 in
2657 4247 2776 4302 sinu
2811 4243 2991 4301 Patris
3013 4264 3029 4294 ι
3081 4241 3164 4295 vel
3198 4259 3216 4290 ι
3245 4240 3298 4292 in
3351 4236 3559 4291 sinibus
3599 4233 3700 4288 Pan

2117 4339 2223 4395 tris
2247 4341 2308 4393 »9
2337 4337 2532 4394 Utrum
2585 4337 2728 4390 aliud
2772 4343 2858 4390 est
2885 4334 3036 4388 sinus
3083 4330 3282 4391 Patris,
3327 4325 3472 4379 aliud
3515 4324 3702 4390 unige-

2121 4433 2270 4487 nitus
2295 4430 2462 4486 Filius
2491 4428 2702 4484 Patris?
2729 4425 2846 4482 Non
2877 4422 3044 4487 aliud,
3077 4421 3168 4476 sed
3195 4415 3505 4488 unigenitus
3533 4412 3702 4467 Filius

438 4507 654 4576 propria
697 4517 890 4564 natura
933 4505 1530 4585 power‘contempla'ri.
1573 4497 1726 4584 Queri
1756 4521 1901 4575 enim
1954 4505 2012 4577 iri
2039 4500 2091 4560 D
2121 4527 2238 4595 ipse
2283 4533 2369 4580 est
2401 4523 2565 4578 sinus
2602 4519 2796 4574 Patris.
2845 4516 3008 4571 Sinus
3055 4522 3236 4568 autem
3289 4507 3464 4564 Patris
3505 4497 3704 4590 dicitur

435 4597 606 4656 latino
663 4603 850 4658 codice
895 4599 1196 4677 seriptdm‘,
1248 4607 1462 4694 ipsum
1507 4615 1666 4668 nemo
1694 4597 1827 4667 vidit
1865 4599 2012 4679 qui

435 4693 634 4762 graeco
657 4713 679 4744 ‹
709 4694 890 4750 Deum
917 4693 1340 4767 nulluii'vidlt't;
1375 4700 1538 4764 notet:
1565 4703 1762 4774 quippe
1786 4707 1840 4760 et
1867 4719 2018 4760 nemo

435 4793 492 4841 et
533 4785 714 4844 nulla:
755 4791 1161 4863 interpretatur.
1207 4795 1350 4862 Quid
1391 4813 1519 4868 ergo
1555 4787 1773 4855 sanctae
1805 4801 2020 4858 animae

435 4877 717 4936 hominum
763 4891 822 4938 et
865 4886 1036 4940 sancti
1081 4886 1387 4944 intellectus
1445 4891 1770 4960 angelorum
1801 4879 2058 4959 vident,.

435 4977 566 5031 dum
589 4977 761 5034 Deum
787 4981 991 5046 vident,
1018 4982 1062 5038 si
1087 4984 1260 5053 ipsum
1291 4985 1462 5039 Deum
1486 4983 1593 5039 non
1631 4971 2020 5054 vident,’quem

441 5067 626 5125 videre
657 5073 1048 5143 perhibentur?
1073 5069 1240 5132 verbi
1267 5077 1463 5149 gratia,
1491 5085 1552 5130 ut
1577 5091 1744 5146 pauca
1771 5067 2016 5146 exempla

441 5157 510 5214 de
533 5161 712 5218 multis
734 5153 1021 5235 ponamus,
1047 5166 1232 5223 Esaias
1263 5165 1394 5221 vidit
1427 5167 1712 5220 Dominum
1739 5167 2020 5221 sedentem

439 5253 603 5318 super
631 5253 822 5310 solium
849 5257 1140 5312 excelsum.
1159 5255 1427 5313 Dominus
1452 5255 1584 5310 dicit
1603 5255 1656 5308 in
1688 5249 2016 5327 Evangelio‘é

445 5359 468 5391 ι
495 5341 684 5412 Angeli
723 5359 908 5400 eorum
944 5357 1156 5418 semper
1197 5345 1381 5401 vident
1409 5345 1620 5400 'l'aciem
1666 5341 1848 5400 Patris
1881 5335 2017 5412 mei;

435 5431 534 5499 qui
562 5433 616 5486 in
641 5436 810 5492 caelis
829 5433 1156 5492 estn'ltein:
1193 5455 1212 5488 ‹
1237 5435 1344 5504 Qui
1361 5435 1548 5508 'diligit
1578 5451 1682 5502 me,
1706 5437 1958 5508 diligetur
1975 5445 2020 5492 ‘a

441 5519 606 5578 Patre
641 5541 786 5592 meo,
825 5537 883 5582 et
906 5543 1006 5599 ego
1030 5527 1248 5598 diligam
1275 5542 1430 5595 eum,
1473 5535 1528 5582 et
1553 5527 1910 5584 manifestabo
1935 5541 2024 5584 me

465 5745 472 5754 _
521 5693 538 5726 ί
725 5709 820 5788 cur
842 5709 982 5778 cum.

2083 4587 2310 4678 ‘Ii‘silius,
2343 4613 2474 4682 quia
2497 4611 2712 4665 Patrem
2749 4605 3044 4664 insinuavit
3083 4601 3302 4658 mundo.
3337 4597 3504 4654 Sinus
3539 4587 3704 4651 etiam

2123 4691 2302 4762 Patris
2337 4705 2643 4775 u'n’ig'cnitus
2689 4701 2857 4758 Filius
2904 4707 3017 4764 est,
3067 4698 3191 4768 quia
3239 4697 3292 4749 in
3341 4691 3568 4749 secretis
3603 4701 3704 4758 pai-

2121 4801 2310 4852 ternae
2337 4801 2562 4850 naturae
2590 4803 2803 4864 semper
2831 4799 2936 4858 est,
2969 4791 3110 4846 sicut
3137 4790 3256 4860 ipse
3297 4787 3374 4842 ait
3399 4793 3416 4840 :'
3448 4803 3466 4835 ε
3495 4783 3608 4852 Ego
3647 4779 3706 4834 ln'

2121 4889 2307 4954 Patre,
2341 4897 2394 4944 et
2440 4881 2604 4942 Pater
2630 4888 2684 4941 in
2713 4897 2801 4941 me
2831 4893 2986 4940 est).
3035 4881 3494 4950 Quemadmodum
3539 4873 3705 4941 igitur

2123 4983 2317 5037 domus
2341 4979 2519 5034 Patris
2547 4973 2859 5048 u—nigeiiitus
2897 4973 3071 5029 Filius
3109 4982 3213 5038 est,
3241 4973 3384 5027 sicut
3425 4969 3540 5038 ipse
3588 4964 3664 5018 ait
3685 4979 3712 5020 τέ

2127 5083 2154 5124 ἐ
2179 5074 2236 5128 In
2265 5061 2428 5126 domo‘
2453 5071 2629 5124 Patris
2659 5072 2764 5123 mei
2803 5070 3116 5121 mansiones
3145 5065 3344 5120 multae
3385 5071 3596 5122 suum;
3641 5069 3708 5111 ac

2126 5165 2170 5220 si
2195 5165 2398 5219 diceret
2423 5180 2435 5214 :
2461 5163 2520 5216 ln
2547 5178 2650 5226 tne,
2683 5163 2734 5214 in
2766 5175 2871 5228 quo
2903 5159 3056 5210 Pater
3089 5156 3251 5210 veluti
3281 5156 3332 5206 in
3365 5167 3456 5205 sua
3483 5145 3708 5216 propria

2127 5257 2286 5310 domo
2319 5254 2545 5316 habitat,
2597 5252 2793 5307 multae
2837 5248 3147 5302 mansiones
3175 5251 3338 5305 sunt;
3373 5242 3426 5292 in
3453 5251 3516 5291 ea
3557 5235 3706 5324 enim

2126 5344 2494 5413 unttsqnisque
2525 5357 2680 5396 suam
2729 5339 3089 5408 receptionem
3125 5348 3224 5403 pro
3256 5331 3370 5385 suis
3403 5323 3611 5380 meritis
3649 5323 3708 5378 et

2125 5435 2297 5505 ipsius
2317 5434 2491 5505 gratia
2539 5429 2922 5502 possidebunt:
2953 5429 3027 5481 ita
3057 5433 3112 5479 ct
3142 5425 3294 5479 sinus
3313 5419 3492 5474 Patris
3509 5425 3594 5471 est
3615 5413 3710 5472 Fid

2125 5527 2264 5592 lius;
2297 5527 2351 5582 in
2383 5527 2500 5594 ipso
2521 5523 2666 5578 enim
2689 5519 2880 5589 recipit
2907 5517 3085 5584 Pater,
3111 5522 3166 5572 et
3185 5512 3412 5585 colligit,
3435 5525 3575 5585 quos
3593 5505 3708 5564 vult

1775 5621 2036 5718 VARJAE
2067 5619 2478 5684 LECTIONES.
