4178 6266
481 367 592 434 305

1860 367 2146 432 JOANNIS
2184 373 2384 436 SCOTI

3641 375 3746 436 504

485 491 736 562 recipere
761 495 820 545 et
867 486 1138 558 colligere.
1183 479 1501 554 Enarravit;
1529 483 1634 544 hoc
1657 457 1746 544 est
1766 528 1783 556 ,
1815 489 2059 546 doctrina
2084 493 2140 555 Α
2163 506 2258 550 seu
2289 513 2309 546 ι
2351 509 2452 566 ego
2473 509 2592 550 sum
2640 493 2877 551 Joannes
2903 493 3042 552 lilius
3067 494 3422 564 Zachariam,
3449 491 3551 553 sed
3578 497 3749 558 dixit:

485 592 546 640 ot
568 580 1000 638 manifestatione
1024 579 1046 610 ⁸
1085 592 1216 634 suae
1257 579 1650 637 incarnationis
1684 581 1854 638 Deum
1878 583 2068 640 invisi-

379 688 382 692 '
483 673 652 730 bilem
679 668 1069 726 demonstravit
1089 676 1146 724 et
1165 668 1502 724 demonstrat
1522 680 1577 726 et
1601 672 2068 731 demonstraturus

485 773 601 828 est;
631 765 767 820 sicut
788 764 863 818 ait
891 763 948 818 in
973 763 1089 832 ipsa
1114 763 1414 829 sententia,
1444 779 1606 832 quam
1635 766 1794 834 paulo
1819 768 2068 838 superius

484 855 912 912 introduximus:
935 874 953 908 ι
982 854 1084 924 Qui
1105 854 1279 926 diligit
1305 870 1407 918 me,
1436 855 1677 926 diligitur
1693 872 1724 912 a
1739 857 1899 914 Patre
1919 873 2062 926 meo,

485 956 544 1004 et
578 964 678 1020 ego
715 948 934 1019 diligam
970 964 1118 1015 eum,
1159 957 1216 1006 et
1245 949 1606 1007 manifestabo
1626 967 1714 1006 me
1743 953 1917 1024 ipsum
1944 956 1994 1010 ei
2016 975 2061 1010 ι.

559 1037 628 1093 Et
675 1039 772 1093 hoc
809 1049 884 1093 est
919 1040 1272 1095 testimonium
1302 1039 1547 1094 Joannis.
1588 1040 1671 1095 Ac
1721 1042 1768 1097 si
1820 1043 2061 1100 diceret:

484 1127 603 1184 Hoc
649 1137 856 1195 totum,
902 1129 1044 1204 quod
1105 1129 1374 1194 diximus,
1413 1130 1480 1183 ab
1517 1145 1583 1186 eo
1620 1130 1738 1187 loco
1787 1129 2066 1191 «Joannes

484 1217 851 1274 testimonium
877 1215 1126 1290 perhibet
1153 1239 1170 1271 ο
1203 1235 1372 1290 usque
1409 1222 1476 1274 ad
1507 1221 1560 1275 id
1591 1222 1736 1290 quod
1773 1232 1874 1289 est,
1903 1241 1922 1275 ι
1977 1225 2066 1283 ille

488 1309 836 1375 enarravit»,
885 1311 1252 1365 testimonium
1309 1310 1533 1367 Joannis
1571 1321 1655 1366 est
1695 1317 2065 1382 praecursoris

486 1400 556 1455 de
588 1415 674 1466 eo,
720 1402 874 1472 cujus
913 1415 1232 1472 praecursor
1263 1411 1364 1458 est.
1399 1402 1602 1458 Deinde
1645 1404 1808 1459 veluti
1849 1419 1915 1462 ex
1957 1407 2065 1466 alio

487 1490 792 1562 primordio
823 1493 1152 1548 narrationis
1181 1494 1400 1563 incipit,
1443 1493 1666 1550 dicens:
1695 1495 1920 1561 Quando
1963 1501 2064 1554 mi-

483 1590 668 1638 serunt
706 1580 901 1636 Judaei
937 1581 1002 1636 ab
1043 1581 1370 1638 Jerosolimis
1399 1591 1504 1639 cet.
1555 1583 1625 1639 Et
1661 1594 1745 1640 est
1783 1586 1918 1643 ordo
1939 1601 2064 1643 ver-

483 1672 676 1729 borum
701 1691 716 1731 :
747 1673 816 1729 Et
845 1674 1110 1746 confessus
1129 1684 1226 1740 est,
1249 1684 1296 1729 et
1338 1692 1440 1729 non
1476 1677 1696 1747 negavit,
1727 1677 1938 1747 quando
1967 1680 2063 1734 mi-

482 1770 666 1815 serunt
677 1761 871 1817 Judaei
883 1763 946 1816 ab
959 1762 1289 1818 Jerosolimis
1304 1766 1596 1820 sacerdotes
1608 1775 1656 1820 et
1674 1765 1875 1832 levitas,
1897 1776 1953 1823 et
1974 1783 2061 1824 re-

2177 603 2197 637 ε
2222 585 2336 656 Ego
2356 601 2474 642 sum
2498 602 2602 642 vox
2622 607 2668 641 ι.
2691 586 2807 643 Non
2835 588 2979 643 enim
3008 588 3062 643 in
3091 604 3149 643 se
3178 588 3466 643 humanam
3499 589 3753 646 substan-

2170 677 2303 732 tiam
2331 677 2717 744 consideravit,
2759 692 2861 734 nec
2887 678 3177 733 humanam
3214 679 3642 746 generationem,
3681 681 3754 735 si-

2171 767 2388 836 quidem
2425 769 2566 824 ultra
2612 769 2748 825 haec
2789 769 2968 825 omnia
3011 768 3279 824 exaltatus
3304 776 3388 824 est
3425 783 3752 840 praecursor

2170 856 2354 912 Verbi.
2387 858 2635 914 Deseruit
2669 859 2872 923 omnia,
2913 871 3052 930 quae
3095 857 3237 912 intra
3266 858 3526 914 mundum
3565 860 3746 916 conti-

2169 957 2386 1014 nentur,
2414 951 2655 1006 ascendit
2682 951 2736 1006 in
2763 951 2952 1016 altum,
2979 947 3154 1004 factus
3201 956 3285 1004 est
3312 962 3417 1003 vox
3446 948 3628 1015 Verbi,
3663 951 3740 1005 ita

2169 1047 2229 1092 ut
2259 1038 2461 1092 nullam
2512 1039 2566 1093 in
2610 1051 2671 1095 se
2712 1037 3071 1094 substantiam
3112 1037 3391 1102 fateretur,
3441 1047 3656 1107 praeter
3691 1039 3746 1093 id

2170 1128 2311 1198 quod
2334 1136 2490 1183 extra
2511 1143 2726 1184 omnem
2755 1136 3061 1183 creaturam
3087 1143 3153 1182 ex
3189 1127 3514 1183 abundantia
3539 1129 3744 1198 gratiae

2168 1221 2399 1292 accepit,
2427 1236 2546 1277 esse
2575 1220 2826 1276 videlicet
2855 1235 2959 1275 vox
2987 1219 3170 1276 Verbi.
3201 1219 3317 1276 Hoc
3343 1228 3522 1274 autem
3551 1235 3747 1276 nomen

2167 1328 2276 1368 non
2320 1328 2350 1368 a
2381 1328 2438 1369 se
2474 1313 2612 1383 ipso,
2658 1311 2756 1368 sed
2801 1311 2957 1383 longe
2989 1320 3113 1367 ante
3158 1311 3226 1367 ab
3255 1311 3417 1367 Esaia
3467 1312 3746 1383 propheta,

2169 1404 2279 1460 imo
2328 1419 2358 1458 a
2408 1404 2611 1474 Spiritu
2665 1416 2852 1461 sancto
2890 1418 2986 1474 per
3027 1403 3240 1459 Esaiam
3277 1404 3382 1460 sibi
3415 1411 3500 1460 est
3527 1404 3750 1474 imposi-

2170 1501 2302 1549 tum.
2340 1493 2526 1564 itaque
2563 1508 2665 1566 ego
2706 1509 2825 1550 sum
2865 1508 3006 1559 vox,
3037 1509 3142 1548 non
3174 1507 3292 1548 mea
3322 1509 3451 1560 vox,
3495 1493 3590 1549 sed
3637 1493 3750 1548 cla-

2166 1586 2367 1642 mantis
2409 1601 2546 1651 vox;
2588 1601 2693 1642 vox
2737 1585 2880 1640 enim
2916 1584 3140 1639 relative
3187 1584 3401 1640 dicitur.
3453 1583 3752 1638 Clamantis

2165 1674 2330 1746 igitur
2363 1675 2547 1741 Verbi,
2585 1675 2688 1731 hoc
2717 1685 2820 1741 est,
2865 1690 2965 1745 per
2997 1689 3218 1730 carnem
3250 1675 3617 1746 praedicantis
3643 1689 3750 1728 vox

2165 1776 2252 1823 est
2294 1767 2549 1824 Joannes.
2588 1767 2656 1823 Et
2684 1766 2774 1821 ubi
2819 1765 3022 1821 clamat
3059 1765 3320 1832 Verbum,
3349 1764 3503 1835 cujus
3531 1779 3632 1820 vox
3664 1773 3750 1820 est

480 1851 651 1923 liqua.
680 1853 819 1921 Quid
843 1863 1024 1910 autem
1041 1871 1147 1910 non
1163 1856 1398 1926 negavit,
1413 1857 1612 1926 etquid
1640 1857 1926 1914 confessus
1942 1860 2063 1916 est?
2091 1849 2140 1912 Β
2165 1858 2436 1916 Joannes?
2479 1859 2548 1913 In
2609 1859 2830 1914 deserto.
2897 1857 3012 1912 Hoc
3055 1857 3324 1912 desertum
3372 1855 3525 1912 ιιιυᾲιὶ
3561 1855 3751 1911 volunt

553 1944 693 2010 Quia
738 1961 842 2000 non
875 1963 990 2000 sum
1034 1962 1126 2017 ego
1169 1944 1430 2002 Christus.
1461 1947 1730 2003 Putabant
1773 1950 1919 2004 enim
1962 1949 2060 2006 Ju-

481 2034 602 2088 daei
642 2033 902 2090 Joannem
936 2035 1238 2107 Baptistam
1283 2035 1559 2093 Christum
1607 2037 1794 2103 fuisse,
1827 2039 1954 2109 quia
2005 2041 2062 2096 in

483 2127 764 2197 prephetis
797 2127 1164 2197 praedictum,
1217 2129 1360 2198 quod
1406 2130 1460 2184 in
1506 2130 1762 2209 mundum
1803 2142 2064 2190 venturus

487 2227 654 2273 esset.
719 2217 986 2276 Putabant
1034 2235 1248 2290 quoque
1302 2235 1427 2275 eum
1477 2219 1684 2276 Heliam
1735 2220 2061 2291 Thesbiten,

487 2318 714 2381 propter
741 2310 964 2366 nimiam
995 2311 1078 2367 sui
1121 2309 1532 2379 abstinentiam,
1558 2320 1614 2368 et
1640 2313 1978 2380 castitatem,
2007 2322 2064 2370 et

480 2399 781 2456 solitariam
807 2402 994 2468 vitam,
1020 2410 1076 2458 et
1113 2403 1470 2473 asperrimam
1517 2403 1834 2459 delictorum
1881 2418 2064 2474 reprc-

479 2491 822 2560 hensionem,
865 2502 922 2548 et
966 2493 1314 2550 durissimum
1360 2493 1632 2550 vindictae
1677 2493 1894 2550 futurae
1945 2493 2078 2551 ter-'

484 2597 686 2637 rorem.
725 2583 794 2637 Et
852 2594 1071 2654 praeter
1112 2586 1215 2641 hoc
1274 2587 1564 2654 putabant,
1609 2601 1753 2652 eum,
1798 2585 2064 2642 Joannem

481 2671 622 2737 dico,
672 2688 836 2727 unum
885 2673 1118 2744 aliquem
1171 2690 1239 2732 ex
1293 2677 1573 2748 prophetis
1627 2677 1825 2734 iterum
1873 2694 2061 2735 surre-

480 2764 647 2830 xisse,
673 2764 917 2821 videntes
955 2768 1246 2822 maximam
1278 2770 1594 2838 prophetiae
1641 2770 1869 2841 gratiam
1898 2770 1953 2826 in
1996 2786 2064 2827 eo

479 2855 793 2924 profecisse.
820 2847 846 2908 ἰ
881 2857 995 2913 Non
1021 2875 1137 2914 sum
1165 2874 1267 2931 ego
1289 2879 1334 2926 ι,
1361 2861 1558 2931 inquit,
1588 2879 1606 2912 ι
1639 2854 1910 2929 Christus,
1937 2864 2065 2934 quia

484 2946 686 3002 Christi
707 2964 1030 3018 praecursor
1051 2966 1170 3006 sum
1189 2961 1244 3005 et
1264 2967 1368 3007 vox
1392 2952 1680 3010 clamantis
1707 2954 1760 3008 in
1776 2954 1992 3012 deserto
2015 2973 2064 3011 ι.

555 3036 741 3094 Helias
775 3057 828 3095 es
864 3042 968 3096 tu?
1007 3041 1076 3096 Et
1122 3042 1300 3096 dixit:
1325 3041 1448 3098 Non
1492 3060 1629 3098 sum.
1676 3043 1821 3100 Haec
1848 3047 2064 3117 negatio

484 3131 694 3186 duobus
729 3132 902 3188 modis
950 3133 1284 3202 intelligitur.
1330 3132 1445 3190 Non
1477 3149 1622 3202 sum,
1650 3134 1808 3201 dixit,
1855 3135 2057 3201 Helias,

2168 1949 2395 2020 intelligi
2423 1949 2490 2004 de
2517 1947 2738 2011 Judaea,
2767 1946 2940 2016 deque
2969 1954 3081 2002 toto
3107 1946 3292 2001 Israel.
3316 1945 3518 2000 Judaea
3551 1945 3748 2016 quippe

2167 2041 2222 2096 in
2270 2041 2540 2094 desertum
2588 2040 2809 2093 redacta
2849 2046 2964 2103 est,
3013 2036 3160 2092 omni
3209 2037 3392 2092 divino
3435 2037 3582 2094 cultu
3613 2053 3745 2091 eva-

2165 2141 2347 2197 cuata,
2368 2130 2810 2199 idololatriaeque
2830 2130 3080 2185 sordibus
3101 2129 3490 2193 contaminata,
3515 2128 3741 2199 legalem

2164 2221 2398 2278 litteram
2435 2218 2791 2285 solummodo,
2826 2219 2973 2274 omni
3013 2218 3282 2288 spirituali
3317 2233 3480 2274 sensu
3511 2233 3744 2272 evacua-

2166 2324 2276 2370 tam
2296 2355 2311 2380 ,
2341 2314 2568 2370 diversis
2596 2313 3073 2383 superstitionibus
3103 2313 3363 2384 pollutam
3395 2327 3658 2381 sequens;
3695 2318 3752 2366 et

2164 2421 2304 2478 quae
2331 2406 2481 2474 prius
2510 2403 2780 2459 confessio
2816 2403 2959 2458 dicta
2990 2412 3108 2468 est,
3141 2401 3345 2459 Judaea
3372 2403 3514 2456 enim
3545 2402 3750 2471 confes-

2163 2498 2243 2554 sio
2265 2497 2650 2566 interpretatur
2672 2507 2698 2535 α
2729 2534 2745 2560 ,
2770 2494 2825 2548 in
2876 2494 3215 2564 negationem
3268 2494 3490 2548 omnino
3513 2492 3754 2548 veritatis

2164 2602 2325 2645 versa
2355 2594 2458 2642 est.
2497 2586 2554 2640 in
2596 2585 2700 2640 hac
2739 2585 2920 2655 itaque
2953 2583 3237 2639 solitudine
3276 2591 3332 2638 et
3367 2598 3468 2638 vox
3500 2583 3658 2638 Verbi
3697 2589 3752 2637 et

2167 2681 2341 2751 ipsum
2374 2678 2606 2734 Verbum
2634 2676 2812 2747 primo
2837 2674 3185 2747 praedicavit.
3219 2673 3324 2729 Sed
3356 2689 3454 2729 cur
3479 2674 3626 2728 vocis
3651 2689 3747 2742 ap-

2165 2771 2457 2844 pellatione
2509 2783 2830 2840 praecursor
2872 2767 3038 2823 Verbi
3089 2766 3441 2838 significatur,
3489 2781 3595 2820 non
3646 2767 3748 2818 im-

2166 2863 2362 2919 merito
2400 2859 2698 2931 quaeritur.
2750 2859 2846 2913 Est
2886 2857 3048 2929 igitur
3091 2871 3196 2912 vox
3245 2856 3511 2924 interpres
3561 2854 3748 2908 animi.

2165 2952 2340 3010 Omne
2368 2952 2535 3018 enim,
2563 2950 2709 3020 quod
2736 2949 2876 3004 intra
2905 2947 3252 3018 semetipsum
3280 2947 3432 3017 prius
3461 2945 3674 3000 animus
3700 2953 3756 3000 et

2165 3045 2369 3118 cogitat
2398 3053 2455 3100 et
2483 3043 2700 3099 ordinat
2734 3039 3097 3104 invisibiliter,
3133 3053 3232 3110 per
3259 3053 3447 3093 vocem
3483 3038 3536 3092 iu
3567 3052 3757 3092 sensus

2167 3138 2500 3194 audientium
2544 3135 2874 3191 sensibiliter
2917 3133 3141 3204 profert.
3185 3132 3412 3187 Animus
3455 3133 3655 3201 itaque,
3703 3131 3754 3186 id

480 3223 579 3280 sed
607 3222 664 3278 in
702 3223 894 3294 spiritu
922 3232 978 3278 et
1027 3199 1223 3280 virtute
1265 3224 1383 3280 Heli
1426 3226 1569 3282 veni.
1608 3199 1749 3282 item
1782 3199 1892 3283 non
1937 3199 2058 3284 sum
2089 3199 2136 3267 (ἶ
2165 3238 2276 3294 est,
2328 3227 2635 3283 intellectus
2677 3199 2950 3289 omnium,
3003 3222 3099 3279 Dei
3141 3221 3309 3277 Filius
3353 3231 3454 3276 est.
3503 3199 3622 3290 ipse
3670 3229 3756 3275 est

481 3314 695 3381 Helias;
739 3315 827 3370 ille
868 3316 1014 3371 enim
1061 3315 1401 3372 solummodo
1447 3320 1734 3389 propheta,
1779 3334 1881 3391 ego
1930 3335 2062 3378 vero

482 3421 592 3463 non
637 3406 809 3465 solum
840 3407 1124 3480 propheta,
1173 3408 1268 3464 sed
1307 3418 1363 3464 et
1388 3424 1734 3480 praecursor.
1769 3410 1888 3467 Non
1916 3411 2062 3482 quod

490 3500 1034 3571 omnes.prophetae
1085 3516 1472 3572 praecursores
1528 3502 1728 3558 Christi
1765 3520 1874 3559 non
1931 3505 2064 3570 sint,

484 3595 580 3650 sed
631 3595 776 3666 quod
813 3594 990 3651 nullus
1031 3597 1415 3666 prophetarum
1467 3597 1626 3652 simul
1671 3612 1793 3652 cum
1842 3595 2064 3652 Christo

483 3701 597 3744 uno
619 3687 918 3757 eodemque
944 3703 1086 3743 anno
1117 3698 1277 3745 natus
1301 3698 1406 3754 est,
1439 3689 1529 3759 qui
1560 3689 1714 3744 fieret
1740 3703 2064 3759 praecursor

481 3793 653 3851 parvo
679 3779 854 3851 spatio
879 3779 1215 3849 interposito.
1248 3778 1512 3849 Propheta
1541 3796 1595 3833 es
1621 3779 1716 3832 tu?
1740 3777 2063 3848 Respondit:

481 3867 630 3928 Non.
646 3871 777 3926 item
791 3870 1078 3942 dupliciter
1101 3872 1418 3943 intelligitur
1441 3890 1453 3926 :
1477 3879 1592 3937 aut,
1613 3873 1742 3942 quia
1763 3870 1884 3940 plus
1895 3885 2062 3941 quam

480 3963 747 4036 propheta
775 3973 888 4028 est,
932 3963 1073 4020 sicut
1106 3963 1174 4020 de
1201 3979 1267 4019 eo
1316 3961 1565 4018 Christus
1592 3963 1894 4034 praedicat,
1941 3962 2065 4020 ideo

485 4063 648 4124 negat
674 4069 732 4108 se
761 4054 1082 4124 pmpbetam
1107 4068 1250 4119 esse,
1279 4064 1375 4108 aut
1419 4053 1565 4124 quod
1602 4053 1845 4124 opinioni
1875 4068 2066 4110 eorum

484 4147 784 4215 respondit.
806 4146 1077 4203 Putabant
1097 4147 1264 4212 enim,
1279 4144 1540 4203 Joannem
1570 4161 1735 4200 unum
1753 4159 1822 4200 ex
1839 4145 2070 4202 mortuis

482 4235 767 4307 prophetis
782 4237 1060 4308 praeteriti
1075 4237 1332 4309 temporis
1344 4235 1768 4308 fuisse.Aitergo
1783 4255 1798 4292 :
1813 4235 1931 4292 Non
1948 4251 2069 4293 sum

488 4344 631 4385 unus
652 4345 719 4386 ex
745 4331 877 4402 ipsis
901 4333 1526 4403 prophetis,dequorum
1539 4345 1768 4386 numero
1791 4329 2069 4386 existima-

483 4417 558 4474 tis
584 4435 670 4474 me
696 4422 1021 4489 surrexisse,
1044 4429 1100 4476 et
1121 4420 1554 4490 praesentialiter
1567 4419 1719 4475 vobis
1731 4419 2067 4489 praedicare.

560 4507 819 4564 Dixerunt
856 4526 978 4579 ergo
1007 4510 1055 4564 ei
1085 4527 1105 4565 .'
1137 4507 1267 4574 Quis
1295 4509 1391 4562 es?
1427 4506 1486 4563 Si
1527 4507 1798 4574 Christus,
1843 4523 1937 4564 seu
1960 4506 2064 4564 He-

480 4600 609 4665 lias,
652 4615 747 4654 seu
787 4601 984 4669 aliquis
1020 4599 1405 4670 prophetarum
1433 4615 1541 4655 non
1579 4613 1662 4666 es,
1693 4599 1803 4664 dic,
1832 4600 1955 4670 quis
1979 4613 2062 4666 es,

481 4705 556 4747 ne
605 4689 810 4760 absque
859 4704 1120 4761 responso
1167 4698 1332 4760 atque
1378 4689 1485 4745 ulla
1539 4689 1845 4762 cognitione
1889 4688 1960 4746 de
2011 4697 2066 4746 te

482 4783 551 4840 ad
589 4797 706 4848 eos,
749 4784 841 4854 qui
875 4770 988 4840 nos
1048 4783 1344 4848 miserunt,
1389 4771 1707 4849 redeamus,
1753 4781 2070 4854 nullumque

481 4890 802 4947 responsum
838 4876 919 4932 eis
967 4875 1197 4933 reddere
1235 4875 1534 4931 valeamus.
1580 4875 1722 4942 Quid
1753 4876 1884 4931 dicis
1924 4878 1990 4933 de
2021 4887 2071 4934 ts

479 4967 640 5037 ipso?
680 4967 997 5022 Audivimus
1039 4965 1206 5032 enim,
1247 4975 1301 5022 te
1331 4965 1406 5039 de.
1441 4964 1659 5021 Christo
1701 4965 2070 5036 praedicasse,

483 5059 552 5118 de
581 5067 633 5113 te
663 5069 840 5113 autem
873 5059 990 5128 ipso
1026 5058 1103 5114 nil
1133 5056 1479 5115 manifestum
1507 5057 1731 5115 asseris.
1763 5055 1906 5126 Quid
1937 5071 2068 5129 ergo

483 5152 623 5210 dicis
657 5153 723 5208 de
752 5161 805 5208 te
841 5152 991 5222 ipso?

560 5243 678 5315 Ego
702 5259 818 5298 sum
860 5258 958 5298 vos;
1001 5241 1277 5297 clamantis
1311 5242 1368 5296 in
1399 5241 1621 5296 deserto.
1675 5239 1733 5296 Si
1777 5241 2066 5312 quaeritis,

483 5332 682 5403 inquit,
711 5334 841 5403 quid
887 5333 954 5387 de
1001 5348 1086 5387 me
1120 5332 1239 5402 ipso
1271 5329 1512 5402 profero,
1559 5329 1891 5400 cognoscite,
1937 5329 2065 5399 quia

483 5435 584 5493 ego
621 5439 743 5478 sum
781 5439 903 5480 vox.
944 5423 1058 5478 Non
1089 5422 1249 5490 dixit,
1305 5438 1324 5472 ‹
1367 5421 1494 5490 quia
1541 5433 1642 5490 ego
1681 5435 1800 5473 sum
1830 5419 1994 5476 homo
2018 5437 2070 5484 ι,

2165 3322 2346 3387 enim,
2391 3327 2454 3374 ut
2495 3319 2574 3374 ait
2618 3326 2838 3374 sanctus
2881 3315 3241 3386 Augustinus,
3287 3313 3588 3368 intellectus
3635 3329 3754 3366 om-

2165 3411 2351 3477 nium,
2395 3410 2504 3465 imo
2545 3408 2746 3464 omnia.
2789 3405 2955 3476 Cujus
2995 3419 3315 3477 praecursor
3349 3402 3570 3474 pulchre
3601 3404 3753 3461 vocis

2166 3499 2431 3558 vocabulo
2459 3498 2792 3563 nominatur,
2829 3497 2954 3566 quia
2992 3497 3166 3566 primo
3193 3510 3291 3566 per
3329 3493 3499 3563 ipsum
3529 3493 3752 3548 demon-

2165 3600 2370 3650 stratus
2394 3599 2478 3647 est
2504 3589 2723 3656 mundo,
2755 3589 2940 3644 dicens
2971 3607 2991 3639 ι
3029 3587 3170 3643 Ecce
3196 3599 3364 3657 agnus
3392 3585 3484 3639 Dei
3521 3603 3541 3636 ι
3572 3592 3628 3638 ει
3666 3597 3754 3639 re-

2166 3681 2333 3753 liqua.
2373 3679 2564 3736 Altiori
2597 3693 2725 3734 vero
2765 3679 2973 3734 theoria
3015 3677 3292 3732 desertum
3331 3673 3643 3745 intelligitur
3671 3672 3754 3726 di-

2165 3773 2326 3828 vinae
2365 3777 2592 3825 naturae
2632 3769 2701 3824 ab
2741 3769 2996 3824 omnibus
3035 3776 3277 3822 remotae
3318 3764 3597 3820 inetiabilis
3633 3763 3755 3818 alti-

2168 3861 2316 3919 tudo.
2346 3857 2626 3915 Deseritur
2649 3858 2794 3914 enim
2818 3859 2885 3914 ab
2911 3857 3057 3912 omni
3082 3867 3357 3922 creatura,
3386 3857 3512 3926 quia
3535 3863 3758 3925 supcrat

2165 3967 2382 4010 omnem
2415 3949 2766 4016 intellectum,
2791 3965 2915 4005 cum
2941 3948 3149 4004 nullum
3175 3947 3506 4003 intellectum
3533 3947 3756 4001 deserit.

2169 4043 2238 4099 Et
2273 4044 2376 4098 hoc
2405 4056 2602 4114 graeco
2630 4039 2870 4106 nomine,
2893 4039 3039 4107 quod
3066 4046 3152 4094 est
3178 4035 3384 4115 ἕρημος.
3415 4036 3534 4091 luce
3560 4035 3759 4091 clarius

2169 4135 2520 4208 significatur.
2554 4132 2772 4209 Ἐρημια
2797 4131 2996 4202 quippe
3029 4130 3415 4201 interpretatur
3446 4127 3678 4184 remotio
3705 4135 3761 4184 ει

2169 4225 2524 4292 excelsitudo,
2554 4225 2699 4296 quod
2731 4223 2953 4279 omnino
2978 4222 3194 4278 divinae
3222 4221 3478 4277 convenit
3508 4229 3756 4274 naturae.

2169 4319 2228 4375 in
2266 4319 2384 4390 ipso
2426 4318 2606 4388 itaque
2646 4315 2862 4371 deserto
2897 4311 3119 4369 divinae
3155 4311 3491 4369 celsitudinis
3521 4311 3758 4367 Verbum

2172 4409 2398 4476 clamat,
2436 4423 2534 4480 per
2566 4407 2711 4478 quod
2738 4405 2879 4461 facta
2905 4413 3032 4460 sunt
3059 4405 3264 4461 omnia.
3288 4403 3427 4460 Audi
3457 4403 3675 4474 Moysen
3703 4401 3759 4455 in

2173 4498 2369 4556 Genesi
2413 4498 2680 4554 dicentem
2719 4513 2736 4551 :
2776 4514 2796 4548 ι
2834 4494 2981 4551 Dixit
3021 4495 3165 4552 Deus
3192 4493 3352 4550 :Fiat
3394 4493 3483 4546 lux
3522 4512 3541 4544 ι
3565 4533 3581 4559 ,
3625 4491 3760 4547 dixit

2171 4593 2342 4650 Deus:
2365 4610 2384 4645 ι
2410 4592 2839 4648 Firmamentum
2868 4608 2889 4644 ι
2919 4606 2936 4656 ;
2964 4587 3212 4646 similiter
3238 4587 3292 4642 in
3313 4583 3564 4639 omnibus
3581 4581 3758 4651 operi-

2171 4685 2273 4744 bus
2300 4701 2396 4742 sex
2419 4684 2628 4740 dierum
2656 4681 2933 4755 praecedit
2965 4699 2980 4737 :
3016 4679 3206 4740 (dixit
3257 4677 3399 4733 Deus
3436 4693 3485 4729 ι.
3524 4673 3624 4728 Ubi
3661 4671 3757 4727 Del

2176 4778 2396 4836 nomine
2418 4777 2632 4833 Patrem
2655 4775 3022 4847 intelligimus,
3048 4790 3070 4824 ι
3096 4770 3232 4826 dixit
3260 4787 3280 4822 ι
3305 4774 3486 4823 autem
3510 4765 3605 4820 Dei
3629 4764 3760 4819 Ver-

2141 4936 2145 4940 _
2177 4873 2305 4930 bum
2333 4871 2623 4944 significat.
2653 4867 2866 4925 Clamat
2889 4867 3068 4934 itaque
3094 4861 3328 4917 Verbum
3357 4858 3452 4913 Dei
3485 4857 3541 4912 in
3581 4868 3759 4910 remo-

2180 4963 2390 5022 tissima
2417 4963 2630 5018 divinae
2657 4958 2913 5016 bonitatis
2937 4952 3246 5010 solitudine.
3277 4949 3494 5006 Clamor
3517 4947 3636 5015 ejus
3663 4959 3761 5000 na-

2177 5063 2426 5113 turarum
2455 5053 2696 5108 omnium
2721 5047 2960 5106 conditio
2986 5053 3089 5102 est.
3137 5043 3258 5116 Ipse
3294 5041 3438 5097 enim
3478 5045 3640 5094 vocat
3672 5049 3760 5101 ea,

2173 5162 2313 5220 quae
2339 5154 2493 5212 sunt,
2533 5155 2790 5215 tanquam
2817 5156 2956 5213 quae
2983 5154 3090 5195 non
3118 5145 3276 5203 sunt,
3305 5133 3434 5205 quia
3459 5147 3559 5202 per
3584 5130 3765 5200 ipsum

2173 5240 2319 5295 Deus
2355 5237 2520 5293 Pater
2556 5234 2831 5298 clamavit,
2871 5232 2926 5288 id
2963 5239 3078 5296 est,
3121 5229 3328 5285 creavit
3364 5234 3580 5287 cuncta,
3623 5232 3764 5290 quae

2174 5329 2295 5386 ﬁeri
2344 5328 2534 5385 voluit.
2584 5325 2851 5383 Clamavit
2899 5323 2992 5380 ille
3035 5322 3398 5386 invisibiliter,
3448 5318 3761 5389 priusquam

2179 5419 2334 5475 fieret
2363 5417 2614 5485 mundus,
2641 5415 2905 5472 mundum
2933 5413 3071 5470 fieri.
3103 5410 3388 5477 Clamavit,
3419 5408 3472 5464 in
3501 5402 3760 5462 mundum

1687 5531 1942 5589 VARIAE
1979 5531 2378 5590 LECTIONES.

553 5747 592 5783 a
624 5737 985 5813 Hieronymus
1021 5757 1038 5800 :
1087 5742 1234 5800 Iuda
1252 5783 1270 5812 ,
1331 5742 1566 5798 laudatio
1585 5783 1602 5812 ,
1649 5743 1927 5815 confessio.
1981 5673 2321 5815 1:213:11?
2341 5746 2554 5805 ducitur
2573 5760 2602 5802 a
2626 5745 2792 5806 verbo
2811 5749 2910 5830 rm
2946 5739 3102 5797 Hm.
3127 5731 3282 5825 πρίει,
3303 5734 3358 5794 id
3375 5741 3480 5804 est,
3501 5727 3759 5800 conﬁteri.

565 5601 586 5633 ⁸
615 5602 734 5656 cod.
766 5603 1054 5659 doctrinam
1075 5616 1123 5662 et
1150 5603 1643 5674 manifestationem.
