4178 6266
1353 319 1706 384 contuear.
1744 321 1814 380 lN
1850 321 2104 382 EVANG.
2146 320 2296 379 suc.
2331 291 2564 378 JOAN.’

3503 305 3612 373 306

309 416 574 510 veniens,
604 437 890 500 visibiliter
913 439 1173 497 mundum
1211 438 1430 496 salvari.
1470 439 1628 494 Prius
1656 435 1912 494 clamavit
1935 437 1990 499 Α
2015 437 2221 493 rexisse
2262 450 2328 490 ac
2366 434 2696 503 baptizasse.
2747 432 2826 489 Ae
2873 447 2971 504 per
3013 428 3118 488 hoc
3162 444 3271 487 non
3309 417 3636 501 interroga;

316 534 688 592 aeternaliter
708 549 807 604 per
835 532 1004 588 solam
1032 546 1181 587 suam
1213 530 1548 587 divinitatem
1577 539 1702 584 ante
1729 531 1911 586 incar-

316 629 639 693 nationem;
695 625 945 681 clamavit
991 632 1178 695 postea
1217 635 1315 694 per
1359 637 1510 677 suam
1557 636 1796 676 carnem.
1847 619 1918 674 Et

318 720 454 792 quid
481 719 572 774 illa
597 734 696 772 vox
719 716 853 786 ejus,
883 717 986 772 hoc
1011 724 1093 771 est
1118 729 1444 785 praecursor
1457 711 1595 782 ejus,
1613 712 1915 768 vociferat?

308 797 482 866 'Audi.
515 810 736 879 Dirigite
761 809 900 862 viam
927 807 1158 862 Domini.
1189 805 1328 874 Quid
1353 815 1435 863 est
1467 825 1484 857 ι
1520 805 1745 875 Dirigite
1769 807 1913 860 viam

316 903 534 959 Domini
583 902 648 956 »ἲ
686 900 876 957 Nonne
903 901 1045 970 quod
1076 900 1340 971 sequitur,
1377 919 1396 951 ι
1430 908 1607 954 rectas
1634 897 1792 953 facile
1823 913 1911 953 se-

317 993 478 1046 milas
509 991 575 1046 οἳ
608 990 832 1062 Dirigite
863 1005 995 1060 ergo
1023 990 1169 1043 viam
1197 987 1442 1054 Domini,
1483 988 1587 1043 hoc
1620 996 1732 1054 est,
1765 994 1913 1042 recte

317 1083 636 1148 praedicate
675 1090 734 1135 et
773 1080 982 1135 credite
1019 1078 1324 1142 Dominum,
1371 1079 1464 1149 qui
1503 1079 1591 1133 via
1631 1087 1734 1144 est,
1777 1079 1916 1133 sicut

319 1171 438 1241 ipse
463 1172 544 1225 ait
574 1189 588 1225 :
625 1189 644 1222 ι
677 1169 793 1242 Ego
817 1185 940 1224 sum
968 1169 1055 1224 via
1085 1177 1139 1224 et
1164 1169 1365 1224 veritas
1393 1167 1567 1225 etvita
1592 1168 1835 1225 s.Potest
1858 1175 1914 1224 et

320 1263 408 1317 sic
432 1261 695 1332 intelligi:
725 1279 744 1314 ι
772 1261 996 1333 Dirigite
1021 1261 1166 1315 viam
1193 1261 1405 1317 Domini
1429 1281 1474 1328 ι,
1507 1262 1609 1318 hoc
1634 1272 1734 1329 est,
1767 1271 1915 1319 recte

323 1351 542 1408 credite
570 1354 625 1407 in
661 1353 965 1407 Dominum.
993 1353 1111 1408 Non
1142 1353 1289 1407 enim
1319 1369 1416 1424 per
1445 1353 1602 1407 aliam
1635 1353 1773 1408 viam
1804 1354 1911 1409 Do-

326 1443 518 1498 minus
557 1443 720 1498 corda
769 1443 1042 1497 hominum
1087 1443 1402 1512 ingreditur,
1446 1444 1548 1499 nisi
1593 1459 1688 1515 per
1729 1445 1910 1513 ﬁdem,

329 1548 474 1602 quae
521 1535 604 1588 via
648 1541 730 1590 est
775 1533 1006 1589 Domini.
1050 1533 1202 1590 Sicut
1245 1534 1379 1588 dixit
1409 1534 1600 1590 Esaias
1640 1536 1909 1606 propheta.

328 1620 532 1680 Videns
556 1624 881 1694 evangelista
912 1625 1238 1680 sententiam
1249 1625 1440 1682 Esaiae
1466 1627 1532 1681 de
1560 1641 1916 1698 praecursore

325 1715 538 1773 Domini
583 1719 638 1773 in
687 1717 980 1791 Evangelio
1019 1720 1315 1775 secundum
1359 1719 1559 1777 Lucam
1602 1720 1915 1792 plenissime

324 1812 616 1882 scriptam,
663 1813 1026 1869 intermittere
1059 1813 1259 1879 voluit,
1303 1829 1374 1870 ne
1410 1815 1688 1871 videretur
1719 1831 1911 1886 super-
1938 1796 1988 1858 Β

323 1903 519 1970 ﬁuum,
551 1905 778 1960 eandem
808 1908 1136 1963 sententiam
1165 1908 1540 1977 recapitulare.
1576 1911 1632 1964 In
1665 1911 1768 1965 hoc
1798 1909 1915 1966 loco

326 1994 392 2048 de
417 1996 661 2067 mysticis
701 2000 1076 2067 praecursoris
1109 2001 1420 2056 nominibus
1456 2016 1627 2072 pauca
1659 1985 1915 2057 inserere

305 2106 432 2145 .non
460 2101 544 2148 est
573 2093 972 2159 inconveniens,
1007 2104 1067 2149 ut
1095 2095 1307 2166 opinor.
1341 2095 1455 2152 Vox
1485 2106 1728 2158 vocatur,
1762 2097 1912 2168 quia,

331 2182 466 2236 sicut
489 2198 592 2238 vox
621 2184 890 2254 praecedit
920 2186 1119 2242 mentis
1149 2197 1470 2257 conceptum
1491 2229 1507 2253 ,
1547 2189 1622 2243 ita
1674 2188 1916 2244 Joannes

327 2274 624 2361 praecessit
667 2275 761 2329 Dei
803 2273 1062 2332 Verbum.
1112 2277 1399 2355 Πρὸδρομος·
1443 2288 1692 2344 vocatur,
1735 2279 1788 2334 id
1829 2287 1916 2335 est

324 2375 672 2428 praecursor,
693 2365 817 2433 quia
843 2381 948 2420 non
977 2367 1152 2423 solum
1191 2368 1426 2425 Joannes
1483 2371 1534 2424 in
1560 2371 1916 2440 conceptione

323 2465 390 2508 et
421 2455 724 2521 nativitate,
757 2472 942 2512 verum
981 2459 1146 2514 etiam
1188 2463 1241 2515 in
1274 2463 1536 2534 mysterio
1575 2463 1915 2534 baptismatis

328 2552 390 2599 et
447 2543 869 2614 praedicationis
923 2551 1285 2618 poenitentiae
1329 2553 1617 2608 Dominum
1669 2571 1918 2624 praeces-

328 2635 422 2688 sit.
480 2635 736 2715 Φὸσφορος
775 2638 993 2706 dicitur,
1047 2640 1150 2696 hoc
1195 2650 1280 2696 est
1325 2641 1505 2698 lucem
1540 2644 1746 2710 ferens,
1795 2648 1922 2717 quia

330 2727 445 2797 ipse
475 2729 650 2798 primo
681 2729 856 2786 lucem
887 2732 1071 2786 mundi
1113 2732 1167 2787 in
1202 2735 1453 2788 notitiam
1487 2737 1684 2791 mundo
1720 2738 1916 2803 attulit,

331 2825 382 2872 ct
415 2819 466 2872 in
498 2833 556 2873 se
584 2819 703 2890 ipso
730 2823 980 2892 gestavit.
1015 2820 1180 2877 Stella
1212 2824 1511 2892 matutina,
1541 2842 1698 2896 quam
1723 2826 1915 2884 Graeci

334 2905 521 2984 ἄστρον
561 2911 778 2986 «postve»
823 2911 1122 2982 appellant,
1169 2912 1409 2969 Joannes
1476 2917 1706 2983 dicitur,
1753 2919 1915 2988 quia,

337 3000 475 3056 sicut
514 3001 604 3057 illa
645 3001 824 3068 stella,
863 3020 1025 3074 quam
1069 3005 1322 3077 astrologi
1367 3005 1644 3062 luciferum
1685 3017 1913 3076 vocant,

334 3102 514 3148 ortum
545 3093 674 3149 solis
715 3097 1023 3165 praecedit,
1063 3098 1136 3153 ita
1179 3115 1497 3169 praecursor
1523 3103 1731 3158 Domini
1763 3104 1916 3173 prius

337 3200 467 3240 mun
490 3185 540 3240 lo
563 3188 834 3257 apparuit,
862 3205 1021 3259 quem
1062 3190 1140 3244 sol
1182 3191 1427 3260 justitiae
1457 3194 1780 3250 subsecutus
1808 3205 1914 3251 est.

333 3273 600 3332 Similiter
642 3292 673 3331 a
714 3277 936 3334 Graecis
962 3277 1430 3356 ἅκρρδομιλιτροφὸς·
1463 3285 1756 3352 vocitatur,
1790 3301 1920 3356 pro-

328 3372 455 3438 pter
496 3382 648 3421 suam
692 3368 1074 3425 abstinentiam
1123 3386 1153 3425 a
1202 3373 1580 3427 communibus
1635 3375 1918 3431 hominum

328 3454 619 3512 alimentis.
660 3463 826 3536 ‘Axpic
867 3459 1063 3529 quippe
1106 3461 1498 3531 interpretatur
1539 3464 1766 3529 locusta,
1803 3467 1919 3535 μελὶ

327 3545 430 3602 uel
444 3589 458 3613 ,
484 3555 645 3624 τροφῆ
673 3549 692 3581 ¹
719 3566 874 3616 esca;
901 3550 1372 3632 ἀκριδομιλιτροφὸς
1394 3555 1577 3625 itaque
1603 3554 1839 3612 locustas
1865 3565 1920 3614 et

329 3637 436 3694 mel
461 3639 708 3696 silvestre
730 3642 1020 3697 comedens
1047 3643 1457 3712 interpretatur.

402 3729 471 3785 Et
491 3733 576 3802 qui
600 3733 748 3787 missi
786 3733 1018 3803 fuerunt,
1050 3744 1200 3789 erant
1242 3752 1308 3790 ex
1336 3733 1644 3792 Pharisaeis
1673 3739 1713 3793 ².
1745 3737 1919 3808 Quae-

333 3823 495 3887 ritur,
523 3839 688 3894 quare
710 3823 990 3881 Pharisaei
1023 3826 1171 3882 missi
1199 3836 1325 3882 sunt
1372 3827 1441 3882 ad
1489 3827 1785 3885 Joannem?
1811 3831 1918 3888 Sed

336 3915 408 3970 ad
434 3913 537 3969 hoc
580 3915 860 3971 dicendum
903 3935 917 3971 ε
958 3916 1084 3973 Ideo
1129 3918 1434 3990 specialiter
1475 3920 1785 3988 Pharisaei,
1818 3939 1916 3978 au-

336 4007 548 4064 dientes
575 4009 1026 4077 praedicationem
1059 4008 1288 4066 Joannis
1339 4012 1646 4082 generalem
1676 4017 1918 4071 omnium

332 4099 792 4155 resurrectionem
831 4116 898 4155 ex
934 4102 1162 4157 mortuis
1202 4103 1401 4172 populo
1428 4105 1686 4173 suasisse,
1717 4114 1772 4162 et
1806 4122 1922 4163 ma-

332 4190 478 4246 xime
505 4205 570 4245 eo
612 4189 750 4256 loci,
782 4189 876 4245 ubi
917 4191 1029 4257 ait,
1062 4211 1081 4245 ι
1116 4193 1391 4263 genimina
1420 4195 1758 4265 viperarum,
1799 4199 1922 4268 quis

332 4295 433 4334 vos
472 4280 721 4334 liberabit
757 4296 788 4335 a
831 4291 1222 4352 superventura
1263 4282 1344 4337 ira
1377 4303 1424 4350 ι,
1453 4285 1507 4339 in
1543 4285 1749 4356 judicio
1772 4287 1922 4343 vide-

333 4368 460 4424 licet
481 4379 604 4441 post
624 4372 1098 4438 resurrectionem,
1127 4373 1510 4431 desiderabant
1531 4377 1722 4432 audire
1761 4377 1923 4433 Joan-

337 4477 494 4527 nem;
527 4479 648 4517 nam
672 4471 726 4518 et
748 4463 849 4533 ipsi
877 4466 1328 4521 resurrectionem
1353 4476 1690 4539 mortuorum
1720 4468 1918 4526 ﬁrmis-

334 4553 470 4607 sime
493 4554 864 4609 credebantet
887 4556 1288 4626 praedicabant,
1317 4573 1381 4613 ac
1404 4572 1504 4628 per
1526 4559 1708 4615 hocin
1733 4559 1918 4617 multis

331 4645 669 4702 consensisse
714 4646 935 4702 Christo
983 4647 1372 4718 perhibentur,
1423 4648 1650 4706 Paulum
1704 4668 1919 4724 quoque

333 4735 630 4803 apostolum
662 4734 981 4807 frequenter
1014 4737 1302 4806 adjuvisse.

404 4825 543 4891 Quid
575 4845 700 4899 ergo
739 4829 999 4898 baptizas,
1042 4831 1088 4884 si
1132 4838 1187 4883 tu
1223 4846 1326 4884 non
1365 4847 1418 4886 es
1457 4830 1718 4901 Christus,
1758 4851 1921 4906 neque

331 4916 537 4986 Helias,
588 4938 754 4993 neque
800 4923 1089 4994 propheta?
1137 4923 1450 4991 Quaeritur,
1499 4942 1598 4982 cur
1641 4926 1920 4985 Pharisaei

331 5013 620 5069 tribuerint
651 5015 1032 5072 auctoritatem
1071 5016 1413 5087 baptismatis
1443 5017 1648 5082 Heliae,
1681 5027 1774 5074 aut
1805 5021 1922 5077 cui-

334 5103 484 5176 piam
531 5108 946 5175 propbetarum;
995 5109 1279 5164 audierant
1323 5109 1468 5163 enim
1517 5109 1569 5162 in
1620 5108 1920 5179 prophetis,

334 5194 614 5252 Christum
663 5198 714 5251 in
761 5199 1021 5255 mundum
1066 5210 1351 5256 venturum
1400 5209 1456 5254 et
1498 5200 1918 5270 baptizaturum.

336 5282 593 5339 Scientes
624 5285 824 5357 itaque,
852 5287 1143 5343 Jordanem
1173 5288 1400 5361 ﬁguram
1434 5288 1776 5358 baptismatis
1805 5306 1924 5362 ges-

333 5375 492 5442 sisse,
541 5392 776 5449 eumque
824 5381 1032 5435 Heliam
1076 5388 1132 5436 et
1174 5380 1444 5437 Elisaeum
1499 5381 1657 5438 siccis
1699 5385 1925 5453 pedibus

336 5468 638 5533 transiisse,
682 5470 909 5541 ﬁguram
951 5472 1289 5543 baptismatis
1329 5473 1382 5527 in
1426 5472 1578 5528 Helia
1619 5483 1672 5529 et
1709 5475 1925 5531 Elisaeo

1941 4512 1996 4573 D

2016 531 2184 585 bant:
2215 548 2233 581 ι
2264 526 2658 598 Prophetarum
2690 542 2828 582 unus
2851 542 2909 582 es
2939 535 2993 581 tu
3028 526 3085 580 i?
3110 523 3203 580 sed
3231 523 3605 579 solummodo:

2022 640 2039 672 ι
2071 620 2342 692 Propheta
2369 633 2427 673 es
2461 627 2511 672 tu
2552 619 2617 672 ιτ
2648 619 2764 688 ipse
2792 617 3063 683 videlicet,
3091 615 3180 687 qui
3211 612 3611 686 praeﬁgurabat

2016 715 2366 788 baptismum.
2394 711 2694 783 Respondit
2720 710 2799 768 eis
2830 729 2843 764 :

2091 807 2205 878 Ego
2238 807 2443 878 baptizo
2483 807 2538 861 in
2576 822 2748 876 aqua;
2781 820 2843 859 ac
2881 803 2925 859 si
2955 803 3160 859 diceret
3187 819 3202 856 :
3234 815 3334 872 ego
3373 800 3520 872 tinge
3551 799 3607 857 in

2019 915 2155 970 aqua
2197 898 2535 955 solummodo
2570 912 2666 968 per
2703 897 3077 968 purgationem
3116 908 3432 966 corporum,
3476 908 3606 949 san-

2015 991 2400 1046 ctiﬁcationem
2448 989 2692 1060 corporis
2737 997 2793 1044 et
2839 989 3050 1042 animae
3097 986 3152 1041 in
3202 1001 3290 1052 eo,
3339 985 3429 1056 qui
3480 999 3608 1040 vere

2015 1084 2290 1154 baptizat,
2323 1085 2716 1157 praeﬁgurans.
2764 1083 2970 1138 Medius
3013 1092 3187 1138 autent
3219 1091 3443 1137 vestrum
3471 1089 3606 1145 stat,

2015 1175 2119 1230 hoc
2143 1185 2257 1242 est,
2289 1189 2550 1247 praesens
2579 1175 2730 1232 vobis
2765 1185 3022 1247 apparet,
3058 1189 3210 1245 quem
3251 1189 3337 1228 vos
3375 1171 3606 1237 nescitis,

2015 1267 2142 1336 quia
2169 1268 2222 1322 in
2248 1282 2371 1323 eum
2389 1283 2494 1323 non
2513 1267 2760 1335 creditis,
2783 1281 2979 1337 neque,
3003 1265 3124 1336 quis
3144 1265 3234 1329 sit,
3257 1262 3605 1335 cognoscitis.

2086 1358 2210 1430 Ipse
2252 1371 2359 1427 est,
2405 1362 2496 1432 qui
2536 1371 2650 1432 post
2681 1377 2762 1415 me
2800 1370 3045 1416 venturus
3080 1368 3176 1413 est.
3220 1357 3320 1413 Hic
3360 1365 3475 1422 est,
3515 1357 3607 1426 qui

2017 1451 2070 1506 in
2113 1451 2293 1506 divina
2323 1451 2688 1522 disputatione
2713 1459 2768 1507 et
2811 1450 3244 1521 praedicatione,
3290 1449 3606 1519 priusquam

2015 1545 2174 1599 ﬁeret
2196 1544 2449 1610 mundus,
2481 1543 2891 1608 deﬁnitus’est,
2906 1543 3049 1614 quod
3081 1549 3202 1612 post
3233 1556 3320 1595 me
3347 1549 3608 1593 venturus

2015 1645 2161 1691 esset
2187 1635 2240 1690 in
2270 1636 2552 1699 mundum,
2587 1645 2646 1690 ut
2674 1651 2761 1690 me
2783 1648 3196 1704 praecursorem
3229 1648 3382 1687 suum
3414 1632 3605 1686 subse-

2017 1735 2294 1798 queretur.
2326 1725 2429 1792 Qui
2459 1734 2580 1780 ante
2602 1742 2682 1779 me
2705 1725 2876 1795 factus
2905 1734 3012 1788 est;
3043 1723 3147 1778 hoc
3175 1731 3279 1787 est,
3305 1723 3394 1792 qui
3423 1735 3608 1776 coram

2015 1818 2188 1874 oculis
2217 1817 2416 1873 mentis
2452 1832 2604 1872 meae
2639 1827 2694 1872 et
2729 1816 2971 1886 corporis
3007 1829 3264 1886 praesens
3301 1813 3475 1869 factus
3501 1823 3605 1868 est.

2015 1911 2195 1981 ipsum
2243 1911 2507 1980 siquidem
2554 1910 2731 1975 video,
2779 1919 2835 1964 et
2882 1923 3148 1980 cognosco
3196 1907 3248 1961 in
3299 1907 3474 1961 medio
3517 1919 3608 1960 ve-

2016 2012 2210 2069 strum,
2261 2017 2355 2058 vos
2386 2011 2562 2058 autem
2591 2018 2716 2058 eum
2751 2001 2991 2056 nescitis.
3037 1999 3134 2055 Est
3174 2007 3230 2053 et
3268 1998 3407 2052 alius
3448 1997 3604 2052 intel-

2015 2095 2190 2151 lectus
2234 2095 2286 2150 in
2333 2095 2417 2150 his
2461 2093 2662 2159 verbis,
2702 2104 2760 2148 ut
2809 2092 3041 2172 blattiqu
3114 2091 3306 2162 placet.
3373 2088 3608 2145 Joannes

2019 2189 2248 2258 ﬁguram
2292 2188 2656 2258 poenitentiae
2703 2168 3165 2259 geritfqu—oniam
3217 2183 3604 2254 poenitentiam

2017 2281 2384 2351 praedicavit;
2427 2279 2675 2336 Christus
2715 2289 2894 2335 autem
2928 2278 3153 2348 ﬁguram
3187 2277 3454 2346 justitiae,
3499 2289 3607 2330 non

2019 2373 2192 2430 solum
2223 2374 2347 2443 quia
2379 2374 2636 2428 mundum
2664 2373 2890 2444 iudicat,
2914 2387 3102 2428 verum
3128 2372 3314 2436 etiam,
3339 2370 3462 2441 quia
3491 2369 3609 2438 ipse

2014 2463 2225 2536 justitia
2257 2473 2476 2519 aeterna
2509 2473 2612 2522 est.
2645 2463 2982 2520 Poenitentia
3012 2479 3120 2519 non
3160 2463 3264 2518 nisi
3295 2469 3416 2533 post
3452 2474 3609 2531 prae-

2017 2555 2402 2610 varicationem
2453 2554 2700 2622 justitiae
2742 2555 2889 2609 valet
2933 2553 3090 2620 ﬁeri;
3143 2554 3378 2608 humana
3426 2551 3609 2620 itaque

2016 2658 2229 2713 natura,
2266 2662 2406 2717 quae
2450 2647 2595 2718 leges
2635 2648 2844 2702 divinas
2887 2648 2941 2701 in
2985 2645 3234 2715 paradiso
3266 2655 3608 2714 transgressa

2015 2749 2122 2806 est,
2151 2741 2252 2795 sub
2278 2754 2510 2809 persona
2555 2737 2778 2795 Joannis
2834 2737 3218 2806 poenitentiam
3248 2734 3524 2805 praedicat
3551 2738 3610 2790 et

2018 2831 2178 2896 facit,
2206 2838 2261 2885 et
2300 2826 2711 2884 substantialem
2753 2826 2848 2881 Dei
2886 2825 3047 2880 Verbi
3082 2823 3346 2893 justitiam
3386 2834 3609 2892 praece-

2017 2923 2232 2976 dentem
2263 2936 2322 2974 se
2353 2935 2452 2989 per
2485 2917 2820 2973 divinitatem
2841 2956 2857 2982 ,
2887 2925 2942 2970 et
2970 2922 3093 2986 post
3121 2928 3179 2969 se
3203 2920 3483 2967 venturam
3512 2926 3609 2982 per

2017 3011 2197 3070 carnis
2239 3008 2695 3080 dispensationem
2737 3004 3027 3060 manifeste
3069 3002 3331 3068 declarat,
3370 3011 3430 3056 ut
3463 3017 3605 3067 eam,

2018 3103 2311 3158 humanam
2356 3102 2477 3158 dico
2517 3113 2788 3167 naturam,
2819 3098 2976 3169 juxta
3019 3097 3226 3152 divinas
3264 3095 3430 3165 leges,
3471 3109 3610 3164 quas

2019 3195 2378 3265 superbiendo
2408 3204 2709 3266 spreverat,
2738 3199 3184 3255 conversantem,
3215 3189 3283 3244 ad
3319 3187 3608 3259 pristinum

2019 3295 2274 3341 aeternae
2303 3286 2544 3356 justitiae
2578 3293 2777 3342 statum
2826 3291 3127 3341 revocaret.
3170 3279 3335 3351 Cujus
3370 3295 3463 3350 ego
3503 3293 3610 3334 non

2018 3397 2132 3436 sum
2165 3381 2376 3452 dignus,
2404 3390 2458 3436 et
2489 3381 2717 3450 reliqua.
2747 3379 3184 3435 Calceamentum
3215 3375 3372 3432 Verbi
3401 3382 3485 3429 est
3509 3387 3610 3429 sua

2019 3487 2172 3538 caro,
2200 3488 2362 3544 quam
2391 3471 2460 3529 de
2481 3473 2690 3543 virgine
2717 3477 3072 3534 assumserat,
3096 3481 3234 3537 quae
3259 3479 3356 3536 per
3382 3465 3611 3536 ﬁguram

2019 3564 2372 3620 calceamenti
2416 3565 2736 3620 insinuatur.
2785 3560 2853 3618 Ut
2895 3563 3038 3618 enim
3081 3559 3504 3616 calceameutum
3539 3569 3608 3610 ex

2017 3655 2166 3711 corio
2189 3664 2523 3711 mortuorum
2548 3653 2860 3710 animalium
2881 3651 3132 3717 etiicitur,
3158 3652 3231 3704 ita
3253 3665 3383 3704 οπο
3406 3645 3611 3704 Christi

2017 3755 2240 3816 propter
2267 3761 2366 3802 nos
2392 3745 2636 3801 mortalis
2665 3744 2806 3800 facta
2837 3751 2942 3809 est,
2973 3751 3032 3797 ut
3061 3749 3235 3797 morte
3265 3727 3432 3810 ipsius
3461 3750 3610 3793 mors

2017 3845 2208 3894 nostra
2239 3837 2460 3892 omnino
2491 3835 2914 3891 interimeretur.
2955 3831 3090 3887 Nam
3119 3847 3247 3887 caro
3272 3830 3474 3886 Christi
3500 3841 3610 3884 non

2017 3929 2214 3984 merito
2245 3929 2329 3982 sui
2359 3928 2568 3998 peccati
2599 3925 2840 3981 mortalis
2868 3923 3008 3979 facta
3035 3933 3120 3979 est
3139 3965 3154 3988 ,
3188 3923 3326 3978 sicut
3356 3936 3485 3980 caro
3512 3935 3612 3976 no-
3710 3985 3719 3995 _

2019 4027 2152 4085 stra,
2184 4021 2292 4074 sed»
2319 4019 2384 4073 ad
2425 4027 2674 4072 naturam
2712 4027 2954 4072 nostram
2995 4024 3123 4099 post
3155 4022 3438 4084 peccatum
3479 4028 3612 4067 con-

2020 4105 2372 4162 descensione
2397 4104 2669 4174 passibilis
2697 4113 2835 4159 erat.
2869 4098 3394 4170 Mortem’siquidem
3424 4098 3612 4155 subire

2019 4206 2244 4270 propter
2271 4212 2370 4252 nos
2399 4211 2503 4251 non
2531 4197 2728 4261 renuit,
2762 4209 2983 4251 causam
3012 4207 3140 4247 vero
3171 4191 3379 4256 mortis,
3414 4204 3609 4260 pecca-

2022 4297 2133 4343 tum
2161 4289 2302 4348 dico,
2345 4303 2451 4342 non
2493 4287 2716 4355 recepit.
2759 4286 2990 4352 Ideoque
3026 4297 3174 4338 mors
3205 4296 3329 4336 eum
3369 4281 3612 4336 detinere

2021 4397 2129 4437 non
2158 4379 2353 4452 potuit,
2375 4380 2502 4450 quia
2526 4379 2738 4435 debitor
2761 4376 2953 4433 mortis
2978 4389 3085 4432 non
3109 4373 3231 4430 fuit.
3256 4371 3370 4427 Non
3399 4379 3614 4443 poterat

2021 4491 2171 4532 mors
2195 4475 2439 4530 detinere
2463 4473 2763 4544 captivum,
2793 4485 2954 4541 quem
2982 4483 3087 4524 non
3122 4467 3401 4523 invenerat
3431 4463 3612 4520 crimi-

2022 4583 2233 4625 nosum.
2276 4565 2324 4621 A
2369 4567 2546 4637 primo
2591 4579 2720 4636 ergo
2763 4561 2982 4618 homine
3023 4568 3151 4616 ante
3195 4568 3478 4631 peccatum
3515 4572 3610 4613 ac-

2020 4661 2164 4731 cepit
2216 4658 2418 4730 absque
2468 4666 2693 4728 peccato
2739 4669 2894 4722 esse;
2949 4655 3018 4710 ab
3069 4654 3258 4711 eodem
3319 4659 3438 4724 post
3481 4666 3610 4723 pee-

2021 4760 2200 4805 catum
2251 4749 2462 4818 accepit
2516 4746 2654 4802 mori
2695 4760 2888 4818 posse;
2944 4744 3140 4817 quibus
3186 4745 3397 4802 duobus
3441 4752 3611 4798 totam

2023 4847 2262 4894 nostram
2327 4849 2580 4894 naturam
2641 4838 2697 4892 in
2757 4853 2819 4893 se
2875 4837 2992 4908 ipso
3057 4837 3316 4894 restituit.
3384 4833 3612 4890 Mortem

2023 4931 2219 5003 quippe
2272 4939 2514 4987 nostram
2561 4931 2784 4986 omnino
2837 4930 2893 4985 in
2939 4945 2998 4986 se
3049 4930 3280 4995 delevit,
3333 4936 3389 4982 et
3443 4927 3612 4982 vitam

2027 5030 2304 5076 aeternam
2353 5021 2609 5078 restituit.
2655 5021 2735 5077 Eo
2765 5036 2917 5087 vero,
2967 5021 3112 5092 quod
3152 5026 3376 5090 peccato
3405 5014 3607 5079 caruit,

2027 5121 2277 5168 naturam
2316 5123 2582 5179 nostram,
2609 5121 2898 5181 antequam
2943 5117 3217 5176 peccaret,
3261 5107 3316 5160 in
3344 5120 3403 5160 se
3438 5103 3613 5159 mani-

2026 5199 2261 5257 festavit.
2295 5201 2354 5257 Si
2398 5203 2580 5273 itaque
2617 5203 3044 5259 calceamentum
3075 5195 3263 5263 Verbi.
3293 5207 3421 5246 caro
3443 5189 3611 5247 Verbi

2025 5301 2108 5348 est
2137 5333 2154 5358 ,
2221 5310 2326 5350 non
2393 5295 2688 5367 incongrue
2741 5289 3030 5361 corrigiam
3092 5281 3443 5341 calceamenti
3494 5279 3612 5348 ejus

2026 5389 2401 5456 subtilitatem,
2453 5399 2508 5444 et
2563 5385 2992 5457 investigabilem
3049 5379 3450 5454 perplexionem
3488 5385 3611 5447 my-

2023 5483 2312 5538 steriorum
2385 5479 2776 5538 incarnationis
2829 5476 3084 5546 intellige.
3139 5469 3308 5540 Cujus
3365 5465 3611 5542 mysterii

335 5573 437 5614 non
486 5561 812 5616 dubitabant
864 5565 1258 5634 praecessisse,
1303 5575 1396 5621 aut
1443 5566 1563 5624 illos
1611 5566 1755 5640 ipsos
1803 5585 1924 5624 sur-
2026 5571 2365 5634 altitudinem
2397 5573 2605 5630 solvere
2633 5568 2914 5638 indignum
2940 5581 2998 5622 se
3021 5577 3343 5638 praecursot'
3377 5563 3610 5637 judicat.

1219 5664 1222 5666 ⁷
1666 5658 1916 5716 VARIAE
1947 5659 2194 5721 LECTIO
2203 5663 2354 5720 NES.

406 5745 422 5776 ³
461 5745 596 5805 Cod.
630 5747 833 5825 θρόφοςι
908 5747 931 5779 ³
951 5747 1084 5807 COd.
1117 5749 1370 5808 Fariseis.
1447 5750 1467 5785 ⁸
1493 5751 1624 5808 Cod.
1650 5753 1920 5826 dijﬁm'tus.
