4178 6266
566 267 673 331 aer
766 356 775 357 γ
1761 356 1765 357 ί
1933 267 2219 341 ιθΑΝΝιε
2248 268 2451 327 scort
2818 312 2823 321 .

570 356 876 437 Notandum
903 365 1105 441 tamen,
1134 359 1276 430 quod
1302 357 1590 433 noudixit,
1632 377 1649 410 ‹
1685 356 1840 433 cujus
1861 362 2149 431 corrigiam
2183 363 2228 435 Α
2256 372 2531 417 crameuta
2549 362 2888 435 baptismatis
2903 352 3855 457 tlistribuun'turvelutiinJutlaeam;

570 446 925 520 calceatuemi
955 465 1056 505 non
1104 449 1307 507 solvam
1346 469 1397 525 l,‘
1440 448 1533 503 sed
1581 446 1760 503 dixit:
1816 470 1833 499 ί
1870 446 1986 505 Non
2037 467 2154 506 sum
2204 453 2311 507 “id
2351 464 2452 517 est,
2497 455 2547 508 in
2575 471 2758 508 veram
2796 454 3191 509 confessionem
3239 454 3362 510 fidei
3419 465 3473 511 et
3524 459 3749 513 actionis
3780 446 3849 516 cf

572 526 787 612 dignus,
824 551 885 595 ut
919 540 1118 595 solvam
1162 541 1448 609 corrigiam
1496 542 1852 613 calceamenti
1893 564 1933 598 ι.
1986 543 2155 599 Solvit

572 622 714 686 enim
767 630 853 686 ille
904 633 1157 701 mysteria
1211 633 1601 687 incarnationis
1647 632 1890 698 Christi,
1942 638 2155 705 quando

572 722 749 809 ipsum
776 722 1120 792 apertissime
1146 724 1509 779 manifestavit
1531 725 1749 789 mundo,
1775 724 2048 793 multaque
2091 729 2155 781 de

574 813 854 891 divinitate
897 823 950 868 et
996 815 1334 869 humanitate
1378 814 1546 887 ipsius
1590 815 1820 885 aperuit.
1874 815 2154 887 Indignum

573 890 751 967 tamen
772 908 840 963 ad
878 909 977 963 hoc
1010 892 1274 987 agendum
1314 926 1371 965 se
1406 920 1701 981 comparat.
1756 894 1939 965 Potest
1992 912 2153 965 etiam

569 1014 669 1068 per
695 984 1115 1054 calceamentqu
1134 984 1345 1055 'Christi
1369 992 1596 1055 visibilis
1622 1012 1870 1056 creatura
1892 1010 1947 1057 et
1969 1013 2154 1056 sancta

572 1088 852 1163 Scriptura
881 1074 1204 1161 significari;
1238 1088 1290 1145 in
1320 1092 1402 1147 his
1429 1093 1572 1146 enim
1603 1093 1825 1163 vestigia
1871 1109 1965 1147 sua
1992 1093 2154 1148 veluti

569 1178 735 1254 pedes
762 1200 887 1238 suos
913 1182 1102 1254 infigit.
1138 1184 1360 1237 Habitus
1386 1184 1584 1254 quippe
1615 1184 1774 1239 Verbi
1805 1195 1889 1240 est
1908 1196 2153 1240 creatura

570 1268 815 1340 visibilis,
850 1291 989 1346 quae
1012 1290 1133 1328 eum
1159 1282 1343 1343 aperte
1367 1276 1664 1344 praedicat,
1699 1272 2155 1343 pulchritudinem

573 1366 726 1419 Suam
752 1366 903 1420 nobis
940 1364 1307 1420 manifestans.
1341 1354 1568 1420 llabitus
1615 1382 1828 1437 quoque
1872 1368 1985 1439 ejus
2018 1368 2155 1423 facta

576 1468 661 1527 est
693 1456 995 1533 Scriptura,
1027 1473 1165 1525 quae
1210 1457 1323 1523 ejus
1351 1458 1603 1529 mysteria
1636 1458 1896 1523 continet,
1928 1476 2154 1529 quorum

576 1550 836 1611 omnimn,
868 1550 918 1603 id
947 1559 1048 1614 est,
1076 1558 1358 1603 creaturae
1386 1559 1440 1603 et
1471 1551 1683 1604 litterae
1719 1551 2029 1622 corrigiam,
2056 1553 2157 1605 hoc

574 1628 677 1707 est,
707 1640 1057 1696 subtilitatem
1084 1639 1291 1694 solvere
1314 1641 1587 1710 indignum
1618 1656 1675 1695 se
1706 1658 2024 1711 praecursor
2053 1642 2158 1697 exi-

2258 531 2536 606 scientiae,
2568 554 2623 598 et
2657 545 2709 598 in
2736 545 2952 598 domum
2977 545 3336 610 ohedieutiae,
3369 549 3469 605 hoc
3498 558 3598 615 est,
3638 550 3688 604 in
3719 536 3853 606 uni-t

2258 618 2423 687 tatem
2454 632 2727 688 Ecclesiae
2754 633 2953 689 divinis
2977 635 3183 706 legibus
3204 636 3506 692 obedientis
3530 636 3849 694 transduch

2250 724 2402 794 juxta
2432 723 2728 783 Jerusalem
2775 727 2948 796 posita
2981 735 3080 779 est.
3126 724 3420 781 Jerusalem
3466 730 3663 798 quippe
3712 729 3851 785 visio

2254 815 2397 882 pacis
2427 816 2810 885 interpretatur
2834 819 2880 871 b.
2902 816 3050 883 Quae
3069 817 3354 872 caelestem
3373 819 3642 875 civitatem
3673 821 3841 892 signi-

2258 902 2402 968 ﬁcat,
2435 906 2500 959 ad
2532 922 2692 976 quam
2736 899 2911 964 adhuc
2957 909 3189 983 humana
3222 917 3413 963 natura
3456 911 3843 981 non’pervenit‘

2255 996 2494 1062 omnino,
2534 997 2677 1067 quod
2721 1008 2841 1071 post
2885 998 3189 1074 generalem
3219 1000 3455 1055 omnium
3485 986 3836 1059 resuri'ectio-

2260 1103 2377 1140 nem
2431 1088 2669 1143 futurum
2710 1104 2830 1144 esse
2883 1090 3174 1152 credimus,
3212 1092 3427 1160 quando
3458 1094 3522 1147 ad
3573 1093 3837 1163 integram

2256 1164 2733 1247 pleuissimainque
2750 1179 2959 1233 divinae
2976 1177 3362 1247 speculationis
3387 1180 3614 1234 humana
3645 1191 3833 1236 natura

2258 1264 2647 1322 introducetur.
2708 1270 2898 1325 Adhuc
2944 1281 3118 1324 tamen
3168 1287 3274 1324 non
3329 1272 3484 1342 longe
3536 1288 3565 1326 a
3621 1274 3837 1328 caelesti

2256 1355 2431 1428 patria
2458 1360 2636 1423 distat,
2672 1361 2796 1415 dum
2830 1362 3005 1417 adhuc
3038 1362 3089 1415 in
3119 1377 3284 1417 carne
3317 1374 3560 1418 moratur
3589 1364 3640 1418 in
3683 1367 3840 1421 domo

2257 1450 2613 1508 obedientiae.
2644 1454 2718 1506 Ex
2744 1463 2894 1529 parte
2923 1455 3065 1509 enim
3100 1456 3385 1510 veritatem
3427 1457 3725 1529 cognoscit,
3759 1459 3847 1513 sui

2260 1544 2616 1613 redemptoris
2674 1546 2843 1614 gratia
2899 1544 3224 1609 illuminata;
3282 1560 3347 1598 ex
3400 1556 3555 1619 parte
3602 1546 3843 1619 prophej

2259 1640 2384 1699 tat,
2441 1634 2795 1690 iuvisibilibus
2852 1635 3107 1706 symbolis
3159 1636 3506 1709 mysticisque
3580 1638 3843 1696 doctrinis

573 1731 773 1784 Stitnat.
802 1729 915 1783 Duo
940 1731 1100 1798 pedes
1124 1728 1282 1783 Verbi
1313 1740 1456 1794 sunt,
1484 1747 1710 1800 quorum
1736 1748 1873 1787 unus
1895 1745 1977 1787 est
2004 1742 2157 1787 natu-
2192 1727 2233 1785 Β
2262 1739 2345 1789 ea,
2382 1740 2518 1793 quae
2568 1726 2633 1778 ad
2681 1741 2870 1794 purum
2911 1738 3012 1779 non
3073 1722 3337 1813 intelligit,
3382 1727 3708 1798 significans.
3758 1727 3841 1784 Ac

572 1820 699 1875 ralis
724 1820 861 1875 ratio
886 1820 1114 1875 visibilis
1136 1832 1438 1885 creaturae,
1478 1822 1619 1877 alter
1660 1824 1952 1894 spiritualis
1994 1824 2155 1879 intel-

569 1902 739 1967 lectus
786 1910 997 1965 divinae
1043 1910 1377 1982 Scripturae.
1434 1912 1585 1967 Unus
1638 1916 1833 1984 tegitur
1884 1915 2155 1970 sensibilis

575 1994 758 2079 tuendi
784 2002 1125 2083 settsibilihus
1156 2004 1362 2071 formis,
1398 2005 1533 2058 alter
1569 2006 1871 2060 divinorum
1918 2008 2152 2077 apicum,

574 2092 677 2150 inc
706 2078 810 2161 est,
843 2078 1240 2164 scripturarum
1260 2096 1563 2166 superficie.
1593 2098 1806 2152 Duobus
1826 2096 2023 2167 quippe
2044 2115 2155 2154 mo-

576 2185 659 2240 dis
673 2186 884 2240 divinae
911 2185 1046 2257 legis
1062 2188 1394 2256 cspositores
1430 2186 1853 2243 incarnationem
1882 2190 1970 2243 Dei
1994 2190 2151 2245 Verbi

574 2275 870 2330 insinuant.
901 2274 1136 2339 Ouorum
1163 2293 1300 2331 unus
1328 2286 1428 2345 est,
1458 2278 1547 2347 qui
1580 2278 1696 2347 ejus
1728 2280 2151 2335 incarnationem

570 2381 635 2420 ex
665 2366 899 2438 virgine,
930 2355 1035 2436 qua
1069 2367 1123 2422 in
1176 2368 1439 2421 unitatem
1486 2370 1819 2424 substantiae
1864 2371 2150 2426 humanam

568 2456 831 2512 ~naturam
857 2460 957 2514 sibi
980 2458 1266 2531 copulavit,
1304 2462 1510 2515 edocet.
1540 2461 1691 2516 Alter
1717 2472 1817 2524 est,
1852 2464 1941 2532 qui
1977 2463 2151 2532 ipsum

572 2538 810 2603 Verbum
825 2551 976 2620 quasi
993 2551 1453 2616 incarnatum,hoc
1469 2562 1567 2613 est,
1587 2554 1941 2608 incrassatum
1959 2554 2151 2609 litteris

572 2654 870 2721 rerumque
884 2644 1165 2698 visibilium
1182 2644 1370 2700 formis
1382 2654 1434 2699 et
1454 2643 1734 2700 ordinibus
1753 2646 1964 2700 asserit.
1984 2644 2150 2715 CETJJIS

569 2728 820 2789 biformis
838 2734 1181 2808 cal‘ccamenti
1204 2730 1435 2805 corrigia
1456 2747 1537 2792 cst
1561 2734 1785 2808 diligens
1810 2739 1859 2792 in
1882 2738 2149 2792 hisomni-

568 2820 676 2899 Lus
697 2826 941 2881 veritatis
966 2827 1241 2897 inquisitio
1264 2844 1326 2884 ac
1351 2828 1601 2899 perplexa
1619 2831 1902 2883 admodmn
1922 2831 2149 2899 vestiga-

566 2896 676 2982 iio,
719 2918 881 2991 Cujus
903 2919 1167 2975 solutione
1190 2918 1464 2991 indignum
1494 2938 1551 2976 se
1580 2924 2142 2992 praecursorjudicat.

572 3014 583 3028 ⁸
636 3007 859 3064 Haecin
880 3006 1136 3066 Bethania
1179 3012 1319 3081 facta
1369 3024 1485 3066 sunt
1513 3023 1657 3067 (rans
1699 3013 2009 3079 Iordanem,
2059 3016 2147 3069 ubi

2261 1832 2356 1886 per
2382 1815 2484 1870 hoc
2527 1816 2577 1870 in
2612 1817 2711 1869 hac
2737 1831 2838 1869 una
2892 1817 3152 1870 sententia
3199 1817 3559 1888 evangelistae
3611 1827 3722 1872 tres
3762 1818 3842 1875 ie-

2260 1911 2524 1973 rarchiac,
2565 1912 2664 1965 hoc
2693 1918 2794 1973 est,
2831 1911 2932 1963 tria
2960 1900 3257 1964 Sacerdotia
3290 1910 3514 1980 mystice
3560 1910 3840 1968 insinuan-

2238 2010 2365 2055 tur.
2408 2000 2643 2056 Priuqu
2681 2001 2942 2070 siquidem
2976 2002 3357 2066 sacerdotium,
3410 2002 3550 2069 quod
3580 2010 3696 2057 erat
3738 2003 3839 2060 sub

2256 2093 2394 2162 lege.
2430 2093 2590 2146 veluti
2618 2092 2875 2146 Bethania
2909 2091 3044 2145 ultra
3089 2088 3378 2147 effusiones
3418 2104 3516 2161 per
3561 2091 3841 2149 Chrismm

2256 2186 2461 2255 gratiae
2488 2196 2541 2239 et
2563 2184 2807 2238 veritatis
2832 2184 2883 2237 in
2916 2182 3062 2238 Novo
3088 2183 3438 2238 Testamento
3467 2185 3835 2238 constituitur.

2254 2274 2426 2342 Quod,
2459 2275 2817 2331 sacerdotium
2868 2276 3009 2338 dico,
3041 2272 3197 2341 longe
3251 2273 3318 2328 ab
3365 2271 3684 2337 Jerusalem,
3735 2274 3842 2328 hoc

2254 2378 2356 2430 cst,
2410 2383 2438 2419 a
2472 2367 2677 2421 visione
2728 2367 2875 2436 pacis
2904 2365 3160 2429 distabat,
3211 2373 3432 2433 propter
3482 2364 3709 2417 obscura
3756 2361 3841 2418 sui

2256 2462 2509 2532 mysteria
2542 2471 2591 2514 et
2622 2461 2689 2513 ad
2718 2457 3124 2526 intelligendum
3156 2453 3490 2519 difficillima,
3512 2456 3845 2525 propterque

2257 2552 2627 2606 mandatorum
2675 2548 2790 2619 ejus
2837 2548 3188 2603 densissimas
3226 2548 3503 2618 caligines,
3552 2555 3604 2603 et
3652 2564 3680 2602 a
3718 2547 3843 2605 tuee

2256 2642 2498 2697 veritatis
2522 2640 2678 2695 valde
2721 2642 2975 2695 remotas.
3030 2637 3334 2695 Secundum
3366 2639 3724 2695 sacerdotium
3752 2638 3843 2695 est

2255 2735 2306 2787 in
2334 2731 2479 2785 Novo
2505 2729 2880 2793 Testamento;
2913 2728 3055 2798 quod
3082 2745 3110 2782 a
3141 2729 3539 2799 praedicatione
3573 2738 3838 2798 praecur-

2254 2826 2394 2878 soris
2430 2823 2637 2893 incipit,
2677 2830 2732 2877 et
2782 2822 2834 2874 in
2886 2818 2991 2875 fine
3040 2821 3223 2874 mundi
3258 2818 3657 2885 terminabitur,
3692 2818 3841 2874 sicut

2256 2918 2330 2970 ait
2371 2914 2690 2982 Scriptura:
2729 2932 2747 2964 ‹
2789 2911 2901 2966 Lex
2927 2920 2981 2966 et
3005 2912 3302 2981 prophetae
3344 2924 3515 2979 usque
3564 2909 3627 2964 ad
3677 2906 3844 2964 Joan-

2257 3023 2397 3069 nem,
2425 3015 2479 3061 ct
2497 3007 2563 3059 ab
2589 3020 2653 3057 eo
2678 3018 2899 3073 regnum
2924 3001 3197 3057 caelorum
3228 3020 3273 3053 ι.
3297 3000 3449 3067 Quod
3478 2998 3847 3055 sacerdotiut‘n'

561 3104 676 3152 erat
700 3097 953 3154 Joannes
1003 3100 1290 3170 baptizans.
1317 3099 1482 3166 Haec,
1511 3102 1701 3171 inquit,
1733 3120 1870 3171 quae
1888 3103 2147 3159 hactenus

2258 3099 2448 3168 partim
2483 3095 2621 3148 lucet
2653 3094 2949 3148 clarissima
2996 3091 3242 3146 veritatis
3284 3091 3608 3162 cognitione,
3637 3090 3847 3161 partim

563 3176 707 3243 dicta
738 3199 863 3244 sunt
891 3204 923 3243 a
968 3204 1319 3258 praecursore
1350 3191 1415 3245 de
1437 3191 1715 3246 divinitate
1750 3192 1841 3245 Dei
1894 3190 2054 3246 Verbi
2098 3200 2153 3246 et

564 3268 923 3347 humanitate,
941 3282 1111 3351 deque
1133 3284 1501 3352 praecursoris
1532 3287 1699 3353 ipsius
1726 3287 2147 3355 praedicatione,

561 3371 980 3443 Pharisacisque
1025 3360 1386 3444 reSponsiohe,
1438 3377 1489 3429 in
1526 3378 1782 3432 Bethania
1830 3377 1969 3433 facta
2001 3388 2147 3446 sunt,

564 3446 715 3519 trans
748 3460 1060 3529 Jordaucm,
1093 3466 1191 3519 hoc
1227 3475 1309 3521 est
1356 3466 1492 3521 ultra
1524 3462 1833 3524 Jordanem.
1885 3469 2142 3526 Bethania

560 3548 951 3624 interpretatur
988 3554 1172 3609 domus
1204 3558 1520 3611 obedFentiae
1550 3573 1596 3612 υ.
1631 3560 1766 3615 Sunt
1797 3573 1977 3617 autem
2010 3565 2146 3621 duae

560 3632 886 3709 Bethaniae,
937 3660 1163 3714 quarum
1212 3665 1316 3701 una
1373 3648 1509 3703 ultra
1555 3649 1863 3715 Jordauem,
1899 3650 1984 3709 ubi
2031 3667 2148 3712 erat

560 3722 796 3789 Joannes
823 3733 1126 3805 baptizans,
1169 3740 1333 3793 aitera
1363 3740 1495 3793 infra
1517 3740 1824 3807 Jnt'dancm,
1850 3746 1961 3800 'uon
1992 3748 2149 3818 longe

562 3824 630 3879 ab
665 3822 985 3892 Jerusalem,
1014 3828 1103 3881 ubi
1131 3828 1384 3884 Dominus
1407 3830 1670 3886 Lazarum
1696 3836 1995 3891 suscitavit.
2043 3836 2148 3894 Sed

560 3913 696 3971 haec
723 3914 1031 3987 plenissima
1065 3920 1441 3991 mysteriorum
1490 3935 1634 3980 sunt.
1686 3920 1943 3984 Bethania
1984 3920 2149 4002 igitur

564 4010 716 4063 trans
738 4004 1024 4066 Jordanem
1060 4013 1387 4085 praefigurat
1417 4014 1643 4088 mystice
1669 4019 1953 4075 humanam
1987 4004 2150 4077 nattt-‘

560 4092 698 4164 ram,
724 4114 864 4169 quae
892 4100 1084 4157 domus
1122 4102 1483 4171 obedientiae,
1515 4107 1826 4177 priusquam
1870 4118 2141 4180 peccaret,

560 4188 705 4246 facta
729 4202 830 4248 est.
856 4190 935 4249 Ad
970 4194 1072 4252 hoc
1102 4197 1247 4251 enim
1276 4206 1480 4264 creata,
1527 4204 1584 4254 ut
1629 4199 1823 4257 divinis
1852 4192 2143 4271 mandatis,

559 4270 666 4339 sibi
689 4283 833 4340 intra
864 4298 1016 4357 septa
1044 4287 1302 4359 paradisi,
1327 4288 1429 4344 hoc
1452 4298 1554 4355 est,
1581 4291 1720 4346 intra
1748 4296 2015 4349 naturalia
2059 4270 2143 4351 sui

560 4372 703 4431 bona
728 4378 937 4434 traditis
963 4370 1309 4447 obediret,ne
1332 4396 1360 4436 a
1389 4385 1845 4453 contemplatione
1875 4394 1929 4441 et
1958 4400 2141 4442 amore

559 4465 835 4522 Creatoris
868 4469 973 4534 sui,
1005 4472 1069 4524 ad
1105 4469 1257 4539 cujus
1282 4472 1571 4544 imaginem
1621 4483 1802 4529 creata
1854 4487 1954 4539 est,
1989 4492 2140 4533 rece-

555 4554 742 4624 deret,
786 4560 881 4615 sed
911 4554 1122 4631 semper
1161 4560 1209 4617 ei
1261 4565 1599 4621 adhaereret.
1634 4566 1809 4624 Trans
1846 4566 2137 4627 Jordanem

556 4646 818 4739 Dethania
844 4650 1085 4705 humana
1131 4662 1320 4708 natura
1346 4655 1483 4709 ultra
1517 4654 1713 4712 fluenta
1757 4659 1969 4715 divinae
2014 4654 2138 4732 gra;

557 4737 682 4803 tiae,
714 4755 852 4808 quae
880 4750 1002 4811 post
1038 4739 1467 4799 incarnationem
1501 4746 1659 4801 Verbi
1694 4749 1745 4803 in
1794 4765 1911 4805 eam
1945 4748 2137 4808 diliusa

553 4839 696 4898 sunt,
725 4833 888 4889 veluti
918 4840 1155 4905 egestate
1187 4832 1490 4891 divinorum
1518 4838 1781 4894 bonorum
1810 4851 1866 4897 et
1892 4844 2137 4900 siccitate

549 4918 837 4979 infusionis
883 4925 1179 4993 sapientiae
1231 4926 1471 4981 confecta
1524 4930 1811 4986 residebat.
1869 4930 2137 4991 Bethania

547 5021 679 5067 vero
722 5012 776 5067 in
817 5012 1017 5069 Judaea
1052 5015 1186 5070 citra
1226 5000 1517 5073 Jordane'm
1536 5019 1690 5089 juxta
1719 5019 2017 5078 Jerusalem
2045 5039 2132 5079 ea-

552 5100 675 5159 dem
720 5110 931 5174 natura,
960 5122 1061 5178 per
1091 5107 1516 5164 incarnationem
1551 5109 1708 5167 Verbi
1739 5112 1832 5168 Dei
1885 5103 2135 5184 liberata,E

543 5205 600 5257 et
624 5212 722 5270 per
748 5197 948 5256 ﬂuenta
975 5199 1188 5256 divinae
1218 5203 1443 5271 gratiae,
1479 5218 1618 5272 quae
1645 5204 1893 5274 primitus
1925 5223 2022 5276 per
2047 5223 2133 5261 sa-

2255 3189 2574 3242 obscuratur
2610 3186 2662 3239 in
2709 3185 2989 3263 symbolis.
3018 3184 3275 3263 Symbola
3305 3193 3485 3239 autem
3532 3182 3663 3239 Novi
3706 3182 3844 3263 Tes-f

2256 3278 2474 3333 tamenti
2510 3277 2822 3347 principalia
2866 3260 2976 3332 tres
3005 3256 3207 3334 uit-cat
3243 3284 3395 3342 sant,
3443 3276 3545 3330 hoc
3580 3283 3681 3342 est,
3721 3256 3841 3333 tres’

2255 3370 2514 3439 mysticae
2545 3369 2772 3432 hostiae,
2801 3383 3028 3437 quarum
3052 3372 3152 3422 una
3180 3366 3517 3436 baptismatis
3538 3364 3841 3429 est,altcra‘

2253 3465 2506 3528 σύνὰξεως
2536 3462 2578 3522 ¹.
2624 3462 2724 3517 hoc
2751 3470 2852 3528 est,
2887 3460 3281 3516 communionis
3325 3458 3565 3526 corporis
3617 3454 3841 3512 Domini

2251 3565 2304 3610 ct
2335 3555 2631 3625 sanguinis,
2668 3555 2827 3609 tertia
2852 3554 2906 3608 iu
2932 3540 3189 3624 mysterio
3216 3550 3543 3606 chrismatis.
3582 3544 3831 3603 Tertium

2253 3648 2610 3702 sacerdotium
2634 3649 2686 3700 in
2709 3648 2885 3701 futura
2915 3647 3020 3701 vita
3051 3644 3427 3709 celebrabitur,
3458 3642 3515 3696 in
3549 3658 3653 3713 qua
3684 3641 3831 3697 nulla

2252 3738 2517 3810 symbola,
2550 3738 2692 3793 nulla
2721 3736 3011 3810 figurarum
3044 3736 3366 3801 obscuritas,
3397 3734 3489 3790 sed
3518 3740 3631 3789 tota
3662 3748 3829 3803 appa-

2251 3830 2390 3885 rebit
2419 3830 2715 3886 clarissima
2751 3830 2972 3886 veritas.
3018 3830 3249 3905 ideoque
3287 3826 3646 3884 sacerdotium
3694 3818 3833 3880 Novi

2253 3923 2584 3979 TeStamenti
2615 3924 2958 3997 medietatem
3000 3918 3265 3991 quandam
3297 3920 3435 3975 inter
3480 3917 3835 3988 praeteritum

2250 4010 2404 4087 legis,
2431 4024 2485 4071 et
2514 4012 2752 4071 futurum
2780 4017 2969 4070 beatae
3008 4012 3153 4068 vitae
3179 4012 3386 4068 obtinet
3418 4012 3462 4066 ².
3513 4008 3570 4067 ln
3610 4012 3831 4081 quibus-

2249 4108 2368 4161 dam
2412 4106 2606 4177 quippe
2648 4102 3295 4160 veritatem‘considerat
3348 4100 3406 4156 ut
3457 4101 3721 4164 futurum,
3774 4096 3837 4156 iti"

2246 4190 2564 4264 quibusdam
2612 4195 2665 4250 in
2697 4195 3014 4250 ministeriis
3060 4193 3302 4250 celebrat
3344 4201 3406 4247 ut
3453 4188 3835 4262 praeteritum.’

2245 4286 2502 4342 Bethania
2544 4289 2725 4356 itaque
2766 4296 2914 4341 trans
2945 4284 3237 4342 Jordanem
3265 4274 3626 4341 sacerdotium
3670 4282 3826 4353 legis,

2246 4378 2503 4433 Bethania
2536 4380 2670 4433 citra
2700 4368 3008 4441 Jordanem,
3053 4392 3159 4431 non
3202 4374 3358 4447 longe
3401 4375 3467 4429 ab
3503 4373 3824 4439 Jerusalem,

2245 4471 2602 4527 sacerdotium
2635 4472 2860 4540 gratiae,
2889 4469 3192 4525 Jerusalem
3216 4467 3552 4537 praefigurat
3582 4463 3822 4518 futuram

2243 4563 2518 4618 beatorum
2571 4563 2756 4617 vitam.
2806 4561 2861 4616 In
2918 4562 3225 4617 sacerdotio
3273 4559 3437 4630 igitur
3480 4556 3611 4626 legis
3665 4553 3820 4623 quasi

2243 4664 2391 4708 trans
2418 4646 2704 4709 Jordanem
2743 4654 2840 4709 sub
2870 4653 2987 4724 lege
3017 4665 3238 4707 naturae
3264 4636 3318 4703 et
3349 4647 3449 4703 sub
3472 4646 3586 4715 lege
3615 4643 3817 4711 scripta

2241 4747 2450 4801 erudita
2488 4756 2572 4801 est
2606 4756 2662 4801 et
2692 4754 2935 4801 correcta
2981 4745 3093 4814 ipsa
3143 4743 3380 4797 humana
3426 4745 3639 4798 natura,
3679 4746 3818 4803 quae

2240 4828 2527 4907 imaginem
2560 4835 2656 4891 Dei
2689 4846 2810 4907 post
2838 4832 3352 4905 praevaricationem
3385 4828 3438 4881 in
3476 4840 3534 4881 se
3561 4826 3819 4880 obscura-

2243 4930 2317 4984 vit
2352 4942 2451 5000 per
2487 4930 2730 4984 Veritatis
2760 4922 3157 4999 ignorantiam,
3192 4930 3247 4977 ct;
3289 4917 3679 4976 contaminavit
3719 4929 3820 4984 per

2241 5025 2431 5076 rerum
2461 5019 2830 5092 temper-alium
2860 5010 3373 5087 concupiScentiam.
3423 5011 3482 5066 In
3510 5006 3820 5066 sacerdotio

2241 5111 2375 5167 Novi
2403 5111 2732 5167 Testameuti
2781 5112 2878 5168 sub
2903 5109 3119 5167 Christo
3137 5104 3337 5163 eadem
3375 5114 3569 5160 natura
3614 5099 3829 5158 illumi-i

2239 5216 2383 5270 nata,
2414 5216 2466 5259 et
2491 5207 2590 5261 sub
2611 5206 2726 5277 lege
2751 5206 2958 5277 gratiae
2985 5198 3237 5291 educata,
3260 5209 3314 5291 et
3355 5198 3538 5281 futuro
3566 5188 3831 5285 sacerdot'

1850 5295 2109 5354 VARIAE
2145 5298 2544 5355 LECTlONES.

613 5358 636 5393 ⁸
666 5358 808 5417 Cod.
830 5362 1100 5432 agnati”.
1175 5362 1198 5395 ³
1234 5362 1369 5418 Cod.
1391 5363 1604 5432 optinet.

620 5510 645 5538 ι
680 5498 1038 5574 ῌίθτοηγῐηυε
1068 5522 1081 5557 :
1114 5503 1389 5570 Bethania,
1427 5504 1616 5558 domus
1646 5501 1937 5574 aﬂlictionis
1984 5502 2115 5571 ejus,

543 5566 620 5620 tie!
658 5569 844 5623 domm
880 5566 1218 5628 bbediemiae.
1264 5566 1526 5629 Bethania
1575 5566 1849 5630 derivatur
1890 5588 1918 5627 a
1958 5566 2126 5632 vcrbo

539 5644 646 5727 ηεξ
676 5640 985 5706 respondere
1002 5682 1017 5710 ,
1047 5643 1277 5709 obedire,
1305 5646 1579 5719 depressus
1606 5661 1735 5701 esse.
1820 5680 1825 5683 λ

2051 5394 2302 5497 noras.

2299 5505 2325 5544 b
2355 5503 2411 5558 S.
2453 5505 2808 5577 Hieronymus
2833 5523 2846 5558 :
2872 5484 3236 5574 Jerosolyma,
3258 5501 3381 5577 visio
3403 5499 3566 5567 pacis.
3675 5492 3811 5577 ξρα-

2228 5585 2316 5631 tus
2371 5590 2557 5630 vocem
2610 5562 2751 5629 infra
2795 5562 3184 5647 interpreta'iur
3208 5562 3455 5641 templum
3491 5569 3655 5639 pacis.
3685 5562 3808 5620 Vox

2208 5666 2506 5723 derivatur
2535 5682 2566 5723 a
2752 5677 2891 5727 nm.
