4178 6266
271 281 276 286 .
331 189 461 255 309'

1419 197 1774 255 COMMENT.
1817 199 1884 253 ΙΝ
1925 197 2175 254 EVANG.
2220 199 2367 258 SEC.
2409 201 2598 259 JOAN.

3525 206 3633 262 510

333 313 412 368 lio
439 309 603 386 veluti
649 308 894 379 proxima
925 315 1088 376 atque
1129 304 1365 375 perfecta
1407 307 1550 362 facta
1597 315 1702 373 est,
1737 307 1933 372 iliumi-
1961 313 2158 370 A-dcm
2191 314 2402 383 pupulis
2433 313 2815 382 manifestarit,
2867 315 3091 370 dicens:
3127 333 3145 364 ι
3179 313 3276 370 Hic
3297 323 3435 382 erat,
3465 329 3628 386 quem

334 415 465 458 nata
501 401 719 472 quidem
749 414 844 469 per
871 397 1050 474 ﬁdem,
1092 398 1317 452 educata
1347 413 1475 454 vero
1519 415 1617 468 per
1663 415 1834 468 spem,
1880 408 1936 454 et

337 493 592 562 proxima
647 489 784 544 facta
835 489 1052 543 divinae
1104 487 1294 542 visioni
1345 505 1441 558 per
1487 491 1810 555 caritatem,
1880 489 1933 542 in

337 589 606 656 quantum
665 583 963 636 divinarum
1042 579 1508 652 intelligendat‘ttm
1573 581 1966 638 sublimitates.

338 675 522 732 adhuc
547 677 598 730 in
625 693 784 732 carne
817 677 990 748 posita
1017 677 1210 730 sinitur
1233 687 1539 748 penetrare.
1569 677 1674 732 Sed
1695 680 1740 732 si
1769 693 1938 747 quae—

342 772 418 824 ris
451 771 639 824 harum
673 769 830 842 trium
877 767 1075 840 legum,
1106 771 1370 824 naturalis
1401 771 1542 834 dico,
1575 781 1628 826 ct
1677 773 1936 843 scriptae,

340 873 392 918 et
413 849 617 936 gratiae
650 861 1037 928 ditiiu'entiam,
1070 865 1306 920 breviter
1347 857 1628 936 cognosce.
1679 855 1792 920 Lex
1843 883 1941 920 na-

341 937 490 1030 turae
525 963 630 1020 est,
659 970 800 1024 quae
831 951 1080 1027 imperat,
1113 971 1299 1010 onmes
1341 959 1588 1012 homines
1619 974 1676 1014 se
1707 959 1938 1014 invicem

303 1079 310 1084 .
342 1045 646 1114 aequaliter
665 1039 922 1114 diligere,
956 1055 1012 1098 ut
1036 1047 1488 1114 quemadmodum
1516 1065 1618 1102 una
1643 1035 1964 1117 eademque

344 1135 538 1192 natura
574 1139 828 1208 omnibus
867 1141 1133 1204 idem,'ita
1165 1151 1219 1194 et
1261 1135 1564 1196 communis
1607 1144 1846 1196 omnium
1878 1142 1946 1197 ab

345 1231 605 1304 omnibus
637 1231 855 1284 dilectio
883 1231 994 1284 fiat.
1023 1229 1128 1285 Lex
1161 1223 1358 1302 scripta
1403 1247 1506 1298 cst,
1538 1251 1674 1304 quae
1699 1221 1968 1304 prohibet

349 1315 528 1390 legem
563 1332 789 1376 naturae
820 1313 1029 1386 violari,
1058 1333 1108 1376 ct
1142 1325 1400 1378 discernit
1447 1326 1588 1380 inter
1633 1327 1862 1380 virtutes
1891 1333 1946 1379 et

353 1397 509 1476 vitia,
539 1421 586 1466 et
627 1412 850 1480 ﬁguram
881 1411 1010 1484 legis
1037 1417 1244 1484 gratiae
1276 1417 1434 1484 gerit.
1471 1417 1750 1488 Ipsumque
1777 1419 1946 1488 legem

355 1507 616 1576 scriptam
649 1506 765 1558 dico
791 1503 1112 1572 adjutorium
1142 1523 1262 1561 esse
1285 1507 1418 1578 legis
1441 1520 1686 1574 naturae,
1715 1521 1792 1570 ut,
1818 1525 1951 1580 quo-

355 1597 498 1652 niam
528 1597 612 1652 lex
635 1609 861 1652 naturae
891 1615 987 1668 per
1012 1615 1068 1652 se
1102 1600 1274 1668 ipsam
1299 1583 1638 1656 solummodo
1657 1604 1950 1658 humanam

2042 406 2282 458 dicebam
2312 405 2464 460 vobis
2495 425 2538 458 ι.
2593 405 2748 462 Nunc
2791 415 2994 474 autem,
3027 406 3190 462 veluti
3217 409 3452 480 secunda
3487 411 3630 466 noti-

2043 497 2138 560 tia,
2175 497 2345 548 altera
2376 497 2482 561 die,
2516 495 2600 550 vel
2647 496 2746 550 alia
2811 497 2918 562 die,
2967 498 3114 552 videt
3158 495 3392 552 Joannes
3443 497 3630 556 Jcsum

2041 579 2344 642 ve..ientent
2390 589 2456 642 ad
2502 603 2578 642 se.
2621 587 2828 658 Duplici
2857 590 3122 652 contuitu,
3152 590 3352 644 mentis
3385 587 3632 646 videlicet

2043 675 2097 752 et
2140 679 2423 750 corporis,
2465 679 2700 734 Joannes
2743 696 3067 750 praecursor
3113 681 3396 734 Dominum
3445 696 3628 748 suum,

2044 790 2202 843 quem
2237 773 2640 842 praecurrebat,
2669 773 2944 842 cognoscit
2973 773 3273 827 venientem
3303 773 3369 826 ad
3399 788 3480 840 se,
3521 787 3632 834 non

2045 866 2216 920 solum
2242 866 2486 934 corporis
2510 865 2808 936 gressibus,
2847 881 3034 920 verum
3059 864 3334 920 interioris
3355 881 3484 920 suae
3506 879 3634 922 con-

2045 957 2411 1024 templationis
2455 958 2780 1012 accessibus.
2847 955 3003 1020 Jesus
3040 957 3183 1010 venit
3227 957 3293 1012 ad
3337 957 3628 1014 Joannem.

2046 1050 2206 1104 Venit
2230 1049 2393 1119 igitur
2414 1045 2568 1104 Jesus
2591 1049 2658 1104 ad
2689 1047 2974 1112 Joannem,
3015 1049 3115 1102 hoc
3141 1058 3244 1113 est,
3275 1049 3526 1120 dignatus
3553 1055 3638 1102 est

2047 1142 2300 1214 cognosci
2329 1141 2398 1196 ab
2435 1139 2641 1196 Joanne
2697 1142 2990 1195 scentulum
3023 1141 3358 1194 divinitatem
3390 1156 3544 1196 suam
3579 1147 3636 1196 ct

2048 1234 2463 1292 humanitatem.
2497 1233 2564 1288 Et
2587 1233 2661 1286 ait
2692 1251 2702 1284 :
2741 1232 2871 1285 Ecce
2899 1233 3075 1302 Agnus
3103 1231 3216 1296 Dei,
3242 1247 3354 1284 ecce
3390 1232 3477 1302 qui
3504 1231 3637 1288 {obit

2049 1339 2318 1398 percarum
2357 1326 2562 1380 natandi.
2612 1323 2894 1378 Manifesta
2941 1340 3062 1378 eum
3108 1323 3316 1394 populis
3341 1321 3636 1400 praedicat,

2053 1421 2178 1492 dum
2204 1419 2376 1473 dicit:
2425 1438 2442 1470 ε
2475 1418 2612 1472 Ecce
2663 1415 2847 1486 Agnus
2901 1416 2993 1470 Dei
3031 1435 3074 1469 ι.
3145 1415 3377 1470 Verbum
3426 1409 3520 1466 Dei
3569 1404 3638 1460 ab

2053 1511 2260 1568 Joanne
2310 1512 2495 1578 Agnus
2541 1509 2873 1562 nontinatur.
2931 1507 3048 1576 Ipse
3096 1507 3238 1562 enim
3285 1515 3437 1570 erat,
3480 1516 3642 1572 quem

2058 1605 2324 1674 mysticus
2364 1602 2550 1672 Agnus
2581 1601 2630 1654 in
2659 1599 2774 1668 lege
2815 1599 3230 1669 praeﬁgurabat.
3271 1596 3379 1650 Nec
3419 1593 3640 1658 tnirum,

353 1699 600 1743 naturam
629 1689 904 1757 corrigere
923 1691 1506 1756 non'valuit,violentia
1537 1695 1669 1762 legis
1692 1681 1948 1764 scriptae,
1981 1677 2026 1736 Β
2056 1697 2100 1749 si
2125 1695 2313 1748 umbra
2337 1693 2678 1763 praedicatur
2704 1692 2768 1746 de
2791 1691 3038 1746 veritate.
3075 1687 3275 1744 Umbra
3313 1697 3428 1742 erat
3453 1684 3650 1756 legalis.

349 1794 490 1849 quae
537 1777 878 1848 prohibenda
939 1789 1084 1846 sunt,
1138 1791 1441 1848 coerceret,
1488 1790 1542 1836 et
1593 1800 1730 1853 quae
1789 1783 1957 1836 adim-

347 1871 564 1944 plenda,
615 1874 854 1928 doceret.
891 1875 946 1928 ln
999 1887 1206 1932 tantum
1250 1880 1446 1950 quippe
1499 1880 1582 1934 lex
1635 1875 1863 1934 naturae
1903 1881 1956 1934 in

351 1959 659 2021 heminibns
707 1983 845 2035 pene
897 1967 1094 2020 abolita
1130 1980 1230 2028 cst.
1289 1980 1348 2022 ut
1395 1987 1570 2040 neque
1617 1973 1955 2024 conditorem

354 2075 508 2114 suum
537 2069 908 2130 cognosceret,
930 2074 1101 2130 neque
1133 2061 1277 2115 inter
1292 2062 1523 2116 virtutes
1552 2073 1604 2116 et
1629 2064 1754 2116 vitia
1791 2063 1954 2116 ullam

358 2149 713 2206 differentiam
765 2151 964 2204 habere
1011 2161 1210 2219 posset.
1265 2153 1373 2206 Lex
1421 2155 1630 2223 gratiae
1682 2165 1784 2216 est,
1813 2143 1959 2224 quae

365 2245 516 2296 docet
549 2261 652 2298 non
694 2245 866 2296 Solum
926 2245 1174 2298 homines
1215 2231 1278 2298 se
1320 2246 1548 2298 invicem
1603 2246 1850 2316 diligere,
1906 2251 1962 2300 et

366 2335 591 2388 virtutes
614 2345 666 2388 ct
693 2337 822 2388 vitia
859 2337 1136 2398 di~cernit,
1171 2353 1358 2390 verum
1389 2337 1550 2390 etiam
1592 2355 1753 2406 supra
1801 2339 1958 2400 haec,

370 2429 512 2496 quod
570 2428 666 2479 soli
723 2427 934 2480 divinae
996 2429 1202 2497 gratiae
1251 2431 1502 2498 possibile
1553 2439 1658 2494 est,
1712 2447 1810 2498 pro
1865 2433 1961 2486 lto-

373 2517 612 2570 tuinibns
667 2533 772 2570 non
827 2519 996 2571 solum
1052 2518 1230 2582 ἰωῆς,
1260 2535 1446 2572 v-.-ram
1493 2523 1652 2574 etiarn
1691 2533 1744 2574 ct
1785 2521 1958 2584 malis,

369 2609 413 2663 si
445 2624 668 2676 necesse
707 2620 812 2673 est,
849 2610 1002 2662 lltttl‘i.
1065 2609 1238 2676 Quam
1289 2611 1460 2679 legent
1513 2611 1760 2664 Christus
1807 2613 1857 2665 ia
1907 2628 1966 2668 se

366 2699 484 2770 ipso
529 2700 868 2770 aditnplrvit,
923 2701 1140 2770 quando
1197 2719 1301 2754 non
1337 2701 1508 2756 solum
1566 2719 1662 2772 pro
1717 2704 1964 2757 omnibus

365 2791 698 2856 hominibus,
731 2808 916 2846 verum
948 2794 1108 2845 ctia'a
1143 2809 1242 2861 pro
1295 2795 1544 2848 (:ntnibus
1571 2795 1616 2846 i..
1645 2795 1744 2862 piis
1773 2810 1963 2864 passus

365 2893 469 2938 est.
499 2881 594 2935 Ubi
623 2873 732 2936 erat
777 2881 1014 2938 Joannes
1053 2885 1347 2950 bajrtiziins.
1387 2887 1621 2940 Joannes
1655 2887 1964 2955 imptizabat

369 2987 522 3034 trans
551 2965 864 3042 Jordancm,
885 2981 1102 3044 merito,
1119 2981 1241 3048 quia
1261 2981 1435 3034 adhuc
1458 2997 1638 3035 verum
1668 2983 1960 3052 haptisn‘ta,

2057 1777 2262 1856 Agnus,
2295 1787 2497 1840 veritas
2527 1793 2662 1854 erat,
2694 1800 2754 1838 ac
2796 1784 2960 1838 veluti
2991 1782 3260 1852 quoddam
3299 1795 3494 1848 corpus
3525 1794 3643 1832 tnu-

2059 1881 2210 1942 brac,
2242 1877 2397 1930 Jesus
2427 1875 2695 1930 Christus.
2731 1875 2915 1946 Agnus
2948 1888 3161 1942 quoque
3194 1872 3504 1926 nominatur
3541 1883 3648 1924 non

2061 1957 2523 2025 ita-atimnthilitet'.
2576 1966 2698 2020 Tria
2744 1949 2887 2020 enim
2933 1966 3117 2036 Agnus
3159 1961 3556 2033 possidentibus
3589 1972 3650 2014 se

2061 2063 2333 2116 ministrat
2371 2079 2380 2112 :
2416 2059 2518 2124 lac,
2561 2059 2761 2124 lanam,
2801 2072 2952 2110 esum
3003 2071 3216 2126 quoque
3261 2069 3392 2109 suae
3438 2052 3642 2108 carnis.

2061 2155 2324 2209 Dntttlttlls
2357 2163 2540 2207 noster
2575 2151 2919 2206 credentibus
2963 2165 3020 2204 se
3063 2151 3376 2203 indumenta
3411 2153 3652 2218 praestat

2061 2251 2344 2310 virtutum,
2379 2247 2534 2311 lacte,
2588 2246 2688 2300 hoc
2728 2255 2830 2310 est,
2863 2244 3092 2314 simplici
3124 2243 3372 2297 doctrina
3403 2241 3652 2296 veritatis

2063 2357 2157 2394 eos
2185 2341 2374 2404 nutrit,
2407 2347 2460 2394 et
2496 2339 2560 2392 ad
2591 2337 2886 2408 perfectam
2915 2353 3092 2392 escam
3120 2335 3334 2388 divinae
3362 2347 3492 2388 suae
3516 2347 3650 2386 con-

2063 2437 2430 2508 tetrplationis
2469 2435 2734 2506 perducit.
2778 2433 2962 2508 Agtms
3009 2431 3206 2486 dicitur
3243 2429 3490 2485 Christus
3531 2426 3650 2492 Dei,

2063 2531 2188 2602 quia
2227 2546 2320 2598 pro
2353 2528 2498 2580 (nnni
2529 2526 2729 2582 mundo
2753 2524 3063 2578 immolatus
3089 2531 3194 2586 est,
3225 2521 3450 2588 ideoque
3473 2515 3654 2586 sequi-

2067 2633 2187 2676 tur:
2231 2621 2364 2674 Ecce
2393 2620 2480 2688 qui
2504 2616 2638 2670 tollit
2667 2625 2934 2686 peccatum
2970 2615 3170 2667 ntundi.
3211 2611 3392 2674 Tollit,
3423 2611 3516 2674 ait,
3543 2619 3654 2664 non

2063 2715 2128 2766 (ie
2167 2712 2284 2764 loco
2321 2710 2388 2762 ad
2420 2707 2622 2774 loctnn,
2661 2705 2748 2760 vel
2786 2706 2850 2760 de
2893 2713 3138 2776 tempore
3177 2702 3230 2756 in
3275 2711 3514 2770 tempus,
3557 2695 3656 2756 sed

2064 2802 2282 2856 omnino
2315 2798 2470 2860 tollit,
2505 2813 2570 2850 ne
2599 2795 2820 2852 omnino
2849 2793 2941 2858 sit,
2975 2801 3028 2846 et
3057 2807 3154 2862 per
3196 2805 3326 2846 suae
3371 2785 3654 2848 sanctissie-

2069 2909 2186 2946 uiae
2245 2890 2426 2945 carnis
2480 2885 2916 2942 interen'ttionem
2974 2881 3196 2938 omnino
3243 2889 3416 2934 totum
3467 2875 3656 2938 mundi

2068 2992 2348 3056 peccatum
2390 2979 2669 3035 interimit.
2725 2976 3016 3030 Peccatum
3043 2971 3232 3028 mundi
3257 2972 3450 3026 dicitur
3491 2968 3656 3042 origi-y

367 3061 515 3142 quod
563 3071 758 3124 liberat
806 3079 969 3124 totam
1005 3073 1290 3126 humanam
1323 3083 1570 3126 naturam
1627 3090 1730 3127 non
1783 3074 1958 3128 solum
1991 3043 2034 3104 C
2069 3079 2188 3132 nale
2217 3084 2518 3148 peccatum,
2544 3071 2682 3142 quod
2709 3085 2996 3126 commune
3021 3076 3106 3124 est
3127 3067 3291 3122 totius
3322 3065 3530 3130 mundi,
3553 3063 3658 3120 hoc

368 3168 436 3222 de
466 3167 714 3242 originali
747 3177 984 3235 peccato,
1007 3183 1190 3222 verum
1217 3169 1376 3240 etiam
1405 3169 1468 3220 de
1491 3169 1724 3236 propriis
1748 3168 1962 3224 delictis

363 3258 418 3312 in
457 3257 565 3312 his.
598 3257 687 3326 qui
729 3257 960 3310 subeunt
1007 3257 1153 3318 illud,
1201 3274 1306 3312 non
1343 3258 1600 3322 habebat,
1639 3260 1732 3312 sed
1765 3259 1964 3313 solume

361 3353 522 3406 modo
551 3351 714 3404 veluti
745 3353 843 3404 sub
879 3351 1048 3420 figura
1076 3352 1304 3424 quadam
1335 3353 1560 3420 perfecti
1595 3354 1960 3422 baptismatis,

361 3444 498 3518 quod
535 3443 588 3494 in
617 3441 840 3496 Christo
867 3446 1211 3498 subs-centum
1245 3453 1346 3506 est,
1380 3445 1430 3498 in
1463 3444 1575 3498 sola
1605 3461 1742 3513 aqua
1786 3444 1960 3514 bapti-

363 3534 536 3592 labat.
569 3534 720 3588 Ultra
749 3535 913 3604 igitur
937 3534 1226 3592 Jordanmn
1255 3537 1588 3606 baptizabat,
1617 3538 1670 3592 id
1693 3546 1794 3599 est,
1821 3537 1962 3592 ultra

365 3625 666 3680 divinorum
701 3627 964 3680 donorum
987 3627 1206 3692 ﬂuenta,
1232 3644 1370 3698 quae
1396 3629 1636 3684 nOndum
1667 3630 1716 3682 in
1746 3629 1962 3684 Christo

367 3718 756 3794 inclinaverunt
819 3723 876 3776 in
941 3723 1232 3777 humanam
1291 3733 1542 3780 naturam
1610 3725 1958 3782 descendere.

365 3809 600 3868 Joannes
645 3823 763 3870 erat
831 3826 983 3872 trans
1037 3815 1352 3882 Jordanem,
1421 3819 1678 3887 quoniam
1725 3819 1964 3878 Joannes

369 3899 600 3975 ﬁguram
627 3905 760 3976 legis
785 3915 1026 3974 naturae,
1057 3923 1266 3964 necnon
1295 3916 1350 3962 et
1383 3907 1516 3978 legis
1561 3909 1796 3979 scriptae
1841 3926 1962 3980 ges-

371 3996 544 4050 tabat.
593 3996 702 4052 Lex
746 3999 944 4068 quippe
989 4008 1220 4056 naturae
1271 4000 1326 4054 in
1381 3998 1590 4056 Joanne
1627 4001 1962 4072 praefigura—

363 4088 546 4146 batur.
563 4089 702 4146 Nam
729 4093 944 4161 quisub
963 4092 1082 4163 lege
1111 4102 1336 4148 naturae
1359 4093 1562 4164 degunt
1591 4093 1676 4162 pie
1709 4103 1764 4149 et
1787 4103 1958 4162 caste,

369 4181 626 4250 omnique
650 4182 888 4236 carnalis
915 4183 1344 4240 conversationis
1381 4183 1704 4254 contagione
1736 4193 1958 4246 remote,

369 4271 538 4326 veluti
587 4273 640 4326 in
698 4274 931 4342 quadam
989 4273 1280 4330 solitudine
1337 4275 1644 4330 divinarum
1703 4276 1964 4330 virtutum

371 4365 578 4420 debent
605 4367 804 4432 vivere,
832 4377 888 4422 ut
931 4367 1188 4424 Joannes.
1219 4368 1414 4438 Legem
1447 4383 1661 4437 quoque
1705 4368 1960 4436 scriptam

371 4457 612 4514 Joannes
622 4459 910 4530 signiﬁcat.
926 4461 1184 4530 quoniam
1201 4461 1370 4530 ipsius
1397 4461 1520 4514 linis
1533 4470 1646 4526 est;
1673 4480 1690 4509 ι
1715 4460 1797 4514 lex
1815 4460 1962 4514 enim

370 4555 428 4604 et
445 4549 742 4620 prophetae
763 4567 936 4620 usque
960 4553 1028 4606 ad
1064 4537 1328 4606 Joannem
1365 4577 1405 4604 ι.
1425 4551 1690 4618 Quoaiam
1713 4567 1836 4606 vero
1853 4565 1962 4604 non

369 4640 542 4696 solum
573 4643 860 4710 propheta,
891 4659 1074 4698 verum
1109 4643 1276 4698 etiam
1327 4643 1706 4700 manifestatur
1758 4642 1966 4698 Christi

370 4729 548 4790 factus
573 4743 682 4799 est,
709 4750 814 4790 non
847 4736 1006 4790 modo
1029 4735 1202 4805 tegent
1241 4735 1510 4804 signiﬁcat
1551 4734 1753 4796 solam,
1787 4733 1884 4790 sed
1909 4740 1964 4788 et.

373 4823 1064 4897 Evangeliuntetgratiam.
1091 4827 1320 4896 Ideoque
1343 4827 1589 4896 sequitur
1613 4844 1628 4878 :
1655 4843 1673 4878 ι
1711 4825 1776 4880 Et
1803 4825 1872 4880 ab
1897 4838 1963 4880 eo

375 4929 604 4988 regnum
634 4919 910 4982 caelorum
943 4939 968 4984 ⁷ι»
999 4937 1012 4984 ;
1039 4934 1106 4978 ac
1125 4919 1174 4980 si
1197 4917 1452 4984 dixisset:
1483 4916 1542 4972 1n
1563 4915 1962 4980 Joanne,veluti

381 5008 614 5076 quodam
651 5009 910 5074 confinio,
944 5019 1000 5064 et
1027 5011 1111 5062 lex
1139 4993 1338 5072 finitur,
1371 5019 1424 5064 et
1451 5007 1814 5061 manifestatio
1838 5021 1962 5075 gra-

375 5099 504 5162 tiae,
543 5117 704 5170 quam
729 5117 960 5172 regnum
981 5103 1256 5158 caelorum
1289 5110 1466 5164 vocat,
1509 5099 1576 5152 ab
1597 5115 1662 5154 eo
1687 5097 1958 5167 incipitur.

442 5195 622 5248 Altera
651 5198 755 5262 die,
795 5197 899 5260 vel,
933 5205 992 5251 ut
1028 5199 1080 5252 in
1106 5199 1312 5252 Graeco
1355 5195 1746 5266 signitiermtins
1771 5191 1966 5246 scribi-

375 5293 478 5342 tur.
511 5289 618 5342 (Δία
670 5291 752 5342 die
803 5292 934 5344 ria’et
980 5289 1208 5345 Joannes
1246 5291 1426 5344 Jesnm
1455 5289 1730 5342 venientem
1777 5285 1842 5338 ad
1886 5277 1970 5338 se.

371 5379 510 5452 Alia,
567 5384 764 5452 inquit,
821 5386 922 5446 die,
961 5386 1063 5440 hoc
1105 5395 1207 5448 est,
1243 5384 1344 5437 alia
1397 5383 1722 5451 cegnitione.
1783 5381 1960 5434 Prima

371 5473 512 5528 enim
543 5477 784 5546 cognitio
833 5477 951 5540 fuit,
985 5479 1202 5546 quando
1228 5489 1352 5528 eum
1381 5472 1829 5528 concurrentilnts
1863 5471 1962 5524 ibi-

2067 3183 2150 3226 c.-.t
2197 3174 2465 3226 humanae
2524 3177 2782 3233 naturae;
2849 3163 3004 3234 cujus
3053 3171 3238 3219 reatus
3289 3173 3432 3214 nunc
3481 3157 3660 3230 gratia

2065 3263 2407 3334 baptismatis
2437 3260 2758 3322 demittitur,
2789 3257 2964 3327 ipsum
3011 3269 3142 3310 vero
3183 3253 3238 3308 in
3288 3251 3393 3306 line
3442 3246 3656 3318 mundi,

2066 3357 2120 3410 in
2191 3353 2588 3409 resurrectione
2661 3351 2942 3414 onmium,
3016 3346 3242 3402 omnino
3321 3343 3652 3400 destruetur.

2065 3449 2159 3502 Est
2203 3449 2384 3515 itaque
2425 3435 2690 3514 originale
2735 3450 3018 3513 peccatum
3065 3439 3216 3508 illud,
3257 3451 3366 3510 quo
3396 3443 3506 3491 tota
3549 3433 3656 3490 hu:

2065 3555 2222 3594 mana
2273 3547 2505 3602 natura,
2556 3536 2716 3592 sintut
2763 3543 2818 3590 et
2871 3532 3038 3590 semel
3091 3535 3160 3588 ad
3217 3529 3505 3601 imaginem
3557 3521 3662 3588 Dei

2065 3631 2316 3695 condita,
2377 3639 2434 3683 et
2499 3630 2554 3682 in
2612 3644 2718 3698 qua
2764 3643 2950 3682 omnes
3018 3624 3303 3690 homines,
3367 3621 3435 3677 ab
3502 3617 3658 3674 initio

2065 3722 2250 3777 mundi
2280 3736 2448 3790 usque
2475 3719 2540 3774 ad
2571 3719 2754 3783 finem,
2793 3726 2847 3772 et
2873 3731 3040 3772 unum
3085 3723 3230 3788 sunt,
3264 3721 3320 3770 et
3358 3709 3658 3770 secundum

2065 3829 2260 3882 corpus
2303 3823 2358 3868 et
2400 3813 2635 3866 animam
2681 3809 2840 3866 simul
2882 3809 3070 3874 creati,
3111 3808 3259 3880 leges
3304 3806 3516 3860 divinas
3557 3815 3658 3873 per

2067 3905 2488 3960 inobedientiam
2537 3911 2875 3972 transgressa
2913 3910 2998 3958 est
3037 3899 3094 3954 in
3133 3897 3386 3970 paradiso
3409 3935 3424 3962 ,
3467 3894 3658 3952 nolens

2067 3997 2380 4048 mandatmn
2417 3993 2510 4050 Dei
2542 3993 2836 4048 custodire.
2889 3991 3004 4046 Non
3045 3991 3190 4044 enim
3233 3988 3442 4058 primus
3483 3985 3660 4042 Adam

2067 4088 2176 4151 ille,
2215 4087 2306 4156 qui
2339 4102 2406 4146 ex
2431 4087 2786 4156 generalitate
2819 4093 3048 4138 naturae
3076 4084 3344 4136 humanae
3389 4085 3516 4132 ante
3569 4091 3661 4140 ce.

2071 4190 2216 4236 teros
2248 4179 2302 4234 in
2333 4179 2592 4232 mundum
2625 4177 2768 4238 hunc
2799 4174 3062 4230 visibilem
3091 4173 3260 4238 venit,
3293 4168 3442 4225 solus
3469 4181 3660 4235 pecca-

2071 4273 2167 4336 vit,
2191 4272 2284 4336 scd
2319 4286 2510 4328 omnes
2543 4273 2928 4336 peccaverunt,
2959 4265 3274 4334 priusquam
3303 4261 3357 4314 in
3396 4260 3664 4330 mundum

2069 4363 2442 4436 procederent.
2472 4361 2606 4418 Nam
2641 4359 2784 4429 quod
2809 4355 3102 4427 Apostolus
3125 4355 3202 4408 ait
3231 4371 3244 4408 :
3293 4371 3310 4406 ε
3345 4351 3488 4408 sicut
3511 4350 3660 4416 cutim

2071 4461 2122 4513 in
2147 4459 2316 4514 Adam
2349 4473 2534 4512 ontnes
2565 4455 2890 4518 moriuntur,
2919 4452 2992 4506 ita
3035 4450 3088 4504 in
3123 4447 3340 4504 Christo
3363 4457 3553 4500 omnes
3578 4442 3662 4508 vi.

2035 4599 2044 4606 .
2069 4553 2358 4606 viticantnr
2387 4571 2428 4613 ι,
2463 4565 2566 4612 non
2598 4549 2662 4602 de
2689 4548 2806 4616 ipso
2835 4559 2940 4612 uno
2961 4559 3024 4606 ac
3051 4543 3228 4612 primo
3251 4537 3470 4600 homine
3495 4531 3660 4592 intel-

2069 4644 2305 4713 ligimus,
2339 4642 2430 4696 sed
2459 4639 2678 4694 nomine
2703 4638 2878 4692 Adam
2909 4649 3124 4692 omnem
3149 4629 3474 4705 generaliter
3500 4635 3662 4688 natus

2071 4749 2183 4787 ram
2229 4734 2522 4792 humanam
2557 4730 2848 4800 signiﬁcari
2885 4728 3202 4798 accipimus.
3247 4725 3340 4780 Ille
3387 4723 3660 4794 siquidem

2067 4824 2354 4896 singularis
2395 4823 2566 4877 Adam
2613 4840 2720 4878 non
2777 4831 3093 4886 nasceretur
3121 4821 3174 4874 in
3212 4821 3358 4876 hunc
3397 4815 3658 4872 mundum

2069 4915 2474 4986 corruptibilem
2514 4930 2610 4984 per
2639 4915 3066 4984 generationet‘n,
3117 4911 3162 4966 si
3191 4917 3420 4966 naturae
3465 4906 3660 4970 human

2069 5026 2168 5064 nae
2203 5025 2305 5062 non
2346 5007 2690 5076 praecederet
2722 5007 2996 5060 delictum.
3045 5003 3246 5056 Divisio
3271 4998 3468 5069 quippe
3498 5001 3655 5048 natu-

2069 5117 2160 5154 rae
2210 5099 2259 5154 in
2297 5098 2564 5166 duplicem
2595 5111 2810 5162 sexum,
2837 5095 3046 5148 virilem
3079 5092 3202 5148 dico
3235 5099 3290 5145 et
3325 5088 3652 5150 femineum,

2067 5204 2120 5247 et
2166 5209 2228 5244 ex
2279 5193 2410 5261 ipsis
2451 5191 2722 5244 humanae
2765 5185 3128 5259 processionis
3153 5191 3212 5236 et
3247 5175 3656 5234 numerositatil

2068 5299 2162 5354 per
2191 5281 2590 5352 corruptionem
2619 5279 2915 5350 generatio,
2947 5289 3120 5346 poena
3147 5269 3412 5342 generalis
3445 5263 3654 5338 peccati

2068 5386 2152 5432 est
2177 5391 2222 5440 υ,
2257 5393 2365 5446 quo
2381 5376 2726 5430 simultatum
2757 5387 2925 5442 genus
2967 5371 3262 5424 humanum
3311 5357 3660 5432 praevaricaa,

2069 5479 2178 5523 tum
2215 5477 2300 5522 est
2325 5469 2634 5522 mandatum
2659 5465 2754 5518 Dei
2783 5466 2836 5516 in
2871 5460 3141 5532 paradiso.
3169 5456 3284 5511 Hoc
3305 5453 3470 5525 igitur
3491 5463 3656 5525 gene-

1891 5579 2140 5638 NOTAE.

399 5698 464 5732 -I
495 5684 546 5746 J.
599 5685 802 5744 Scottis
851 5683 1084 5760 pessime
1133 5682 1356 5740 omnino
1397 5681 1594 5748 docet,
1645 5678 1879 5750 primum
1925 5675 2198 5732 hominem
2249 5679 2374 5729 ante
2446 5664 2970 5742 praevaricationem
3015 5661 3320 5740 simplicem
3383 5659 3662 5726 hominem
