4178 6266
496 294 598 356 3H

1871 297 2158 358 JOANNIS
2192 293 2389 357 SCOTI

3673 293 3782 356 312

501 406 617 463 rate
646 412 931 477 peccatum
954 404 1214 476 originale
1238 403 1465 474 dicitur;
1497 422 1598 464 nec
1628 409 1923 476 immerito,
1951 427 2088 482 quo-
2113 418 2169 478 Α
2193 413 2332 467 ﬁxus
2354 412 2591 483 deponit.
2634 407 2788 466 Alius
2811 404 3193 466 universaliter
3217 422 3437 465 omnem
3469 413 3782 474 sensibilem

504 499 650 557 niam
701 509 984 570 peccatum
1041 499 1347 554 communis
1396 500 1638 554 omnium
1699 500 1926 571 originis
1975 512 2090 568 est,

503 591 660 660 cujus
685 591 879 646 merito
919 590 1110 645 mortis
1138 597 1194 645 et
1219 592 1582 661 corruptionis
1607 608 1798 648 omnes
1824 594 2091 662 homines,

506 688 736 750 excepto
758 678 1120 748 Redemptore
1137 719 1153 745 ,
1189 680 1462 736 debitores
1487 697 1705 747 sumus;
1749 682 1896 738 solus
1921 683 2092 754 siqui-

507 777 628 830 dem
665 774 732 829 ad
770 773 1223 828 medicamentum
1263 773 1501 829 vulneris
1541 775 1870 845 Redemptor
1910 785 2096 830 noster

508 868 562 923 in
590 867 679 919 illa
710 880 889 920 massa
917 865 1083 920 totius
1126 864 1346 920 humani
1379 867 1592 936 generis
1628 868 1832 936 absque
1875 876 2096 936 peccato

506 956 726 1013 relictus
758 965 860 1020 est,
889 964 948 1009 ut
970 971 1068 1026 per
1091 955 1239 1010 illum
1267 955 1438 1011 solum
1463 971 1675 1025 semper
1701 956 1908 1010 salvum
1931 959 2096 1013 totius

508 1049 734 1104 naturae
772 1047 969 1104 vulnus
1008 1056 1315 1114 curaretur,
1345 1064 1410 1102 ac
1434 1062 1532 1116 per
1562 1048 1666 1102 hoc
1700 1048 1767 1101 ad
1807 1048 2095 1117 pristinum

507 1149 706 1196 statum
738 1141 928 1196 salutis
951 1148 1144 1206 totum,
1168 1139 1310 1210 quod
1337 1138 1678 1194 vulneratum
1702 1146 1808 1202 est,
1840 1140 2094 1194 restitue-

505 1243 676 1288 retur.
706 1233 821 1287 Hoc
844 1233 1025 1304 itaque
1045 1233 1306 1305 originale
1327 1241 1628 1302 peccatum,
1655 1233 2097 1304 singulorumque

509 1335 633 1395 post
659 1327 1064 1396 generationem
1100 1327 1152 1382 in
1185 1328 1328 1382 hunc
1351 1327 1610 1382 mundum
1647 1327 1862 1392 delicta,
1893 1329 2098 1399 gratiae

509 1415 852 1485 baptismatis
877 1418 1206 1473 abundantia
1240 1434 1336 1488 per
1359 1417 1698 1474 Salvatorem
1727 1427 1970 1474 nostrum
2014 1435 2100 1474 re-

509 1505 780 1576 laxantur,
820 1520 880 1565 ut
907 1511 1130 1567 omnino
1156 1527 1260 1566 non
1290 1513 1416 1568 sint.
1469 1512 1535 1566 Et
1558 1515 1657 1567 hoc
1685 1521 1798 1578 est,
1839 1513 1980 1581 quod
2023 1513 2100 1567 ait

510 1603 844 1674 evangelista
881 1621 894 1658 :
933 1625 950 1656 ι
981 1603 1122 1659 Ecce
1156 1604 1342 1675 Agnus
1372 1605 1487 1669 Dei,
1521 1605 1613 1673 qui
1646 1592 1782 1658 tollit
1812 1614 2097 1674 peccatum

510 1693 697 1746 mundi
718 1713 762 1747 ι.
789 1692 884 1747 Hic
909 1703 994 1748 est
1015 1693 1206 1749 unicus
1221 1682 1586 1764 'etsingularis
1612 1695 1792 1765 Agnus
1816 1695 2094 1766 mysticus,

2194 511 2400 559 motum
2430 504 2483 557 in
2509 518 2567 558 se
2588 502 2726 572 ipso,
2747 499 2914 556 velut:
2943 499 2997 555 in
3025 500 3260 571 quadam
3281 515 3469 568 cruce,
3493 505 3781 576 extinguit,

2195 595 2273 650 ita
2306 603 2368 650 ut
2393 593 2598 649 nullum
2635 592 2858 649 omnino
2893 592 2947 646 in
2989 606 3046 646 se
3083 592 3202 662 ipso
3246 591 3550 647 naturalem
3583 594 3784 652 habeat

2197 697 2397 743 actum.
2465 686 2532 741 Et
2593 682 2968 755 unusquisque
3018 683 3216 739 horum
3271 697 3455 738 secum
3512 685 3783 756 cruciﬁgit

2195 779 2490 836 Christum.
2537 775 2922 846 Unusquisque
2965 774 3114 829 enim
3159 771 3421 840 ﬁdelium,
3465 775 3681 844 qualem
3723 777 3782 834 in

2197 871 2377 925 animo
2402 867 2652 924 habuerit
2694 865 3067 922 habitudinem
3096 878 3192 934 per
3226 864 3558 920 incrementa
3603 867 3782 923 virtu-

2197 971 2334 1028 tum,
2368 960 2531 1016 talem
2557 959 2622 1014 de
2645 957 2864 1014 Christo
2893 956 3115 1012 habebit
3152 955 3312 1011 ﬁdem
3352 971 3449 1026 per
3488 968 3779 1028 augmenta
3849 959 3852 961 λ

2198 1051 2708 1123 intelligentiarum;
2752 1057 2809 1105 et
2838 1047 3091 1118 quotiens
3117 1047 3319 1116 prioris
3345 1047 3489 1102 vitae
3521 1048 3694 1104 modis
3723 1059 3780 1106 et

2199 1143 2472 1200 inferioris
2502 1143 2753 1206 moritur,
2783 1152 2839 1195 et
2865 1140 2920 1195 in
2949 1138 3169 1195 altiores
3211 1139 3411 1211 gradus
3445 1139 3778 1208 subvehitur,

2199 1235 2402 1292 totiens
2426 1234 2714 1304 opiniones
2740 1231 2808 1286 de
2837 1229 3077 1296 Christo,
3103 1229 3351 1300 quamvis
3372 1229 3666 1302 simplices,
3699 1241 3781 1288 ta-

2200 1342 2322 1382 men
2357 1327 2408 1380 in
2442 1327 2559 1396 ipso
2589 1333 2792 1379 etcum
2826 1322 2943 1393 ipso
2972 1322 3294 1388 morientur,
3325 1331 3382 1378 et
3410 1322 3464 1377 in
3507 1322 3785 1380 sublimio-

2199 1433 2288 1475 res
2309 1419 2376 1474 de
2402 1434 2468 1474 eo
2496 1415 2852 1489 theophanias
2886 1415 2993 1471 ﬁde
3023 1424 3186 1486 atque
3206 1414 3566 1485 intelligentia
3595 1431 3786 1488 prove-

2199 1512 2377 1567 hetur.
2446 1509 2632 1579 Itaque
2687 1508 2742 1562 in
2795 1507 2908 1562 suis
2951 1505 3196 1562 ﬁdelibus
3239 1505 3490 1562 Christus
3542 1505 3788 1577 quotidie

2201 1602 2450 1666 moritur,
2481 1609 2532 1654 et
2566 1600 2634 1656 ab
2668 1599 2748 1654 eis
2788 1597 3140 1669 cruciﬁgitur,
3172 1597 3299 1652 dum
3332 1597 3580 1654 carnales
3621 1599 3688 1654 de
3715 1613 3786 1658 eo

2202 1693 2582 1764 cngitationes,
2633 1706 2728 1746 seu
2761 1689 3104 1761 spirituales,
3143 1679 3318 1745 adhuc
3369 1698 3546 1744 tamen
3584 1690 3785 1762 imper-

512 1785 563 1840 in
593 1786 747 1854 cujus
770 1786 940 1856 ﬁgura
961 1785 1288 1842 lsraeliticus
1310 1787 1538 1857 populus
1558 1786 1796 1857 singuios
1817 1801 1983 1858 agnos
1998 1802 2094 1856 per
2124 1775 2173 1836 Β
2200 1784 2390 1850 fectas,
2439 1785 2786 1850 interimunt,
2837 1797 3051 1852 semper
3092 1783 3146 1838 in
3194 1781 3361 1837 altum
3409 1781 3785 1850 ascendentes,

509 1877 750 1948 singulas
777 1878 969 1933 domus
991 1878 1231 1947 paschali
1263 1887 1504 1949 tempore
1532 1879 1862 1934 immolabat.
1890 1878 2020 1933 Nam
2045 1887 2103 1935 et

511 1972 629 2028 n05,
669 1968 758 2036 qui
787 1976 906 2037 post
942 1977 1219 2037 peractam
1249 1969 1365 2040 ejus
1405 1969 1831 2024 incarnationem
1877 1980 1931 2024 et
1973 1985 2098 2040 pas—

511 2057 718 2114 sionem
744 2067 797 2113 et
825 2061 1278 2116 resurrectionem
1304 2062 1357 2116 in
1390 2077 1510 2116 eum
1544 2062 1837 2127 credimus,
1877 2063 2102 2132 ejusque

515 2147 795 2219 mysteria,
836 2158 1097 2219 quantum
1144 2150 1302 2205 nobis
1343 2152 1679 2215 conceditur,
1729 2152 2098 2223 intelligimus,

517 2247 574 2295 et
598 2241 954 2310 spiritualiter
991 2258 1115 2297 eum
1162 2243 1524 2307 immolamus,
1573 2252 1626 2298 et
1663 2243 2100 2300 intellectualiter

514 2338 717 2394 mente,
744 2347 848 2387 non
874 2331 1054 2398 dente,
1088 2332 1486 2388 comedimusb.
1517 2331 1702 2402 Itaque
1730 2335 2099 2405 unusquisque

518 2425 855 2480 credentium
895 2427 1134 2492 Christo,
1177 2427 1471 2482 secundum
1519 2428 1791 2497 propriam
1822 2430 2095 2496 virtutem,

513 2523 571 2569 et
598 2517 894 2586 subjectum
941 2516 1041 2570 sibi
1066 2517 1283 2572 virtutis
1320 2516 1563 2572 habitum
1591 2528 1646 2572 et
1675 2519 2015 2588 qualitatem,
2044 2528 2102 2576 et

515 2606 873 2679 cruciﬁgitur,
899 2617 952 2662 et
999 2607 1268 2679 cruciﬁgit
1319 2607 1535 2662 sibimet
1583 2607 1757 2677 ipsum
1798 2608 2099 2674 Christum,

519 2696 736 2752 Christo
785 2697 1034 2752 videlicet
1077 2696 1493 2754 concruciﬁxus.
1546 2697 1695 2754 Unus
1743 2699 1960 2769 quidem
2001 2701 2098 2754 soli

518 2797 742 2860 peccato
771 2789 1127 2860 cruciﬁgitur,
1154 2789 1282 2844 dum
1309 2791 1375 2846 ab
1409 2790 1661 2846 omnibus
1698 2792 2101 2862 Operationibus

517 2879 686 2951 ipsius
714 2880 766 2933 in
797 2895 959 2935 carne
1001 2892 1055 2936 et
1092 2897 1188 2952 per
1214 2898 1432 2938 carnem
1468 2899 1621 2939 suam
1661 2885 1898 2954 quietus,
1935 2884 2098 2939 veluti

515 2969 750 3040 quadam
778 2981 952 3025 morte
983 2972 1208 3028 obrutus
1236 2973 1498 3040 efficitur;
1538 2984 1593 3030 et
1633 2975 1785 3042 illud,
1819 2986 2098 3046 peccatum

517 3062 656 3129 dico,
708 3065 878 3120 clavis
931 3066 1138 3121 timoris
1186 3066 1398 3122 Domini
1440 3066 1713 3123 conﬁxum
1765 3070 2096 3135 mortiﬁcat,

2201 1879 2378 1934 donec
2410 1879 2476 1933 ad
2507 1892 2692 1932 veram
2737 1875 2855 1944 ejus
2881 1876 3128 1932 notitiam
3161 1877 3510 1947 perveniant;
3541 1877 3784 1934 inﬁnitus

2201 1974 2346 2029 enim
2381 1973 2588 2027 inﬁnite
2610 1970 2774 2026 etiam
2806 1970 2862 2025 in
2881 1969 3276 2041 purgatissimis
3298 1971 3569 2026 mentibus
3587 1970 3786 2026 forma-

2201 2073 2306 2118 tur.
2352 2063 2500 2118 Alius
2535 2063 2605 2116 ab
2645 2062 2757 2131 ipsa
2803 2060 3154 2116 intellectuali
3195 2062 3513 2131 operatione
3545 2060 3782 2131 perfecte

2199 2154 2449 2224 quiescit,
2483 2153 2645 2207 veluti
2676 2150 2914 2222 perfecte
2941 2160 3226 2219 mortuus;
3269 2168 3375 2208 non
3405 2154 3550 2207 enim
3582 2153 3785 2210 solum-

2201 2244 2359 2298 modo
2391 2241 2669 2297 naturales
2704 2250 2857 2296 actus
2895 2242 3132 2307 animae,
3163 2256 3352 2297 verum
3381 2243 3545 2298 etiam
3579 2243 3791 2300 intelle-

2200 2335 2406 2390 ctualcs
2433 2333 2549 2403 ejus
2577 2334 2922 2403 operationes
2965 2342 3208 2402 superat.
3246 2335 3400 2388 Alius
3425 2335 3558 2390 actit
3571 2350 3634 2390 ae
3661 2349 3789 2391 cru-

2200 2424 2433 2495 ciﬁgitur
2454 2425 2849 2496 philosophiae.
2879 2424 3072 2480 Activa
3099 2434 3281 2479 autem
3305 2425 3646 2496 philosophia
3679 2433 3787 2494 est,

2201 2535 2342 2589 quae
2383 2519 2529 2573 circa
2564 2517 2895 2572 naturalium
2927 2518 3190 2572 virtutum
3223 2517 3576 2573 adunationes
3612 2527 3666 2573 et
3709 2518 3790 2573 di-

2203 2611 2507 2667 scretiones
2554 2623 2825 2666 versatur.
2867 2610 3056 2665 Activa
3086 2625 3302 2679 quoque
3345 2609 3682 2680 philosophia
3701 2624 3792 2664 ra-

2204 2702 2378 2758 tiones
2407 2703 2744 2756 iuhumanati
2775 2701 2962 2767 Verbi,
2979 2711 3240 2771 quantum
3262 2702 3424 2767 valet,
3450 2701 3787 2768 consident;

2202 2807 2339 2864 quas
2383 2808 2592 2858 omnes,
2626 2794 2728 2848 hoc
2754 2801 2837 2848 est
2876 2800 3041 2848 totam
3081 2791 3340 2847 moralem
3368 2791 3787 2863 philosophiam,

2203 2886 2270 2940 de
2305 2885 2597 2939 virtutibus
2627 2885 2839 2939 animae
2876 2885 3049 2954 deque
3070 2883 3272 2939 Christi
3301 2898 3469 2939 carne
3493 2883 3792 2962 spiritualis

2203 2977 2365 3032 homo
2377 2993 2657 3047 superans,
2676 2977 2742 3031 ad
2766 2977 2937 3047 ipsam
2961 2976 3265 3032 naturalem
3288 2976 3792 3047 contemplationem

2205 3071 2258 3124 in
2292 3069 2520 3140 Spiritu,
2552 3069 2720 3123 veluti
2758 3085 2786 3122 a
2815 3068 3051 3138 quadam
3100 3081 3266 3122 carne
3299 3065 3460 3123 Verbi
3514 3067 3578 3121 ad
3627 3067 3795 3138 ipsius

519 3153 646 3209 dum
692 3171 882 3211 onmes
932 3157 1097 3226 ipsius
1129 3157 1381 3227 impetus,
1422 3172 1490 3212 ne
1534 3159 1662 3228 quid
1693 3160 1747 3213 in
1792 3174 1889 3214 sua
1936 3176 2102 3215 carne
2129 3147 2175 3210 C
2206 3163 2444 3216 animam
2475 3160 2827 3215 transcendit.
2858 3159 3256 3214 Aliusnaturali
3279 3158 3520 3214 theoriae
3541 3159 3789 3214 moritur.

514 3246 726 3315 operari
759 3247 992 3313 valeant,
1028 3246 1282 3302 refrenat.
1311 3248 1462 3304 Alius
1482 3249 1845 3320 passionibus,
1865 3251 1968 3307 hoc
1992 3262 2100 3320 est,

454 3341 459 3346 '
517 3336 746 3393 inﬁrmis
805 3339 1019 3393 animae
1063 3339 1406 3404 actionibus,
1456 3341 1654 3410 quibus
1701 3341 1878 3411 primo
1933 3342 1986 3396 in
2045 3359 2104 3400 se

518 3426 632 3497 ipsa
655 3428 1372 3498 corrumpitur,priusquam
1402 3443 1498 3498 per
1528 3443 1724 3499 corpus
1747 3439 2002 3499 operetur
2031 3461 2105 3471 —

517 3517 660 3573 actio
687 3521 886 3590 quippe
916 3521 1131 3576 animae
1179 3529 1280 3589 est,
1331 3521 1579 3591 operatio
1605 3537 1738 3576 vero
1771 3523 2106 3593 corporis—

516 3609 869 3682 crueiﬁgitur,
903 3612 1032 3666 dum
1076 3628 1173 3683 per
1203 3612 1474 3685 potentias
1509 3622 1853 3670 restauratae
1886 3615 2106 3671 animae

519 3713 763 3760 sanatur.
793 3706 944 3762 Alius
964 3708 1273 3776 passionum
1296 3706 1617 3776 phantasiis,
1648 3709 1748 3762 hoc
1771 3717 1878 3773 est,
1914 3708 2106 3778 imagi-

517 3793 679 3850 nibus
733 3811 914 3851 rerum
970 3798 1341 3866 sensibilium,
1395 3814 1535 3871 quae
1587 3801 1640 3854 in
1688 3800 1940 3856 sensibus
1975 3817 2104 3856 cor-

517 3885 718 3955 porcis,
751 3901 886 3956 quos
915 3888 1188 3958 sapientes
1219 3899 1415 3945 vocant
1442 3890 1742 3960 passiones,
1773 3890 2100 3958 formantur,

519 3979 876 4051 cruciﬁgitur,
909 3981 1035 4036 dum
1065 3982 1163 4046 eis,
1193 3982 1492 4051 phantasiis
1513 3983 1651 4049 dico,
1677 3983 1760 4039 sui
1792 3998 1984 4039 sensus
2004 3983 2106 4040 ob-

519 4077 821 4137 strunntur,
847 4087 913 4126 ne
935 4073 988 4126 in
1007 4071 1281 4128 libidinem
1307 4072 1606 4144 cuiuspiam
1631 4088 1810 4128 rerum
1837 4083 2107 4146 tempora-

519 4160 651 4217 lium
667 4179 762 4233 per
774 4180 868 4219 eos
888 4165 1120 4235 turpiter
1142 4167 1471 4221 attrahatur.
1494 4165 1646 4222 Alius
1659 4168 2102 4237 cogitationibus,

517 4253 824 4324 mentisque
842 4255 1308 4325 conceptionibus,
1327 4271 1462 4326 quas
1483 4271 1581 4327 per
1601 4271 1793 4314 sensus
1810 4272 2107 4327 corporeos

517 4343 585 4399 de
608 4347 951 4402 sensibilibus
973 4349 1134 4403 rebus
1154 4349 1429 4413 hauserat,
1449 4347 1802 4419 cruciﬁgitur,
1820 4363 1889 4405 ne
1903 4350 2107 4406 diutius

520 4438 574 4492 in
611 4440 690 4494 eis
715 4439 1048 4505 demoretur,
1080 4455 1110 4492 a
1135 4441 1331 4495 divinis
1357 4439 1905 4509 contemplationibus
1931 4449 2107 4495 retra-

2205 3251 2301 3305 Est
2317 3259 2495 3305 autem
2523 3249 2785 3305 naturalis
2801 3248 3009 3305 theoria
3029 3247 3363 3303 rationabilis
3379 3247 3609 3311 animae,
3627 3261 3790 3316 quam

2205 3340 2456 3396 Christus
2482 3345 2710 3411 accepit,
2742 3341 2916 3396 virtus
2957 3338 3308 3410 speculativa,
3361 3339 3449 3394 cui
3493 3338 3792 3409 spiritualis

2204 3431 2366 3486 homo
2398 3431 2645 3496 moritur,
2670 3430 2796 3485 dum
2837 3430 2950 3501 jam
2978 3445 3082 3485 non
3113 3429 3285 3484 solum
3312 3437 3473 3498 negat
3512 3426 3790 3483 Christum

2207 3538 2428 3578 carnem
2464 3536 2603 3586 esse,
2633 3537 2794 3592 quam
2820 3519 2933 3590 jam
2962 3520 3015 3576 in
3044 3519 3292 3592 spiritum
3314 3533 3525 3573 versam
3556 3532 3678 3572 esse
3708 3517 3790 3572 in-

2207 3614 2416 3685 telligit,
2442 3629 2632 3669 verum
2655 3614 2818 3670 etiam
2836 3613 3011 3684 ipsum
3029 3611 3246 3682 depellit
3271 3609 3648 3666 rationabilem
3671 3607 3790 3664 ani-

2207 3724 2354 3762 mum
2377 3723 2516 3764 esse.
2543 3706 2615 3764 Ut
2635 3707 2779 3762 enim
2803 3723 2930 3763 caro
2955 3707 3128 3778 ipsius
3149 3705 3384 3763 exaltata
3407 3715 3491 3762 est
3510 3715 3563 3761 et
3580 3712 3790 3762 mutata

2207 3798 2261 3854 in
2287 3799 2522 3854 animam
2536 3798 2932 3864 rationabilem,
2951 3797 3024 3853 ita
3051 3797 3392 3854 rationabilis
3417 3796 3586 3868 ipsius
3609 3797 3791 3853 anima

2209 3893 2264 3947 in
2302 3891 2630 3947 intellectum
2656 3901 2712 3947 et
2736 3893 2994 3949 subvecta
3024 3901 3109 3948 est
3151 3893 3218 3948 et'
3241 3906 3434 3960 versa;
3461 3907 3525 3947 ac
3547 3907 3646 3964 per
3667 3893 3792 3960 hoc,

2206 3985 2298 4054 qui
2321 3985 2385 4038 ad
2408 3999 2531 4038 eum
2550 3983 2789 4055 perfecte
2802 3985 3067 4050 ascendit,
3090 3985 3158 4040 ad
3178 3983 3503 4040 uniformem
3521 3983 3795 4054 simplam-

2207 4087 2312 4143 que
2333 4074 2602 4130 theoricae
2624 4074 2882 4130 scientiae
2908 4075 2962 4128 in
2993 4074 3249 4146 mysteria
3273 4074 3664 4138 inductionem,
3683 4073 3796 4128 vel-

2206 4168 2282 4221 uti
2301 4183 2328 4221 a
2345 4169 2577 4237 quadam
2597 4165 2795 4222 Christi
2809 4167 2989 4222 anima
3003 4167 3069 4222 ad
3085 4165 3414 4221 intellectum
3431 4166 3602 4235 ipsius
3617 4173 3797 4220 trans-

2206 4259 2326 4314 vehi
2361 4274 2582 4314 necesse
2609 4267 2713 4314 est.
2765 4258 2918 4314 Alius
2949 4259 3017 4314 ab
3043 4257 3233 4313 eadem
3269 4257 3464 4328 simpla
3495 4255 3794 4326 theologica

2205 4347 2452 4415 scientia,
2481 4364 2620 4419 quae
2647 4348 2882 4404 maxime
2915 4349 3062 4404 circa
3091 4347 3294 4403 Christi
3324 4347 3659 4403 intellectum
3686 4346 3794 4401 cir-

2209 4441 2584 4505 cumvolvitur,
2617 4441 2669 4496 in
2702 4440 2872 4510 ipsam
2915 4439 3212 4510 perfectam
3251 4446 3626 4507 secretamque
3665 4434 3798 4490 divi-

517 4538 662 4585 ctus.
717 4529 868 4584 Alius
905 4546 1011 4585 non
1041 4530 1214 4586 solum
1253 4534 1556 4604 phantasiis
1594 4548 1879 4600 sensuum,
1911 4548 2104 4589 verum
2132 4516 2189 4578 Ῑ)
2211 4549 2337 4590 nam
2355 4533 2674 4588 inﬁnitatem
2699 4547 2796 4602 per
2816 4533 3177 4604 negationem,
3206 4530 3478 4594 omnibus,
3506 4541 3646 4596 quae
3674 4533 3794 4596 post

520 4622 684 4676 etiam
703 4623 924 4676 omnino
946 4623 1076 4692 ipsis
1095 4625 1346 4681 omnibus
1362 4627 1611 4681 sensibus
1640 4625 1892 4692 moritur,
1913 4639 1985 4680 ne
2005 4641 2104 4696 per

520 4725 615 4768 eos
645 4712 751 4767 ullo
779 4727 967 4768 errore
996 4715 1308 4770 seducatur.
1347 4717 1499 4772 Alius
1525 4731 1742 4773 omnem
1783 4717 2102 4774 naturaliter

521 4801 945 4860 familiaritatem
965 4815 1020 4862 et
1037 4806 1303 4873 habitum,
1317 4823 1478 4878 quem
1494 4824 1592 4880 per
1611 4823 1800 4866 sensus
1813 4825 2106 4882 corporeos

521 4895 589 4950 ad
617 4894 890 4952 sensibilia
916 4897 1261 4967 possederat,
1287 4896 1452 4954 veluti
1484 4898 1614 4967 ipsis
1646 4899 1900 4956 omnibus
1929 4900 2106 4956 cruci-

2210 4626 2380 4681 Deum
2432 4632 2580 4690 sunt,
2628 4624 2890 4688 moriens,
2940 4623 3106 4678 veluti
3157 4638 3187 4677 a
3237 4619 3466 4690 quodam
3514 4615 3802 4672 intellectu

2208 4715 2411 4771 Christi
2453 4715 2522 4769 ad
2568 4713 2739 4784 ipsius
2761 4713 3098 4769 divinitatem
3126 4708 3350 4781 mystice
3389 4705 3652 4761 ascendit.
3699 4703 3791 4760 Sic

2207 4808 2393 4880 Agnus
2429 4807 2525 4862 Dei
2569 4807 2624 4861 in
2667 4805 2922 4862 cordibus
2968 4802 3202 4858 ﬁdelium
3243 4807 3534 4863 mactatur,
3585 4806 3643 4852 et
3679 4812 3792 4853 ma-

2211 4901 2411 4956 ctando
2434 4897 2773 4966 viviﬁcatur;
2801 4898 2882 4957 sic
2906 4901 3185 4968 peccatum
3207 4890 3394 4947 mundi
3423 4891 3492 4946 ab
3513 4888 3666 4944 omni
3693 4888 3790 4944 hu.

2041 4989 2292 5047 NOTAE.

522 5080 709 5145 fuisse,
738 5089 800 5153 at
814 5084 1028 5138 demum
1056 5091 1184 5153 post
1209 5091 1492 5153 peccatum
1531 5084 1823 5139 humanam
1851 5091 2103 5140 naturam

520 5155 574 5225 in
603 5152 897 5208 masculum
929 5162 985 5208 et
1009 5152 1262 5209 feminam
1291 5154 1517 5210 divisam
1541 5169 1679 5212 esse.
1715 5157 1794 5210 Ex
1817 5171 1921 5225 qua
1961 5156 2103 5209 divi-

521 5224 675 5280 sione
701 5239 926 5279 sexuum
969 5234 1155 5279 natam
1179 5241 1300 5280 esse
1331 5227 1547 5294 generis
1592 5226 1812 5280 humani
1841 5224 2102 5295 multipli-

521 5295 818 5378 cationem,
863 5310 1006 5374 quae
1035 5295 1131 5378 ﬁat
1172 5297 1530 5378 generatione
1536 5314 1652 5378 ’ρων
1676 5296 2102 5378 corruptionem.

523 5365 692 5432 Quem
723 5381 963 5421 errorem
993 5367 1046 5420 in
1074 5365 1228 5420 libris
1260 5367 1325 5420 de
1357 5368 1464 5422 div.
1506 5365 1627 5420 Nat.
1679 5367 1897 5419 uberius
1943 5380 2108 5434 expo.

524 5437 651 5490 suit.
696 5437 1028 5492 Recensetur
1059 5438 1148 5491 illa
1198 5437 1447 5492 doctrina
1474 5439 1527 5492 in
1550 5436 2001 5491 commentatione
2040 5437 2108 5492 de

524 5501 578 5561 J.
603 5504 768 5579 _Scoto
797 5521 955 5574 supra
987 5509 1162 5576 posita
1185 5507 1242 5561 P.
1272 5507 1310 5560 Il
1345 5507 1372 5579 §
1402 5507 1470 5562 50
1491 5523 1610 5577 sqq.

603 5575 629 5612 δ
646 5575 719 5645 En
744 5574 1079 5645 ineptiarum,
1096 5593 1252 5645 quas,
1269 5574 1404 5632 teste
1417 5574 1737 5640 Atlrévaltlo,
1754 5574 1803 5630 Ι.
1823 5575 2019 5632 Scottis
2040 5577 2106 5632 de

528 5643 868 5716 sanctissima
896 5643 1229 5700 Encharistia
1259 5649 1456 5708 docuit,
1488 5649 1730 5716 vestigia.
1754 5647 1985 5702 Econtra
2008 5647 2108 5702 Be-

529 5727 694 5783 renga
703 5712 815 5767 rius
828 5712 1030 5770 Romae
1040 5716 1378 5771 subscribere
1391 5719 1569 5772 debuit
1588 5712 1864 5773 formulae:
1877 5737 1895 5771 ‹
1909 5718 2107 5774 Panem

2213 5085 2460 5141 etvinum
2470 5125 2485 5149 ,
2499 5097 2639 5153 quae
2651 5083 2703 5138 in
2720 5082 2875 5138 altari
2889 5085 3317 5153 ponuntur-most
3327 5075 3794 5134 consecrationem

2216 5171 2323 5211 non
2346 5150 2530 5210 solum
2541 5150 2963 5216 sacramentum,
2987 5150 3084 5205 sed
3108 5150 3274 5204 etiam
3305 5164 3497 5219 verum
3525 5163 3724 5219 corpus
3745 5155 3800 5203 et

2213 5227 2530 5296 sanguinem
2557 5225 2763 5280 Domini
2786 5223 2958 5296 nostri
2979 5235 3135 5296 esse;
3166 5230 3215 5275 et
3235 5218 3552 5296 semunliter
3574 5218 3682 5273 non
3705 5235 3795 5296 so-

2215 5289 2709 5369 lum'sacramento,
2732 5297 2849 5369 _sed
2887 5293 2941 5369 _in
2975 5293 3207 5369 veritate
3249 5292 3504 5369 manibus
3547 5289 3797 5369 sacerdo-

2215 5377 2328 5439 tum
2361 5367 2604 5432 tractari,
2634 5361 2700 5439 et
2725 5365 2899 5439 frangi
2931 5374 2986 5439 et
3014 5363 3252 5432 ﬁdelium
3289 5361 3715 5439 dentibus-pueri
3743 5375 3790 5439 ετ

2214 5437 2363 5504 Quae
2386 5424 2604 5509 quidem
2637 5437 2704 5490 de
2726 5424 3071 5509 specie_dic'ta
3105 5440 3262 5498 sunt;
3291 5446 3419 5509 _nam
3451 5427 3597 5509 nulla
3627 5427 3706 5509 rei:
3729 5424 3792 5494 ﬁt

2209 5494 2456 5579 scissura.
2495 5506 2619 5579 _Nec
2653 5494 2762 5560 non
2787 5505 2837 5561 J.
2859 5505 3082 5579 _Scotus
3105 5494 3266 5572 supra
3290 5501 3344 5579 in
3367 5494 3792 5579 expositionibus

2210 5578 2456 5632 caelestis
2495 5577 2802 5631 lerarchiae
2840 5576 3116 5634 docuerat,
3142 5565 3538 5648 sanctissimam
3582 5565 3793 5648 Eupha:

2210 5649 2420 5703 ristiam
2449 5649 2504 5701 in
2531 5648 2782 5701 interiora
2811 5655 3034 5699 naturae
3072 5651 3282 5697 nostrae
3309 5640 3510 5695 viscera
3528 5635 3690 5705 sumi,
3720 5635 3808 5713 od_

2220 5727 2451 5773 nostram
2481 5717 2799 5790 ine/fabium
2825 5715 3230 5785 deiﬁcatiom.
