4178 6266
371 360 481 419 διδ

1454 354 1808 414 COMMENT.
1869 354 1940 414 IN
1973 355 2226 416 EVANG.
2265 357 2415 415 SEC.
2443 356 2636 416 JOAN.

3564 359 3672 418 δη

374 488 539 531 mana
579 479 774 528 natura
815 470 1041 527 tollitur.
1086 468 1189 526 Ubi
1226 483 1333 524 non
1380 469 1684 538 spernenda
1719 469 1967 538 quaestio
1995 474 2043 534 Α
2073 480 2174 536 rat,
2198 479 2252 526 et
2279 473 2332 526 in
2359 471 2588 540 gratiam
2614 469 2828 526 divinae
2847 468 3091 528 ﬁlietatis
3117 471 3345 539 exaltat,
3365 478 3426 527 ut
3444 472 3670 531 dimisso

374 574 646 622 susurrat.
673 563 863 618 Merito
908 564 1104 634 quippe
1133 561 1438 633 quaeritur,
1468 559 1738 629 quomodo
1782 561 1968 631 Agnus

371 658 493 724 Dei,
517 657 566 711 id
596 665 676 713 est
699 655 951 712 Salvator
980 654 1187 719 mundi,
1214 651 1479 723 originale
1503 653 1668 707 totius
1694 652 1968 708 humanae

371 757 601 805 naturae
625 756 908 818 peccatum
944 743 1106 810 tollit,
1135 753 1319 798 utrum
1342 759 1402 798 re
1428 741 1544 813 ipsa
1571 742 1688 814 jam
1724 741 1965 797 ablatum

368 850 474 904 est,
501 849 555 894 et
597 840 661 895 de
700 845 810 893 tota
857 844 1054 892 natura
1096 842 1414 907 purgatum,
1455 847 1524 888 an
1553 833 1731 889 adhuc
1760 831 1813 886 in
1848 831 1965 886 sola

366 947 483 1003 spe,
531 945 594 986 re
637 937 821 985 autem
871 935 998 1000 post
1041 940 1384 982 communem
1433 924 1704 980 humanae
1734 931 1966 978 naturae

364 1022 825 1078 resurrectionem
863 1018 1179 1075 auferetur?
1221 1017 1359 1072 Nam
1382 1017 1428 1072 si
1456 1015 1567 1088 iam
1595 1017 1832 1071 humana
1870 1031 1964 1071 na-
2066 1039 2085 1056 ο
2162 1041 2180 1056 ο
2259 1040 2274 1056 -
2353 1040 2368 1056 -

366 1122 490 1170 tura
529 1115 600 1168 ab
645 1111 903 1184 originali
947 1117 1175 1182 peccato
1223 1110 1402 1181 reipsa
1444 1109 1672 1164 liberata
1713 1115 1819 1172 est,
1869 1122 1966 1162 cur

363 1206 638 1278 quotidie,
682 1206 776 1275 qui
833 1205 1182 1275 baptizantur
1225 1203 1278 1256 in
1317 1201 1554 1267 Christo,
1589 1202 1963 1256 remissionem

367 1295 653 1369 originalis
694 1295 903 1366 peccati
944 1293 1397 1365 propriorumque
1441 1291 1779 1355 delictorum,
1824 1306 1965 1360 quae
2044 1359 2049 1364 Α

369 1387 442 1443 ab
468 1385 718 1458 originali
748 1395 991 1456 peccato,
1038 1383 1270 1455 quadam
1319 1383 1668 1454 scaturigine,
1717 1391 1961 1448 manant,

368 1495 470 1552 per
499 1477 885 1533 abundantiam
913 1477 1118 1547 gratiae
1151 1473 1462 1544 accipiunt?
1501 1473 1610 1528 Cur
1649 1473 1836 1539 etiam,
1868 1473 1962 1543 qui

370 1571 426 1625 in
455 1583 624 1625 carne
650 1577 949 1623 nascuntur
971 1567 1088 1622 sine
1107 1565 1313 1622 carnali
1337 1565 1797 1634 concupiscentia,
1821 1579 1964 1634 quae

365 1660 504 1718 nihil
534 1659 679 1715 aliud
712 1659 936 1715 est-nisi
980 1673 1156 1730 poena
1197 1656 1478 1728 originalis
1519 1657 1767 1726 peccati,
1811 1657 1964 1712 nasci

2072 571 2224 617 reatu
2277 562 2500 617 vulnera
2557 561 2873 617 delictorum
2926 573 3240 618 nostrorum
3290 566 3468 620 sanari
3527 567 3668 621 inci-

2067 656 2240 725 piant.
2273 654 2485 723 Quanto
2511 654 2656 709 enim
2688 663 2930 724 tempore
2961 668 3168 720 reatus,
3200 657 3354 726 quasi
3395 659 3666 727 quoddam

2067 747 2298 812 ferrum,
2331 747 2384 801 in
2408 747 2630 802 vulnere
2655 746 2999 812 remanserit,
3031 747 3238 801 nullum
3263 747 3454 804 vulnus
3481 751 3666 805 sanari

2067 836 2322 908 possibile
2349 844 2462 904 est;
2492 851 2559 891 eo
2586 843 2768 892 autem
2797 835 3092 905 subtracto,
3128 837 3398 908 spirituali
3436 841 3665 898 medici-

2066 929 2374 1002 naeglocus
2432 930 2709 988 tribuitur.
2787 971 2803 987 .
2882 969 2900 986 .
2977 971 2994 989 .
3072 971 3088 987 .
3169 969 3185 986 .
3263 970 3280 987 .
3360 971 3376 988 .
3453 973 3469 990 .
3549 973 3566 990 .
3643 973 3659 990 .

2427 1102 3162 1165 FRAGME'NTUM
3211 1096 3305 1167 ἸῘ.

2261 1273 2264 1276 ῃ
2505 1198 2633 1256 CAP.
2658 1200 2744 1267 ιιι,
2773 1202 2798 1256 t
2837 1231 2908 1242 --
2933 1200 3023 1267 tv,
3055 1202 3147 1257 es.

2134 1291 2269 1348 Erat
2327 1292 2481 1346 homo
2539 1309 2606 1348 ea:
2650 1291 2988 1360 Pharisaeis,
3041 1282 3374 1351 Nicodamus
3427 1299 3658 1368 nomine,

2062 1387 2301 1457 princeps
2327 1385 2677 1440 Iudaeorum.
2710 1385 3057 1454 Pharisaeus,
3095 1388 3292 1444 divisus
3329 1390 3654 1462 interpreta-

2066 1486 2182 1543 tur;
2221 1477 2521 1543 Pharisaei,
2553 1477 2704 1532 divisi
2727 1479 2776 1532 ι).
2810 1477 2971 1535 Secta
3008 1485 3242 1551 namque
3268 1496 3456 1538 eorum
3481 1483 3655 1542 divisa

2063 1578 2148 1626 est
2178 1583 2208 1623 a
2235 1569 2434 1624 ceteris
2477 1567 2718 1635 Judaeis,
2747 1569 2799 1626 id
2819 1578 2903 1626 est
2929 1586 2958 1626 a
2983 1569 3189 1628 Scribis
3217 1581 3274 1628 et
3299 1572 3651 1633 Sadducaeis.

2063 1661 2175 1718 Soli
2223 1659 2423 1732 quippe
2471 1659 2750 1716 Pharisaei
2813 1665 3267 1718 resurrectionem
3313 1673 3655 1722 mortuorum

358 1765 470 1824 non
511 1751 825 1822 possunt”
869 1749 930 1806 Si
974 1723 1121 1806 enim
1159 1723 1346 1814 causa,
1377 1723 1657 1818 peccatum
1698 1747 1821 1803 dico
1849 1748 1960 1803 ori-
2041 1723 2450 1818 crediderunt,
2534 1753 2730 1807 ceteris
2791 1753 3258 1810 contendentibus.
3328 1754 3655 1813 Nicodemus

359 1843 562 1915 ginale,
592 1841 811 1912 penitus
838 1840 1117 1896 eradicata
1165 1846 1270 1905 est,
1316 1852 1488 1908 quare
1531 1853 1659 1893 suos
1707 1835 1952 1905 ϐαθείας,
1985 1829 2452 1916 Binterpretatur
2503 1843 2721 1898 victoria
2765 1844 2985 1916 populi,
3046 1845 3130 1900 vel
3181 1847 3344 1900 victor
3391 1848 3652 1918 populus,

358 1936 445 1992 vel
469 1934 651 2006 potius
678 1949 775 1990 sua
802 1947 976 2004 poena
1001 1931 1179 1986 adhuc
1199 1938 1508 2001 permanet,
1531 1929 1599 1984 de
1619 1943 1724 1998 qua
1757 1943 1954 1999 poena,

358 2027 452 2097 qui
474 2041 542 2081 ex
573 2026 688 2097 ipsa
733 2023 936 2080 carnali
967 2021 1404 2093 concupiscentia
1431 2029 1746 2087 nascuntur,
1780 2021 1957 2092 gratia

358 2117 706 2190 baptismatis
743 2124 1065 2188 purgantur,
1113 2114 1434 2170 inchoantes
1471 2128 1571 2185 per
1597 2113 1864 2185 Spiritum
1897 2115 1955 2170 in

359 2216 578 2274 Christo
604 2215 835 2278 renasci,
859 2216 934 2270 ita
970 2222 1029 2269 ut
1070 2229 1176 2270 non
1206 2213 1402 2279 solum,
1433 2213 1529 2283 qui
1565 2213 1618 2268 in
1664 2228 1832 2268 carne
1856 2227 1958 2284 per

365 2307 856 2376 concupiscentiam
902 2306 1084 2362 carnis
1111 2313 1488 2376 procreantur,
1518 2312 1802 2375 parentum
1829 2320 1959 2361 suo-

366 2416 490 2456 rum
516 2399 719 2464 delicti,
743 2414 850 2468 quo
875 2391 1272 2468 concipiuntur,
1301 2413 1494 2452 verum
1521 2394 1684 2453 etiam
1711 2415 1957 2456 commu.

364 2493 457 2547 nis
505 2491 771 2557 criminis,
806 2490 1085 2562 originalis
1125 2489 1374 2545 videlicet
1417 2491 1646 2560 peccati,
1677 2506 1784 2560 quo
1829 2491 1954 2547 uni-

359 2580 656 2636 versaliter
682 2580 736 2634 in
771 2580 951 2651 primo
980 2579 1197 2635 homine
1226 2593 1416 2634 omnes
1444 2579 1692 2635 homines
1715 2580 1954 2652 delique-

358 2680 507 2737 rant,
550 2670 921 2741 indulgentiae
965 2669 1312 2740 baptismatis
1363 2669 1686 2739 indigeant?
1723 2669 1804 2726 Ad
1853 2672 1956 2728 hoc

356 2763 542 2833 itaque
572 2761 884 2826 dicendum,
912 2761 1037 2831 quia
1061 2759 1177 2831 jam
1211 2761 1280 2816 ab
1323 2760 1576 2830 originali
1605 2771 1821 2831 peccato
1853 2763 1954 2817 hu-

356 2869 522 2910 mana
553 2863 746 2909 natura
787 2868 965 2924 neque
994 2853 1047 2908 in
1069 2850 1323 2907 omnibus
1352 2852 1734 2919 communiter,
1773 2868 1948 2921 neque

359 2954 419 3011 in
443 2953 671 3024 singulis
693 2952 1024 3024 specialiter,
1053 2967 1115 3007 re
1151 2951 1269 3022 ipsa
1297 2950 1520 3007 abolitio
1549 2950 1686 3006 facta
1713 2959 1793 3006 cst
1828 2967 1953 3022 per-
2033 3014 2038 3018 ,

354 3045 614 3115 fectaque
662 3045 1028 3115 interemptio.
1074 3043 1190 3100 Hoc
1231 3043 1376 3100 enim
1429 3053 1678 3100 servatur
1710 3047 1778 3101 ad
1825 3046 1952 3102 ulti-

354 3131 505 3192 mam
539 3135 595 3188 in
626 3134 733 3189 line
760 3135 946 3190 mundi
973 3134 1276 3199 victoriam,
1307 3134 1544 3203 quando,
1577 3143 1636 3190 ut
1679 3135 1757 3190 ait
1802 3135 1948 3208 Apo-

351 3225 549 3292 stolus,
593 3225 920 3299 novissimus
961 3224 1213 3281 inimicus
1250 3223 1564 3280 destruetur
1603 3240 1773 3282 mors.
1806 3227 1946 3283 Dum

348 3316 497 3373 enim
519 3316 907 3372 universaliter
931 3316 1242 3372 destruetur
1272 3330 1445 3382 mors,
1471 3331 1615 3387 quae
1643 3319 1949 3375 masculino

347 3408 568 3465 nomine
587 3407 920 3464 novissimus
937 3407 1190 3463 inimicus
1202 3416 1450 3476 vocatur,
1475 3411 1734 3480 quoniam
1756 3427 1950 3484 graece

345 3503 579 3566 θάνατος,
620 3500 673 3554 id
713 3509 801 3556 est
835 3513 1001 3565 mors,
1049 3498 1334 3554 masculini
1371 3503 1590 3571 generis
1619 3510 1720 3566 est,
1759 3518 1950 3560 neces-

345 3595 492 3649 sario
531 3607 700 3648 causa
752 3590 891 3661 ejus,
941 3589 1209 3661 originale
1244 3600 1556 3662 peccatum,
1607 3592 1830 3648 omnino
1877 3595 1946 3650 ab

343 3688 586 3744 humana
637 3694 835 3741 natura
879 3682 1169 3741 delebitur.
1211 3681 1513 3740 Praecedet
1547 3684 1694 3740 enim
1725 3684 1947 3742 abolitio
2031 3742 2033 3744 .

343 3793 551 3836 causae
576 3777 926 3834 abolitionem
955 3775 1207 3842 effectus,
1245 3777 1348 3833 hoc
1389 3783 1493 3842 est,
1537 3777 1825 3846 praecedet
1863 3778 1947 3832 in-

349 3870 648 3940 teremptio
675 3869 955 3942 originalis
985 3869 1192 3940 peccati
1226 3870 1282 3924 in
1328 3869 1582 3924 omnibus
1623 3877 1679 3924 et
1725 3869 1780 3923 in
1828 3869 1942 3925 sin-

339 3961 495 4034 gulis
525 3961 996 4032 interemptionem
1029 3960 1251 4026 mortis;
1283 3959 1536 4014 similiter
1565 3958 1618 4014 in
1660 3967 1774 4014 toto
1800 3969 1857 4014 et
1891 3960 1944 4014 in

339 4065 526 4129 parte,
577 4055 796 4125 quando
834 4055 996 4110 etiam
1043 4051 1371 4124 implebitur,
1416 4049 1561 4122 quod
1603 4051 1806 4106 dictum
1860 4059 1946 4108 est

333 4164 451 4222 per
477 4150 802 4219 prophetam
833 4165 848 4203 :
878 4167 898 4200 ι
926 4148 1033 4204 Ero
1061 4161 1208 4203 mors
1239 4155 1350 4214 tua,
1389 4163 1423 4202 ο
1453 4162 1624 4213 mors,
1649 4157 1704 4202 et
1734 4163 1946 4203 morsus

335 4248 496 4305 tuus,
518 4255 554 4294 ο
583 4238 796 4295 inferne
830 4257 877 4293 ι.
916 4239 1110 4294 Adhuc
1149 4238 1332 4309 itaque
1367 4238 1422 4294 itt
1452 4254 1548 4308 spe
1587 4237 1812 4294 liberata
1843 4253 1943 4294 na-

335 4341 498 4396 tura,
529 4329 585 4385 in
619 4330 802 4385 futuro
842 4345 972 4387 vero
1012 4330 1190 4400 reipsa
1241 4329 1586 4386 liberabitur.
1635 4329 1772 4398 Quid
1811 4345 1943 4403 ergo

331 4423 514 4478 datur
554 4436 651 4492 per
689 4421 919 4493 gratiam
955 4421 1170 4478 divinae
1204 4420 1590 4493 generationis,
1617 4435 1716 4492 per
1736 4421 1944 4492 baptis-

317 4528 498 4570 .mum
551 4512 693 4579 dico,
725 4513 773 4568 si
807 4513 1030 4569 omnino
1058 4513 1322 4586 originale
1358 4521 1640 4584 peccatum
1683 4514 1944 4569 radicitus
1967 4535 2022 4597 Β

329 4620 448 4662 non
480 4603 964 4674 esstirpatur?Ad
1012 4603 1116 4658 hoc
1152 4602 1439 4658 dicendum
1472 4619 1486 4657 :
1533 4611 1716 4658 reatus
1743 4603 1943 4657 solum-

331 4696 504 4752 modo
533 4694 820 4766 originalis
845 4694 1056 4764 peccati
1083 4708 1184 4764 per
1209 4692 1538 4762 baptismum
1562 4691 1797 4757 laxatur,
1822 4706 1940 4746 ma-

331 4798 507 4845 nente
548 4790 730 4845 adhuc
763 4786 1018 4860 originali
1065 4793 1309 4858 peccato.
1350 4785 1513 4841 Aliud
1553 4786 1700 4841 enim
1736 4791 1820 4842 est
1850 4799 1939 4842 sa-

2062 1934 2290 2006 ﬁguram
2335 1943 2554 2006 gestans
2589 1934 2850 2001 omnium,
2883 1934 2974 2006 qui
3005 1950 3071 1990 ex
3111 1933 3334 1991 Judaico
3363 1936 3558 2008 populo
3597 1939 3653 1993 in

2061 2025 2338 2081 Christum
2370 2024 2734 2080 crediderunt.
2765 2025 2955 2081 Omnis
2998 2035 3202 2090 autem,
3247 2028 3339 2097 qui
3385 2029 3650 2084 credit'in

2061 2104 2359 2182 Christum,
2386 2116 2554 2170 vincit
2581 2116 2862 2172 mundum.
2895 2114 3148 2188 Princeps
3170 2101 3525 2186 Juddeorum,
3548 2120 3652 2176 hoc

2061 2219 2148 2264 est
2185 2225 2324 2264 unus
2362 2208 2428 2264 de
2469 2208 2802 2278 principibus
2849 2207 3200 2276 Iudaeorum,
3238 2209 3430 2267 doctus
3466 2211 3653 2284 legalis

2060 2299 2299 2366 litterae,
2321 2299 2579 2370 magister
2603 2298 2788 2354 Israel.

2135 2389 2237 2446 Hic
2259 2392 2391 2446 venit
2414 2390 2482 2444 ad
2497 2389 2683 2445 Iesum
2715 2397 2882 2446 nocte.
2905 2389 3064 2446 Juxta
3095 2391 3454 2464 Augustinum
3484 2391 3647 2449 Nico-

2061 2485 2250 2540 demus
2291 2482 2344 2538 in
2382 2481 2552 2554 figura
2592 2481 3103 2537 catechutnenorum
3137 2484 3378 2554 ponitur.
3435 2483 3650 2539 Etenim

2058 2574 2456 2640 catechumeni,
2481 2573 2532 2628 id
2560 2581 2667 2638 est,
2695 2573 2748 2627 in
2776 2572 2879 2630 ﬁde
2906 2572 3178 2641 instructi,
3203 2575 3440 2630 nondum
3467 2586 3647 2630 tamen

2056 2664 2348 2736 haptizati,
2388 2677 2564 2732 neque
2603 2671 2946 2717 sacramento
2983 2664 3230 2734 corporis
3269 2675 3326 2720 et
3371 2665 3650 2736 sanguinis

2056 2755 2268 2812 Domini
2299 2753 2512 2819 imbuti,
2556 2752 2725 2807 solam
2762 2753 2920 2807 fidem
2942 2755 3227 2822 habentes,
3269 2756 3337 2809 ad
3372 2755 3648 2812 Christum

2039 2833 2320 2912 veniunt;
2387 2845 2700 2916 ignorantes
2751 2843 2929 2899 adhuc
2974 2844 3232 2900 virtutem
3278 2845 3644 2916 baptismatis,

2055 2938 2199 3009 quod
2253 2937 2490 2992 nondum
2541 2935 2846 3007 accipiunt,
2900 2935 3068 2990 veluti
3107 2936 3163 2990 in
3201 2938 3435 3008 quadam
3489 2949 3648 2997 nocte

2054 3031 2392 3105 ignorantiae
2446 3037 2912 3086 sacramentorum
2969 3026 3253 3084 accedunt.
3307 3028 3470 3086 Juxta
3517 3047 3647 3090 vero

2052 3123 2373 3195 Gregorium
2439 3121 2749 3193 theologum
2811 3119 3137 3177 Nicodemus
3195 3121 3359 3178 veluti
3424 3123 3645 3194 quidam

2050 3224 2345 3271 nocturnus
2371 3213 2667 3285 discipulus
2709 3213 2995 3285 accipitur,
3023 3212 3371 3272 conformans
3401 3230 3514 3283 eos,
3547 3209 3645 3288 qui

2049 3305 2444 3378 perfectissime
2479 3306 2532 3360 in
2561 3305 2838 3361 Christum
2873 3306 3124 3373 credunt,
3170 3306 3244 3361 ita
3291 3315 3351 3362 ut
3397 3308 3531 3365 nihil
3578 3309 3646 3367 de

2050 3397 2363 3468 integritate
2409 3395 2708 3452 catholicae
2753 3395 2876 3453 ﬁdei
2924 3412 3020 3453 eos
3069 3397 3254 3464 lateat,
3291 3397 3430 3454 luce-
3462 3411 3645 3456 tamen

2047 3489 2412 3562 perfectorum
2461 3503 2686 3558 operum
2745 3495 2974 3557 carent,
3036 3490 3292 3548 timentes
3340 3492 3642 3548 carnalium

2047 3595 2268 3636 suarum
2298 3578 2687 3650 cogitationum
2723 3587 2779 3635 et
2809 3579 3107 3647 actionum,
3132 3581 3298 3638 veluti
3343 3581 3642 3638 infidelium

2046 3669 2375 3728 Judaeorum
2404 3670 2663 3740 impetum
2692 3677 2856 3741 atque
2878 3671 3159 3739 invidiam,
3191 3672 3305 3729 sola
3339 3672 3442 3728 fide
3480 3673 3644 3729 collo-

2049 3762 2178 3833 quio
2224 3761 2427 3817 Christi
2487 3759 2766 3826 fruuntur,
2821 3761 3085 3816 bonorum
3117 3778 3342 3832 operum
3389 3763 3640 3819 ﬁduciam

2047 3868 2154 3908 non
2180 3849 2462 3908 habentes.
2500 3850 2796 3922 Propterea
2838 3849 3178 3922 Evangelista
3206 3853 3282 3907 ait
3313 3870 3327 3906 :
3368 3869 3386 3903 ι
3422 3851 3520 3909 Hic
3547 3868 3640 3907 ve-

2046 3943 2128 3998 nit
2147 3943 2215 3998 ad
2237 3957 2361 3997 eum
2394 3949 2553 3996 nocte
2585 3961 2630 3994 ι.
2657 3941 2722 3995 Et
2751 3941 2886 3995 dixit
2923 3943 3011 3996 ei:
3041 3941 3233 4007 Rabbi,
3265 3942 3479 4009 scimus,
3518 3943 3642 4016 quia

2047 4052 2080 4088 a
2113 4035 2221 4089 Deo
2249 4034 2501 4104 magister
2529 4033 2746 4098 venisti;
2775 4048 2926 4087 nemo
2951 4033 3089 4086 enim
3116 4042 3281 4102 potest
3322 4033 3450 4084 haec
3489 4035 3641 4102 signa

2048 4125 2241 4194 facere,
2266 4139 2399 4193 quae
2425 4134 2480 4176 tu
2507 4122 2659 4191 facis,
2695 4122 2798 4176 nisi
2828 4123 2988 4190 fuerit
3014 4121 3152 4175 Deus
3181 4137 3299 4175 cum
3327 4137 3407 4174 eo.
3451 4121 3528 4176 Ex
3557 4122 3640 4177 his

2046 4216 2248 4282 verbis,
2275 4215 2474 4287 quibus
2505 4214 2832 4270 Nicodemus
2875 4215 3024 4268 visus
3065 4220 3151 4266 est
3189 4212 3466 4267 Christum
3509 4214 3642 4268 allo-

2047 4310 2161 4381 qui,
2188 4309 2348 4365 datur
2378 4305 2628 4378 intelligi,
2675 4307 2874 4377 ipsum,
2920 4302 3274 4358 Nicodemum
3301 4301 3442 4368 dico,
3473 4321 3641 4360 unum

2045 4399 2216 4456 fuisse
2259 4413 2329 4454 ex
2376 4396 2482 4462 his,
2528 4396 2620 4466 qui
2671 4393 3022 4451 crediderunt
3066 4391 3227 4464 paulo
3269 4398 3396 4446 ante
3450 4395 3504 4449 in
3553 4393 3642 4451 die

2045 4493 2277 4558 Pascha,
2313 4491 2380 4547 de
2419 4488 2614 4560 quibus
2639 4487 2843 4543 dictum
2889 4493 2975 4542 est
3005 4501 3020 4538 :
3057 4503 3077 4536 ι
3108 4483 3244 4540 Cum
3274 4491 3456 4539 autem
3497 4495 3642 4541 esset

2048 4584 2432 4645 llierosolomis
2447 4581 2502 4636 in
2524 4580 2731 4636 Pascha
2757 4579 2811 4634 in
2835 4577 2923 4634 die
2953 4576 3110 4644 festo,
3125 4575 3278 4631 multi
3293 4576 3642 4633 crediderunt

2047 4681 2102 4736 in
2131 4679 2351 4735 nomine
2380 4674 2515 4745 ejus,
2540 4673 2786 4727 videntes
2810 4669 2962 4741 signa
3000 4667 3115 4738 ejus
3146 4682 3286 4737 quae
3321 4667 3558 4724 faciebat
3592 4689 3636 4725 ι.

2043 4773 2127 4830 Ad
2149 4774 2254 4828 hoc
2279 4770 2424 4826 enim
2460 4765 2680 4837 respicit
2705 4763 2850 4835 quod
2879 4761 2955 4817 ait
2987 4779 3001 4816 :
3040 4779 3058 4812 ι
3094 4759 3267 4816 Nemo
3303 4769 3484 4831 potest
3503 4761 3640 4818 haec

328 4883 535 4954 gittam
576 4881 797 4938 auferre
821 4851 890 4936 de
912 4851 1160 4947 vulnere,
1207 4877 1354 4934 aliud
1396 4884 1584 4948 postea
1623 4876 1820 4932 vulnus
1855 4891 1947 4932 sa-
2023 4856 2196 4938 signa
2224 4865 2403 4919 facere
2425 4875 2562 4954 quae
2591 4869 2645 4913 l“
2678 4857 2832 4954 ἶδξτίεν
2861 4855 2964 4954 ηξδί
2989 4856 3152 4954 fuerit
3177 4855 3320 4912 Deus

321 4989 496 5032 nare.
550 4973 666 5032 Hoc
724 4973 892 5046 igitur
945 4981 1120 5029 totum
1182 4979 1288 5035 est,
1349 4969 1495 5042 quod
1553 4968 1712 5024 nobis
1770 4967 1944 5038 gratia

322 5065 684 5138 baptismatis
711 5065 945 5124 confert.
975 5065 1057 5122 Ex
1083 5073 1240 5122 reatu
1264 5063 1413 5121 enim
1442 5059 1656 5132 peccati
1682 5074 1782 5115 nos
1807 5057 1944 5115 libe-

2121 4956 2405 5029 Respondit
2427 4953 2604 5020 Iesus,
2629 4961 2678 5008 et
2701 4952 2835 5007 dixit
2858 4951 2906 5006 ei
2937 4949 3158 5013 fAmen,
3185 4963 3339 5003 amen
3369 4949 3488 5003 dico
3519 4946 3636 5013 tibi,

2051 5055 2152 5111 nisi
2183 5053 2300 5124 quis
2330 5059 2484 5104 natus
2517 5046 2676 5119 fuerit
2723 5045 2919 5112 denuo,
2970 5059 3075 5098 non
3127 5049 3292 5111 potest
3329 5039 3503 5096 videre
3552 5056 3637 5096 re-

1593 5141 1890 5216 ‘vaatAE
1927 5151 2327 5214 annonns.

403 5263 429 5298 "
458 5261 559 5320 Sic
579 5263 731 5332 cod.,
751 5263 896 5321 forte
914 5260 1023 5334 leg.
1049 5261 1316 5317 lumnae
1341 5265 1566 5313 naturas
1585 5255 1613 5310 1

1894 5337 2148 5402 NOTAE.

403 5461 432 5492 ι
460 5449 568 5516 Ba,
600 5463 742 5522 quae
766 5445 818 5522 J.
848 5447 1047 5522 Scottis
1092 5460 1268 5522 usque
1306 5442 1374 5499 ad
1424 5440 1589 5498 finem
1640 5437 1930 5522 fragmenti

331 5525 401 5604 ξιξ
439 5517 674 5604 Maio
723 5519 972 5604 oricia?“
1023 5527 1137 5604 εειτ
1167 5517 1478 5604 aiuntib-
1516 5517 1932 5604 999‘._'.E.'.E':‘}.“

333 5580 648 5649 Christiana
677 5607 788 5648 non
811 5580 947 5646 satis
977 5580 1291 5652 convenire,
1320 5599 1484 5641 nemo
1516 5599 1620 5638 non
1653 5580 1926 5652 intelligit.

333 5663 492 5731 Quae
522 5663 696 5734 ipsius
721 5663 791 5717 de
802 5661 900 5734 his
926 5660 1196 5734 capitibus
1220 5649 1786 5734 falsissimardoctrina
1811 5649 1927 5705 fue-

337 5724 432 5804 ἧι,
463 5724 745 5808 copiosius
783 5724 1120 5803 disceptatur
1163 5729 1221 5786 in
1259 5724 1719 5800 commentatione
1763 5734 1932 5794 supra

2035 5445 2056 5491 t
2096 5433 2178 5504 pis
2200 5439 2460 5498 expressa
2491 5420 2554 5477 P.
2585 5418 2628 5473 ll
2658 5417 2685 5490 §
2715 5415 2783 5470 57
2807 5427 2930 5482 sqq.
2963 5481 2977 5496 θ
3421 5472 3434 5486 ι

2058 5451 2090 5508 y
2110 5506 2135 5545 δ
2165 5503 2222 5555 S.
2258 5499 2618 5555 Hieronymus
2648 5506 2661 5542 :
2699 5486 2998 5555 ἕλικι-ειμι,
3025 5482 3357 5555 separatim,
3387 5472 3625 5555 stve_dis-
3681 5527 3689 5538 ι

2035 5544 2852 5634 εεὴιίἦᾶιῖῖἷεῖῖήιριὶβσαηιεε.
2899 5544 3454 5634 lllutl_eni_m“nomen
3490 5544 3632 5604 deri.

2033 5618 2467 5703 iit'iliﬁha’i‘cé
2491 5618 2650 5706 ini-15',
2689 5639 2958 5698 separare,
3003 5622 3059 5681 id
3083 5629 3171 5678 est
3203 5618 3456 5687 dividere.
