4178 6266
538 379 647 438 315

1889 370 2174 431 ιοΑΝΝιε
2238 371 2435 429 SCOTI

3691 345 3817 440 ’5ιό

498 486 507 497 ’
540 515 700 573 gnum
741 494 857 553 Dei.
892 488 1204 564 Quaeritur,
1233 510 1333 550 cur
1365 480 1522 550 Jesus
1563 488 1629 548 de
1663 486 1899 545 secunda
1930 487 2124 541 nativi-
2152 491 2197 549 Λ
2229 505 2347 543 rum
2400 491 2630 545 animae.
2667 490 2909 565 Regnum
2937 492 3029 546 Dei
3075 502 3159 547 est
3205 493 3379 549 Filius
3415 493 3509 552 Dei
3538 538 3552 562 ,
3598 498 3688 570 qui
3725 517 3745 550 ι
3783 513 3816 556 a

540 594 673 654 tate,
700 604 836 659 quae
875 594 958 642 est
1002 582 1297 642 secundum
1332 583 1599 655 spiritum,
1641 580 1916 651 respondit
1959 576 2121 631 Nico-

544 682 722 745 demo,
768 695 887 734 cum
934 677 1048 747 ipse
1095 675 1226 730 nihil
1271 675 1395 729 inde
1445 672 1808 743 interrogasse
1856 668 2123 723 videatur?

547 766 648 825 Sed
699 768 1125 839 respondendum
1160 784 1173 819 :
1221 764 1475 835 quoniam
1545 761 1806 817 Dominus
1837 758 1967 813 vldit
2002 773 2123 813 eum

546 861 863 922 credidisse,
911 859 1053 913 sicut
1094 867 1149 912 et
1205 856 1373 911 ceteri
1421 854 1795 916 crediderunt,
1843 852 1931 922 qui
1973 840 2123 923 signa

514 952 660 1021 'ejus
700 948 993 1010 Vidern'nt,'
1022 953 1089 1000 et‘
1121 946 1478 1008 existimasse,
1512 944 1652 1013 quod
1698 944 1814 998 sola
1867 942 1999 997 ﬁdes
2048 940 2126 996 eis

510 1020 832 1099 .su'lliceret,
860 1022 1063 1107 alisque
1101 1020 1399 1109 spiri’tualis
1442 1022 1813 1105 generationis.
1838 1023 2033 1086 virtute
2073 1022 2128 1087 ἐι

542 1130 922 1193 sacramentis,
962 1128 1218 1183 continuo
1243 1129 1434 1181 docere
1465 1140 1585 1180 eum
1625 1124 1803 1193 coepit
1834 1124 1900 1177 de
1941 1123 2128 1177 nativi-

547 1232 674 1286 tate,
701 1237 839 1291 quae
874 1227 957 1276 est
1004 1220 1298 1274 secundum
1342 1217 1611 1286 spiritum.
1657 1217 1736 1269 Ac
1780 1215 1823 1268 si
1860 1215 1909 1268 ei
1942 1224 2128 1283 aperte
2210 1219 2214 1223 “

474 1352 484 1361 ε
546 1317 749 1372 diceret
783 1333 795 1368 :
827 1313 942 1370 Non
976 1310 1173 1368 sufﬁcit
1206 1310 1324 1375 tibi,
1364 1308 1698 1363 solummodo
1733 1307 1786 1361 in
1825 1321 1909 1360 me
1946 1308 2125 1360 credi-

516 1404 709 1468 disse,
757 1405 858 1460 nisi
903 1411 1239 1485 sacramenta
1274 1398 1620 1481 baptismatis
1658 1396 1912 1466 accipias,
1955 1385 2127 1450 virtu—

546 1502 763 1566 temque
826 1492 1120 1575 spiritualis
1181 1490 1543 1563 generationis
1596 1487 1882 1557 intelligas.
1927 1485 2126 1541 Notan-

546 1580 696 1652 dum,
729 1588 869 1658 quod
900 1586 954 1640 in
1003 1585 1279 1641 codicibus
1319 1582 1647 1638 Graecorum
1682 1580 1873 1655 essent
1910 1578 2123 1649 legitur,

544 1680 637 1734 ubi
678 1680 728 1733 in
756 1678 939 1733 latinis
988 1676 1266 1731 codicibus
1296 1674 1465 1728 denuo
1498 1672 1784 1742 reperitur,
1811 1679 1869 1723 ut
1898 1670 1967 1724 sit
2008 1658 2129 1723 sen—

545 1790 638 1830 sus
675 1794 687 1828 :
731 1774 833 1829 nisi
872 1773 993 1843 quis
1039 1780 1195 1827 natus
1241 1768 1404 1824 fuerit
1440 1765 1642 1833 ἅνωθεν,
1674 1769 1773 1821 hoc
1807 1774 1891 1821 est
1939 1764 2127 1819 desur-

545 1882 663 1923 sum
687 1907 699 1928 .
726 1873 787 1920 ut
818 1866 1097 1919 desursum
1130 1863 1372 1918 dicamus
1409 1875 1505 1931 pro
1533 1860 1740 1922 denuo;
1778 1858 1918 1926 quod
1961 1865 2014 1911 et
2048 1855 2127 1910 fa-

536 1958 700 2014 ‘cilius
732 1955 1068 2025 intelligitur,
1128 1962 1183 2008 et
1209 1951 1416 2006 duabus
1446 1948 1837 2015 nativitatibus,
1884 1958 2128 2003 terrenae

547 2047 791 2109 videlicet
844 2063 1006 2123 atque
1063 2048 1311 2112 caelesti,
1368 2047 1793 2104 eonvenientius.
1853 2044 1941 2099 Ait
1983 2047 2126 2099 enim

546 2142 877 2214 Apostolus:
915 2160 933 2193 ε
964 2138 1174 2196 Primus
1206 2140 1366 2195 homo
1414 2138 1482 2193 de
1537 2132 1680 2193 terra
1738 2146 2006 2194 terrenus,
2047 2151 2130 2189 se-

547 2237 755 2291 cundus
782 2235 943 2289 homo
968 2232 1047 2287 'de
1093 2231 1241 2287 caelo
1294 2229 1540 2285 caelestis
1574 2249 1619 2281 ι.
1670 2224 1819 2283 Duae
1862 2228 2128 2296 siquidem

549 2328 857 2384 nativitates
885 2334 1029 2390 sunt,
1061 2334 1119 2380 ut
1159 2325 1239 2379 ait
1261 2320 1594 2396 Augustinus
1618 2339 1632 2389 ;
1660 2337 1889 2393 quarum
1935 2337 2035 2372 una
2065 2318 2129 2374 de

524 2404 716 2482 terra,
769 2417 938 2471 altera
984 2417 1048 2471 de
1084 2414 1250 2481 caelo,
1285 2413 1388 2469 hoc
1437 2421 1521 2468 est
1566 2414 1879 2477 desursum;
1916 2426 2019 2463 una
2064 2425 2129 2462 ex

546 2505 879 2581 parentibus,
913 2506 1204 2562 secundum
1235 2522 1477 2571 carnem,
1523 2505 1693 2559 altera
1728 2520 1793 2560 ex
1824 2501 2037 2557 Christo
2076 2511 2130 2556 et

547 2598 825 2661 Ecclesia,
856 2598 1146 2653 secundum
1199 2598 1485 2666 spiritum;
1529 2612 1631 2648 una
1677 2596 1730 2649 in
1779 2590 2129 2649 similitudine

542 2689 908 2763 iumentorum
956 2706 1050 2759 per
1076 2694 1356 2761 peccatum
1388 2689 1441 2744 in
1487 2699 1733 2751 mortem,
1767 2687 1934 2742 altera
1977 2686 2028 2739 in
2060 2684 2129 2739 si-

544 2774 849 2841 militudine
882 2784 1191 2839 caelestium
1240 2784 1495 2837 virtntum
1535 2798 1633 2854 per
1682 2782 1910 2853 gratiam
1963 2781 2014 2834 in
2051 2774 2129 2832 v-i-

548 2885 694 2941 tam;
726 2892 831 2931 una
875 2870 1061 2931 contra
1093 2883 1340 2933 naturam
1386 2890 1481 2944 per
1510 2873 1787 2938 delictum,
1830 2873 1997 2926 altera
2047 2887 2129 2924 se-

547 2968 781 3025 cundum
812 2976 1058 3022 naturain
1097 2983 1190 3036 per
1226 2964 1542 3019 delictorum
1584 2962 1898 3018 remedium.
1932 2960 2133 3029 Grego-

549 3061 664 3117 rius
712 3069 890 3115 autem
943 3058 1221 3129 theologus
1268 3064 1502 3125 quatuor
1555 3055 1860 3108 nativitates
1911 3052 2127 3114 astruit,

547 3167 685 3222 quas
710 3148 885 3205 etiam
916 3147 1173 3203 Dominus
1205 3156 1385 3201 noster
1426 3144 1581 3200 Jesus
1607 3144 1849 3199 Christus
1899 3157 1994 3211 pro
2041 3159 2129 3195 sa-
2163 3194 2185 3222 ί

550 3241 662 3297 lute
682 3242 948 3296 humanae
974 3246 1196 3292 naturae
1224 3236 1455 3289 subiisse
1487 3235 1736 3305 dignatus
1767 3240 1865 3285 est.
1891 3229 2130 3297 Quarum

552 3333 727 3406 prima
767 3340 847 3386 est
879 3329 1131 3383 nativitas
1167 3326 1273 3392 illa,
1308 3327 1361 3379 in
1391 3342 1495 3396 qua
1528 3333 1694 3380 totum
1743 3339 1910 3393 genus
1945 3323 2133 3376 imma—

554 3443 682 3484 num
711 3425 869 3482 simul
909 3425 974 3478 de
1018 3420 1184 3476 nihilo
1213 3430 1433 3495 natum;
1466 3421 1531 3473 de
1566 3435 1669 3489 qua
1701 3418 1959 3486 scriptum
2009 3424 2129 3467 est:

557 3536 579 3570 ‹
617 3517 684 3572 Ει
716 3516 840 3571 fecit
871 3514 1010 3569 Deus
1038 3513 1307 3591 hominem
1341 3511 1408 3565 ad
1451 3509 1736 3579 imaginem
1782 3515 1837 3561 et
1886 3505 2134 3560 similitu-

554 3592 734 3664 dinem
786 3622 939 3661 suam
970 3624 1014 3657 ι.
1079 3592 1325 3658 Secunda
1357 3642 1371 3665 ,
1421 3596 1560 3670 Quae
1611 3597 1846 3653 hominis
1881 3596 2132 3651 delictum

555 3699 849 3756 subsecuta
879 3712 943 3749 ex
976 3705 1205 3764 utroque
1236 3692 1390 3757 sexu,
1424 3691 1492 3745 ad
1557 3687 1963 3744 similitudinem
1996 3696 2137 3740 cete-

557 3807 742 3850 rorum
774 3788 1111 3853 animalium,
1145 3788 1211 3841 de
1251 3802 1355 3857 qua
1410 3769 1597 3839 eadem
1643 3778 1923 3852 Scriptura
1967 3778 2132 3834 dicit:

562 3903 583 3938 ‹
618 3882 908 3951 Masculum
948 3892 1003 3936 et
1043 3865 1299 3934 t'eminatn
1362 3877 1491 3931 fecit
1561 3890 1655 3930 eos
1710 3891 1773 3940 ›;
1826 3889 1922 3944 per
1977 3868 2137 3942 quam

555 3986 727 4034 totum
768 3990 937 4047 genus
982 3973 1273 4027 humanum
1322 3970 1372 4023 in
1420 3967 1686 4023 infinitum
1751 3963 2140 4033 multiplicatur

556 4077 772 4126 terrena
828 4065 1190 4122 successione.
1248 4061 1460 4126 Tertia,
1504 4073 1643 4128 quae
1700 4065 1782 4112 est
1846 4055 2140 4111 secundum

554 4158 836 4231 spiritum,
889 4158 956 4210 de
997 4169 1104 4235 qua
1152 4168 1296 4231 nunc
1333 4150 1591 4204 Dominus
1631 4148 1707 4202 ait
1742 4165 1754 4200 :
1792 4166 1809 4198 ‹
1862 4145 1972 4199 Nisi
2021 4145 2142 4216 quis

555 4263 717 4306 natus
741 4249 906 4305 fuerit
934 4250 1109 4302 denuo
1142 4265 1159 4296 ι
1186 4263 1201 4310 ;
1234 4245 1287 4298 in
1317 4260 1421 4313 qua
1472 4240 1753 4296 nativitate
1802 4239 1988 4306 incipit
2038 4238 2141 4291 hu—

526 4330 715 4400 hmana
766 4351 957 4397 natura
998 4340 1066 4393 ad
1123 4353 1274 4392 suam
1334 4332 1616 4407 pristinam
1672 4331 1893 4397 sedem,
1943 4331 2009 4385 de
2039 4328 2141 4399 qua

557 4435 782 4495 corruit,
831 4432 1045 4507 redire.
1078 4428 1281 4507 Quarta
1320 4429 1424 4482 erit
1475 4427 1528 4480 in
1570 4422 1964 4479 resurrectione
2024 4439 2144 4475 ont-

557 4527 737 4589 nium,
769 4524 982 4592 quando
1032 4510 1284 4577 nascetur
1340 4516 1499 4573 simul
1561 4526 1666 4572 tota
1706 4525 1888 4568 nostra
1932 4524 2142 4577 natura,

558 4626 733 4674 morte
761 4618 1102 4683 interempta,
1143 4614 1195 4667 in
1221 4604 1381 4666 vitam
1410 4622 1708 4665 aeternam.
1739 4606 1919 4661 Prima
1962 4607 2142 4674 itaque

560 4708 845 4771 naturalis,
877 4706 1109 4762 secunda
1138 4713 1357 4777 propter
1379 4713 1659 4773 peccatum
1681 4742 1695 4767 ,
1722 4700 1877 4754 tertia
1908 4716 2001 4770 per
2024 4714 2144 4769 gra-

563 4780 689 4859 tiam
729 4797 1127 4867 Redemptoris,
1154 4804 1346 4865 quarta
1389 4795 1682 4849 secundum
1709 4803 1956 4847 naturam
1986 4792 2145 4846 simul

560 4902 617 4946 et
632 4891 879 4962 gratiam.
911 4889 1054 4953 Inest
1097 4888 1239 4942 enim
1264 4878 1583 4940 naturaliter
1631 4876 1895 4943 huinanae
1922 4892 2144 4937 naturae

532 4983 736 5053 Avirtus
790 4962 1236 5053 resurrectionis,
1293 4976 1556 5053 siquidem
1611 4976 1878 5031 contraria
1923 4975 2144 5030 omnino

564 5073 666 5130 sibi
694 5083 777 5127 est
825 5088 970 5126 mors
1001 5048 1240 5125 :icterlia.
1292 5050 1432 5136 Quid
1478 5078 1657 5124 autem
1707 5076 1895 5122 natura
1934 5066 2146 5121 cont‘crt

564 5165 971 5229 resurrectioni,
1017 5172 1071 5219 et
1099 5165 1227 5234 quid
1268 5164 1465 5234 gratia,
1500 5162 1638 5216 alius
1664 5156 1962 5216 disserendi
1994 5160 2143 5214 locus

562 5271 664 5318 est.
702 5260 824 5315 Non
852 5268 1013 5329 potest
1037 5257 1207 5311 videre
1234 5270 1446 5324 regnum
1472 5253 1585 5305 Dei.
1626 5252 1794 5322 Regni
1829 5252 1919 5305 Dei
1960 5250 2145 5304 multi-

561 5353 684 5423 plex
717 5351 1022 5405 intellectus
1051 5361 1153 5405 est.
1194 5349 1434 5419 Regnum
1484 5343 1579 5401 Dei
1629 5352 1712 5401 est
1755 5341 1983 5396 ecclesia
2012 5343 2148 5395 ﬁde-

564 5442 800 5503 liutn,de
823 5457 929 5511 qua
944 5441 1238 5512 scripturn:
1264 5456 1282 5488 ι
1313 5436 1556 5507 Regnum
1580 5434 1673 5489 Dei
1708 5433 1852 5488 inter
1869 5446 1964 5487 vos
1992 5441 2075 5487 cst
2097 5452 2142 5486 ι.

568 5528 808 5597 Regnum
864 5530 962 5583 Dei
1016 5528 1341 5585 universitas
1397 5524 1697 5596 corporalis
1743 5532 1798 5581 et
1854 5522 2147 5593 spiritualis

567 5625 867 5673 creaturae.
898 5619 1151 5689 Regnum
1173 5619 1269 5674 Dei
1296 5617 1565 5675 caelestes
1607 5617 1841 5673 uirtutes
1868 5621 1936 5671 et
1970 5612 2145 5683 justo-

2228 582 2331 636 tine
2353 599 2521 652 usque
2546 585 2609 637 ad
2638 584 2794 637 linem
2824 586 3049 655 adtingit
3073 584 3287 641 fortiter
3301 590 3605 660 etdisponit
3636 580 3814 650 omnia

2226 674 2463 727 suaviter
2510 695 2551 726 ι.
2608 675 2846 745 Regnum
2903 676 2992 730 Dei
3042 678 3178 732 visio
3231 681 3472 736 veritatis
3521 693 3624 738 est.
3660 684 3815 753 Quod

2226 783 2353 836 ergo
2369 768 2445 820 ait
2466 787 2476 819 :
2497 778 2775 837 uonpotest
2800 768 2969 850 videre
2994 786 3206 843 regnum
3238 770 3352 834 Dei,
3379 790 3479 828 non
3519 775 3814 849 incongrue

2229 856 2583 933 intelligitur:
2618 876 2720 911 non
2770 867 2946 928 potest
3007 876 3091 914 me
3139 876 3499 931 cognoscere,
3545 850 3635 935 qui
3691 858 3812 923 sum

2230 970 2450 1023 regnum
2483 953 2682 1008 Patris.
2729 954 2841 1008 Non
2873 954 3015 1008 enim
3065 955 3400 1009 solummodo
3433 974 3523 1012 rex
3565 964 3808 1017 omnium

2229 1060 2386 1110 sum,
2429 1045 2519 1099 sed
2550 1056 2603 1098 et
2640 1044 2765 1098 illud
2811 1062 3030 1117 regnum
3079 1056 3131 1101 et
3182 1050 3382 1102 omnia.
3430 1047 3599 1106 Recte
3652 1052 3815 1122 igitur

2228 1136 2365 1190 visio
2398 1136 2642 1190 veritatis
2674 1153 2898 1205 regnum
2932 1136 3023 1190 Dei
3063 1147 3117 1191 et
3148 1139 3347 1195 dicitur
3378 1148 3432 1193 et
3478 1140 3807 1210 intelligitur.

2301 1229 2438 1281 Dicit
2468 1230 2534 1283 nd
2565 1246 2683 1283 cum.
2732 1227 3050 1283 Nicodcmus
3081 1246 3097 1282 .·
3146 1231 3421 1297 Quomodo
3462 1242 3624 1303 potest
3664 1238 3812 1286 homo

2230 1322 2375 1374 nasci
2416 1338 2533 1373 cum
2582 1338 2741 1374 senex
2793 1322 2899 1375 sit?
2959 1322 3229 1395 Numquid
3272 1334 3439 1394 potest
3484 1325 3537 1378 in
3594 1334 3818 1379 ventrem

2230 1410 2413 1463 matris
2436 1429 2560 1463 sane
2587 1412 2811 1465 secundo
2834 1412 3047 1465 introire
3069 1424 3114 1465 et
3139 1412 3399 1486 [rc]nasri
3445 1416 3459 1445 ¹
3478 1414 3500 1468 ?
3521 1414 3820 1469 Carnaliter

2232 1502 2515 1567 intellexit,
2549 1504 2637 1572 qui
2671 1505 2843 1557 adhuc
2871 1505 3161 1558 secundum
3209 1520 3427 1559 carnem
3480 1505 3819 1561 solummodo

2233 1604 2393 1651 natus
2426 1596 2545 1663 fuit,
2575 1608 2626 1652 et
2662 1598 2781 1652 ideo
2804 1599 3092 1653 carnaliter
3120 1601 3416 1671 respondit,
3436 1602 3690 1668 quoniam
3710 1616 3814 1656 non

2232 1698 2349 1743 erat
2380 1700 2560 1767 natus
2607 1706 2670 1745 ex
2713 1700 3053 1745 sacramento
3104 1693 3443 1764 baptismatis
3488 1704 3542 1749 et
3597 1697 3812 1763 spiritu.

2231 1780 2483 1835 Altamen
2523 1798 2647 1837 vere
2709 1784 2879 1847 dixit,
2942 1786 3065 1852 quia
3107 1801 3263 1838 nemo
3309 1794 3483 1855 potest
3534 1787 3616 1839 his
3660 1787 3810 1842 nasci

2231 1873 2522 1927 secundum
2564 1890 2821 1938 carnem,
2882 1876 3021 1928 sient.
3074 1891 3230 1928 nemo
3279 1886 3458 1945 potest
3522 1876 3604 1930 his
3660 1879 3810 1931 nasci

2232 1964 2521 2018 secundum
2580 1963 2844 2032 spiritum.
2883 1964 2950 2020 Ut
2979 1966 3121 2017 enim
3180 1968 3422 2020 nascitur
3449 1967 3614 2021 semel
3651 1969 3815 2025 homo

2231 2053 2283 2107 in
2313 2068 2474 2107 carne
2502 2068 2564 2105 ex
2588 2068 2768 2117 carne,
2788 2056 2858 2106 ita
2892 2054 3055 2107 semel
3080 2056 3318 2109 nascitur
3342 2056 3502 2110 homo
3527 2072 3591 2110 cx
3618 2057 3813 2127 Spiritu

2230 2142 2283 2197 in
2317 2144 2529 2210 spiritu.
2562 2142 2975 2197 Sacr-amentum
3009 2162 3241 2215 namque
3277 2147 3620 2216 baptismatis
3644 2146 3815 2202 semel

2229 2246 2504 2305 acceptum
2534 2252 2689 2289 nemo
2725 2245 2900 2306 potest
2928 2237 3144 2293 iterm'e.

2300 2324 2579 2393 Respondit
2612 2324 2765 2378 Iesus
2808 2342 2823 2379 :
2854 2325 3037 2389 Amen,
3073 2344 3222 2381 amen
3262 2328 3376 2380 dico
3405 2327 3517 2393 tibi,
3566 2330 3666 2382 nisi
3698 2328 3814 2398 quis

2230 2412 2382 2467 natus
2418 2414 2571 2482 fuerit
2606 2432 2668 2467 ccc
2707 2432 2843 2484 aqua
2874 2428 2918 2467 ct
2949 2417 3154 2485 spiritu,
3190 2435 3291 2469 non
3336 2427 3497 2487 potest
3527 2418 3743 2472 introire
3764 2421 3819 2473 in

2231 2518 2445 2574 rcgmmz
2498 2504 2610 2556 Dei.
2672 2504 2770 2558 llhi
2829 2506 2987 2558 datur
3037 2506 3284 2576 intelligi,
3338 2524 3445 2561 non
3499 2509 3643 2562 aliud
3699 2525 3819 2564 esse

2217 2592 2412 2647 "videre
2467 2611 2685 2661 regnum
2742 2595 2868 2659 Dei,
2913 2605 2965 2649 et
3014 2588 3161 2649 aliud
3215 2597 3440 2651 introire
3483 2598 3535 2651 in
3594 2614 3818 2669 regnum

2231 2689 2367 2751 Dei,
2427 2689 2517 2740 sed
2570 2688 2819 2757 iiipsnm.
2878 2689 2977 2756 Qui
3028 2689 3169 2742 enim
3220 2691 3361 2744 videt
3429 2706 3648 2760 regnum
3695 2689 3813 2754 Dei,

2235 2781 2322 2833 ille
2356 2780 2551 2845 intrat;
2606 2789 2659 2833 et
2709 2782 2796 2849 qui
2852 2782 3037 2843 intrat,
3090 2776 3177 2835 ille
3226 2783 3392 2837 videt.
3436 2780 3631 2836 Videre
3670 2781 3817 2836 enim

2236 2869 2437 2923 intrare
2486 2880 2607 2932 est,
2672 2878 2725 2923 et
2784 2871 2986 2925 intrare
3038 2872 3260 2937 videre,
3321 2871 3420 2923 hoe
3464 2880 3547 2925 est
3620 2870 3821 2923 verita-

2237 2969 2342 3014 tem
2400 2974 2745 3029 cognoscrre.
2806 2957 2921 3013 Nisi
2979 2962 3093 3031 quis
3155 2974 3310 3015 natus
3361 2958 3515 3029 fuerit
3570 2977 3634 3013 ea:
3685 2976 3820 3030 aqua

2236 3060 2281 3103 ct
2319 3052 2542 3120 spiritu,
2581 3051 2679 3103 hoc
2708 3058 2809 3115 est,
2856 3066 2921 3104 cx
2958 3058 3305 3104 sacramento
3348 3050 3544 3105 visibili
3577 3059 3631 3105 et
3662 3049 3819 3103 intels

2236 3143 2375 3197 lectu
2436 3143 2709 3196 invisibili.
2742 3140 2816 3195 Ac
2867 3145 2911 3197 si
2966 3148 3150 3212 aperte
3200 3143 3428 3197 dixisset
3481 3122 3661 3195 ε’Νξμί
3702 3141 3820 3210 quis

2238 3234 2537 3305 symbolum
2573 3235 2909 3303 baptismatis
2960 3235 3231 3302 acceperit
3268 3233 3574 3295 visibiliter,
3611 3242 3661 3286 et
3712 3233 3820 3301 spi—

2237 3326 2423 3389 ritum,
2451 3326 2627 3390 idest,
2660 3326 2989 3380 intellectum
3036 3328 3204 3396 ipsius
3248 3320 3472 3398 symlrtdi
3507 3342 3606 3379 non
3635 3340 3821 3394 peree-

2238 3417 2399 3485 perit,
2431 3431 2533 3469 non
2564 3426 2737 3484 potest
2767 3416 2990 3471 introire
3026 3417 3078 3470 in
3120 3432 3345 3487 rcgmnn
3388 3417 3503 3471 Dei.
3530 3415 3716 3469 Potest
3765 3425 3821 3470 et

2241 3506 2320 3560 sic
2345 3506 2571 3575 intelligi
2592 3522 2872 3576 :eraqua,
2902 3508 3002 3562 hoc
3020 3519 3120 3570 est,
3149 3523 3211 3562 ex
3237 3507 3428 3561 visibili
3460 3508 3817 3570 sacramento,

2241 3606 2295 3652 et
2319 3595 2526 3666 Spiritu
2552 3608 2759 3651 sancto.
2792 3596 3101 3664 Quaeritur,
3133 3608 3236 3670 qua
3267 3598 3331 3653 de
3366 3614 3528 3652 causa
3558 3595 3820 3652 Dominus

2222 3690 2450 3743 ‘visibile
2485 3698 2880 3743 sacramentum
2929 3688 3271 3758 baptismatis
3300 3690 3350 3743 in
3377 3702 3516 3757 aqua
3545 3688 3660 3742 tieri
3689 3701 3819 3742 con-

2249 3782 2452 3847 stituit,
2486 3797 2609 3835 cum
2641 3781 2887 3835 videatur
2927 3781 3040 3835 sola
3086 3780 3328 3836 doctrina
3379 3778 3672 3850 spiritualis
3722 3792 3820 3848 per

2252 3874 2411 3928 tidem
2445 3871 2688 3927 sullicere
2733 3872 2797 3926 ad
2827 3872 3163 3926 nativitatem
3210 3872 3440 3927 hominis
3490 3886 3558 3926 ex
3601 3871 3819 3941 spiritu.

2248 3962 2353 4020 Sed
2388 3963 2564 4018 ethoc
2611 3963 2899 4017 dicendum
2939 3981 2952 4016 :
2989 3964 3245 4034 quoniam
3288 3964 3450 4017 homo
3499 3975 3566 4016 ex
3612 3960 3824 4016 'visibiii

2245 4068 2472 4125 corpore
2497 4065 2551 4109 et
2574 4054 2823 4108 invisibili
2850 4055 3028 4108 anima
3056 4054 3423 4115 constitu’tur,
3453 4052 3820 4107 necessarium

2247 4158 2366 4202 erat
2389 4157 2787 4201 sacramentum
2820 4146 3029 4201 visiidle
3057 4148 3121 4199 ad
3147 4145 3574 4216 puriﬁcationem
3596 4144 3824 4201 visibilis

2248 4239 2665 4309 COI'pOTiS,Sit_‘lli.
2695 4238 2999 4292 necessaria
3024 4237 3410 4291 estinvisih'ilis
3428 4236 3550 4290 ﬁdei
3580 4234 3826 4290 doctrina

2249 4332 2315 4384 ad
2369 4328 2853 4384 sanetilicalionem
2932 4328 3214 4384 invisibilis
3275 4328 3505 4381 animae.
3561 4324 3826 4393 Quamvis

2250 4423 2391 4477 enim
2414 4418 2418 4423 ’
2442 4431 2837 4476 sacramentum
2867 4422 3080 4476 visihlle
3122 4420 3464 4490 baptismatis
3492 4419 3625 4473 nihil
3655 4417 3829 4472 adhuc

2252 4513 2303 4567 in
2358 4513 2459 4566 hac
2516 4512 2619 4565 vita
2668 4513 2879 4580 corpori
2926 4513 3171 4567 videatur
3219 4509 3501 4572 conferre,
3539 4509 3595 4562 in
3647 4520 3829 4560 resup-

2256 4603 2490 4656 rectioae
2517 4608 2693 4655 tamen
2725 4602 2904 4655 futura
2938 4604 3003 4657 de
3036 4601 3246 4655 mortali
3280 4598 3473 4653 elllciet
3500 4596 3825 4662 immortale,

2252 4693 2316 4747 de
2360 4692 2691 4761 corruptibili
2743 4676 3213 4761 incorrruptihile,
3264 4696 3319 4744 et
3353 4694 3727 4756 cetum-quae
3757 4687 3828 4741 ad

2251 4786 2474 4857 gloriam
2521 4785 2735 4840 futurae
2774 4785 3181 4841 resurrectionis
3208 4781 3573 4852 pertinebunt.
3603 4777 3828 4833 Verum-

2220 4890 2223 4893 '
2250 4891 2428 4934 tamen
2444 4881 2607 4934 etiam
2632 4879 2972 4948 in‘praesenti
2997 4877 3100 4930 vita
3125 4875 3435 4930 sanctiﬁcat
3456 4871 3692 4928 ﬁdelium
3709 4884 3830 4924 eon-

2224 4978 2227 4983 ⁴
2253 4990 2379 5045 pora
2401 4970 2927 5035 virtnssaeramenti,
2944 4970 3065 5025 cum
3090 4968 3349 5039 templum
3382 4963 3827 5029 Deieﬂieiauttm

2222 5067 2463 5120 'dicentc
2495 5064 2804 5135 Apostolo‘:
2846 5083 2863 5115 ‹
2904 5063 3153 5127 Nescitis,
3195 5063 3322 5133 quia
3377 5064 3832 5132 corporavesm

2254 5152 2507 5225 templum
2545 5157 2713 5210 sancti
2762 5155 2993 5225 Spiritus
3042 5163 3168 5209 sunt
3212 5155 3268 5208 »ἲ
3316 5154 3423 5210 Sed
3453 5153 3498 5207 si
3530 5151 3648 5222 quis
3675 5149 3832 5220 plene

2254 5250 2507 5302 virtutem
2542 5249 3149 5317 baptisirratis-nost'ere
3168 5247 3470 5312 desiderat,
3506 5246 3658 5314 legat
3686 5250 3830 5297 istin-

2252 5350 2394 5395 ctum
2428 5342 2739 5413 Dionysium
2768 5343 3145 5413 Arcopagitam
3196 5342 3247 5396 in
3281 5342 3419 5396 libro
3462 5339 3527 5393 de
3566 5333 3834 5391 Ecclesia-

2253 5435 2386 5487 stica
2424 5428 2714 5488 ier'archia.
3374 5434 3381 5441 ’

2325 5522 2583 5595 Sequitur
2612 5544 2624 5578 :
2659 5526 2811 5592 Quod
2841 5534 3023 5581 natum
3055 5536 3131 5582 est
3177 5540 3241 5579 ea:
3286 5528 3459 5584 carne,
3491 5528 3613 5570 caro
3647 5516 3742 5579 est,
3784 5514 3835 5591 et

2253 5620 2392 5689 quod
2424 5629 2606 5674 natum
2635 5630 2709 5677 est
2731 5637 2796 5677 ex
2816 5622 3025 5689 spiritu,
3057 5620 3271 5692 spiritus
3292 5625 3387 5671 est.
3417 5612 3561 5668 Duas
3582 5608 3835 5666 nativita-

1840 5708 2095 5786 VARIAE
2136 5726 2540 5785 anrtouss.

645 5799 663 5831 ⁸
689 5798 869 5881 Corn,
907 5815 1019 5855 cor.
1060 5802 1227 5861 nasci.
