4178 6266
393 394 502 451 517

395 617 584 664 natum
631 616 714 664 est
752 621 816 662 ex
847 621 1034 669 carne,
1063 604 1166 660 hoc
1194 611 1300 668 est,
1337 617 1402 658 ex
1434 603 1609 672 primo
1631 603 1852 656 homine
1877 617 1974 670 per

303 753 328 766 ,
395 700 576 756 carnis
603 697 1022 760 successionem,
1051 709 1180 750 caro
1209 704 1314 758 est,
1355 694 1457 748 hoc
1478 702 1560 747 est
1583 735 1596 756 ,
1621 692 1846 747 carnale.
1865 701 1968 748 est.

393 788 712 852 Notandum,
771 786 914 856 quod
947 787 1002 840 in
1047 785 1152 838 hoc
1205 784 1324 840 loco
1375 784 1590 838 nomine
1636 782 1815 836 carnis
1867 797 1972 862 non

391 895 606 936 carnem
633 879 1000 942 solummodo,
1049 877 1145 934 sed
1178 887 1348 932 totum
1391 876 1662 930 carnalem
1695 876 1974 936 hominem

387 972 790 1043 signiﬁcaverit.
835 970 1118 1038 Siquidem
1172 984 1330 1037 saepe
1369 969 1550 1022 anima
1589 967 1824 1024 carnalis
1849 981 1972 1022 car-

386 1067 470 1124 nis
521 1065 744 1120 nomine
799 1063 1116 1126 vocitatur,
1163 1061 1306 1118 unde
1360 1060 1656 1130 Apostolus
1705 1077 1720 1114 :
1778 1077 1798 1112 ι
1834 1057 1971 1114 Caro

385 1155 730 1225 concupiscit
757 1155 1024 1210 adversus
1049 1151 1296 1220 spiritum
1323 1191 1338 1215 ,
1379 1161 1440 1206 et
1461 1151 1690 1220 spiritus
1713 1151 1974 1206 adversus

389 1259 614 1310 carnem
663 1263 712 1298 ι.
773 1242 1068 1308 Sciendum
1131 1255 1368 1311 quoque,
1399 1242 1584 1309 quod,
1639 1241 1782 1296 sicut
1832 1250 1974 1296 totus

392 1338 558 1392 homo
579 1334 818 1390 carnalis
845 1335 1024 1388 anima
1054 1341 1110 1388 et
1131 1335 1356 1401 corpore
1400 1347 1526 1386 caro
1573 1333 1790 1393 dicitur,
1817 1333 1890 1386 ita
1919 1339 1974 1386 et

395 1433 541 1478 totus
573 1424 736 1478 homo
773 1421 1068 1493 spiritualis
1119 1422 1300 1475 anima
1353 1431 1404 1475 et
1455 1437 1682 1491 corpore
1729 1421 1967 1490 spiritus,

393 1515 650 1586 quoniam
681 1523 966 1570 nascentes
991 1495 1238 1570 homines
1267 1513 1322 1566 in
1345 1513 1564 1568 Christo
1593 1529 1688 1582 per
1713 1513 1972 1583 Spiritum

391 1615 640 1662 sanctum
683 1621 850 1660 unum
883 1620 1008 1658 cum
1053 1604 1172 1675 ipso
1213 1603 1416 1672 Spiritu
1441 1603 1748 1658 elﬁciuntur
1779 1619 1974 1660 secun-

369 1700 512 1756 dum
559 1714 752 1768 corpus
801 1707 858 1754 et
899 1698 1160 1752 animum.
1201 1697 1298 1754 Ubi
1347 1700 1506 1756 datur
1553 1699 1800 1768 intelligi,
1831 1697 1972 1767 (Iuntl

383 1799 786 1846 sacramentum
857 1790 1201 1859 baptismatis
1265 1791 1620 1847 mutationem
1681 1789 1860 1843 carnis
1916 1789 1970 1842 iu

377 1883 636 1951 spiritum
669 1881 908 1936 futuram
936 1895 1056 1936 esse
1080 1881 1432 1950 praeligurat.

455 1975 579 2030 Non
624 1975 830 2030 mireris
853 2015 866 2038 ,
903 1973 1026 2043 quia
1083 1973 1194 2026 dixi
1241 1973 1336 2026 tibi
1383 1985 1402 2024 :
1439 1970 1652 2040 Oportet
1697 1985 1782 2024 vos
1827 1969 1972 2022 nasci

381 2068 572 2122 denuo.
612 2065 689 2120 Ac
717 2065 762 2120 si
791 2064 1022 2120 dixisset
1051 2082 1062 2116 :
1091 2079 1202 2118 non
1240 2064 1310 2116 sit
1355 2063 1450 2118 tibi
1477 2062 1672 2116 mirum
1705 2069 1760 2114 et
1789 2061 1968 2116 incre-

385 2157 570 2223 dibile,
597 2157 868 2220 hominem
906 2155 1056 2210 nasci
1089 2155 1284 2210 iterum
1319 2171 1386 2210 ex
1428 2155 1642 2222 spiritu.

459 2247 686 2318 Spiritus
725 2249 810 2302 ubi
851 2248 954 2302 vult
993 2249 1173 2318 spirat.
1211 2246 1311 2302 U'hi
1339 2247 1572 2316 Spiritus
1605 2254 1830 2302 sanctus
1859 2245 1970 2298 vir-

393 2345 566 2396 tutem
588 2337 1029 2393 sanctiﬁcationis
1057 2353 1188 2392 suae
1215 2337 1327 2392 vult
1361 2335 1638 2405 perlicere,
1671 2336 1745 2389 ibi
1773 2336 1970 2403 spirat,

393 2428 471 2486 ibi
533 2427 1014 2484 sanetilicatiouem
1065 2429 1290 2496 perlicit.
1345 2429 1426 2482 Ex
1475 2428 1576 2482 hoc
1631 2427 1967 2496 intelligitur,

393 2517 538 2588 quod
575 2517 728 2582 lides,
763 2531 872 2585 qua
911 2516 1182 2570 credimus
1239 2517 1292 2570 in
1346 2516 1646 2579 Christum,
1697 2527 1752 2572 et
1789 2533 1970 2572 sacra-

389 2617 662 2674 mentum,
685 2623 794 2676 qun
823 2609 1176 2671 renascimur,
1207 2607 1344 2662 dona
1377 2607 1548 2662 sancti
1577 2606 1808 2675 Spiritus
1847 2611 1971 2672 sint,

365 2701 480 2771 .qui
530 2700 620 2756 ubi
665 2699 778 2752 vult
829 2699 1040 2767 spirat,
1092 2701 1194 2754 hoc
1227 2710 1332 2762 est,
1373 2709 1630 2768 apex-ator
1675 2701 1742 2758 iu.
1783 2701 1882 2764 his,
1921 2703 1971 2754 in

367 2789 586 2858 quibus
615 2789 726 2842 vult
757 2789 997 2858 operari,
1027 2789 1274 2853 dividens
1303 2791 1532 2860 singulis
1549 2791 1786 2859 prepria,
1815 2799 1973 2860 prout

389 2880 523 2944 vult.
555 2878 624 2934 Et
657 2895 826 2934 vocem
855 2881 972 2949 ejus
1019 2881 1195 2936 audis.
1221 2913 1224 2916 ι
1248 2881 1326 2936 Do
1355 2897 1484 2936 voce
1517 2883 1686 2938 sancti
1721 2881 1968 2950 .Spiritus

391 2981 480 3030 sat
507 2981 592 3026 est
637 2973 802 3028 verba
835 2973 1012 3028 sancti
1063 2974 1346 3044 Augustini
1375 2991 1596 3042 ponere.
1650 2975 1738 3030 Ait
1779 2976 1966 3030 enim:

375 3083 418 3126 ,ι
447 3062 618 3120 Nemo
661 3064 806 3122 videt
847 3065 1128 3133 spiritum;
1181 3065 1450 3134 quomodo
1499 3065 1740 3120 audimus
1783 3081 1967 3120 vocem

391 3157 654 3225 Spiritus?
701 3155 870 3210 Sonat
925 3158 1200 3226 psalmus,
1247 3174 1345 3224 χοι
1375 3167 1458 3212 εει
1503 3159 1746 3226 spiritus.
1799 3159 1971 3212 Sonat

385 3249 762 3318 Evangelium,
817 3265 918 3302 vox
959 3259 1042 3304 est
1091 3249 1328 3319 spiritus.
1388 3250 1557 3305 Sonat
1601 3266 1782 3306 srrtno
1831 3251 1967 3306 divi-
1999 3259 2042 3318 (ἶ

385 3353 526 3402 nus,
567 3354 672 3394 vos
717 3347 802 3394 est
853 3338 1096 3407 spiritus.
1157 3337 1342 3393 Vocem
1395 3340 1510 3409 ejus
1567 3341 1756 3404 audis,
1793 3351 1838 3394 et
1881 3357 1970 3394 ue-

386 3434 506 3496 scis,
535 3433 674 3486 unde
707 3433 876 3486 veniat
901 3441 948 3485 et
973 3449 1076 3502 quo
1121 3434 1298 3488 vadat.
1340 3433 1396 3487 Si
1429 3436 1672 3488 nasceris
1713 3445 1768 3488 et
1807 3444 1862 3487 tu
1905 3435 1971 3488 de

385 3522 600 3590 spiritu,
631 3521 736 3576 hoc
763 3521 872 3576 eris
925 3529 982 3574 ut
1011 3521 1119 3578 ille.
1173 3521 1273 3588 Qui
1330 3539 1434 3576 non
1467 3532 1550 3577 est
1603 3533 1764 3578 natus
1793 3525 1970 3578 adhuc

389 3610 456 3666 de
477 3591 698 3680 spiritu;
722 3611 898 3666 nescit
935 3610 1004 3666 de
1033 3619 1104 3678 te,
1135 3610 1280 3666 unde
1300 3613 1489 3668 venias
1535 3621 1592 3668 et
1621 3627 1730 3682 quo
1763 3614 1966 3678 vadas;

389 3701 494 3758 hoc
519 3703 664 3758 enim
703 3702 782 3758 ait
827 3711 1092 3758 secutus:
1119 3699 1210 3758 Sic.
1253 3713 1328 3760 est
1377 3713 1428 3757 et
1467 3705 1640 3760 omnis
1679 3705 1770 3773 qui
1815 3713 1970 3758 natus

389 3801 466 3848 est
517 3809 580 3848 ea:
627 3795 812 3863 spiritu
857 3813 906 3848 ι.
959 3793 1230 3850 Hactenus
1285 3795 1450 3850 verba
1511 3797 1819 3864 Augustini.
1854 3795 1968 3850 Vox

395 3883 562 3953 igitur
585 3883 804 3954 spiritus
827 3893 911 3942 est
939 3901 1042 3940 vox
1073 3883 1272 3940 Christi
1299 3927 1312 3949 ,
1359 3901 1524 3956 quam
1553 3887 1760 3944 audivit
1810 3886 1971 3942 Nico-

371 3975 606 4032 .demus.
640 3975 746 4032 Sed
787 3978 1042 4046 quoniam
1089 3978 1180 4033 ille
1214 3980 1390 4034 adimo
1439 3995 1550 4034 non
1595 3989 1680 4034 est
1715 3990 1876 4034 natus
1903 3996 1970 4035 ex

389 4067 608 4136 spiritu,
643 4083 818 4138 neque
849 4079 1196 4139 cognoverat,
1245 4072 1386 4126 unde
1413 4072 1599 4126 veniat
1644 4073 1882 4142 spiritus,
1917 4082 1972 4128 et

391 4171 498 4228 quo
527 4159 710 4222 vadat,
749 4161 996 4230 quamvis
1017 4176 1200 4216 vocem
1235 4162 1350 4232 ejus
1375 4161 1630 4226 audierit,
1657 4163 1858 4217 dicitur
1879 4165 1928 4217 ei
1953 4179 1966 4216 :

393 4247 500 4304 Sed
551 4250 738 4314 nescis,
769 4251 905 4328 unde
937 4253 1107 4328 ueniat
1163 4261 1337 4324 etquo
1377 4251 1572 4318 vadat,
1622 4253 1748 4324 quia
1797 4254 1971 4306 adhuc

393 4352 586 4392 nones
613 4349 772 4394 natus
811 4325 874 4396 ei
921 4325 1134 4412 spiritu.
1177 4343 1444 4414 Ideoque,
1491 4347 1736 4413 quamvis
1784 4361 1970 4400 vocem

393 4443 576 4483 meam
625 4425 862 4496 audias,
887 4419 1010 4485 dum
1040 4431 1103 4486 de
1136 4425 1325 4502 spiritu
1367 4450 1484 4487 meo
1534 4435 1740 4504 loquor,
1761 4439 1968 4503 poscis,

367 4519 370 4522 ’
395 4520 541 4575 unde
573 4523 715 4576 venit
741 4509 1180 4592 spiritusillefid
1206 4535 1311 4589 est,
1330 4543 1432 4595 qua
1459 4529 1740 4582 occasione
1767 4529 1878 4584 vult
1903 4547 1969 4583 ex

1438 347 1792 454 ΟΟΜΜΕΝΤ.
1833 392 1902 448 ΙΝ
1941 391 2191 462 EVANG.
2259 392 2404 448 SEC.
2446 393 2635 452 JOAN.

397 518 478 564 tes
499 509 710 578 repetit,
741 522 810 564 ex
859 521 1024 564 carne
1051 504 1301 560 videlicet
1345 512 1402 560 et
1435 519 1506 564 ex
1551 506 1770 574 spiritu.
1815 505 1968 572 Quod
2001 512 2044 568 Λ
2075 521 2266 560 sensus
2317 523 2328 557 :

3545 397 3652 458 518

2381 505 2606 574 spiritus
2649 505 2737 560 ubi
2784 505 2900 560 vult
2941 506 3150 576 spirat,
3199 513 3258 562 et
3306 519 3490 564 vocem
3537 509 3654 581 ejus

2080 597 2253 661 audis,
2297 597 2390 650 sed
2421 597 2596 651 nescis
2627 598 2768 650 unde
2797 599 2944 651 venit
2971 606 3026 652 et
3049 613 3158 666 quo
3196 598 3364 662 vadit,
3397 599 3651 668 qttoniam

2079 688 2252 742 adhuc
2279 702 2383 740 non
2416 703 2476 742 es
2504 695 2659 740 natus
2693 701 2760 740 ex
2809 689 3034 756 spiritu;
3085 689 3284 750 sicest
3333 690 3544 746 omnis?
3571 692 3652 748 Ac

2039 835 2044 840 ,
2079 779 2126 834 si
2169 780 2395 832 dixisset
2448 797 2460 830 :
2511 787 2736 850 putasne
2787 779 2866 834 sic
2909 793 3027 836 esse
3071 795 3284 842 omnem
3319 787 3650 838 'naseentem

2077 886 2142 925 ex
2177 872 2391 940 spiritu,
2419 880 2478 924 ut
2517 872 2704 926 audiat
2727 887 2914 928 vocem
2943 874 3184 942 spiritus,
3213 875 3424 945 ignoret
3445 885 3650 946 autem,

2078 960 2218 1015 unde
2265 961 2413 1014 venit
2433 969 2488 1013 et
2535 975 2642 1030 quo
2668 961 2848 1016 vadit?
2875 959 2994 1018 Noli
3025 964 3127 1018 hoc
3143 965 3486 1024 existimare.
3517 966 3649 1024 Nam

2075 1053 2120 1106 si
2151 1053 2394 1110 nascaris
2417 1067 2482 1108 ex
2509 1053 2720 1120 spiritu,
2747 1067 2854 1110 non
2883 1053 3055 1108 solum
3083 1069 3267 1110 vocem
3295 1058 3414 1126 ejus
3441 1059 3651 1126 audies,

2077 1159 2264 1197 verum
2301 1144 2464 1198 etiam
2512 1159 2830 1214 cognosces,
2865 1147 3006 1198 unde
3057 1146 3204 1200 venit
3252 1157 3307 1202 et
3347 1163 3456 1216 quo
3483 1149 3650 1205 vadit.

2077 1234 2240 1290 Venit
2279 1249 2310 1286 a
2341 1232 2502 1286 Patre
2548 1249 2645 1302 per
2703 1235 2896 1288 Filium
2917 1225 2934 1300 ’,
2981 1235 3122 1292 sicut
3167 1235 3294 1294 alibi
3345 1238 3647 1306 scriptum:

2039 1375 2042 1378 ,
2083 1341 2101 1374 ι
2145 1323 2314 1388 Quem
2351 1323 2530 1376 mittet
2567 1322 2725 1376 Pater
2763 1324 2814 1378 iu
2845 1325 3060 1378 nomine
3089 1340 3232 1388 meo.
3260 1335 3320 1382 ut
3357 1341 3424 1380 ex
3449 1343 3506 1382 se
3533 1343 3652 1386 cre-

2078 1414 2266 1468 dentes
2305 1412 2354 1466 iu
2399 1411 2674 1466 Christum
2717 1425 3009 1468 nascantur
3053 1434 3100 1468 i.
3133 1415 3288 1470 ltedit
3328 1416 3652 1474 adPatrem

2075 1516 2173 1572 per
2217 1503 2446 1560 eundem
2493 1501 2712 1568 Filium,
2765 1511 3050 1558 nascentes
3085 1521 3152 1560 ex
3205 1495 3364 1560 sc'in
3411 1506 3650 1564 divinam

2079 1593 2360 1648 ﬁlictatem
2395 1595 2676 1650 reducens.

2149 1683 2426 1754 Respondit
2472 1687 2791 1744 Nicodemus
2837 1700 2883 1744 et
2927 1690 3060 1744 dixit
3095 1691 3186 1746 ei:
3217 1691 3492 1758 Quomodo
3533 1711 3653 1765 pos-

2075 1792 2196 1834 sunt
2226 1783 2352 1836 haec
2401 1783 2554 1850 ﬁeri?
2604 1783 2796 1840 Adhuc
2831 1785 3082 1852 haesitat,
3105 1788 3198 1858 qui
3245 1787 3482 1842 litteram
3521 1789 3657 1868 legis

2002 1872 2300 1946 Blegerat,
2342 1874 2586 1942 spiritqu
2639 1883 2816 1928 autem
2863 1876 3030 1944 ipsius
3080 1879 3300 1932 omnino
3351 1879 3652 1950 ignorabat.

2078 1965 2228 2031 Quod
2252 1964 2625 2034 aitApostolus
2657 1983 2670 2020 :
2701 1984 2720 2016 ι
2761 1965 2964 2021 Littera
2979 1967 3198 2031 occidit,
3227 1969 3450 2037 spiritus
3473 1980 3652 2026 autem

2075 2054 2314 2108 vivilicat
2349 2074 2395 2110 ι.
2427 2055 2536 2110 Lex
2559 2057 2700 2110 cuitu
2731 2056 2868 2111 lecta
2894 2066 2950 2111 et
2975 2073 3078 2112 non
3123 2059 3390 2114 intellecta
3431 2063 3654 2131 occidit,

2077 2147 2212 2222 lecta
2237 2165 2366 2203 vero
2395 2160 2450 2203 et
2489 2151 2754 2206 intellecta
2781 2153 3034 2208 vivilicat.
3058 2154 3288 2210 Proinde
3327 2157 3655 2226 impossibile

2077 2237 2370 2293 Nicodcmo
2401 2241 2572 2294 visum
2601 2249 2738 2307 erat,
2787 2245 2930 2312 quod
2955 2247 3018 2298 de
3061 2246 3338 2300 uativitate
3365 2261 3430 2301 ex
3461 2249 3654 2316 spiritu

2051 2328 2358 2384 Dominus
2391 2333 2752 2400 praedicabat.
2819 2335 3078 2405 ignorans
3137 2338 3386 2407 Spiritum
3441 2339 3654 2396 divinae

2077 2421 2354 2475 doctrinae
2377 2423 2639 2477 refellitur
2661 2425 2874 2494 judaica
2907 2427 3176 2496 superbiai,
3204 2443 3344 2497 quae
3385 2440 3548 2500 negat
3573 2429 3652 2484 al-

2077 2513 2212 2566 tiora
2241 2529 2358 2568 esse
2387 2515 2518 2584 legis
2545 2517 2744 2582 littera,
2773 2519 2952 2588 inqua
2981 2521 3223 2575 redolent
3248 2523 3427 2576 divina
3453 2532 3651 2594 myste-

2077 2603 2176 2656 ria.
2203 2604 2280 2662 Ac
2305 2620 2399 2672 per
2425 2605 2526 2659 hoc
2553 2608 2965 2676 reprehenditur
2991 2609 3318 2670 Nicodamus
3341 2621 3369 2668 a
3401 2613 3649 2668 Domino.

2053 2695 2162 2748 Ait
2189 2695 2514 2763 evangelista
2543 2713 2554 2748 :

2147 2784 2427 2852 Respondit
2459 2784 2616 2838 Iesus
2641 2795 2687 2838 et
2719 2788 2848 2840 dixit
2873 2789 2962 2842 ei:
2997 2789 3074 2842 Tu
3105 2807 3157 2843 es
3193 2794 3444 2862 magister
3465 2793 3653 2848 -Israel

2073 2885 2120 2928 et
2145 2875 2270 2928 haec
2301 2877 2548 2944 ignoras?
2581 2877 2674 2932 Ubi
2699 2881 3013 2946 notandum,
3043 2883 3186 2950 quod
3205 2897 3312 2937 non
3345 2885 3652 2942 insultando

2071 2966 2332 3024 Dominus
2360 2970 2492 3022 dixit
2547 2979 2602 3024 tu
2639 2988 2692 3024 es
2722 2975 2972 3044 magister
3003 2973 3194 3042 Israel,
3223 2977 3314 3032 sed
3345 2980 3652 3048 superbiam

2073 3061 2446 3127 opprimendo,
2475 3077 2614 3130 quae
2641 3063 2773 3118 nihil
2818 3075 3036 3135 praeter
3069 3067 3304 3124 litteram
3347 3071 3572 3128 noverat
3599 3083 3654 3130 et

2073 3152 2348 3208 carnalem
2381 3153 2740 3210 nativitatem.

2145 3241 2330 3307 Amen,
2353 3259 2504 3298 amen
2544 3247 2662 3300 dico
2693 3246 2804 3308 tibi,
2829 3251 3116 3320 quia-quod
3155 3251 3348 3308 scimus
3369 3253 3652 3326 loquimur,

2071 3341 2120 3386 et
2141 3337 2278 3403 quod
2309 3336 2530 3390 vidimus
2551 3349 2826 3406 testantur,
2843 3351 2890 3394 et
2917 3344 3522 3405 testimonium'nostrum
3547 3365 3652 3404 non

2071 3427 2330 3494 accipitis.
2360 3429 2438 3482 Ae
2487 3429 2534 3484 si
2581 3443 2764 3500 aperte
2809 3435 3014 3494 diceret
3041 3455 3059 3489 :
3107 3436 3363 3505 Putasne,
3419 3444 3654 3512 superbe

2069 3515 2292 3584 Judaee,
2321 3528 2374 3574 et
2399 3522 2648 3579 virtutem
2675 3527 3342 3599 divinorum‘eio'quiomm
3375 3533 3650 3606 ignorans,

2073 3625 2172 3666 nos
2195 3611 2400 3678 dicere,
2429 3617 2570 3684 quod
2601 3619 2928 3687 ignoramus,
2961 3631 3054 3676 aut
3095 3625 3236 3693 quod
3277 3641 3384 3681 non
3425 3629 3654 3684 vidimus

2059 3701 2302 3754 testari?
2331 3700 2450 3758 Non
2480 3705 2554 3758 ita
2583 3715 2698 3770 est;
2731 3710 2872 3776 quod
2893 3709 3096 3766 scimus
3123 3713 3410 3784 loquimur.
3431 3716 3653 3787 Sapien—

2073 3791 2146 3850 tia
2175 3795 2322 3848 novit
2345 3811 2484 3863 quae
2509 3799 2764 3865 loquitur,
2809 3811 2864 3854 et
2889 3803 3022 3857 vidit
3067 3817 3206 3874 quae
3231 3817 3489 3877 testatur;
3539 3813 3652 3883 ipse

2071 3893 2156 3938 est
2183 3887 2328 3940 enim
2359 3890 2644 3957 sapientia,
2677 3908 2818 3960 quae
2859 3910 2960 3949 nec
2987 3893 3122 3950 fallit
3149 3913 3246 3954 nec
3269 3900 3494 3956 'l‘a-llitur.
3534 3905 3652 3975 Ipse

2071 3984 2154 4028 est
2177 3976 2334 4040 visio,
2365 3993 2504 4045 quae
2530 3984 2734 4045 omnia,
2781 3984 2932 4052 prius
2967 3999 3132 4054 quam
3159 3988 3367 4054 ﬁerent,
3399 3991 3549 4045 vidit.
3585 3996 3653 4048 Et

2071 4066 2186 4134 ipsa
2213 4067 2348 4122 visio
2372 4072 2672 4126 substantia
2699 4085 2782 4130 est
2801 4091 2985 4131 eormu
3019 4095 3156 4147 quae
3183 4081 3297 4135 visa
3319 4087 3460 4148 sunt,
3495 4085 3650 4154 cujus

2073 4159 2440 4214 testimonium
2471 4177 2656 4217 verum
2685 4177 2789 4231 est,
2839 4171 3093 4236 quoniam
3145 4171 3260 4240 ipse
3302 4181 3384 4226 est
3429 4175 3646 4232 veritas.

2073 4249 2244 4308 Omne
2263 4260 2466 4316 autem,
2489 4257 2632 4321 quod
2660 4269 2722 4310 ex
2765 4260 2994 4312 veritate
3019 4261 3284 4329 procedit,
3317 4277 3500 4316 verum
3532 4273 3650 4321 ess’e

2071 4359 2294 4399 necesse
2323 4353 2428 4398 est.
2457 4345 2674 4400 Necnon
2715 4357 2770 4402 et
2791 4350 2904 4419 ipse
2930 4351 3188 4406 Dominus
3207 4353 3414 4410 locutio
3441 4364 3522 4409 est
3549 4357 3652 4410 Pa-

2057 4438 2188 4500 .tris,
2235 4446 2288 4491 et
2317 4453 2498 4494 sermo
2527 4438 2725 4504 Patris,
2767 4452 2824 4496 et
2851 4441 3074 4497 verbum
3103 4435 3236 4511 ejus.
3289 4443 3363 4502 De
3409 4445 3498 4504 illo
3538 4465 3652 4505 ser-

2077 4541 2238 4581 mone
2265 4526 2534 4597 Propheta
2565 4531 2661 4592 ait,
2695 4547 2712 4580 ι
2749 4531 3010 4586 velociter
3043 4535 3213 4589 currit
3243 4551 3421 4593 sermo
3447 4537 3561 4608 ejus
3603 4559 3650 4608 ι,

391 4623 452 4665 se
493 4613 640 4666 nasci
667 4613 939 4668 hominem
983 4613 1038 4668 in
1083 4615 1296 4684 Spiril'l),
1333 4626 1424 4669 aut
1455 4617 1520 4669 ad
1552 4619 1762 4687 qualem
1793 4619 1967 4687 perfe-
1993 4625 2046 4684 D
2069 4626 2128 4672 et
2149 4618 2262 4686 ipse
2287 4621 2352 4674 de
2379 4635 2440 4674 se
2469 4621 2582 4690 ipso
2609 4623 2684 4675 ait
2709 4629 2732 4677 .'
2757 4641 2776 4674 ι
2811 4623 3021 4692 Sermo,
3070 4641 3228 4697 quem
3271 4629 3484 4688 locutus
3531 4649 3651 4690 sum

391 4701 626 4756 ctionem
673 4701 822 4757 ducit
863 4703 1040 4772 ipsum
1089 4713 1401 4759 nascentem
1444 4721 1511 4760 ex
1557 4721 1615 4760 se
1671 4707 1965 4762 hominem.

393 4789 527 4847 Nam
576 4796 668 4863 qui
713 4809 784 4850 ex
833 4787 900 4850 eo
951 4787 1213 4857 naseit'ur,
1245 4801 1384 4850 unus
1433 4797 1556 4850 eum
1609 4811 1674 4852 eo
1720 4797 1968 4854 edicitur.

367 4883 862 4951 Quemadmodum
887 4889 980 4943 ille
1009 4889 1246 4958 Spiritus
1291 4899 1516 4944 sanctus
1543 4899 1626 4945 est
1677 4907 1775 4960 per
1815 4901 1974 4946 natu—

395 4991 536 5042 ram,
563 4979 634 5032 ita
673 4987 730 5034 et
759 4989 1080 5036 nascentem.
1103 4995 1170 5036 ex
1211 4996 1274 5036 se
1303 4981 1554 5050 spiritum
1583 4991 1828 5040 sanctum
1865 4981 1978 5038 elli—

393 5070 472 5122 cit
501 5083 597 5138 per
623 5071 876 5138 gratiam.
909 5070 1001 5126 Sic
1029 5081 1104 5128 est
1137 5074 1312 5138 omnis
1337 5074 1429 5142 qui
1461 5082 1616 5132 natus
1643 5083 1718 5126 est
1765 5089 1828 5128 ea:
1865 5075 1976 5144 spi-

393 5165 522 5218 ritu.
571 5163 684 5218 Non
723 5175 782 5220 ut
823 5177 904 5232 tu,
935 5182 970 5222 o
998 5167 1310 5232 Nicodeme,
1337 5169 1430 5238 qui
1461 5167 1702 5222 nondum
1733 5179 1888 5224 natus
1918 5185 1978 5225 es

392 5271 460 5310 ex
497 5257 712 5326 spiritu,
741 5259 940 5322 nescis,
959 5259 1100 5314 unde
1131 5259 1312 5314 veniat
1335 5259 1556 5328 spiritus
1583 5267 1637 5312 et
1661 5271 1774 5328 quo.
1791 5259 1975 5328 vadat,

393 5349 644 5416 quamvis
675 5363 859 5412 vocem
883 5349 1002 5420 ejus
1021 5350 1212 5410 audias
1235 5389 1252 5416 ,
1283 5349 1478 5415 omnis,
1512 5349 1604 5418 qui
1628 5351 1874 5408 nascitur
1907 5367 1974 5410 ex

369 5437 608 5506 spiritu,
657 5448 715 5494 et
745 5453 934 5494 vocem
967 5441 1088 5509 ejus
1117 5440 1296 5508 audit,
1328 5439 1432 5494 hoc
1465 5449 1552 5496 est
1597 5439 1870 5512 intelligit,
1919 5453 1972 5500 et
2055 5469 2060 5492 :

393 5543 500 5598 qua
545 5530 614 5584 de
641 5545 808 5586 causa
858 5531 1030 5601 spirat
1065 5531 1118 5585 in
1173 5531 1296 5598 his,
1327 5531 1382 5586 in
1409 5531 1606 5600 quibus
1635 5533 1770 5599 vult,
1819 5543 1874 5594 et
1901 5536 1971 5592 ad

369 5619 610 5690 qualem
661 5621 830 5678 ﬁnem
878 5635 976 5682 eos
1020 5624 1288 5694 perducit.
1344 5622 1474 5680 Mihi
1531 5633 1707 5686 tamen
1762 5627 1977 5686 videtur

365 5709 614 5784 -iacilius
652 5711 906 5784 intelligi,
957 5714 1006 5780 si
1051 5715 1434 5786 interrogative
1475 5715 1792 5786 proferatur
1829 5721 1975 5789 quod

403 5802 660 5862 Dominus
693 5795 790 5872 ait,
820 5821 898 5860 sic
939 5817 1014 5862 est
1045 5808 1212 5862 omnis
1258 5817 1414 5865 natus
1466 5825 1532 5863 ea:
1565 5809 1774 5880 spiritu,
1807 5820 1866 5866 ut
1907 5815 1978 5870 sit

2055 4709 2244 4771 vobis,
2273 4725 2380 4765 non
2407 4719 2488 4764 est
2515 4725 2683 4778 meus,
2727 4715 2820 4768 sed
2851 4716 3110 4772 mittentis
3141 4727 3226 4774 me
3269 4719 3448 4778 Patris
3479 4741 3524 4776 ι.
3575 4723 3657 4777 ln-

2078 4803 2224 4872 spiee
2265 4819 2394 4874 erga
2419 4805 2526 4858 vim
2545 4808 2982 4880 verbortunquod
3000 4813 3192 4866 scimus
3215 4813 3496 4885 loquimur,
3523 4827 3654 4884 quo-

2079 4896 2222 4948 niam
2239 4897 2680 4965 ipseestscientia
2703 4909 2759 4956 et
2777 4902 3007 4970 locutio;
3023 4905 3460 4976 etq'uoduidimus
3491 4917 3650 4962 testa-

2067 5001 2218 5050 .mur,
2253 4987 2510 5054 quoniam
2539 4989 2653 5058 ipse
2675 4999 2760 5046 est
2792 4993 2928 5049 visio
2949 5009 3014 5048 ac
3037 5007 3226 5050 verum
3259 4997 3651 5053 testimonium.

2059 5077 2233 5144 :Quod
2247 5089 2426 5134 autem
2441 5081 2720 5150 pluraliter
2729 5087 2880 5146 dixit,
2901 5089 3214 5156 mysterium
3237 5091 3462 5145 "Sanctae
3483 5091 3656 5144 Trini-

2079 5173 2209 5226 tatis
2243 5175 2496 5242 suggerit.
2525 5175 2958 5232 Ette‘stimonium
2988 5189 3224 5233 nostrum
3265 5197 3368 5234 non
3393 5181 3651 5250 accipitis,

2077 5265 2204 5334 quia
2231 5266 2290 5320 in
2321 5279 2420 5321 nos
2467 5279 2572 5322 non
2593 5269 2834 5333 creditis,
2867 5271 3040 5338 Illique
3065 5285 3149 5336 ea,
3200 5285 3338 5339 quae
3392 5271 3650 5328 docemus

2079 5355 2378 5428 inteliigere
2392 5360 2612 5426 valetis;
2632 5363 2866 5416 nondum
2891 5363 3034 5416 enim
3061 5369 3127 5416 ex
3157 5363 3346 5432 spiritu
3371 5363 3480 5416 nati
3498 5364 3646 5421 estis.

2149 5445 2210 5502 Si
2229 5457 2432 5504 terrena
2448 5451 2582 5516 dixi,
2607 5451 2714 5516 vel,
2735 5451 2874 5506 sicut
2903 5452 2956 5506 in
2976 5449 3182 5508 Graeco
3199 5453 3394 5524 legitur
3419 5453 3652 5512 dicebam

2053 5541 2244 5607 vobis,
2258 5555 2306 5598 et
2335 5559 2436 5598 non
2471 5546 2696 5608 creditis,
2723 5545 3001 5615 quomodo,
3048 5546 3096 5599 si
3121 5543 3292 5599 dicam
3321 5545 3460 5602 vobis
3487 5549 3654 5605 caele-

2051 5675 2056 5680 .
2081 5636 2208 5700 stin,
2239 5637 2456 5690 credetis
2471 5635 2829 5691 ?Nicodemus
2849 5637 3133 5705 quaesivit,
3157 5637 3413 5704 quomodo
3439 5647 3653 5710 possunt

2053 5725 2792 5794 .tacc-ﬁeriiimpossihilem
2817 5741 2938 5782 esse
2983 5727 3049 5783 ex
3075 5725 3280 5799 Spit-iiii
3315 5731 3652 5784 nativitatem

2082 5816 2431 5884 existimans;
2466 5819 2560 5874 sed
2586 5819 2736 5875 audit
2764 5837 2792 5876 a
2824 5822 3052 5880 Domino
3077 5841 3088 5876 :
3121 5841 3163 5879 si
3193 5831 3394 5877 terrena
3419 5821 3654 5876 dicebam
