4178 6266
1927 311 2212 372 JOANNIS
2245 309 2442 370 SCOTI

3739 319 3847 375 5ἰο

566 436 727 493 vobis.
757 405 1214 505 Quaeritur,'cur,
1259 447 1384 490 cum
1428 431 1560 488 nihil
1593 439 1866 488 terrenum
1910 431 1964 485 in
1993 444 2155 500 prae-
2183 431 2232 492 Α
2331 429 2400 481 Et
2427 427 2562 482 sicut
2584 426 2791 500 Moyses
2831 429 3078 485 exultavit
3118 439 3410 504 serpentem
3432 432 3488 487 in
3514 433 3739 498 deserto,
3767 439 3844 490 sic

569 526 733 583 dictis
757 525 1096 582 sermonibus
1116 525 1363 579 videatur
1385 523 1607 586 dixisse,
1631 522 1850 576 omnino
1873 520 2018 575 enim
2043 518 2156 588 spi-

569 615 784 671 ritualia
817 615 977 680 dixit,
1024 613 1356 683 spiritualem
1387 613 1724 666 nativitatem
1753 625 1819 664 ex
1841 610 2032 678 spiritu
2061 609 2157 662 do-

569 721 699 763 cens
723 747 739 772 ,
765 706 966 760 dixerit
999 721 1015 758 :
1061 705 1108 760 si
1144 714 1347 758 terrena
1375 702 1608 756 dicebam
1637 701 1815 754 vobis?
1837 700 1916 752 Ad
1945 700 2047 753 hoc
2068 698 2152 753 di-

568 797 817 862 cendum,
840 795 966 864 quia
996 808 1106 849 non
1151 793 1218 848 ad
1268 792 1541 863 praedicta
1571 791 1794 860 respicit
1847 789 2152 859 responsio,

567 889 662 942 sed
693 889 758 942 ad
784 902 872 952 ea,
891 902 1032 958 quae
1057 886 1304 956 superius
1322 885 1374 939 in
1403 885 1489 940 die
1517 883 1727 940 Pascha
1752 883 1966 938 dixerat
1989 895 2155 951 quae.

566 977 814 1033 rentibus
841 978 1052 1049 signum
1097 975 1364 1032 Judaeis:
1404 994 1424 1028 ς
1477 975 1682 1031 Solvite
1724 974 1979 1044 templum
2027 975 2148 1038 hoc,

568 1079 624 1126 et
650 1071 704 1124 in
729 1070 902 1125 tribus
929 1068 1118 1124 diebus
1142 1066 1415 1123 suscitabo
1435 1065 1566 1121 illud
1602 1084 1650 1120 ι.
1675 1065 1766 1118 Ait
1801 1079 1930 1136 ergo
1960 1080 1974 1114 :
2004 1062 2060 1119 Si
2085 1064 2153 1120 de

571 1177 694 1218 meo
720 1171 935 1219 terreno
960 1163 1137 1218 adhuc
1163 1176 1391 1232 corpore
1415 1159 1672 1217 solvendo
1715 1159 1874 1229 paulo
1903 1159 2151 1229 superius

568 1241 1010 1319 dicebam’vobis,
1033 1259 1088 1308 et
1103 1267 1208 1307 non
1239 1251 1565 1316 credidistis,
1591 1247 1879 1320 quomodo,
1905 1250 1949 1304 si
1973 1250 2149 1305 dicam

566 1343 721 1399 vobis
750 1343 1026 1410 caelestia,
1077 1340 1344 1398 credetis?
1371 1343 1472 1397 hoc
1517 1348 1622 1406 est,
1653 1338 1990 1409 spiritualem
2013 1339 2151 1394 nati-

565 1433 787 1489 vitatem
833 1449 864 1488 a
905 1441 1100 1511 sancto
1129 1432 1354 1502 Spiritu,
1395 1446 1533 1502 quae
1577 1430 1829 1486 caelestis
1873 1439 1957 1485 est
1988 1439 2151 1501 atque

565 1523 791 1579 divina?
819 1523 876 1579 Si
905 1524 1068 1594 igitur
1091 1523 1292 1578 terreni
1320 1523 1566 1593 corporis
1597 1521 1701 1576 mei
1739 1521 2063 1575 solutionem
2094 1521 2147 1575 in

563 1615 835 1683 passione,
877 1621 934 1669 et
983 1613 1137 1668 tertia
1192 1613 1279 1668 die
1309 1613 1477 1683 ipsius
1528 1612 1982 1666 resurrectionem
2041 1625 2148 1664 non

539 1704 882 1769 credidistis,
910 1705 1037 1774 quid
1057 1719 1089 1757 a
1119 1718 1205 1758 me
1229 1702 1494 1774 quaeritis
1519 1701 1813 1772 spiritualis
1839 1700 2143 1756 nativitatis

2255 519 2481 576 exaltari
2505 529 2703 588 oportet
2732 518 2936 575 Filium
2979 523 3224 587 hominis,
3255 533 3310 576 ut
3353 526 3523 580 omnis
3544 527 3758 581 credens
3790 530 3844 583 in

2253 627 2372 666 eum
2403 627 2505 664 non
2525 619 2721 680 pereat,
2750 612 2840 665 sed
2865 613 3055 667 habeat
3083 615 3242 668 vitam
3271 624 3560 670 aeternam.
3589 617 3842 688 Figuram

2253 717 2404 756 suam
2430 701 2544 772 ipsa
2569 701 2771 756 veritas
2789 704 3045 772 exponit;
3074 707 3323 760 umbram
3347 722 3498 761 suam
3525 709 3700 778 ipsum
3725 724 3878 764 cor-~-

2252 807 2354 862 pus
2379 791 2591 847 asserit.
2623 791 2812 847 Divina
2857 804 3043 849 narrat
3083 796 3332 863 historia,
3379 798 3640 868 populum
3686 801 3778 855 Dei
3807 817 3838 856 a

2252 882 2592 952 serpentibus
2634 883 2686 936 in
2717 884 2932 938 deserto
2976 883 3252 950 amictum,
3289 886 3602 956 crebrisque
3646 904 3841 945 eorum

2253 973 2524 1029 morsibus
2569 987 2814 1043 magnam
2865 982 3101 1044 stragem
3131 974 3328 1042 fuisse;
3356 976 3450 1032 sed
3485 977 3717 1050 Moyses,
3747 978 3838 1047 ju-

2252 1063 2412 1119 bente
2438 1063 2682 1127 Domino,
2727 1077 2956 1118 aeneum
3000 1073 3308 1134 serpentem
3343 1063 3563 1130 fecerat,
3589 1083 3748 1138 quem
3777 1069 3834 1123 in

2252 1151 2360 1206 alta
2389 1152 2582 1207 arbore
2606 1151 2980 1221 suspenderat,
3002 1152 3308 1223 populoque
3317 1152 3579 1222 iusserat,
3615 1165 3689 1220 ut,
3719 1159 3836 1228 qui-

2252 1259 2466 1314 cunque
2485 1259 2697 1299 morsus
2717 1251 2863 1300 esset
2891 1259 2922 1298 a
2943 1244 3292 1313 draconibus,
3319 1247 3372 1301 in
3401 1259 3624 1302 aeneum
3655 1252 3832 1320 suspi-

2252 1344 2402 1391 ceret
2419 1335 2720 1400 colubrum,
2749 1343 2804 1390 et
2834 1345 3140 1405 sanaretur,
3177 1347 3232 1394 et
3272 1355 3301 1394 a
3327 1323 3656 1410 Iserpentina
3682 1341 3838 1414 plaga

2252 1429 2594 1485 liberaretur.
2635 1429 2749 1486 Hoc
2783 1439 2954 1486 totum
2998 1433 3186 1488 umbra
3224 1433 3393 1489 futuri
3437 1446 3540 1502 est,
3589 1436 3692 1492 hoc
3727 1447 3836 1504 est,

2253 1521 2424 1590 ﬁgura
2447 1519 2649 1576 Christi
2677 1521 2925 1577 morituri
2946 1537 3042 1592 pro
3069 1523 3241 1578 salute
3262 1525 3527 1590 omnium,
3554 1542 3692 1596 quos
3719 1541 3836 1583 ser-

2251 1619 2442 1680 pentes
2466 1610 2785 1666 delictorum
2812 1627 3030 1666 suorum
3055 1615 3340 1669 venenosis
3371 1615 3642 1670 morsibus
3667 1617 3836 1672 inter-

2251 1698 2444 1754 imunt.
2496 1699 2708 1772 Moyses
2756 1701 2938 1771 itaque
2980 1702 3094 1772 ipse
3141 1701 3392 1758 Christus
3437 1712 3551 1770 est;
3605 1719 3834 1774 serpens

561 1795 776 1864 aperire
803 1794 956 1850 vobis
990 1794 1276 1866 mysteria,
1318 1809 1478 1865 quae,
1532 1793 1787 1862 quoniam
1833 1793 2002 1846 renati
2037 1807 2143 1847 non
2172 1793 2222 1854 Β
2249 1803 2451 1845 aeneus
2527 1805 2674 1845 mors
2741 1790 2939 1846 Christi
2994 1809 3008 1846 :
3049 1791 3256 1862 lignum
3282 1831 3297 1858 ,
3343 1793 3398 1847 in
3445 1807 3551 1862 quo
3608 1808 3835 1864 serpens

561 1884 694 1937 estis
721 1898 789 1938 ex
809 1883 1023 1953 spiritu,
1045 1884 1266 1938 omnino
1295 1883 1518 1939 credere
1567 1899 1676 1938 non
1706 1881 1940 1936 valetis?
1965 1881 2153 1936 Dicam

568 1980 751 2027 tamen
778 1971 1056 2038 caelestia,
1089 1973 1337 2041 quamvis
1365 1971 1665 2044 intelligere
1704 1987 1810 2026 non
1839 1971 2078 2040 possitis.

543 2115 548 2122 _
643 2060 708 2115 Et
753 2077 903 2115 nemo
951 2061 1186 2117 ascendit
1236 2063 1292 2116 in
1352 2060 1585 2127 caelum,
1635 2062 1736 2116 nisi
1787 2062 1877 2131 qui
1913 2061 1976 2114 de
2007 2061 2151 2116 caelo

562 2153 847 2218 descendit,
871 2150 1048 2208 Filius
1070 2153 1318 2220 hominis,
1338 2155 1429 2224 qui
1470 2162 1544 2208 est
1576 2153 1631 2206 in
1673 2149 1839 2206 caelo.
1871 2150 2148 2216 Ascendit,

561 2242 870 2314 ambiguum
911 2250 1012 2308 est,
1043 2243 1200 2314 cujus
1251 2242 1513 2312 temporis
1571 2242 1796 2296 verbum
1829 2241 1922 2308 sit,
1970 2249 2151 2295 utrum

559 2336 858 2407 praeteriti,
893 2350 962 2390 an
987 2335 1314 2406 praesentis.
1349 2333 1460 2390 Sed
1481 2334 1535 2389 in
1557 2333 1771 2389 Graeco
1792 2347 1901 2388 non
1924 2340 2008 2388 est
2033 2346 2151 2386 am-

545 2427 814 2498 biguum;
867 2427 1148 2499 praeteriti
1187 2425 1450 2498 temporis
1498 2433 1602 2481 est.
1654 2423 1712 2480 In
1738 2424 1841 2479 hac
1883 2423 2150 2480 sententia

559 2518 866 2588 quaeritur,
912 2519 1036 2588 quis
1060 2528 1147 2574 est
1171 2519 1464 2574 descensus
1489 2517 1612 2572 Filii
1646 2517 1901 2582 hominis,
1932 2524 1986 2570 et
2031 2516 2153 2586 quis

562 2623 852 2675 ascensus;
900 2617 957 2665 et
978 2610 1122 2680 quod
1152 2609 1383 2676 caelum,
1437 2611 1492 2665 in
1537 2608 1681 2680 quod
1713 2609 1976 2675 ascendit,
2005 2617 2060 2662 et
2083 2609 2152 2665 de

565 2715 674 2770 quo
699 2701 1002 2768 descendit,
1023 2709 1078 2755 et
1103 2700 1157 2754 in
1188 2716 1296 2772 quo
1323 2715 1537 2771 semper
1565 2708 1768 2764 manet,
1800 2701 1926 2754 dum
1955 2713 2149 2754 ascen-

558 2793 641 2860 dit
681 2801 738 2849 et
763 2792 1082 2850 descendit?
1118 2791 1224 2849 Sed
1254 2807 1343 2859 ne,
1374 2791 1667 2848 multorum
1707 2806 1901 2846 sensus
1939 2790 2006 2845 de
2050 2791 2152 2846 hoc

466 2919 469 2922 -
561 2886 814 2953 dicendo,
845 2901 1028 2943 moras
1055 2885 1340 2953 faciamus,
1364 2886 1509 2956 quod
1537 2884 1886 2941 verisimilius
1918 2883 2146 2950 videtur,

563 2987 650 3035 sat
689 2989 775 3036 est
815 2981 1018 3037 dicere.
1069 2979 1128 3036 In
1157 2981 1339 3036 divina
1361 2978 1642 3049 Scriptura
1671 2977 1833 3032 Pater
1878 2976 2148 3042 caelestis,

561 3072 655 3144 qui
679 3081 763 3130 est
789 3072 1109 3143 principium
1134 3072 1398 3136 omnium,
1425 3071 1646 3127 nomine
1671 3070 1802 3126 caeli
1829 3069 2025 3124 crebro
2053 3083 2151 3122 no-

2253 1895 2569 1950 suspensus,
2599 1895 2732 1936 crux
2770 1881 2995 1948 Christi,
3022 1883 3077 1936 in
3117 1899 3224 1952 qua
3267 1891 3494 1938 mortem
3519 1884 3682 1940 subiit
3731 1900 3834 1957 pro

2254 1975 2428 2029 salute
2468 1975 2708 2030 omnium
2753 1975 2810 2029 in
2856 1975 3295 2032 secredentium.
3344 1976 3571 2032 Pulchre
3614 1968 3833 2048 quoque

2254 2081 2401 2120 mors
2427 2065 2628 2120 Christi
2660 2082 2758 2136 per
2787 2076 3095 2138 serpentem
3143 2067 3407 2140 ﬁguratur
3435 2085 3465 2122 a
3496 2068 3692 2135 forma,
3722 2087 3832 2140 qua

2252 2172 2412 2212 causa
2428 2172 2526 2226 pro
2549 2156 2739 2214 effectu
2763 2158 2998 2229 ponitur.
3023 2159 3197 2215 Causa
3211 2159 3409 2230 quippe
3421 2161 3613 2216 mortis
3624 2161 3831 2218 Christi

2250 2262 2474 2319 serpens
2498 2257 2635 2304 erat.
2659 2251 2738 2306 Ac
2765 2265 2860 2320 per
2882 2250 2984 2306 hoc
3009 2260 3063 2306 et
3083 2265 3307 2322 serpens
3330 2253 3556 2324 ﬁgurate
3575 2253 3829 2311 eﬁ'ectum

2253 2356 2432 2406 suum,
2474 2342 2525 2396 id
2554 2349 2638 2396 est
2683 2350 2912 2397 mortem
2954 2343 3361 2411 praetendebat,
3407 2351 3466 2398 ut
3508 2345 3705 2410 omnis,
3736 2347 3830 2416 qui

2254 2435 2425 2490 credit
2449 2434 2502 2489 in
2535 2434 2707 2499 illum,
2757 2448 2862 2488 non
2905 2442 3116 2504 pereat,
3161 2435 3259 2489 sed
3305 2436 3504 2489 habeat
3541 2436 3708 2490 vitam
3741 2452 3831 2492 ae-

2255 2533 2486 2578 ternam.
2517 2523 2707 2594 Magna
2735 2523 2992 2578 distantia
3037 2532 3122 2579 est
3155 2523 3296 2578 inter
3325 2524 3557 2579 litteram
3585 2535 3639 2579 et
3667 2526 3831 2596 spiri-

2257 2623 2392 2680 tum,
2438 2613 2582 2668 inter
2613 2614 2840 2683 ﬁguram
2869 2622 2925 2668 et
2971 2615 3273 2679 veritatem,
3315 2615 3458 2670 inter
3501 2617 3745 2670 umbram
3773 2623 3833 2672 et

2253 2719 2470 2774 corpus.
2509 2702 2709 2758 Littera
2741 2712 2826 2759 est
2850 2704 3074 2770 factum,
3113 2705 3253 2773 quod
3290 2713 3480 2760 sancta
3501 2715 3686 2759 narrat
3723 2706 3832 2762 his-

2255 2795 2424 2861 toria;
2447 2795 2670 2864 spiritus
2692 2803 2779 2850 est
2798 2809 2945 2850 mors
2967 2795 3189 2862 Christi,
3213 2811 3376 2866 quam
3405 2796 3567 2850 tradit
3585 2795 3832 2868 Evange-

2253 2887 2416 2949 lium;
2448 2901 2671 2957 serpens
2720 2887 2983 2958 ﬁguratur
3034 2889 3087 2942 in
3119 2888 3264 2960 ligno
3309 2903 3635 2958 suspensus;
3687 2889 3832 2958 aspl-

2254 2979 2520 3034 cientibus
2569 2994 2628 3034 se
2683 2977 2849 3032 vitam
2900 2977 3205 3049 praestabat
3255 2979 3640 3048 temporalem;
3682 2994 3832 3034 mors

2253 3070 2452 3125 Christi
2473 3071 2822 3126 credentibus
2846 3071 2900 3124 in
2931 3086 3054 3126 eum
3084 3069 3249 3124 vitam
3271 3077 3510 3140 praestat
3531 3079 3828 3126 aeternam.

564 3162 821 3219 minatur.
846 3163 1018 3232 Saepe
1047 3161 1101 3215 in
1126 3161 1418 3232 Evangelio
1454 3160 1672 3231 legitur,
1705 3160 1988 3215 Dominum
2021 3173 2146 3214 sur-
2173 3147 2218 3209 C
2251 3162 2357 3219 Sed
2386 3163 2516 3234 quid
2546 3164 2683 3219 haec
2707 3164 2772 3218 ad
2803 3165 3094 3219 secundam
3128 3164 3461 3218 nativitatem
3511 3178 3578 3218 ex
3614 3165 3828 3235 spiritu,

561 3255 766 3309 rexisse
796 3252 852 3308 in
879 3251 1113 3317 caelum,
1137 3251 1192 3307 id
1220 3259 1306 3307 est
1331 3252 1384 3305 in
1427 3250 1665 3306 Patrem.
1700 3251 1816 3305 Non
1857 3251 2001 3306 enim
2030 3265 2146 3305 cre-

564 3345 800 3400 dendum
848 3352 952 3408 est,
1008 3342 1183 3412 ipsum
1233 3340 1475 3396 elevasse
1527 3341 1718 3397 oculos
1758 3356 1884 3396 suos
1938 3341 1992 3394 in
2042 3341 2147 3396 hoc

563 3436 773 3492 caelum
813 3435 1106 3501 sidereum,
1148 3433 1448 3506 corporale,
1480 3435 1973 3506 circumscriptum,
2004 3450 2150 3490 mor-

565 3527 691 3583 tale.
714 3526 773 3582 ln
796 3526 1012 3582 Patrem
1045 3526 1215 3598 igitur
1241 3525 1490 3582 elevabat
1517 3526 1726 3592 oculos,
1760 3535 1819 3580 ut
1851 3541 1972 3580 eum
2001 3526 2148 3597 aspi-

561 3617 772 3675 cientes
799 3616 1166 3672 indubitanter
1179 3617 1688 3687 crederentsemper
1703 3618 1757 3672 in
1781 3616 1940 3673 Patre
1957 3618 2145 3683 fuisse,

567 3706 636 3762 ad
661 3721 822 3777 quem
861 3705 1192 3761 intendebat.
1229 3705 1387 3773 Quod
1414 3721 1545 3778 ergo
1572 3707 1650 3762 ait
1683 3721 1698 3760 :
1728 3724 1877 3762 nemo
1906 3710 2147 3764 ascendit

564 3797 624 3853 in
640 3795 863 3862 caelum,
897 3797 998 3851 nisi
1017 3797 1108 3867 qui
1136 3797 1202 3852 de
1234 3797 1379 3852 caelo
1408 3798 1693 3864 descendit,
1721 3798 1866 3868 ﬁlius
1901 3800 2148 3867 hominis,

565 3891 656 3963 qui
681 3901 754 3945 est
781 3890 837 3944 in
861 3889 1026 3956 caelo,
1055 3890 1280 3960 pulchre
1298 3890 1420 3947 aliis
1441 3892 1624 3948 verbis
1637 3893 1927 3962 exponitur
1954 3912 1966 3947 :
1993 3909 2152 3949 nemo

537 4023 546 4032 .
567 3983 811 4038 ascendit
837 3981 891 4036 in
913 3980 1152 4049 Patrem,
1169 3981 1271 4038 nisi
1301 3982 1394 4052 qui
1420 3983 1486 4039 de
1506 3983 1666 4038 Patre
1687 3984 1986 4050 descendit,
2011 3984 2152 4041 ﬁlius

567 4074 820 4137 hominis,
852 4073 944 4145 qui
973 4082 1059 4129 est
1097 4074 1155 4128 in
1192 4073 1374 4129 Patre.
1406 4073 1592 4142 Qualis
1637 4082 1819 4129 autem
1863 4075 2155 4131 descensus

567 4163 686 4236 ejus
712 4174 767 4220 et
791 4179 1068 4231 ascensus,
1101 4165 1217 4236 ipse
1244 4165 1373 4221 alibi
1404 4173 1589 4235 aperte
1625 4165 1898 4236 exposuit,
1928 4167 2150 4221 dicens:

575 4273 598 4310 s
625 4256 776 4312 Exivi
804 4272 833 4311 a
856 4256 1020 4312 Patre
1055 4265 1112 4312 et
1138 4256 1260 4312 veni
1289 4257 1344 4314 in
1375 4256 1659 4323 mundum,
1686 4267 1741 4312 et
1765 4257 1962 4312 iterum
1987 4256 2153 4312 relin-

569 4363 679 4421 quo
699 4348 959 4404 mundum
986 4358 1043 4404 et
1069 4348 1208 4404 vado
1234 4348 1302 4409 ad
1333 4346 1549 4404 Patrem
1585 4366 1632 4401 ι.
1661 4348 1851 4403 Exitus
1891 4363 2019 4419 ergo
2037 4347 2156 4420 ejus

569 4455 606 4497 ι
629 4438 793 4494 Patre
835 4439 1151 4495 humanatio
1181 4447 1287 4505 est,
1333 4447 1391 4494 et
1430 4439 1637 4495 reditus
1676 4439 1794 4509 ejus
1836 4440 1904 4494 ad
1936 4439 2153 4495 Patrem

574 4531 830 4596 hominis,
854 4545 1017 4601 quem
1045 4532 1272 4600 accepit,
1299 4529 1590 4594 deiﬁcatio,
1634 4537 1691 4583 et
1734 4529 1788 4584 in
1817 4530 2154 4586 altitudinem
2181 4513 2232 4572 Ῑ)

574 4619 869 4675 divinitatis
892 4620 1210 4689 assumptio.
1240 4620 1397 4676 Solus
1422 4620 1511 4676 ille
1536 4619 1832 4685 descendit,
1862 4620 1986 4690 quia
2009 4621 2155 4677 solus

573 4709 885 4766 incarnatus
913 4719 1035 4775 est;
1063 4709 1178 4775 sed,
1203 4710 1250 4765 si
1276 4711 1421 4766 solus
1441 4710 1702 4775 ascendit,
1749 4725 1889 4782 quae
1925 4728 2049 4782 spes
2069 4723 2156 4769 est

574 4798 681 4866 bis,
721 4815 819 4871 pro
857 4801 1053 4870 quibus
1079 4801 1397 4857 descendit?
1435 4802 1629 4873 Magna
1656 4804 1874 4872 quidem
1905 4813 1958 4858 et
2000 4806 2154 4860 inex-

574 4892 859 4966 plicabilis,
903 4893 1162 4964 quoniam
1185 4908 1394 4962 omnes,
1443 4909 1580 4965 quos
1621 4895 1881 4962 salvavit,
1931 4896 1986 4951 in
2036 4897 2152 4966 ipso

577 4987 894 5051 ascendunt,
937 5002 1082 5042 nunc
1113 5002 1210 5060 per
1239 4986 1398 5043 ﬁdem
1445 4988 1498 5042 in
1525 5001 1642 5060 spe,
1670 4988 1725 5042 in
1755 4987 1862 5044 ﬁne
1895 5003 2024 5044 vero
2056 5004 2155 5059 per

577 5080 812 5151 speciem
857 5079 914 5135 in
945 5094 1026 5146 re,
1070 5081 1212 5135 sicut
1237 5081 1314 5135 ait
1343 5079 1582 5137 Joannes
1621 5081 1679 5136 in
1728 5081 1965 5149 Epistula
2010 5098 2150 5140 sua:

583 5191 600 5222 ι
637 5172 850 5227 Scimus
878 5172 1134 5242 quonium
1162 5169 1256 5226 ﬁlii
1278 5173 1374 5227 Dei
1403 5188 1620 5239 sumus;
1649 5172 1888 5229 nondum
1910 5175 2159 5246 apparuit

578 5261 706 5331 quid
737 5263 974 5326 erimus;
1010 5277 1135 5328 cum
1157 5269 1339 5317 autem
1370 5265 1702 5333 apparuerit,
1729 5264 1935 5321 similes
1957 5267 2008 5321 ei
2050 5265 2160 5322 eri-

579 5368 734 5416 mus;
767 5352 1067 5408 videbimus
1093 5353 1238 5408 enim
1268 5368 1412 5420 eum,
1443 5355 1603 5410 sicuti
1643 5367 1730 5412 est
1763 5375 1811 5410 ι.
1855 5355 2019 5413 Solus
2056 5357 2160 5414 ita-

581 5456 685 5512 que
698 5443 995 5509 descendit,
1006 5452 1062 5498 et
1071 5444 1218 5500 solus
1241 5446 1505 5512 ascendit,
1519 5448 1643 5517 quia
1667 5448 1758 5504 ille
1774 5464 1897 5504 cum
1911 5450 2160 5508 omnibus

582 5531 697 5586 suis
721 5533 975 5588 membris
999 5549 1138 5590 unus
1161 5535 1416 5604 Deusest,
1430 5537 1622 5594 unicus
1634 5539 1802 5595 Filius
1830 5539 1945 5596 Dei.
1968 5540 2025 5596 lu
2048 5542 2162 5612 ipso

561 5663 568 5672 .
583 5619 730 5673 enim
743 5635 929 5678 omnes
939 5627 1219 5683 credentes
1231 5629 1285 5682 in
1300 5629 1474 5699 ipsum
1487 5646 1656 5686 unum
1670 5641 1816 5696 sunt;
1832 5646 1970 5687 unus
1983 5631 2166 5703 itaque

587 5705 867 5786 Christus,
879 5725 1077 5794 corpus
1102 5730 1229 5789 cum
1255 5720 1535 5791 membris,
1563 5724 1808 5788 ascendit
1837 5725 1895 5782 in
1925 5723 2162 5783 Patrem.

2251 3270 2358 3309 non
2396 3255 2668 3310 immerito
2706 3255 3032 3324 quaeritur?
3063 3253 3341 3309 Facillime
3389 3254 3632 3309 solvitur.
3662 3255 3830 3311 Nemo

2252 3344 2496 3399 ascendit
2525 3343 2578 3398 in
2625 3344 2843 3398 Christo
2885 3343 2951 3397 ad
2981 3342 3214 3408 Patrem,
3259 3344 3362 3397 nisi
3395 3344 3484 3411 qui
3531 3359 3594 3397 ex
3637 3343 3830 3412 spiritu

2251 3434 2510 3499 nascitur,
2530 3443 2589 3488 ut
2610 3432 2905 3489 conformis
2933 3434 3026 3487 ﬁat
3050 3433 3301 3504 imaginis
3327 3431 3446 3486 Filii
3462 3432 3578 3497 Dei,
3602 3433 3702 3487 hoc
3719 3443 3824 3498 est,

2251 3533 2310 3579 ut
2333 3523 2582 3579 Christus
2621 3525 2674 3578 in
2723 3522 2812 3578 illo
2833 3520 3116 3587 formetur,
3149 3531 3205 3577 et
3246 3536 3410 3575 unum
3448 3536 3570 3600 cum
3611 3520 3830 3577 Christo

2251 3617 2343 3673 sit.
2367 3615 2627 3672 Similiter
2649 3629 2824 3670 nemo.
2839 3614 3079 3669 salvatur
3102 3627 3198 3683 per
3218 3620 3444 3668 mortem
3470 3611 3693 3677 Christi,
3721 3612 3830 3668 nisi

2249 3708 2341 3779 qui
2389 3722 2452 3761 ex
2486 3706 2680 3776 spiritu
2726 3705 2998 3772 nascitur;
3053 3717 3213 3758 nemo
3237 3716 3306 3756 ex
3349 3701 3542 3770 spiritu
3589 3701 3832 3757 nascitur

2251 3814 2348 3871 per
2383 3799 2728 3868 baptismum,
2773 3797 2876 3851 nisi
2901 3796 2955 3850 in
2981 3803 3154 3850 morte
3176 3792 3400 3859 Christi,
3423 3791 3562 3848 sicut
3588 3792 3663 3846 ait
3689 3791 3832 3862 Apo-

2252 3888 2460 3945 stolus:
2493 3906 2510 3939 ι
2544 3885 2856 3956 Cousepulti
2903 3899 3091 3940 sumus
3140 3898 3263 3939 cum
3305 3881 3524 3938 Christo
3567 3897 3664 3953 per
3706 3883 3834 3956 bap-

2253 3979 2495 4044 tismum,
2518 3976 2621 4033 nisi
2645 3977 2700 4032 in
2721 3955 2976 4042 mortem,
2997 3983 3080 4041 ut,
3110 3972 3567 4046 quemadmodum
3587 3955 3836 4028 Chriitus

2253 4071 2490 4127 surrexit
2507 4083 2539 4123 a
2569 4067 2797 4124 mortuis
2819 4067 2875 4122 in
2894 4066 3120 4138 gloriam
3141 4063 3340 4132 Patris,
3369 4064 3444 4119 ita
3463 4073 3520 4121 et
3545 4079 3646 4121 nos
3665 4063 3718 4118 in
3748 4075 3837 4118 no-

2252 4162 2418 4217 vitate
2442 4161 2586 4216 vitae
2607 4158 2946 4215 ambulemus
2979 4177 3024 4212 ι.

2325 4274 2418 4331 Sic
2437 4275 2572 4329 enim
2586 4273 2726 4329 Deus
2747 4273 2930 4330 dilexit
2950 4272 3229 4339 mundum,
3253 4281 3311 4327 ut
3323 4269 3525 4327 Filium
3549 4287 3703 4328 suum
3719 4270 3837 4327 uni-

2253 4378 2482 4452 genitum
2520 4378 2688 4432 daret.
2714 4376 2944 4433 Causam
2976 4379 3246 4434 humanae
3274 4376 3464 4433 salutis
3493 4377 3684 4448 aperit,
3735 4373 3839 4428 Pa-

2259 4490 2394 4536 trem
2423 4479 2669 4535 videlicet
2696 4479 3005 4547 caelestem,
3033 4496 3102 4537 ex
3142 4496 3250 4552 quo
3275 4480 3452 4536 omnis
3473 4480 3620 4536 salus
3645 4489 3701 4534 et
3749 4493 3837 4534 ne-

2258 4580 2468 4637 stitutio
2493 4579 2762 4635 humanae
2802 4588 3027 4636 naturae
3069 4593 3170 4650 per
3206 4577 3536 4650 unigenitum
3583 4592 3739 4631 suum
3781 4576 3839 4632 in

2259 4677 2465 4749 Spiritu
2495 4691 2613 4733 suo.
2638 4677 2867 4733 Dilectio
2897 4678 3083 4746 itaque
3099 4675 3277 4732 Patris
3295 4689 3460 4730 causa
3488 4681 3543 4728 et
3570 4679 3840 4728 humanae

2257 4781 2467 4847 salutis,
2497 4779 2592 4851 qui
2634 4779 2690 4834 in
2735 4787 2944 4834 tantum
2991 4777 3179 4834 dilexit
3215 4775 3494 4841 mundum,
3537 4783 3599 4829 ut
3641 4775 3840 4832 Filium

2257 4901 2414 4941 suum
2447 4883 2780 4954 unigenitum
2810 4883 2984 4946 daret,
3018 4882 3122 4936 hoc
3171 4887 3256 4934 est
3286 4879 3447 4933 morti
3487 4879 3744 4944 traderet,
3779 4885 3842 4935 ut

2254 4988 2434 5046 omnis
2461 4987 2726 5060 aspiciens
2751 4987 2803 5040 in
2833 4992 3062 5040 mortem
3084 4981 3202 5052 ejus
3231 4997 3338 5038 non
3366 4991 3576 5054 pereat,
3603 4984 3697 5038 sed
3745 4985 3844 5040 ha.

2257 5090 2382 5146 boat
2407 5088 2575 5142 vitam
2607 5093 2904 5142 aeternam.
2927 5083 3036 5140 Sed
3059 5083 3362 5155 quaeritur,
3392 5097 3554 5154 quem
3582 5083 3842 5138 mundum

2258 5178 2450 5234 dilexit
2500 5177 2676 5234 Deus?
2711 5176 2828 5232 Non
2875 5177 3020 5232 enim
3060 5176 3392 5232 credendum
3436 5184 3542 5244 est,
3588 5177 3845 5230 mundum

2260 5269 2446 5335 istum,
2471 5267 2525 5322 id
2543 5277 2630 5322 est
2654 5266 3084 5332 universitatem,
3116 5281 3256 5337 quae
3285 5275 3498 5323 constat
3520 5282 3582 5321 ex
3611 5266 3762 5322 caelo
3789 5273 3849 5320 et

2262 5366 2430 5425 terra,
2460 5357 2679 5414 Patrem
2727 5357 2999 5414 dilexisse.
3036 5358 3130 5414 Ille
3179 5359 3325 5414 enim
3370 5373 3476 5412 non
3530 5366 3750 5425 propter
3781 5369 3843 5413 so

2263 5451 2458 5523 ipsum,
2491 5452 2585 5506 sed
2607 5460 2828 5522 propter
2853 5453 3184 5523 superiorem
3227 5450 3484 5505 mundum
3527 5447 3702 5500 factus
3739 5455 3842 5503 est.

2264 5544 2517 5600 Mundum
2547 5543 2710 5612 igitur
2751 5545 3104 5612 superiorem,
3155 5556 3314 5611 quem
3351 5539 3417 5593 ad
3463 5536 3752 5606 imaginem
3791 5545 3848 5592 et

2264 5636 2672 5693 similitudinem
2701 5650 2854 5691 suam
2886 5636 3143 5700 condidit,
3178 5634 3232 5688 id
3260 5642 3347 5688 est
3371 5633 3661 5687 humanam
3688 5640 3850 5687 natu-

2266 5743 2384 5786 ram
2415 5726 2576 5786 Pater
2601 5727 2793 5784 dilexit
2817 5728 2913 5795 ita,
2937 5739 2998 5784 ut
3021 5725 3218 5783 Filium
3245 5739 3404 5781 suum
3449 5738 3548 5795 pro
3568 5737 3635 5778 eo
3665 5721 3849 5781 trade-
