  <div class='ocr_page' id='page_1' title='image "/cluster/home/n/w/nwhite01/storage/ocr_20150623/122/pst.000018028355/198.png"; bbox 0 0 4178 6266; ppageno 0'>
   <div class='ocr_carea' id='block_1_1' title="bbox 363 300 463 355">
    <p class='ocr_par' dir='ltr' id='par_1_1' title="bbox 363 300 463 355">
     <span class='ocr_line' id='line_1_1' title="bbox 363 300 463 355; baseline 0.02 -2"><span class='ocrx_word' id='word_1_1' title='bbox 363 300 463 355; x_wconf 63' lang='lat' dir='ltr'><strong>32d</strong></span> 
     </span>
    </p>
   </div>
   <div class='ocr_carea' id='block_1_2' title="bbox 1404 288 2585 352">
    <p class='ocr_par' dir='ltr' id='par_1_2' title="bbox 1404 288 2585 352">
     <span class='ocr_line' id='line_1_2' title="bbox 1404 288 2585 352; baseline -0.001 -2"><span class='ocrx_word' id='word_1_2' title='bbox 1404 291 1752 350; x_wconf 76' lang='lat' dir='ltr'><strong>COMMENT.</strong></span> <span class='ocrx_word' id='word_1_3' title='bbox 1793 288 1861 345; x_wconf 81' lang='lat' dir='ltr'><strong>IN</strong></span> <span class='ocrx_word' id='word_1_4' title='bbox 1921 291 2171 350; x_wconf 78' lang='lat' dir='ltr'><strong>EVANG.</strong></span> <span class='ocrx_word' id='word_1_5' title='bbox 2212 294 2356 351; x_wconf 85' lang='lat' dir='ltr'><strong>SEC.</strong></span> <span class='ocrx_word' id='word_1_6' title='bbox 2396 294 2585 352; x_wconf 70' lang='lat' dir='ltr'><strong>JOAN.</strong></span> 
     </span>
    </p>
   </div>
   <div class='ocr_carea' id='block_1_3' title="bbox 3512 297 3620 379">
    <p class='ocr_par' dir='ltr' id='par_1_3' title="bbox 3512 297 3620 379">
     <span class='ocr_line' id='line_1_3' title="bbox 3512 297 3620 379; baseline 0.028 -25"><span class='ocrx_word' id='word_1_7' title='bbox 3512 297 3620 379; x_wconf 64' lang='lat'><strong>322</strong></span> 
     </span>
    </p>
   </div>
   <div class='ocr_carea' id='block_1_4' title="bbox 364 407 3620 484">
    <p class='ocr_par' dir='ltr' id='par_1_4' title="bbox 364 407 3620 484">
     <span class='ocr_line' id='line_1_4' title="bbox 364 407 3620 484; baseline 0.001 -20"><span class='ocrx_word' id='word_1_8' title='bbox 364 419 466 470; x_wconf 69' lang='lat' dir='ltr'><strong>ret.</strong></span> <span class='ocrx_word' id='word_1_9' title='bbox 501 407 613 467; x_wconf 77' lang='lat' dir='ltr'><strong>Sed</strong></span> <span class='ocrx_word' id='word_1_10' title='bbox 635 409 946 473; x_wconf 85' lang='lat' dir='ltr'><strong>notandum,</strong></span> <span class='ocrx_word' id='word_1_11' title='bbox 977 410 1118 480; x_wconf 89' lang='lat' dir='ltr'><strong>quod</strong></span> <span class='ocrx_word' id='word_1_12' title='bbox 1166 412 1416 474; x_wconf 84' lang='lat' dir='ltr'><strong>mundus,</strong></span> <span class='ocrx_word' id='word_1_13' title='bbox 1442 427 1600 481; x_wconf 90' lang='lat' dir='ltr'><strong>quem</strong></span> <span class='ocrx_word' id='word_1_14' title='bbox 1653 412 1813 467; x_wconf 82' lang='lat' dir='ltr'><strong>Pater</strong></span> <span class='ocrx_word' id='word_1_15' title='bbox 1866 412 1940 467; x_wconf 85' lang='lat' dir='ltr'><strong>di-</strong></span> <span class='ocrx_word' id='word_1_16' title='bbox 1967 413 2014 472; x_wconf 86' lang='lat' dir='ltr'><strong>A</strong></span> <span class='ocrx_word' id='word_1_17' title='bbox 2042 422 2271 482; x_wconf 79' lang='lat' dir='ltr'><strong>quenter</strong></span> <span class='ocrx_word' id='word_1_18' title='bbox 2300 414 2602 484; x_wconf 79' lang='lat' dir='ltr'><strong>subjungit.</strong></span> <span class='ocrx_word' id='word_1_19' title='bbox 2639 412 2863 483; x_wconf 83' lang='lat' dir='ltr'><strong>dicens:</strong></span> <span class='ocrx_word' id='word_1_20' title='bbox 2896 412 3063 465; x_wconf 83' lang='lat' dir='ltr'><strong>Erant</strong></span> <span class='ocrx_word' id='word_1_21' title='bbox 3099 414 3234 465; x_wconf 82' lang='lat' dir='ltr'><strong>enim</strong></span> <span class='ocrx_word' id='word_1_22' title='bbox 3270 430 3445 467; x_wconf 80' lang='lat' dir='ltr'><strong>eorum</strong></span> <span class='ocrx_word' id='word_1_23' title='bbox 3482 412 3620 471; x_wconf 83' lang='lat' dir='ltr'><strong>mala</strong></span> 
     </span>
    </p>
   </div>
   <div class='ocr_carea' id='block_1_5' title="bbox 364 499 1940 571">
    <p class='ocr_par' dir='ltr' id='par_1_5' title="bbox 364 499 1940 571">
     <span class='ocr_line' id='line_1_5' title="bbox 364 499 1940 571; baseline 0.001 -16"><span class='ocrx_word' id='word_1_24' title='bbox 364 502 519 562; x_wconf 64' lang='lat' dir='ltr'><strong>lenit,</strong></span> <span class='ocrx_word' id='word_1_25' title='bbox 552 499 603 554; x_wconf 92' lang='lat' dir='ltr'><strong>id</strong></span> <span class='ocrx_word' id='word_1_26' title='bbox 629 509 713 554; x_wconf 90' lang='lat' dir='ltr'><strong>est</strong></span> <span class='ocrx_word' id='word_1_27' title='bbox 755 501 930 563; x_wconf 87' lang='lat' dir='ltr'><strong>homo,</strong></span> <span class='ocrx_word' id='word_1_28' title='bbox 969 515 1070 557; x_wconf 86' lang='lat' dir='ltr'><strong>non</strong></span> <span class='ocrx_word' id='word_1_29' title='bbox 1098 509 1381 571; x_wconf 92' lang='lat' dir='ltr'><strong>propterea</strong></span> <span class='ocrx_word' id='word_1_30' title='bbox 1412 503 1641 556; x_wconf 87' lang='lat' dir='ltr'><strong>mundus</strong></span> <span class='ocrx_word' id='word_1_31' title='bbox 1692 510 1940 568; x_wconf 92' lang='lat' dir='ltr'><strong>vocatur,</strong></span> 
     </span>
    </p>
   </div>
   <div class='ocr_carea' id='block_1_6' title="bbox 366 587 1938 659">
    <p class='ocr_par' dir='ltr' id='par_1_6' title="bbox 366 587 1938 659">
     <span class='ocr_line' id='line_1_6' title="bbox 366 587 1938 659; baseline 0 -14"><span class='ocrx_word' id='word_1_32' title='bbox 366 588 511 659; x_wconf 86' lang='lat' dir='ltr'><strong>quod</strong></span> <span class='ocrx_word' id='word_1_33' title='bbox 536 596 788 657; x_wconf 75' lang='lat' dir='ltr'><strong>quattuor</strong></span> <span class='ocrx_word' id='word_1_34' title='bbox 809 587 1084 643; x_wconf 86' lang='lat' dir='ltr'><strong>clementis</strong></span> <span class='ocrx_word' id='word_1_35' title='bbox 1114 588 1433 654; x_wconf 75' lang='lat' dir='ltr'><strong>constiterit,</strong></span> <span class='ocrx_word' id='word_1_36' title='bbox 1475 589 1616 659; x_wconf 87' lang='lat' dir='ltr'><strong>quod</strong></span> <span class='ocrx_word' id='word_1_37' title='bbox 1657 590 1828 643; x_wconf 86' lang='lat' dir='ltr'><strong>solum</strong></span> <span class='ocrx_word' id='word_1_38' title='bbox 1859 606 1938 645; x_wconf 85' lang='lat' dir='ltr'><strong>se-</strong></span> 
     </span>
    </p>
   </div>
   <div class='ocr_carea' id='block_1_7' title="bbox 368 678 1945 746">
    <p class='ocr_par' dir='ltr' id='par_1_7' title="bbox 368 678 1945 746">
     <span class='ocr_line' id='line_1_7' title="bbox 368 678 1945 746; baseline 0.003 -14"><span class='ocrx_word' id='word_1_39' title='bbox 368 679 613 733; x_wconf 70' lang='lat' dir='ltr'><strong>cundum.</strong></span> <span class='ocrx_word' id='word_1_40' title='bbox 629 692 820 746; x_wconf 89' lang='lat' dir='ltr'><strong>corpus</strong></span> <span class='ocrx_word' id='word_1_41' title='bbox 851 678 965 732; x_wconf 85' lang='lat' dir='ltr'><strong>ﬁeri</strong></span> <span class='ocrx_word' id='word_1_42' title='bbox 1015 679 1067 732; x_wconf 93' lang='lat' dir='ltr'><strong>in</strong></span> <span class='ocrx_word' id='word_1_43' title='bbox 1100 687 1316 734; x_wconf 89' lang='lat' dir='ltr'><strong>terreno</strong></span> <span class='ocrx_word' id='word_1_44' title='bbox 1346 680 1522 737; x_wconf 88' lang='lat' dir='ltr'><strong>adhuc</strong></span> <span class='ocrx_word' id='word_1_45' title='bbox 1572 680 1790 737; x_wconf 84' lang='lat' dir='ltr'><strong>homine</strong></span> <span class='ocrx_word' id='word_1_46' title='bbox 1819 696 1945 735; x_wconf 92' lang='lat' dir='ltr'><strong>con-</strong></span> 
     </span>
    </p>
   </div>
   <div class='ocr_carea' id='block_1_8' title="bbox 367 769 1942 841">
    <p class='ocr_par' dir='ltr' id='par_1_8' title="bbox 367 769 1942 841">
     <span class='ocr_line' id='line_1_8' title="bbox 367 769 1942 841; baseline 0 -17"><span class='ocrx_word' id='word_1_47' title='bbox 367 771 666 833; x_wconf 83' lang='lat' dir='ltr'><strong>sideratur;</strong></span> <span class='ocrx_word' id='word_1_48' title='bbox 697 770 791 823; x_wconf 90' lang='lat' dir='ltr'><strong>sed</strong></span> <span class='ocrx_word' id='word_1_49' title='bbox 836 769 953 824; x_wconf 80' lang='lat' dir='ltr'><strong>ideo</strong></span> <span class='ocrx_word' id='word_1_50' title='bbox 989 770 1153 825; x_wconf 91' lang='lat' dir='ltr'><strong>homo</strong></span> <span class='ocrx_word' id='word_1_51' title='bbox 1188 769 1383 841; x_wconf 77' lang='grc' dir='ltr'><strong>κόσμος</strong></span> <span class='ocrx_word' id='word_1_52' title='bbox 1417 779 1657 834; x_wconf 91' lang='lat' dir='ltr'><strong>vocatur,</strong></span> <span class='ocrx_word' id='word_1_53' title='bbox 1685 770 1942 838; x_wconf 91' lang='lat' dir='ltr'><strong>quoniam</strong></span> 
     </span>
    </p>
   </div>
   <div class='ocr_carea' id='block_1_9' title="bbox 363 859 1944 930">
    <p class='ocr_par' dir='ltr' id='par_1_9' title="bbox 363 859 1944 930">
     <span class='ocr_line' id='line_1_9' title="bbox 363 859 1944 930; baseline 0.002 -17"><span class='ocrx_word' id='word_1_54' title='bbox 363 869 585 914; x_wconf 84' lang='lat' dir='ltr'><strong>ornatus</strong></span> <span class='ocrx_word' id='word_1_55' title='bbox 611 867 696 914; x_wconf 91' lang='lat' dir='ltr'><strong>est</strong></span> <span class='ocrx_word' id='word_1_56' title='bbox 713 860 778 914; x_wconf 88' lang='lat' dir='ltr'><strong>ad</strong></span> <span class='ocrx_word' id='word_1_57' title='bbox 804 860 1094 930; x_wconf 81' lang='lat' dir='ltr'><strong>imaginem</strong></span> <span class='ocrx_word' id='word_1_58' title='bbox 1121 869 1173 917; x_wconf 89' lang='lat' dir='ltr'><strong>et</strong></span> <span class='ocrx_word' id='word_1_59' title='bbox 1216 861 1622 916; x_wconf 76' lang='lat' dir='ltr'><strong>similitudinem</strong></span> <span class='ocrx_word' id='word_1_60' title='bbox 1663 859 1775 918; x_wconf 83' lang='lat' dir='ltr'><strong>Dei.</strong></span> <span class='ocrx_word' id='word_1_61' title='bbox 1805 876 1944 929; x_wconf 89' lang='lat' dir='ltr'><strong>quae</strong></span> 
     </span>
    </p>
   </div>
   <div class='ocr_carea' id='block_1_10' title="bbox 364 946 1942 1019">
    <p class='ocr_par' dir='ltr' id='par_1_10' title="bbox 364 946 1942 1019">
     <span class='ocr_line' id='line_1_10' title="bbox 364 946 1942 1019; baseline 0.001 -16"><span class='ocrx_word' id='word_1_62' title='bbox 364 952 444 1006; x_wconf 88' lang='lat' dir='ltr'><strong>vel</strong></span> <span class='ocrx_word' id='word_1_63' title='bbox 484 952 676 1017; x_wconf 86' lang='lat' dir='ltr'><strong>solum,</strong></span> <span class='ocrx_word' id='word_1_64' title='bbox 705 952 791 1007; x_wconf 97' lang='lat' dir='ltr'><strong>vel</strong></span> <span class='ocrx_word' id='word_1_65' title='bbox 834 952 1068 1007; x_wconf 80' lang='lat' dir='ltr'><strong>maxime</strong></span> <span class='ocrx_word' id='word_1_66' title='bbox 1090 952 1144 1004; x_wconf 90' lang='lat' dir='ltr'><strong>in</strong></span> <span class='ocrx_word' id='word_1_67' title='bbox 1172 952 1350 1006; x_wconf 90' lang='lat' dir='ltr'><strong>anima</strong></span> <span class='ocrx_word' id='word_1_68' title='bbox 1374 946 1708 1019; x_wconf 78' lang='lat' dir='ltr'><strong>intelligitur.</strong></span> <span class='ocrx_word' id='word_1_69' title='bbox 1742 950 1942 1019; x_wconf 73' lang='grc' dir='ltr'><strong>Κόσμος</strong></span> 
     </span>
    </p>
   </div>
   <div class='ocr_carea' id='block_1_11' title="bbox 364 1044 1941 1113">
    <p class='ocr_par' dir='ltr' id='par_1_11' title="bbox 364 1044 1941 1113">
     <span class='ocr_line' id='line_1_11' title="bbox 364 1044 1941 1113; baseline -0.003 -15"><span class='ocrx_word' id='word_1_70' title='bbox 364 1045 562 1113; x_wconf 79' lang='lat' dir='ltr'><strong>quippe</strong></span> <span class='ocrx_word' id='word_1_71' title='bbox 597 1059 797 1113; x_wconf 72' lang='lat' dir='ltr'><strong>graece</strong></span> <span class='ocrx_word' id='word_1_72' title='bbox 843 1054 1058 1098; x_wconf 80' lang='lat' dir='ltr'><strong>ornatus</strong></span> <span class='ocrx_word' id='word_1_73' title='bbox 1102 1045 1317 1113; x_wconf 83' lang='lat' dir='ltr'><strong>preprie</strong></span> <span class='ocrx_word' id='word_1_74' title='bbox 1371 1044 1788 1110; x_wconf 78' lang='lat' dir='ltr'><strong>interpretatur,</strong></span> <span class='ocrx_word' id='word_1_75' title='bbox 1837 1058 1941 1097; x_wconf 91' lang='lat' dir='ltr'><strong>non</strong></span> 
     </span>
    </p>
   </div>
   <div class='ocr_carea' id='block_1_12' title="bbox 367 1136 1942 1204">
    <p class='ocr_par' dir='ltr' id='par_1_12' title="bbox 367 1136 1942 1204">
     <span class='ocr_line' id='line_1_12' title="bbox 367 1136 1942 1204; baseline -0.002 -15"><span class='ocrx_word' id='word_1_76' title='bbox 367 1136 620 1190; x_wconf 86' lang='lat' dir='ltr'><strong>mundus.</strong></span> <span class='ocrx_word' id='word_1_77' title='bbox 652 1136 721 1189; x_wconf 84' lang='lat' dir='ltr'><strong>Et</strong></span> <span class='ocrx_word' id='word_1_78' title='bbox 746 1150 884 1204; x_wconf 82' lang='lat' dir='ltr'><strong>quae</strong></span> <span class='ocrx_word' id='word_1_79' title='bbox 901 1143 1153 1190; x_wconf 85' lang='lat' dir='ltr'><strong>creatura</strong></span> <span class='ocrx_word' id='word_1_80' title='bbox 1177 1143 1287 1188; x_wconf 90' lang='lat' dir='ltr'><strong>tam</strong></span> <span class='ocrx_word' id='word_1_81' title='bbox 1308 1144 1498 1189; x_wconf 87' lang='lat' dir='ltr'><strong>ornata</strong></span> <span class='ocrx_word' id='word_1_82' title='bbox 1526 1142 1630 1196; x_wconf 87' lang='lat' dir='ltr'><strong>est,</strong></span> <span class='ocrx_word' id='word_1_83' title='bbox 1672 1148 1831 1203; x_wconf 89' lang='lat' dir='ltr'><strong>quam</strong></span> <span class='ocrx_word' id='word_1_84' title='bbox 1856 1149 1942 1196; x_wconf 91' lang='lat' dir='ltr'><strong>ea,</strong></span> 
     </span>
    </p>
   </div>
   <div class='ocr_carea' id='block_1_13' title="bbox 368 1223 1945 1295">
    <p class='ocr_par' dir='ltr' id='par_1_13' title="bbox 368 1223 1945 1295">
     <span class='ocr_line' id='line_1_13' title="bbox 368 1223 1945 1295; baseline -0.001 -16"><span class='ocrx_word' id='word_1_85' title='bbox 368 1242 508 1293; x_wconf 83' lang='lat' dir='ltr'><strong>quae</strong></span> <span class='ocrx_word' id='word_1_86' title='bbox 536 1229 603 1279; x_wconf 87' lang='lat' dir='ltr'><strong>ad</strong></span> <span class='ocrx_word' id='word_1_87' title='bbox 627 1225 913 1295; x_wconf 81' lang='lat' dir='ltr'><strong>imaginem</strong></span> <span class='ocrx_word' id='word_1_88' title='bbox 943 1224 1214 1280; x_wconf 85' lang='lat' dir='ltr'><strong>Creatoris</strong></span> <span class='ocrx_word' id='word_1_89' title='bbox 1243 1225 1493 1279; x_wconf 87' lang='lat' dir='ltr'><strong>condita?</strong></span> <span class='ocrx_word' id='word_1_90' title='bbox 1521 1224 1601 1277; x_wconf 86' lang='lat' dir='ltr'><strong>Ad</strong></span> <span class='ocrx_word' id='word_1_91' title='bbox 1632 1223 1734 1278; x_wconf 90' lang='lat' dir='ltr'><strong>hoc</strong></span> <span class='ocrx_word' id='word_1_92' title='bbox 1760 1224 1945 1292; x_wconf 85' lang='lat' dir='ltr'><strong>itaque</strong></span> 
     </span>
    </p>
   </div>
   <div class='ocr_carea' id='block_1_14' title="bbox 371 1316 1945 1385">
    <p class='ocr_par' dir='ltr' id='par_1_14' title="bbox 371 1316 1945 1385">
     <span class='ocr_line' id='line_1_14' title="bbox 371 1316 1945 1385; baseline -0.001 -17"><span class='ocrx_word' id='word_1_93' title='bbox 371 1318 563 1372; x_wconf 78' lang='lat' dir='ltr'><strong>dilexit</strong></span> <span class='ocrx_word' id='word_1_94' title='bbox 595 1317 739 1371; x_wconf 90' lang='lat' dir='ltr'><strong>Deus</strong></span> <span class='ocrx_word' id='word_1_95' title='bbox 779 1317 1051 1377; x_wconf 83' lang='lat' dir='ltr'><strong>mundum,</strong></span> <span class='ocrx_word' id='word_1_96' title='bbox 1083 1325 1139 1371; x_wconf 91' lang='lat' dir='ltr'><strong>et</strong></span> <span class='ocrx_word' id='word_1_97' title='bbox 1162 1332 1261 1385; x_wconf 91' lang='lat' dir='ltr'><strong>pro</strong></span> <span class='ocrx_word' id='word_1_98' title='bbox 1287 1333 1353 1372; x_wconf 88' lang='lat' dir='ltr'><strong>eo</strong></span> <span class='ocrx_word' id='word_1_99' title='bbox 1389 1317 1609 1371; x_wconf 88' lang='lat' dir='ltr'><strong>tradidit</strong></span> <span class='ocrx_word' id='word_1_100' title='bbox 1644 1316 1858 1381; x_wconf 84' lang='lat' dir='ltr'><strong>Filium,</strong></span> <span class='ocrx_word' id='word_1_101' title='bbox 1888 1323 1945 1368; x_wconf 89' lang='lat' dir='ltr'><strong>ut</strong></span> 
     </span>
    </p>
   </div>
   <div class='ocr_carea' id='block_1_15' title="bbox 372 1405 1942 1474">
    <p class='ocr_par' dir='ltr' id='par_1_15' title="bbox 372 1405 1942 1474">
     <span class='ocr_line' id='line_1_15' title="bbox 372 1405 1942 1474; baseline -0.001 -15"><span class='ocrx_word' id='word_1_102' title='bbox 372 1407 551 1461; x_wconf 81' lang='lat' dir='ltr'><strong>omnis</strong></span> <span class='ocrx_word' id='word_1_103' title='bbox 574 1408 799 1461; x_wconf 89' lang='lat' dir='ltr'><strong>credens</strong></span> <span class='ocrx_word' id='word_1_104' title='bbox 819 1407 871 1460; x_wconf 84' lang='lat' dir='ltr'><strong>in</strong></span> <span class='ocrx_word' id='word_1_105' title='bbox 897 1422 1019 1460; x_wconf 88' lang='lat' dir='ltr'><strong>eum</strong></span> <span class='ocrx_word' id='word_1_106' title='bbox 1050 1422 1156 1460; x_wconf 91' lang='lat' dir='ltr'><strong>non</strong></span> <span class='ocrx_word' id='word_1_107' title='bbox 1185 1416 1390 1474; x_wconf 84' lang='lat' dir='ltr'><strong>pereat,</strong></span> <span class='ocrx_word' id='word_1_108' title='bbox 1422 1408 1514 1462; x_wconf 88' lang='lat' dir='ltr'><strong>sed</strong></span> <span class='ocrx_word' id='word_1_109' title='bbox 1535 1407 1731 1461; x_wconf 86' lang='lat' dir='ltr'><strong>habeat</strong></span> <span class='ocrx_word' id='word_1_110' title='bbox 1754 1405 1942 1472; x_wconf 87' lang='lat' dir='ltr'><strong>vitam,</strong></span> 
     </span>
    </p>
   </div>
   <div class='ocr_carea' id='block_1_16' title="bbox 374 1482 1821 1564">
    <p class='ocr_par' dir='ltr' id='par_1_16' title="bbox 374 1482 1821 1564">
     <span class='ocr_line' id='line_1_16' title="bbox 374 1482 1821 1564; baseline -0.005 -14"><span class='ocrx_word' id='word_1_111' title='bbox 374 1510 483 1550; x_wconf 83' lang='lat' dir='ltr'><strong>non</strong></span> <span class='ocrx_word' id='word_1_112' title='bbox 516 1494 884 1564; x_wconf 75' lang='lat' dir='ltr'><strong>temporalem.</strong></span> <span class='ocrx_word' id='word_1_113' title='bbox 907 1494 998 1548; x_wconf 87' lang='lat' dir='ltr'><strong>sed</strong></span> <span class='ocrx_word' id='word_1_114' title='bbox 1030 1503 1325 1548; x_wconf 86' lang='lat' dir='ltr'><strong>aeternam.</strong></span> <span class='ocrx_word' id='word_1_115' title='bbox 1820 1482 1821 1485; x_wconf 45' lang='grc'><em>“</em></span> 
     </span>
    </p>
   </div>
   <div class='ocr_carea' id='block_1_17' title="bbox 448 1580 1949 1648">
    <p class='ocr_par' dir='ltr' id='par_1_17' title="bbox 448 1580 1949 1648">
     <span class='ocr_line' id='line_1_17' title="bbox 448 1580 1949 1648; baseline 0.001 -10"><span class='ocrx_word' id='word_1_116' title='bbox 448 1585 573 1638; x_wconf 79' lang='lat' dir='ltr'><strong>Non</strong></span> <span class='ocrx_word' id='word_1_117' title='bbox 583 1586 719 1638; x_wconf 82' lang='lat' dir='ltr'><strong>enim</strong></span> <span class='ocrx_word' id='word_1_118' title='bbox 740 1585 877 1638; x_wconf 86' lang='lat' dir='ltr'><strong>misit</strong></span> <span class='ocrx_word' id='word_1_119' title='bbox 906 1583 1046 1639; x_wconf 82' lang='lat' dir='ltr'><strong>Deus</strong></span> <span class='ocrx_word' id='word_1_120' title='bbox 1064 1580 1267 1637; x_wconf 81' lang='lat' dir='ltr'><strong>Filium</strong></span> <span class='ocrx_word' id='word_1_121' title='bbox 1288 1600 1439 1637; x_wconf 88' lang='lat' dir='ltr'><strong>suum</strong></span> <span class='ocrx_word' id='word_1_122' title='bbox 1460 1584 1514 1636; x_wconf 85' lang='lat' dir='ltr'><strong>in</strong></span> <span class='ocrx_word' id='word_1_123' title='bbox 1536 1584 1812 1648; x_wconf 87' lang='lat' dir='ltr'><strong>mundum,</strong></span> <span class='ocrx_word' id='word_1_124' title='bbox 1846 1585 1949 1640; x_wconf 88' lang='lat' dir='ltr'><strong>hoc</strong></span> 
     </span>
    </p>
   </div>
   <div class='ocr_carea' id='block_1_18' title="bbox 371 1673 1948 1741">
    <p class='ocr_par' dir='ltr' id='par_1_18' title="bbox 371 1673 1948 1741">
     <span class='ocr_line' id='line_1_18' title="bbox 371 1673 1948 1741; baseline 0 -14"><span class='ocrx_word' id='word_1_125' title='bbox 371 1682 475 1736; x_wconf 86' lang='lat' dir='ltr'><strong>est,</strong></span> <span class='ocrx_word' id='word_1_126' title='bbox 507 1674 560 1729; x_wconf 88' lang='lat' dir='ltr'><strong>in</strong></span> <span class='ocrx_word' id='word_1_127' title='bbox 588 1675 875 1728; x_wconf 85' lang='lat' dir='ltr'><strong>humanam</strong></span> <span class='ocrx_word' id='word_1_128' title='bbox 899 1673 1586 1741; x_wconf 84' lang='lat' dir='ltr'><strong>naturam,utjudicet,hoc</strong></span> <span class='ocrx_word' id='word_1_129' title='bbox 1598 1681 1698 1735; x_wconf 88' lang='lat' dir='ltr'><strong>est,</strong></span> <span class='ocrx_word' id='word_1_130' title='bbox 1734 1674 1948 1728; x_wconf 87' lang='lat' dir='ltr'><strong>damnet</strong></span> 
     </span>
    </p>
   </div>
   <div class='ocr_carea' id='block_1_19' title="bbox 2043 498 3623 577">
    <p class='ocr_par' dir='ltr' id='par_1_19' title="bbox 2043 498 3623 577">
     <span class='ocr_line' id='line_1_19' title="bbox 2043 498 3623 577; baseline 0.003 -21"><span class='ocrx_word' id='word_1_131' title='bbox 2043 520 2217 571; x_wconf 85' lang='lat' dir='ltr'><strong>opera.</strong></span> <span class='ocrx_word' id='word_1_132' title='bbox 2243 502 2390 570; x_wconf 86' lang='lat' dir='ltr'><strong>Quae</strong></span> <span class='ocrx_word' id='word_1_133' title='bbox 2407 498 2630 556; x_wconf 85' lang='lat' dir='ltr'><strong>suntilla</strong></span> <span class='ocrx_word' id='word_1_134' title='bbox 2655 500 2794 554; x_wconf 80' lang='lat' dir='ltr'><strong>mala</strong></span> <span class='ocrx_word' id='word_1_135' title='bbox 2811 501 3013 577; x_wconf 82' lang='lat' dir='ltr'><strong>opera?</strong></span> <span class='ocrx_word' id='word_1_136' title='bbox 3038 500 3150 555; x_wconf 87' lang='lat' dir='ltr'><strong>Non</strong></span> <span class='ocrx_word' id='word_1_137' title='bbox 3174 501 3300 565; x_wconf 89' lang='lat' dir='ltr'><strong>alia,</strong></span> <span class='ocrx_word' id='word_1_138' title='bbox 3319 502 3417 556; x_wconf 90' lang='lat' dir='ltr'><strong>nisi</strong></span> <span class='ocrx_word' id='word_1_139' title='bbox 3436 504 3623 574; x_wconf 86' lang='lat' dir='ltr'><strong>impie—</strong></span> 
     </span>
    </p>
   </div>
   <div class='ocr_carea' id='block_1_20' title="bbox 2044 589 3619 653">
    <p class='ocr_par' dir='ltr' id='par_1_20' title="bbox 2044 589 3619 653">
     <span class='ocr_line' id='line_1_20' title="bbox 2044 589 3619 653; baseline -0.001 -7"><span class='ocrx_word' id='word_1_140' title='bbox 2044 603 2123 646; x_wconf 87' lang='lat' dir='ltr'><strong>tas</strong></span> <span class='ocrx_word' id='word_1_141' title='bbox 2151 601 2204 646; x_wconf 92' lang='lat' dir='ltr'><strong>et</strong></span> <span class='ocrx_word' id='word_1_142' title='bbox 2219 590 2564 646; x_wconf 87' lang='lat' dir='ltr'><strong>incredulitas</strong></span> <span class='ocrx_word' id='word_1_143' title='bbox 2577 589 2820 643; x_wconf 91' lang='lat' dir='ltr'><strong>etodium</strong></span> <span class='ocrx_word' id='word_1_144' title='bbox 2835 599 3085 643; x_wconf 80' lang='lat' dir='ltr'><strong>aeternae</strong></span> <span class='ocrx_word' id='word_1_145' title='bbox 3099 589 3254 653; x_wconf 90' lang='lat' dir='ltr'><strong>lueis,</strong></span> <span class='ocrx_word' id='word_1_146' title='bbox 3270 598 3323 643; x_wconf 91' lang='lat' dir='ltr'><strong>et</strong></span> <span class='ocrx_word' id='word_1_147' title='bbox 3348 589 3486 643; x_wconf 87' lang='lat' dir='ltr'><strong>nolle</strong></span> <span class='ocrx_word' id='word_1_148' title='bbox 3501 606 3619 646; x_wconf 89' lang='lat' dir='ltr'><strong>eam</strong></span> 
     </span>
    </p>
   </div>
   <div class='ocr_carea' id='block_1_21' title="bbox 2043 679 3619 750">
    <p class='ocr_par' dir='ltr' id='par_1_21' title="bbox 2043 679 3619 750">
     <span class='ocr_line' id='line_1_21' title="bbox 2043 679 3619 750; baseline -0.001 -14"><span class='ocrx_word' id='word_1_149' title='bbox 2043 683 2306 750; x_wconf 86' lang='lat' dir='ltr'><strong>aspicere,</strong></span> <span class='ocrx_word' id='word_1_150' title='bbox 2323 680 2457 735; x_wconf 81' lang='lat' dir='ltr'><strong>velle</strong></span> <span class='ocrx_word' id='word_1_151' title='bbox 2483 689 2659 733; x_wconf 91' lang='lat' dir='ltr'><strong>autem</strong></span> <span class='ocrx_word' id='word_1_152' title='bbox 2677 680 2728 732; x_wconf 91' lang='lat' dir='ltr'><strong>in</strong></span> <span class='ocrx_word' id='word_1_153' title='bbox 2747 679 2980 733; x_wconf 78' lang='lat' dir='ltr'><strong>tenebris</strong></span> <span class='ocrx_word' id='word_1_154' title='bbox 3007 686 3347 747; x_wconf 76' lang='lat' dir='ltr'><strong>peccatdrum</strong></span> <span class='ocrx_word' id='word_1_155' title='bbox 3380 695 3619 735; x_wconf 88' lang='lat' dir='ltr'><strong>manere.</strong></span> 
     </span>
    </p>
   </div>
   <div class='ocr_carea' id='block_1_22' title="bbox 2115 765 3618 836">
    <p class='ocr_par' dir='ltr' id='par_1_22' title="bbox 2115 765 3618 836">
     <span class='ocr_line' id='line_1_22' title="bbox 2115 765 3618 836; baseline 0 -14"><span class='ocrx_word' id='word_1_156' title='bbox 2115 769 2297 823; x_wconf 82' lang='lat' dir='ltr'><strong>Omnis</strong></span> <span class='ocrx_word' id='word_1_157' title='bbox 2326 768 2460 822; x_wconf 88' lang='lat' dir='ltr'><strong>enim</strong></span> <span class='ocrx_word' id='word_1_158' title='bbox 2511 767 2652 820; x_wconf 89' lang='lat' dir='ltr'><strong>mala</strong></span> <span class='ocrx_word' id='word_1_159' title='bbox 2700 783 2856 836; x_wconf 82' lang='lat' dir='ltr'><strong>agens</strong></span> <span class='ocrx_word' id='word_1_160' title='bbox 2887 766 2994 818; x_wconf 90' lang='lat' dir='ltr'><strong>odit</strong></span> <span class='ocrx_word' id='word_1_161' title='bbox 3027 765 3224 828; x_wconf 86' lang='lat' dir='ltr'><strong>lucem,</strong></span> <span class='ocrx_word' id='word_1_162' title='bbox 3256 783 3347 821; x_wconf 86' lang='lat' dir='ltr'><strong>nec</strong></span> <span class='ocrx_word' id='word_1_163' title='bbox 3389 770 3520 821; x_wconf 79' lang='lat' dir='ltr'><strong>venit</strong></span> <span class='ocrx_word' id='word_1_164' title='bbox 3548 771 3618 822; x_wconf 82' lang='lat' dir='ltr'><strong>ad</strong></span> 
     </span>
    </p>
   </div>
   <div class='ocr_carea' id='block_1_23' title="bbox 2041 852 3615 923">
    <p class='ocr_par' dir='ltr' id='par_1_23' title="bbox 2041 852 3615 923">
     <span class='ocr_line' id='line_1_23' title="bbox 2041 852 3615 923; baseline 0.003 -16"><span class='ocrx_word' id='word_1_165' title='bbox 2041 856 2231 918; x_wconf 85' lang='lat' dir='ltr'><strong>lucem,</strong></span> <span class='ocrx_word' id='word_1_166' title='bbox 2278 863 2331 907; x_wconf 92' lang='lat' dir='ltr'><strong>ut</strong></span> <span class='ocrx_word' id='word_1_167' title='bbox 2375 870 2477 907; x_wconf 87' lang='lat' dir='ltr'><strong>non</strong></span> <span class='ocrx_word' id='word_1_168' title='bbox 2526 852 2910 922; x_wconf 82' lang='lat' dir='ltr'><strong>redarguantur</strong></span> <span class='ocrx_word' id='word_1_169' title='bbox 2954 868 3108 920; x_wconf 81' lang='lat' dir='ltr'><strong>Opera</strong></span> <span class='ocrx_word' id='word_1_170' title='bbox 3139 853 3274 921; x_wconf 82' lang='lat' dir='ltr'><strong>ejus.</strong></span> <span class='ocrx_word' id='word_1_171' title='bbox 3316 853 3440 910; x_wconf 87' lang='lat' dir='ltr'><strong>Ideo</strong></span> <span class='ocrx_word' id='word_1_172' title='bbox 3483 855 3615 923; x_wconf 78' lang='lat' dir='ltr'><strong>fugit</strong></span> 
     </span>
    </p>
   </div>
   <div class='ocr_carea' id='block_1_24' title="bbox 2044 942 3619 1012">
    <p class='ocr_par' dir='ltr' id='par_1_24' title="bbox 2044 942 3619 1012">
     <span class='ocr_line' id='line_1_24' title="bbox 2044 942 3619 1012; baseline 0.003 -17"><span class='ocrx_word' id='word_1_173' title='bbox 2044 943 2239 1012; x_wconf 87' lang='lat' dir='ltr'><strong>impius</strong></span> <span class='ocrx_word' id='word_1_174' title='bbox 2287 943 2459 998; x_wconf 89' lang='lat' dir='ltr'><strong>lucem</strong></span> <span class='ocrx_word' id='word_1_175' title='bbox 2501 943 2743 996; x_wconf 84' lang='lat' dir='ltr'><strong>veritatis</strong></span> <span class='ocrx_word' id='word_1_176' title='bbox 2763 983 2776 1007; x_wconf 94' lang='lat'><strong>,</strong></span> <span class='ocrx_word' id='word_1_177' title='bbox 2806 957 2873 996; x_wconf 91' lang='lat' dir='ltr'><strong>ne</strong></span> <span class='ocrx_word' id='word_1_178' title='bbox 2904 942 3150 1012; x_wconf 86' lang='lat' dir='ltr'><strong>impietas</strong></span> <span class='ocrx_word' id='word_1_179' title='bbox 3191 943 3307 1011; x_wconf 86' lang='lat' dir='ltr'><strong>ejus</strong></span> <span class='ocrx_word' id='word_1_180' title='bbox 3336 946 3619 1000; x_wconf 79' lang='lat' dir='ltr'><strong>manifesta</strong></span> 
     </span>
    </p>
   </div>
   <div class='ocr_carea' id='block_1_25' title="bbox 2044 1031 3617 1101">
    <p class='ocr_par' dir='ltr' id='par_1_25' title="bbox 2044 1031 3617 1101">
     <span class='ocr_line' id='line_1_25' title="bbox 2044 1031 3617 1101; baseline 0.001 -14"><span class='ocrx_word' id='word_1_181' title='bbox 2044 1034 2157 1097; x_wconf 90' lang='lat' dir='ltr'><strong>liat,</strong></span> <span class='ocrx_word' id='word_1_182' title='bbox 2188 1032 2241 1086; x_wconf 91' lang='lat' dir='ltr'><strong>in</strong></span> <span class='ocrx_word' id='word_1_183' title='bbox 2273 1048 2378 1100; x_wconf 91' lang='lat' dir='ltr'><strong>qua</strong></span> <span class='ocrx_word' id='word_1_184' title='bbox 2408 1032 2586 1085; x_wconf 90' lang='lat' dir='ltr'><strong>omnia</strong></span> <span class='ocrx_word' id='word_1_185' title='bbox 2618 1031 2757 1085; x_wconf 89' lang='lat' dir='ltr'><strong>mala</strong></span> <span class='ocrx_word' id='word_1_186' title='bbox 2789 1047 2949 1101; x_wconf 85' lang='lat' dir='ltr'><strong>opera</strong></span> <span class='ocrx_word' id='word_1_187' title='bbox 2977 1033 3342 1087; x_wconf 89' lang='lat' dir='ltr'><strong>continentur.</strong></span> <span class='ocrx_word' id='word_1_188' title='bbox 3374 1033 3443 1088; x_wconf 88' lang='lat' dir='ltr'><strong>Ut</strong></span> <span class='ocrx_word' id='word_1_189' title='bbox 3472 1035 3617 1088; x_wconf 89' lang='lat' dir='ltr'><strong>enim</strong></span> 
     </span>
    </p>
   </div>
   <div class='ocr_carea' id='block_1_26' title="bbox 2044 1122 3615 1195">
    <p class='ocr_par' dir='ltr' id='par_1_26' title="bbox 2044 1122 3615 1195">
     <span class='ocr_line' id='line_1_26' title="bbox 2044 1122 3615 1195; baseline 0.001 -17"><span class='ocrx_word' id='word_1_190' title='bbox 2044 1127 2214 1195; x_wconf 89' lang='lat' dir='ltr'><strong>pietas</strong></span> <span class='ocrx_word' id='word_1_191' title='bbox 2225 1122 2370 1179; x_wconf 78' lang='lat' dir='ltr'><strong>nullo</strong></span> <span class='ocrx_word' id='word_1_192' title='bbox 2392 1123 2532 1177; x_wconf 91' lang='lat' dir='ltr'><strong>bono</strong></span> <span class='ocrx_word' id='word_1_193' title='bbox 2547 1139 2708 1193; x_wconf 89' lang='lat' dir='ltr'><strong>opere</strong></span> <span class='ocrx_word' id='word_1_194' title='bbox 2725 1131 2890 1193; x_wconf 81' lang='lat' dir='ltr'><strong>caret,</strong></span> <span class='ocrx_word' id='word_1_195' title='bbox 2920 1122 2991 1177; x_wconf 92' lang='lat' dir='ltr'><strong>ita</strong></span> <span class='ocrx_word' id='word_1_196' title='bbox 3015 1124 3262 1194; x_wconf 79' lang='lat' dir='ltr'><strong>impietas</strong></span> <span class='ocrx_word' id='word_1_197' title='bbox 3282 1125 3424 1180; x_wconf 90' lang='lat' dir='ltr'><strong>nullo</strong></span> <span class='ocrx_word' id='word_1_198' title='bbox 3453 1127 3615 1181; x_wconf 87' lang='lat' dir='ltr'><strong>malo.</strong></span> 
     </span>
    </p>
   </div>
   <div class='ocr_carea' id='block_1_27' title="bbox 2118 1211 3614 1280">
    <p class='ocr_par' dir='ltr' id='par_1_27' title="bbox 2118 1211 3614 1280">
     <span class='ocr_line' id='line_1_27' title="bbox 2118 1211 3614 1280; baseline 0.001 -14"><span class='ocrx_word' id='word_1_199' title='bbox 2118 1213 2222 1278; x_wconf 86' lang='lat' dir='ltr'><strong>Qui</strong></span> <span class='ocrx_word' id='word_1_200' title='bbox 2250 1223 2422 1266; x_wconf 88' lang='lat' dir='ltr'><strong>autem</strong></span> <span class='ocrx_word' id='word_1_201' title='bbox 2464 1211 2590 1280; x_wconf 77' lang='lat' dir='ltr'><strong>facit</strong></span> <span class='ocrx_word' id='word_1_202' title='bbox 2630 1212 2913 1275; x_wconf 81' lang='lat' dir='ltr'><strong>veritatem,</strong></span> <span class='ocrx_word' id='word_1_203' title='bbox 2943 1212 3075 1265; x_wconf 73' lang='lat' dir='ltr'><strong>venit</strong></span> <span class='ocrx_word' id='word_1_204' title='bbox 3105 1213 3173 1265; x_wconf 90' lang='lat' dir='ltr'><strong>ad</strong></span> <span class='ocrx_word' id='word_1_205' title='bbox 3203 1212 3389 1277; x_wconf 84' lang='lat' dir='ltr'><strong>lucem,</strong></span> <span class='ocrx_word' id='word_1_206' title='bbox 3419 1224 3474 1267; x_wconf 89' lang='lat' dir='ltr'><strong>ut</strong></span> <span class='ocrx_word' id='word_1_207' title='bbox 3497 1232 3614 1269; x_wconf 51' lang='lat' dir='ltr'><strong>ma.</strong></span> 
     </span>
    </p>
   </div>
   <div class='ocr_carea' id='block_1_28' title="bbox 2046 1302 3617 1373">
    <p class='ocr_par' dir='ltr' id='par_1_28' title="bbox 2046 1302 3617 1373">
     <span class='ocr_line' id='line_1_28' title="bbox 2046 1302 3617 1373; baseline 0.003 -18"><span class='ocrx_word' id='word_1_208' title='bbox 2046 1303 2355 1372; x_wconf 66' lang='lat' dir='ltr'><strong>nifcst‘entur</strong></span> <span class='ocrx_word' id='word_1_209' title='bbox 2386 1319 2492 1355; x_wconf 66' lang='lat' dir='ltr'><strong>«sua</strong></span> <span class='ocrx_word' id='word_1_210' title='bbox 2534 1319 2710 1371; x_wconf 85' lang='lat' dir='ltr'><strong>opera,</strong></span> <span class='ocrx_word' id='word_1_211' title='bbox 2737 1302 2859 1371; x_wconf 84' lang='lat' dir='ltr'><strong>quia</strong></span> <span class='ocrx_word' id='word_1_212' title='bbox 2890 1302 2943 1356; x_wconf 84' lang='lat' dir='ltr'><strong>in</strong></span> <span class='ocrx_word' id='word_1_213' title='bbox 2987 1302 3090 1356; x_wconf 90' lang='lat' dir='ltr'><strong>Deo</strong></span> <span class='ocrx_word' id='word_1_214' title='bbox 3117 1313 3237 1356; x_wconf 86' lang='lat' dir='ltr'><strong>sunt</strong></span> <span class='ocrx_word' id='word_1_215' title='bbox 3283 1303 3442 1372; x_wconf 74' lang='lat' dir='ltr'><strong>facta.</strong></span> <span class='ocrx_word' id='word_1_216' title='bbox 3486 1306 3617 1373; x_wconf 77' lang='lat' dir='ltr'><strong>Quis</strong></span> 
     </span>
    </p>
   </div>
   <div class='ocr_carea' id='block_1_29' title="bbox 2045 1389 3613 1461">
    <p class='ocr_par' dir='ltr' id='par_1_29' title="bbox 2045 1389 3613 1461">
     <span class='ocr_line' id='line_1_29' title="bbox 2045 1389 3613 1461; baseline 0.002 -16"><span class='ocrx_word' id='word_1_217' title='bbox 2045 1391 2250 1459; x_wconf 90' lang='lat' dir='ltr'><strong>estqui</strong></span> <span class='ocrx_word' id='word_1_218' title='bbox 2290 1389 2418 1443; x_wconf 75' lang='lat' dir='ltr'><strong>facit</strong></span> <span class='ocrx_word' id='word_1_219' title='bbox 2445 1389 2748 1451; x_wconf 88' lang='lat' dir='ltr'><strong>veritatem,</strong></span> <span class='ocrx_word' id='word_1_220' title='bbox 2792 1390 2895 1444; x_wconf 89' lang='lat' dir='ltr'><strong>hoc</strong></span> <span class='ocrx_word' id='word_1_221' title='bbox 2936 1398 3039 1454; x_wconf 89' lang='lat' dir='ltr'><strong>est,</strong></span> <span class='ocrx_word' id='word_1_222' title='bbox 3077 1391 3197 1460; x_wconf 85' lang='lat' dir='ltr'><strong>quis</strong></span> <span class='ocrx_word' id='word_1_223' title='bbox 3241 1394 3439 1461; x_wconf 89' lang='lat' dir='ltr'><strong>estqui</strong></span> <span class='ocrx_word' id='word_1_224' title='bbox 3470 1394 3613 1448; x_wconf 90' lang='lat' dir='ltr'><strong>bona</strong></span> 
     </span>
    </p>
   </div>
   <div class='ocr_carea' id='block_1_30' title="bbox 2046 1478 3609 1550">
    <p class='ocr_par' dir='ltr' id='par_1_30' title="bbox 2046 1478 3609 1550">
     <span class='ocr_line' id='line_1_30' title="bbox 2046 1478 3609 1550; baseline 0.002 -17"><span class='ocrx_word' id='word_1_225' title='bbox 2046 1494 2230 1548; x_wconf 87' lang='lat' dir='ltr'><strong>opera,</strong></span> <span class='ocrx_word' id='word_1_226' title='bbox 2257 1493 2393 1546; x_wconf 85' lang='lat' dir='ltr'><strong>quae</strong></span> <span class='ocrx_word' id='word_1_227' title='bbox 2413 1478 2567 1546; x_wconf 84' lang='lat' dir='ltr'><strong>jubet</strong></span> <span class='ocrx_word' id='word_1_228' title='bbox 2592 1479 2811 1541; x_wconf 85' lang='lat' dir='ltr'><strong>veritas,</strong></span> <span class='ocrx_word' id='word_1_229' title='bbox 2850 1479 3079 1548; x_wconf 87' lang='lat' dir='ltr'><strong>perlicit,</strong></span> <span class='ocrx_word' id='word_1_230' title='bbox 3109 1481 3211 1534; x_wconf 84' lang='lat' dir='ltr'><strong>nisi</strong></span> <span class='ocrx_word' id='word_1_231' title='bbox 3240 1481 3332 1550; x_wconf 87' lang='lat' dir='ltr'><strong>qui</strong></span> <span class='ocrx_word' id='word_1_232' title='bbox 3358 1482 3530 1535; x_wconf 87' lang='lat' dir='ltr'><strong>credit</strong></span> <span class='ocrx_word' id='word_1_233' title='bbox 3556 1483 3609 1536; x_wconf 89' lang='lat' dir='ltr'><strong>in</strong></span> 
     </span>
    </p>
   </div>
   <div class='ocr_carea' id='block_1_31' title="bbox 2047 1566 3613 1636">
    <p class='ocr_par' dir='ltr' id='par_1_31' title="bbox 2047 1566 3613 1636">
     <span class='ocr_line' id='line_1_31' title="bbox 2047 1566 3613 1636; baseline 0.002 -15"><span class='ocrx_word' id='word_1_234' title='bbox 2047 1566 2362 1621; x_wconf 85' lang='lat' dir='ltr'><strong>Christum?</strong></span> <span class='ocrx_word' id='word_1_235' title='bbox 2391 1567 2455 1620; x_wconf 84' lang='lat' dir='ltr'><strong>Et</strong></span> <span class='ocrx_word' id='word_1_236' title='bbox 2484 1567 2604 1636; x_wconf 87' lang='lat' dir='ltr'><strong>quis</strong></span> <span class='ocrx_word' id='word_1_237' title='bbox 2629 1576 2728 1629; x_wconf 87' lang='lat' dir='ltr'><strong>est,</strong></span> <span class='ocrx_word' id='word_1_238' title='bbox 2760 1568 2851 1636; x_wconf 87' lang='lat' dir='ltr'><strong>qui</strong></span> <span class='ocrx_word' id='word_1_239' title='bbox 2895 1569 3041 1622; x_wconf 90' lang='lat' dir='ltr'><strong>venit</strong></span> <span class='ocrx_word' id='word_1_240' title='bbox 3078 1570 3145 1623; x_wconf 90' lang='lat' dir='ltr'><strong>ad</strong></span> <span class='ocrx_word' id='word_1_241' title='bbox 3169 1570 3363 1633; x_wconf 88' lang='lat' dir='ltr'><strong>lucem,</strong></span> <span class='ocrx_word' id='word_1_242' title='bbox 3396 1570 3496 1624; x_wconf 88' lang='lat' dir='ltr'><strong>hoc</strong></span> <span class='ocrx_word' id='word_1_243' title='bbox 3530 1580 3613 1624; x_wconf 85' lang='lat' dir='ltr'><strong>est</strong></span> 
     </span>
    </p>
   </div>
   <div class='ocr_carea' id='block_1_32' title="bbox 2048 1655 3617 1727">
    <p class='ocr_par' dir='ltr' id='par_1_32' title="bbox 2048 1655 3617 1727">
     <span class='ocr_line' id='line_1_32' title="bbox 2048 1655 3617 1727; baseline 0.004 -17"><span class='ocrx_word' id='word_1_244' title='bbox 2048 1656 2117 1711; x_wconf 88' lang='lat' dir='ltr'><strong>ad</strong></span> <span class='ocrx_word' id='word_1_245' title='bbox 2158 1655 2429 1711; x_wconf 83' lang='lat' dir='ltr'><strong>Christum</strong></span> <span class='ocrx_word' id='word_1_246' title='bbox 2470 1665 2524 1712; x_wconf 85' lang='lat' dir='ltr'><strong>et</strong></span> <span class='ocrx_word' id='word_1_247' title='bbox 2568 1657 2866 1711; x_wconf 87' lang='lat' dir='ltr'><strong>doctrinam</strong></span> <span class='ocrx_word' id='word_1_248' title='bbox 2911 1660 3059 1727; x_wconf 88' lang='lat' dir='ltr'><strong>ejus,</strong></span> <span class='ocrx_word' id='word_1_249' title='bbox 3111 1668 3169 1713; x_wconf 91' lang='lat' dir='ltr'><strong>ut</strong></span> <span class='ocrx_word' id='word_1_250' title='bbox 3204 1659 3617 1716; x_wconf 78' lang='lat' dir='ltr'><strong>manifestentur</strong></span> 
     </span>
    </p>
   </div>
   <div class='ocr_carea' id='block_1_33' title="bbox 369 1742 3613 1835">
    <p class='ocr_par' dir='ltr' id='par_1_33' title="bbox 369 1742 3613 1835">
     <span class='ocr_line' id='line_1_33' title="bbox 369 1742 3613 1835; baseline -0.003 -15"><span class='ocrx_word' id='word_1_251' title='bbox 369 1774 588 1835; x_wconf 78' lang='lat' dir='ltr'><strong>propter</strong></span> <span class='ocrx_word' id='word_1_252' title='bbox 605 1779 761 1820; x_wconf 89' lang='lat' dir='ltr'><strong>suum</strong></span> <span class='ocrx_word' id='word_1_253' title='bbox 786 1764 1663 1834; x_wconf 82' lang='lat' dir='ltr'><strong>peccatum,mundum,homincm</strong></span> <span class='ocrx_word' id='word_1_254' title='bbox 1682 1763 1945 1828; x_wconf 85' lang='lat' dir='ltr'><strong>videlicet,</strong></span> <span class='ocrx_word' id='word_1_255' title='bbox 1976 1742 2023 1802; x_wconf 79' lang='grc' dir='ltr'>Β</span> <span class='ocrx_word' id='word_1_256' title='bbox 2049 1760 2212 1815; x_wconf 67' lang='lat' dir='ltr'><strong>Opem</strong></span> <span class='ocrx_word' id='word_1_257' title='bbox 2244 1761 2339 1800; x_wconf 70' lang='lat' dir='ltr'><strong>sua</strong></span> <span class='ocrx_word' id='word_1_258' title='bbox 2369 1746 2529 1835; x_wconf 50' lang='lat' dir='ltr'><strong>b093,</strong></span> <span class='ocrx_word' id='word_1_259' title='bbox 2561 1745 2685 1814; x_wconf 68' lang='grc' dir='ltr'><strong>(Ιυίτι</strong></span> <span class='ocrx_word' id='word_1_260' title='bbox 2733 1746 2785 1798; x_wconf 72' lang='lat' dir='ltr'><strong>in</strong></span> <span class='ocrx_word' id='word_1_261' title='bbox 2824 1746 2935 1800; x_wconf 67' lang='lat' dir='ltr'><strong>D30</strong></span> <span class='ocrx_word' id='word_1_262' title='bbox 2959 1754 3083 1800; x_wconf 66' lang='lat' dir='ltr'><strong>sum</strong></span> <span class='ocrx_word' id='word_1_263' title='bbox 3114 1745 3276 1809; x_wconf 56' lang='lat' dir='ltr'><strong>fama:</strong></span> <span class='ocrx_word' id='word_1_264' title='bbox 3326 1747 3431 1801; x_wconf 74' lang='grc' dir='ltr'><strong>ηῖεί</strong></span> <span class='ocrx_word' id='word_1_265' title='bbox 3478 1748 3613 1816; x_wconf 67' lang='lat' dir='ltr'><strong>ipse.</strong></span> 
     </span>
    </p>
   </div>
   <div class='ocr_carea' id='block_1_34' title="bbox 367 1852 1944 1920">
    <p class='ocr_par' dir='ltr' id='par_1_34' title="bbox 367 1852 1944 1920">
     <span class='ocr_line' id='line_1_34' title="bbox 367 1852 1944 1920; baseline -0.002 -11"><span class='ocrx_word' id='word_1_266' title='bbox 367 1856 457 1909; x_wconf 80' lang='lat' dir='ltr'><strong>sed</strong></span> <span class='ocrx_word' id='word_1_267' title='bbox 485 1864 540 1909; x_wconf 87' lang='lat' dir='ltr'><strong>ut</strong></span> <span class='ocrx_word' id='word_1_268' title='bbox 566 1854 792 1909; x_wconf 74' lang='lat' dir='ltr'><strong>salvetur</strong></span> <span class='ocrx_word' id='word_1_269' title='bbox 829 1854 1057 1907; x_wconf 84' lang='lat' dir='ltr'><strong>mundus</strong></span> <span class='ocrx_word' id='word_1_270' title='bbox 1095 1854 1362 1907; x_wconf 86' lang='lat' dir='ltr'><strong>humanae</strong></span> <span class='ocrx_word' id='word_1_271' title='bbox 1391 1861 1615 1906; x_wconf 89' lang='lat' dir='ltr'><strong>naturae</strong></span> <span class='ocrx_word' id='word_1_272' title='bbox 1645 1869 1738 1920; x_wconf 88' lang='lat' dir='ltr'><strong>per</strong></span> <span class='ocrx_word' id='word_1_273' title='bbox 1756 1852 1944 1917; x_wconf 86' lang='lat' dir='ltr'><strong>ipsum.</strong></span> 
     </span>
    </p>
   </div>
   <div class='ocr_carea' id='block_1_35' title="bbox 441 1939 1948 2011">
    <p class='ocr_par' dir='ltr' id='par_1_35' title="bbox 441 1939 1948 2011">
     <span class='ocr_line' id='line_1_35' title="bbox 441 1939 1948 2011; baseline -0.002 -14"><span class='ocrx_word' id='word_1_274' title='bbox 441 1943 542 2009; x_wconf 82' lang='lat' dir='ltr'><strong>Qui</strong></span> <span class='ocrx_word' id='word_1_275' title='bbox 573 1943 736 1997; x_wconf 83' lang='lat' dir='ltr'><strong>credit</strong></span> <span class='ocrx_word' id='word_1_276' title='bbox 768 1959 870 1996; x_wconf 88' lang='lat' dir='ltr'><strong>non</strong></span> <span class='ocrx_word' id='word_1_277' title='bbox 890 1942 1186 2010; x_wconf 82' lang='lat' dir='ltr'><strong>judicatur,</strong></span> <span class='ocrx_word' id='word_1_278' title='bbox 1207 1943 1297 2011; x_wconf 97' lang='lat' dir='ltr'><strong>qui</strong></span> <span class='ocrx_word' id='word_1_279' title='bbox 1323 1951 1496 1995; x_wconf 87' lang='lat' dir='ltr'><strong>autem</strong></span> <span class='ocrx_word' id='word_1_280' title='bbox 1527 1957 1632 1995; x_wconf 88' lang='lat' dir='ltr'><strong>non</strong></span> <span class='ocrx_word' id='word_1_281' title='bbox 1657 1942 1817 1995; x_wconf 84' lang='lat' dir='ltr'><strong>credit</strong></span> <span class='ocrx_word' id='word_1_282' title='bbox 1832 1939 1948 2010; x_wconf 86' lang='lat' dir='ltr'><strong>jam</strong></span> 
     </span>
    </p>
   </div>
   <div class='ocr_carea' id='block_1_36' title="bbox 364 2029 1947 2102">
    <p class='ocr_par' dir='ltr' id='par_1_36' title="bbox 364 2029 1947 2102">
     <span class='ocr_line' id='line_1_36' title="bbox 364 2029 1947 2102; baseline -0.001 -15"><span class='ocrx_word' id='word_1_283' title='bbox 364 2034 630 2102; x_wconf 76' lang='lat' dir='ltr'><strong>judicatus</strong></span> <span class='ocrx_word' id='word_1_284' title='bbox 654 2042 749 2087; x_wconf 85' lang='lat' dir='ltr'><strong>est.</strong></span> <span class='ocrx_word' id='word_1_285' title='bbox 781 2032 880 2098; x_wconf 87' lang='lat' dir='ltr'><strong>Qui</strong></span> <span class='ocrx_word' id='word_1_286' title='bbox 909 2040 1087 2086; x_wconf 90' lang='lat' dir='ltr'><strong>autem</strong></span> <span class='ocrx_word' id='word_1_287' title='bbox 1123 2032 1296 2086; x_wconf 86' lang='lat' dir='ltr'><strong>credit</strong></span> <span class='ocrx_word' id='word_1_288' title='bbox 1345 2031 1397 2085; x_wconf 89' lang='lat' dir='ltr'><strong>in</strong></span> <span class='ocrx_word' id='word_1_289' title='bbox 1443 2029 1638 2086; x_wconf 89' lang='lat' dir='ltr'><strong>Filium</strong></span> <span class='ocrx_word' id='word_1_290' title='bbox 1671 2031 1787 2095; x_wconf 89' lang='lat' dir='ltr'><strong>Dei,</strong></span> <span class='ocrx_word' id='word_1_291' title='bbox 1838 2047 1947 2088; x_wconf 91' lang='lat' dir='ltr'><strong>non</strong></span> 
     </span>
    </p>
   </div>
   <div class='ocr_carea' id='block_1_37' title="bbox 367 2122 1945 2192">
    <p class='ocr_par' dir='ltr' id='par_1_37' title="bbox 367 2122 1945 2192">
     <span class='ocr_line' id='line_1_37' title="bbox 367 2122 1945 2192; baseline -0.001 -15"><span class='ocrx_word' id='word_1_292' title='bbox 367 2123 658 2190; x_wconf 75' lang='lat' dir='ltr'><strong>iudicatur,</strong></span> <span class='ocrx_word' id='word_1_293' title='bbox 695 2124 945 2192; x_wconf 85' lang='lat' dir='ltr'><strong>quoniam</strong></span> <span class='ocrx_word' id='word_1_294' title='bbox 996 2122 1343 2177; x_wconf 90' lang='lat' dir='ltr'><strong>dimittuntur</strong></span> <span class='ocrx_word' id='word_1_295' title='bbox 1386 2122 1434 2176; x_wconf 91' lang='lat' dir='ltr'><strong>ei</strong></span> <span class='ocrx_word' id='word_1_296' title='bbox 1481 2124 1660 2177; x_wconf 90' lang='lat' dir='ltr'><strong>omnia</strong></span> <span class='ocrx_word' id='word_1_297' title='bbox 1702 2132 1945 2190; x_wconf 90' lang='lat' dir='ltr'><strong>peccata,</strong></span> 
     </span>
    </p>
   </div>
   <div class='ocr_carea' id='block_1_38' title="bbox 375 2210 1950 2280">
    <p class='ocr_par' dir='ltr' id='par_1_38' title="bbox 375 2210 1950 2280">
     <span class='ocr_line' id='line_1_38' title="bbox 375 2210 1950 2280; baseline -0.001 -13"><span class='ocrx_word' id='word_1_298' title='bbox 375 2228 473 2280; x_wconf 83' lang='lat' dir='ltr'><strong>pro</strong></span> <span class='ocrx_word' id='word_1_299' title='bbox 499 2210 1052 2279; x_wconf 81' lang='lat' dir='ltr'><strong>quibusjudicaretur.</strong></span> <span class='ocrx_word' id='word_1_300' title='bbox 1083 2210 1185 2277; x_wconf 91' lang='lat' dir='ltr'><strong>Qui</strong></span> <span class='ocrx_word' id='word_1_301' title='bbox 1211 2226 1319 2266; x_wconf 89' lang='lat' dir='ltr'><strong>non</strong></span> <span class='ocrx_word' id='word_1_302' title='bbox 1366 2210 1560 2275; x_wconf 88' lang='lat' dir='ltr'><strong>credit,</strong></span> <span class='ocrx_word' id='word_1_303' title='bbox 1606 2210 1814 2264; x_wconf 81' lang='lat' dir='ltr'><strong>linitqu</strong></span> <span class='ocrx_word' id='word_1_304' title='bbox 1865 2219 1950 2265; x_wconf 88' lang='lat' dir='ltr'><strong>est</strong></span> 
     </span>
    </p>
   </div>
   <div class='ocr_carea' id='block_1_39' title="bbox 380 2299 1948 2368">
    <p class='ocr_par' dir='ltr' id='par_1_39' title="bbox 380 2299 1948 2368">
     <span class='ocr_line' id='line_1_39' title="bbox 380 2299 1948 2368; baseline 0.001 -17"><span class='ocrx_word' id='word_1_305' title='bbox 380 2300 447 2353; x_wconf 87' lang='lat' dir='ltr'><strong>de</strong></span> <span class='ocrx_word' id='word_1_306' title='bbox 471 2299 826 2368; x_wconf 79' lang='lat' dir='ltr'><strong>eoiudicium,</strong></span> <span class='ocrx_word' id='word_1_307' title='bbox 855 2300 978 2367; x_wconf 85' lang='lat' dir='ltr'><strong>quia</strong></span> <span class='ocrx_word' id='word_1_308' title='bbox 1012 2315 1116 2354; x_wconf 92' lang='lat' dir='ltr'><strong>non</strong></span> <span class='ocrx_word' id='word_1_309' title='bbox 1154 2301 1355 2363; x_wconf 86' lang='lat' dir='ltr'><strong>credit;</strong></span> <span class='ocrx_word' id='word_1_310' title='bbox 1405 2315 1470 2355; x_wconf 91' lang='lat' dir='ltr'><strong>ac</strong></span> <span class='ocrx_word' id='word_1_311' title='bbox 1511 2315 1607 2367; x_wconf 90' lang='lat' dir='ltr'><strong>per</strong></span> <span class='ocrx_word' id='word_1_312' title='bbox 1652 2301 1752 2354; x_wconf 90' lang='lat' dir='ltr'><strong>hoc</strong></span> <span class='ocrx_word' id='word_1_313' title='bbox 1782 2300 1948 2355; x_wconf 83' lang='lat' dir='ltr'><strong>habet</strong></span> 
     </span>
    </p>
   </div>
   <div class='ocr_carea' id='block_1_40' title="bbox 381 2388 1943 2459">
    <p class='ocr_par' dir='ltr' id='par_1_40' title="bbox 381 2388 1943 2459">
     <span class='ocr_line' id='line_1_40' title="bbox 381 2388 1943 2459; baseline 0 -15"><span class='ocrx_word' id='word_1_314' title='bbox 381 2398 626 2459; x_wconf 82' lang='lat' dir='ltr'><strong>peccata,</strong></span> <span class='ocrx_word' id='word_1_315' title='bbox 649 2404 748 2457; x_wconf 89' lang='lat' dir='ltr'><strong>pro</strong></span> <span class='ocrx_word' id='word_1_316' title='bbox 767 2388 956 2458; x_wconf 89' lang='lat' dir='ltr'><strong>quibus</strong></span> <span class='ocrx_word' id='word_1_317' title='bbox 972 2388 1256 2457; x_wconf 77' lang='lat' dir='ltr'><strong>iudicatur,</strong></span> <span class='ocrx_word' id='word_1_318' title='bbox 1286 2390 1535 2458; x_wconf 86' lang='lat' dir='ltr'><strong>quoniam</strong></span> <span class='ocrx_word' id='word_1_319' title='bbox 1558 2404 1732 2459; x_wconf 89' lang='lat' dir='ltr'><strong>neque</strong></span> <span class='ocrx_word' id='word_1_320' title='bbox 1753 2391 1943 2455; x_wconf 88' lang='lat' dir='ltr'><strong>credit,</strong></span> 
     </span>
    </p>
   </div>
   <div class='ocr_carea' id='block_1_41' title="bbox 379 2475 1945 2544">
    <p class='ocr_par' dir='ltr' id='par_1_41' title="bbox 379 2475 1945 2544">
     <span class='ocr_line' id='line_1_41' title="bbox 379 2475 1945 2544; baseline 0 -14"><span class='ocrx_word' id='word_1_321' title='bbox 379 2489 555 2544; x_wconf 87' lang='lat' dir='ltr'><strong>neque</strong></span> <span class='ocrx_word' id='word_1_322' title='bbox 579 2475 849 2529; x_wconf 86' lang='lat' dir='ltr'><strong>dimittere</strong></span> <span class='ocrx_word' id='word_1_323' title='bbox 876 2475 923 2528; x_wconf 91' lang='lat' dir='ltr'><strong>ei</strong></span> <span class='ocrx_word' id='word_1_324' title='bbox 956 2490 1049 2528; x_wconf 83' lang='lat' dir='ltr'><strong>sua</strong></span> <span class='ocrx_word' id='word_1_325' title='bbox 1079 2485 1296 2543; x_wconf 88' lang='lat' dir='ltr'><strong>peccata</strong></span> <span class='ocrx_word' id='word_1_326' title='bbox 1325 2476 1455 2528; x_wconf 87' lang='lat' dir='ltr'><strong>vult.</strong></span> <span class='ocrx_word' id='word_1_327' title='bbox 1483 2475 1584 2530; x_wconf 85' lang='lat' dir='ltr'><strong>Ubi</strong></span> <span class='ocrx_word' id='word_1_328' title='bbox 1628 2478 1945 2542; x_wconf 88' lang='lat' dir='ltr'><strong>notandum,</strong></span> 
     </span>
    </p>
   </div>
   <div class='ocr_carea' id='block_1_42' title="bbox 376 2563 1942 2635">
    <p class='ocr_par' dir='ltr' id='par_1_42' title="bbox 376 2563 1942 2635">
     <span class='ocr_line' id='line_1_42' title="bbox 376 2563 1942 2635; baseline 0.002 -18"><span class='ocrx_word' id='word_1_329' title='bbox 376 2565 521 2633; x_wconf 91' lang='lat' dir='ltr'><strong>quod</strong></span> <span class='ocrx_word' id='word_1_330' title='bbox 547 2563 914 2633; x_wconf 84' lang='lat' dir='ltr'><strong>unusquisque</strong></span> <span class='ocrx_word' id='word_1_331' title='bbox 934 2579 994 2617; x_wconf 89' lang='lat' dir='ltr'><strong>se</strong></span> <span class='ocrx_word' id='word_1_332' title='bbox 1020 2564 1191 2633; x_wconf 86' lang='lat' dir='ltr'><strong>ipsum</strong></span> <span class='ocrx_word' id='word_1_333' title='bbox 1211 2563 1417 2632; x_wconf 89' lang='lat' dir='ltr'><strong>judicat</strong></span> <span class='ocrx_word' id='word_1_334' title='bbox 1448 2564 1531 2619; x_wconf 86' lang='lat' dir='ltr'><strong>vel</strong></span> <span class='ocrx_word' id='word_1_335' title='bbox 1579 2581 1684 2618; x_wconf 89' lang='lat' dir='ltr'><strong>non</strong></span> <span class='ocrx_word' id='word_1_336' title='bbox 1719 2566 1942 2635; x_wconf 84' lang='lat' dir='ltr'><strong>judicat.</strong></span> 
     </span>
    </p>
   </div>
   <div class='ocr_carea' id='block_1_43' title="bbox 373 2652 1950 2723">
    <p class='ocr_par' dir='ltr' id='par_1_43' title="bbox 373 2652 1950 2723">
     <span class='ocr_line' id='line_1_43' title="bbox 373 2652 1950 2723; baseline 0.003 -15"><span class='ocrx_word' id='word_1_337' title='bbox 373 2653 493 2709; x_wconf 83' lang='lat' dir='ltr'><strong>Non</strong></span> <span class='ocrx_word' id='word_1_338' title='bbox 508 2654 717 2723; x_wconf 85' lang='lat' dir='ltr'><strong>judicat</strong></span> <span class='ocrx_word' id='word_1_339' title='bbox 752 2667 811 2706; x_wconf 88' lang='lat' dir='ltr'><strong>se</strong></span> <span class='ocrx_word' id='word_1_340' title='bbox 832 2652 1026 2720; x_wconf 83' lang='lat' dir='ltr'><strong>ipsum,</strong></span> <span class='ocrx_word' id='word_1_341' title='bbox 1049 2654 1140 2722; x_wconf 90' lang='lat' dir='ltr'><strong>qui</strong></span> <span class='ocrx_word' id='word_1_342' title='bbox 1171 2654 1479 2708; x_wconf 83' lang='lat' dir='ltr'><strong>considerat</strong></span> <span class='ocrx_word' id='word_1_343' title='bbox 1518 2656 1734 2710; x_wconf 83' lang='lat' dir='ltr'><strong>dimissa</strong></span> <span class='ocrx_word' id='word_1_344' title='bbox 1779 2657 1827 2711; x_wconf 90' lang='lat' dir='ltr'><strong>ei</strong></span> <span class='ocrx_word' id='word_1_345' title='bbox 1866 2658 1950 2712; x_wconf 88' lang='lat' dir='ltr'><strong>de-</strong></span> 
     </span>
    </p>
   </div>
   <div class='ocr_carea' id='block_1_44' title="bbox 372 2741 1946 2813">
    <p class='ocr_par' dir='ltr' id='par_1_44' title="bbox 372 2741 1946 2813">
     <span class='ocr_line' id='line_1_44' title="bbox 372 2741 1946 2813; baseline 0.004 -19"><span class='ocrx_word' id='word_1_346' title='bbox 372 2742 520 2808; x_wconf 84' lang='lat' dir='ltr'><strong>licta,</strong></span> <span class='ocrx_word' id='word_1_347' title='bbox 546 2751 730 2797; x_wconf 91' lang='lat' dir='ltr'><strong>etnon</strong></span> <span class='ocrx_word' id='word_1_348' title='bbox 758 2741 809 2794; x_wconf 93' lang='lat' dir='ltr'><strong>in</strong></span> <span class='ocrx_word' id='word_1_349' title='bbox 834 2756 903 2796; x_wconf 90' lang='lat' dir='ltr'><strong>eo</strong></span> <span class='ocrx_word' id='word_1_350' title='bbox 930 2749 1130 2806; x_wconf 90' lang='lat' dir='ltr'><strong>manet,</strong></span> <span class='ocrx_word' id='word_1_351' title='bbox 1167 2742 1308 2811; x_wconf 90' lang='lat' dir='ltr'><strong>quod</strong></span> <span class='ocrx_word' id='word_1_352' title='bbox 1321 2741 1619 2810; x_wconf 88' lang='lat' dir='ltr'><strong>judicetur;</strong></span> <span class='ocrx_word' id='word_1_353' title='bbox 1650 2745 1737 2813; x_wconf 89' lang='lat' dir='ltr'><strong>qui</strong></span> <span class='ocrx_word' id='word_1_354' title='bbox 1769 2753 1946 2799; x_wconf 87' lang='lat' dir='ltr'><strong>autem</strong></span> 
     </span>
    </p>
   </div>
   <div class='ocr_carea' id='block_1_45' title="bbox 372 2831 1948 2901">
    <p class='ocr_par' dir='ltr' id='par_1_45' title="bbox 372 2831 1948 2901">
     <span class='ocr_line' id='line_1_45' title="bbox 372 2831 1948 2901; baseline 0.001 -14"><span class='ocrx_word' id='word_1_355' title='bbox 372 2848 477 2887; x_wconf 87' lang='lat' dir='ltr'><strong>non</strong></span> <span class='ocrx_word' id='word_1_356' title='bbox 510 2832 704 2894; x_wconf 89' lang='lat' dir='ltr'><strong>credit,</strong></span> <span class='ocrx_word' id='word_1_357' title='bbox 756 2832 870 2901; x_wconf 89' lang='lat' dir='ltr'><strong>ipse</strong></span> <span class='ocrx_word' id='word_1_358' title='bbox 897 2846 955 2886; x_wconf 87' lang='lat' dir='ltr'><strong>se</strong></span> <span class='ocrx_word' id='word_1_359' title='bbox 998 2831 1229 2898; x_wconf 75' lang='lat' dir='ltr'><strong>iudicat,</strong></span> <span class='ocrx_word' id='word_1_360' title='bbox 1273 2832 1541 2899; x_wconf 89' lang='lat' dir='ltr'><strong>quoniam</strong></span> <span class='ocrx_word' id='word_1_361' title='bbox 1573 2832 1625 2886; x_wconf 93' lang='lat' dir='ltr'><strong>iu</strong></span> <span class='ocrx_word' id='word_1_362' title='bbox 1660 2846 1717 2886; x_wconf 90' lang='lat' dir='ltr'><strong>se</strong></span> <span class='ocrx_word' id='word_1_363' title='bbox 1747 2834 1948 2889; x_wconf 88' lang='lat' dir='ltr'><strong>detinet</strong></span> 
     </span>
    </p>
   </div>
   <div class='ocr_carea' id='block_1_46' title="bbox 374 2919 1947 2991">
    <p class='ocr_par' dir='ltr' id='par_1_46' title="bbox 374 2919 1947 2991">
     <span class='ocr_line' id='line_1_46' title="bbox 374 2919 1947 2991; baseline 0.001 -17"><span class='ocrx_word' id='word_1_364' title='bbox 374 2920 531 2991; x_wconf 74' lang='lat' dir='ltr'><strong>digna</strong></span> <span class='ocrx_word' id='word_1_365' title='bbox 573 2919 795 2987; x_wconf 84' lang='lat' dir='ltr'><strong>judicio.</strong></span> <span class='ocrx_word' id='word_1_366' title='bbox 835 2920 956 2973; x_wconf 77' lang='lat' dir='ltr'><strong>1am</strong></span> <span class='ocrx_word' id='word_1_367' title='bbox 978 2920 1254 2990; x_wconf 80' lang='lat' dir='ltr'><strong>judicatus</strong></span> <span class='ocrx_word' id='word_1_368' title='bbox 1282 2929 1377 2973; x_wconf 82' lang='lat' dir='ltr'><strong>est.</strong></span> <span class='ocrx_word' id='word_1_369' title='bbox 1417 2920 1537 2974; x_wconf 79' lang='lat' dir='ltr'><strong>1am</strong></span> <span class='ocrx_word' id='word_1_370' title='bbox 1570 2920 1717 2982; x_wconf 83' lang='lat' dir='ltr'><strong>dixit,</strong></span> <span class='ocrx_word' id='word_1_371' title='bbox 1773 2920 1947 2977; x_wconf 88' lang='lat' dir='ltr'><strong>adhuc</strong></span> 
     </span>
    </p>
   </div>
   <div class='ocr_carea' id='block_1_47' title="bbox 374 3008 1945 3080">
    <p class='ocr_par' dir='ltr' id='par_1_47' title="bbox 374 3008 1945 3080">
     <span class='ocr_line' id='line_1_47' title="bbox 374 3008 1945 3080; baseline 0 -16"><span class='ocrx_word' id='word_1_372' title='bbox 374 3011 429 3064; x_wconf 89' lang='lat' dir='ltr'><strong>in</strong></span> <span class='ocrx_word' id='word_1_373' title='bbox 458 3011 729 3080; x_wconf 85' lang='lat' dir='ltr'><strong>praesenti</strong></span> <span class='ocrx_word' id='word_1_374' title='bbox 759 3018 1012 3077; x_wconf 88' lang='lat' dir='ltr'><strong>tempore.</strong></span> <span class='ocrx_word' id='word_1_375' title='bbox 1047 3008 1303 3076; x_wconf 85' lang='lat' dir='ltr'><strong>Quamvis</strong></span> <span class='ocrx_word' id='word_1_376' title='bbox 1326 3009 1466 3063; x_wconf 87' lang='lat' dir='ltr'><strong>enim</strong></span> <span class='ocrx_word' id='word_1_377' title='bbox 1506 3009 1789 3078; x_wconf 83' lang='lat' dir='ltr'><strong>judicium,</strong></span> <span class='ocrx_word' id='word_1_378' title='bbox 1836 3025 1945 3079; x_wconf 92' lang='lat' dir='ltr'><strong>quo</strong></span> 
     </span>
    </p>
   </div>
   <div class='ocr_carea' id='block_1_48' title="bbox 2051 1834 3683 1906">
    <p class='ocr_par' dir='ltr' id='par_1_48' title="bbox 2051 1834 3683 1906">
     <span class='ocr_line' id='line_1_48' title="bbox 2051 1834 3683 1906; baseline 0 -18"><span class='ocrx_word' id='word_1_379' title='bbox 2051 1836 2140 1906; x_wconf 91' lang='lat' dir='ltr'><strong>qui</strong></span> <span class='ocrx_word' id='word_1_380' title='bbox 2173 1835 2343 1890; x_wconf 89' lang='lat' dir='ltr'><strong>credit</strong></span> <span class='ocrx_word' id='word_1_381' title='bbox 2366 1836 2418 1888; x_wconf 92' lang='lat' dir='ltr'><strong>in</strong></span> <span class='ocrx_word' id='word_1_382' title='bbox 2443 1834 2737 1898; x_wconf 88' lang='lat' dir='ltr'><strong>Christum,</strong></span> <span class='ocrx_word' id='word_1_383' title='bbox 2773 1842 2826 1888; x_wconf 91' lang='lat' dir='ltr'><strong>et</strong></span> <span class='ocrx_word' id='word_1_384' title='bbox 2880 1836 3127 1888; x_wconf 88' lang='lat' dir='ltr'><strong>mandata</strong></span> <span class='ocrx_word' id='word_1_385' title='bbox 3181 1837 3298 1905; x_wconf 86' lang='lat' dir='ltr'><strong>ejus</strong></span> <span class='ocrx_word' id='word_1_386' title='bbox 3353 1836 3619 1890; x_wconf 83' lang='lat' dir='ltr'><strong>custodit?</strong></span> <span class='ocrx_word' id='word_1_387' title='bbox 3680 1840 3683 1843; x_wconf 61' lang='lat'><em>‘</em></span> 
     </span>
    </p>
   </div>
   <div class='ocr_carea' id='block_1_49' title="bbox 2125 1923 3617 1994">
    <p class='ocr_par' dir='ltr' id='par_1_49' title="bbox 2125 1923 3617 1994">
     <span class='ocr_line' id='line_1_49' title="bbox 2125 1923 3617 1994; baseline 0.001 -19"><span class='ocrx_word' id='word_1_388' title='bbox 2125 1923 2247 1978; x_wconf 86' lang='lat' dir='ltr'><strong>Post</strong></span> <span class='ocrx_word' id='word_1_389' title='bbox 2278 1925 2402 1978; x_wconf 85' lang='lat' dir='ltr'><strong>haec</strong></span> <span class='ocrx_word' id='word_1_390' title='bbox 2427 1926 2557 1977; x_wconf 82' lang='lat' dir='ltr'><strong>venit</strong></span> <span class='ocrx_word' id='word_1_391' title='bbox 2585 1924 2738 1978; x_wconf 85' lang='lat' dir='ltr'><strong>Jesus</strong></span> <span class='ocrx_word' id='word_1_392' title='bbox 2781 1933 2828 1977; x_wconf 89' lang='lat' dir='ltr'><strong>et</strong></span> <span class='ocrx_word' id='word_1_393' title='bbox 2868 1924 3109 1994; x_wconf 80' lang='lat' dir='ltr'><strong>discipuli</strong></span> <span class='ocrx_word' id='word_1_394' title='bbox 3135 1924 3248 1993; x_wconf 85' lang='lat' dir='ltr'><strong>ejus</strong></span> <span class='ocrx_word' id='word_1_395' title='bbox 3276 1926 3330 1977; x_wconf 86' lang='lat' dir='ltr'><strong>in</strong></span> <span class='ocrx_word' id='word_1_396' title='bbox 3355 1925 3617 1978; x_wconf 75' lang='lat' dir='ltr'><strong>Judaeum</strong></span> 
     </span>
    </p>
   </div>
   <div class='ocr_carea' id='block_1_50' title="bbox 2048 2010 3618 2081">
    <p class='ocr_par' dir='ltr' id='par_1_50' title="bbox 2048 2010 3618 2081">
     <span class='ocr_line' id='line_1_50' title="bbox 2048 2010 3618 2081; baseline 0.001 -15"><span class='ocrx_word' id='word_1_397' title='bbox 2048 2022 2264 2076; x_wconf 89' lang='lat' dir='ltr'><strong>terram,</strong></span> <span class='ocrx_word' id='word_1_398' title='bbox 2295 2020 2349 2065; x_wconf 91' lang='lat' dir='ltr'><strong>et</strong></span> <span class='ocrx_word' id='word_1_399' title='bbox 2370 2010 2594 2081; x_wconf 89' lang='lat' dir='ltr'><strong>reliqua.</strong></span> <span class='ocrx_word' id='word_1_400' title='bbox 2630 2010 2741 2066; x_wconf 89' lang='lat' dir='ltr'><strong>Non</strong></span> <span class='ocrx_word' id='word_1_401' title='bbox 2784 2021 2867 2067; x_wconf 92' lang='lat' dir='ltr'><strong>est</strong></span> <span class='ocrx_word' id='word_1_402' title='bbox 2893 2013 3331 2078; x_wconf 73' lang='lat' dir='ltr'><strong>existimandum,</strong></span> <span class='ocrx_word' id='word_1_403' title='bbox 3362 2013 3618 2069; x_wconf 90' lang='lat' dir='ltr'><strong>continuo</strong></span> 
     </span>
    </p>
   </div>
   <div class='ocr_carea' id='block_1_51' title="bbox 2049 2100 3621 2173">
    <p class='ocr_par' dir='ltr' id='par_1_51' title="bbox 2049 2100 3621 2173">
     <span class='ocr_line' id='line_1_51' title="bbox 2049 2100 3621 2173; baseline -0.001 -16"><span class='ocrx_word' id='word_1_404' title='bbox 2049 2111 2173 2173; x_wconf 88' lang='lat' dir='ltr'><strong>post</strong></span> <span class='ocrx_word' id='word_1_405' title='bbox 2214 2103 2633 2171; x_wconf 85' lang='lat' dir='ltr'><strong>disputationem</strong></span> <span class='ocrx_word' id='word_1_406' title='bbox 2665 2117 2785 2156; x_wconf 92' lang='lat' dir='ltr'><strong>cum</strong></span> <span class='ocrx_word' id='word_1_407' title='bbox 2830 2101 3156 2167; x_wconf 88' lang='lat' dir='ltr'><strong>Nicodemo,</strong></span> <span class='ocrx_word' id='word_1_408' title='bbox 3183 2115 3321 2171; x_wconf 91' lang='lat' dir='ltr'><strong>quae</strong></span> <span class='ocrx_word' id='word_1_409' title='bbox 3370 2100 3507 2155; x_wconf 85' lang='lat' dir='ltr'><strong>facta</strong></span> <span class='ocrx_word' id='word_1_410' title='bbox 3535 2110 3621 2157; x_wconf 87' lang='lat' dir='ltr'><strong>est</strong></span> 
     </span>
    </p>
   </div>
   <div class='ocr_carea' id='block_1_52' title="bbox 2050 2189 3619 2262">
    <p class='ocr_par' dir='ltr' id='par_1_52' title="bbox 2050 2189 3619 2262">
     <span class='ocr_line' id='line_1_52' title="bbox 2050 2189 3619 2262; baseline 0.001 -18"><span class='ocrx_word' id='word_1_411' title='bbox 2050 2191 2103 2244; x_wconf 92' lang='lat' dir='ltr'><strong>in</strong></span> <span class='ocrx_word' id='word_1_412' title='bbox 2127 2189 2491 2262; x_wconf 83' lang='lat' dir='ltr'><strong>Jerosolymis,</strong></span> <span class='ocrx_word' id='word_1_413' title='bbox 2526 2192 2738 2246; x_wconf 87' lang='lat' dir='ltr'><strong>venisse</strong></span> <span class='ocrx_word' id='word_1_414' title='bbox 2783 2190 2966 2246; x_wconf 80' lang='lat' dir='ltr'><strong>Jesum</strong></span> <span class='ocrx_word' id='word_1_415' title='bbox 2998 2200 3052 2246; x_wconf 89' lang='lat' dir='ltr'><strong>et</strong></span> <span class='ocrx_word' id='word_1_416' title='bbox 3074 2192 3366 2262; x_wconf 86' lang='lat' dir='ltr'><strong>discipulos</strong></span> <span class='ocrx_word' id='word_1_417' title='bbox 3403 2192 3520 2262; x_wconf 88' lang='lat' dir='ltr'><strong>ejus</strong></span> <span class='ocrx_word' id='word_1_418' title='bbox 3563 2192 3619 2246; x_wconf 91' lang='lat' dir='ltr'><strong>in</strong></span> 
     </span>
    </p>
   </div>
   <div class='ocr_carea' id='block_1_53' title="bbox 2048 2283 3621 2354">
    <p class='ocr_par' dir='ltr' id='par_1_53' title="bbox 2048 2283 3621 2354">
     <span class='ocr_line' id='line_1_53' title="bbox 2048 2283 3621 2354; baseline 0 -16"><span class='ocrx_word' id='word_1_419' title='bbox 2048 2283 2306 2338; x_wconf 77' lang='lat' dir='ltr'><strong>Iudaeam</strong></span> <span class='ocrx_word' id='word_1_420' title='bbox 2350 2293 2575 2346; x_wconf 87' lang='lat' dir='ltr'><strong>terram,</strong></span> <span class='ocrx_word' id='word_1_421' title='bbox 2624 2284 2714 2338; x_wconf 88' lang='lat' dir='ltr'><strong>sed</strong></span> <span class='ocrx_word' id='word_1_422' title='bbox 2758 2293 2976 2353; x_wconf 89' lang='lat' dir='ltr'><strong>peracto</strong></span> <span class='ocrx_word' id='word_1_423' title='bbox 3026 2285 3199 2353; x_wconf 87' lang='lat' dir='ltr'><strong>spatio</strong></span> <span class='ocrx_word' id='word_1_424' title='bbox 3250 2285 3506 2354; x_wconf 87' lang='lat' dir='ltr'><strong>temporis</strong></span> <span class='ocrx_word' id='word_1_425' title='bbox 3553 2284 3621 2338; x_wconf 91' lang='lat' dir='ltr'><strong>de</strong></span> 
     </span>
    </p>
   </div>
   <div class='ocr_carea' id='block_1_54' title="bbox 2049 2371 3620 2429">
    <p class='ocr_par' dir='ltr' id='par_1_54' title="bbox 2049 2371 3620 2429">
     <span class='ocr_line' id='line_1_54' title="bbox 2049 2371 3620 2429; baseline 0.001 -2"><span class='ocrx_word' id='word_1_426' title='bbox 2049 2371 2281 2427; x_wconf 84' lang='lat' dir='ltr'><strong>Galilaea</strong></span> <span class='ocrx_word' id='word_1_427' title='bbox 2327 2372 2377 2425; x_wconf 88' lang='lat' dir='ltr'><strong>in</strong></span> <span class='ocrx_word' id='word_1_428' title='bbox 2413 2372 2669 2426; x_wconf 75' lang='lat' dir='ltr'><strong>Iudaeam</strong></span> <span class='ocrx_word' id='word_1_429' title='bbox 2721 2373 2966 2428; x_wconf 88' lang='lat' dir='ltr'><strong>rediisse.</strong></span> <span class='ocrx_word' id='word_1_430' title='bbox 3009 2372 3194 2429; x_wconf 83' lang='lat' dir='ltr'><strong>Morali</strong></span> <span class='ocrx_word' id='word_1_431' title='bbox 3224 2387 3383 2428; x_wconf 87' lang='lat' dir='ltr'><strong>sensu</strong></span> <span class='ocrx_word' id='word_1_432' title='bbox 3418 2371 3620 2428; x_wconf 83' lang='lat' dir='ltr'><strong>Judaea</strong></span> 
     </span>
    </p>
   </div>
   <div class='ocr_carea' id='block_1_55' title="bbox 2051 2460 3622 2533">
    <p class='ocr_par' dir='ltr' id='par_1_55' title="bbox 2051 2460 3622 2533">
     <span class='ocr_line' id='line_1_55' title="bbox 2051 2460 3622 2533; baseline 0.001 -17"><span class='ocrx_word' id='word_1_433' title='bbox 2051 2474 2191 2518; x_wconf 78' lang='lat' dir='ltr'><strong>terra</strong></span> <span class='ocrx_word' id='word_1_434' title='bbox 2226 2472 2305 2518; x_wconf 90' lang='lat' dir='ltr'><strong>est</strong></span> <span class='ocrx_word' id='word_1_435' title='bbox 2333 2479 2428 2517; x_wconf 91' lang='lat' dir='ltr'><strong>cor</strong></span> <span class='ocrx_word' id='word_1_436' title='bbox 2453 2463 2704 2517; x_wconf 82' lang='lat' dir='ltr'><strong>ﬁdelium.</strong></span> <span class='ocrx_word' id='word_1_437' title='bbox 2731 2460 2931 2518; x_wconf 82' lang='lat' dir='ltr'><strong>Judaea</strong></span> <span class='ocrx_word' id='word_1_438' title='bbox 2956 2466 3150 2533; x_wconf 86' lang='lat' dir='ltr'><strong>quippe</strong></span> <span class='ocrx_word' id='word_1_439' title='bbox 3174 2463 3428 2533; x_wconf 78' lang='lat' dir='ltr'><strong>confessio</strong></span> <span class='ocrx_word' id='word_1_440' title='bbox 3457 2462 3622 2517; x_wconf 85' lang='lat' dir='ltr'><strong>inter-</strong></span> 
     </span>
    </p>
   </div>
   <div class='ocr_carea' id='block_1_56' title="bbox 2048 2552 3623 2624">
    <p class='ocr_par' dir='ltr' id='par_1_56' title="bbox 2048 2552 3623 2624">
     <span class='ocr_line' id='line_1_56' title="bbox 2048 2552 3623 2624; baseline 0.002 -18"><span class='ocrx_word' id='word_1_441' title='bbox 2048 2562 2354 2624; x_wconf 63' lang='lat' dir='ltr'><strong>pretatura.</strong></span> <span class='ocrx_word' id='word_1_442' title='bbox 2380 2552 2659 2607; x_wconf 74' lang='lat' dir='ltr'><strong>Confessio</strong></span> <span class='ocrx_word' id='word_1_443' title='bbox 2680 2561 2857 2606; x_wconf 88' lang='lat' dir='ltr'><strong>autem</strong></span> <span class='ocrx_word' id='word_1_444' title='bbox 2880 2554 3071 2622; x_wconf 78' lang='lat' dir='ltr'><strong>duplex</strong></span> <span class='ocrx_word' id='word_1_445' title='bbox 3089 2562 3188 2609; x_wconf 87' lang='lat' dir='ltr'><strong>est.</strong></span> <span class='ocrx_word' id='word_1_446' title='bbox 3211 2554 3307 2609; x_wconf 89' lang='lat' dir='ltr'><strong>Est</strong></span> <span class='ocrx_word' id='word_1_447' title='bbox 3325 2555 3469 2609; x_wconf 87' lang='lat' dir='ltr'><strong>enim</strong></span> <span class='ocrx_word' id='word_1_448' title='bbox 3493 2570 3623 2609; x_wconf 88' lang='lat' dir='ltr'><strong>eon-</strong></span> 
     </span>
    </p>
   </div>
   <div class='ocr_carea' id='block_1_57' title="bbox 2049 2643 3622 2714">
    <p class='ocr_par' dir='ltr' id='par_1_57' title="bbox 2049 2643 3622 2714">
     <span class='ocr_line' id='line_1_57' title="bbox 2049 2643 3622 2714; baseline -0.001 -17"><span class='ocrx_word' id='word_1_449' title='bbox 2049 2643 2209 2698; x_wconf 80' lang='lat' dir='ltr'><strong>fessio</strong></span> <span class='ocrx_word' id='word_1_450' title='bbox 2237 2651 2576 2714; x_wconf 77' lang='lat' dir='ltr'><strong>peccatorum</strong></span> <span class='ocrx_word' id='word_1_451' title='bbox 2598 2684 2612 2708; x_wconf 90' lang='lat'><strong>,</strong></span> <span class='ocrx_word' id='word_1_452' title='bbox 2656 2652 2739 2698; x_wconf 91' lang='lat' dir='ltr'><strong>est</strong></span> <span class='ocrx_word' id='word_1_453' title='bbox 2773 2651 2826 2696; x_wconf 90' lang='lat' dir='ltr'><strong>et</strong></span> <span class='ocrx_word' id='word_1_454' title='bbox 2864 2644 3133 2698; x_wconf 78' lang='lat' dir='ltr'><strong>confessio</strong></span> <span class='ocrx_word' id='word_1_455' title='bbox 3160 2645 3462 2699; x_wconf 89' lang='lat' dir='ltr'><strong>divinarum</strong></span> <span class='ocrx_word' id='word_1_456' title='bbox 3508 2644 3622 2696; x_wconf 90' lang='lat' dir='ltr'><strong>lau-</strong></span> 
     </span>
    </p>
   </div>
   <div class='ocr_carea' id='block_1_58' title="bbox 2048 2731 3678 2802">
    <p class='ocr_par' dir='ltr' id='par_1_58' title="bbox 2048 2731 3678 2802">
     <span class='ocr_line' id='line_1_58' title="bbox 2048 2731 3678 2802; baseline -0.001 -15"><span class='ocrx_word' id='word_1_457' title='bbox 2048 2734 2194 2787; x_wconf 90' lang='lat' dir='ltr'><strong>dum.</strong></span> <span class='ocrx_word' id='word_1_458' title='bbox 2230 2734 2285 2786; x_wconf 89' lang='lat' dir='ltr'><strong>ln</strong></span> <span class='ocrx_word' id='word_1_459' title='bbox 2309 2746 2625 2802; x_wconf 89' lang='lat' dir='ltr'><strong>quocunque</strong></span> <span class='ocrx_word' id='word_1_460' title='bbox 2653 2746 2782 2799; x_wconf 84' lang='lat' dir='ltr'><strong>ergo</strong></span> <span class='ocrx_word' id='word_1_461' title='bbox 2808 2733 2969 2786; x_wconf 89' lang='lat' dir='ltr'><strong>corde</strong></span> <span class='ocrx_word' id='word_1_462' title='bbox 2999 2732 3191 2800; x_wconf 81' lang='lat' dir='ltr'><strong>duplex</strong></span> <span class='ocrx_word' id='word_1_463' title='bbox 3241 2731 3329 2784; x_wconf 87' lang='lat' dir='ltr'><strong>illa</strong></span> <span class='ocrx_word' id='word_1_464' title='bbox 3357 2732 3623 2786; x_wconf 80' lang='lat' dir='ltr'><strong>confessio</strong></span> <span class='ocrx_word' id='word_1_465' title='bbox 3667 2764 3678 2775; x_wconf 71' lang='grc' dir='ltr'><em>ι</em></span> 
     </span>
    </p>
   </div>
   <div class='ocr_carea' id='block_1_59' title="bbox 2051 2820 3621 2893">
    <p class='ocr_par' dir='ltr' id='par_1_59' title="bbox 2051 2820 3621 2893">
     <span class='ocr_line' id='line_1_59' title="bbox 2051 2820 3621 2893; baseline -0.002 -17"><span class='ocrx_word' id='word_1_466' title='bbox 2051 2822 2231 2888; x_wconf 79' lang='lat' dir='ltr'><strong>fuerit,</strong></span> <span class='ocrx_word' id='word_1_467' title='bbox 2263 2831 2317 2879; x_wconf 91' lang='lat' dir='ltr'><strong>et</strong></span> <span class='ocrx_word' id='word_1_468' title='bbox 2340 2832 2683 2893; x_wconf 87' lang='lat' dir='ltr'><strong>peccatorum</strong></span> <span class='ocrx_word' id='word_1_469' title='bbox 2713 2822 2961 2875; x_wconf 87' lang='lat' dir='ltr'><strong>videlicet</strong></span> <span class='ocrx_word' id='word_1_470' title='bbox 2985 2821 3353 2875; x_wconf 85' lang='lat' dir='ltr'><strong>etdivinarum</strong></span> <span class='ocrx_word' id='word_1_471' title='bbox 3381 2820 3621 2883; x_wconf 81' lang='lat' dir='ltr'><strong>laudum,</strong></span> 
     </span>
    </p>
   </div>
   <div class='ocr_carea' id='block_1_60' title="bbox 2050 2909 3621 2979">
    <p class='ocr_par' dir='ltr' id='par_1_60' title="bbox 2050 2909 3621 2979">
     <span class='ocr_line' id='line_1_60' title="bbox 2050 2909 3621 2979; baseline -0.003 -13"><span class='ocrx_word' id='word_1_472' title='bbox 2050 2913 2174 2968; x_wconf 88' lang='lat' dir='ltr'><strong>illuc</strong></span> <span class='ocrx_word' id='word_1_473' title='bbox 2201 2913 2347 2966; x_wconf 90' lang='lat' dir='ltr'><strong>venit</strong></span> <span class='ocrx_word' id='word_1_474' title='bbox 2371 2911 2527 2966; x_wconf 75' lang='lat' dir='ltr'><strong>Iesus</strong></span> <span class='ocrx_word' id='word_1_475' title='bbox 2554 2920 2607 2966; x_wconf 92' lang='lat' dir='ltr'><strong>et</strong></span> <span class='ocrx_word' id='word_1_476' title='bbox 2648 2910 2889 2979; x_wconf 88' lang='lat' dir='ltr'><strong>discipuli</strong></span> <span class='ocrx_word' id='word_1_477' title='bbox 2922 2910 3067 2979; x_wconf 87' lang='lat' dir='ltr'><strong>ejus,</strong></span> <span class='ocrx_word' id='word_1_478' title='bbox 3118 2910 3220 2964; x_wconf 88' lang='lat' dir='ltr'><strong>hoc</strong></span> <span class='ocrx_word' id='word_1_479' title='bbox 3265 2916 3346 2964; x_wconf 85' lang='lat' dir='ltr'><strong>est</strong></span> <span class='ocrx_word' id='word_1_480' title='bbox 3378 2909 3621 2962; x_wconf 84' lang='lat' dir='ltr'><strong>doctrina</strong></span> 
     </span>
    </p>
   </div>
   <div class='ocr_carea' id='block_1_61' title="bbox 2046 3001 3623 3070">
    <p class='ocr_par' dir='ltr' id='par_1_61' title="bbox 2046 3001 3623 3070">
     <span class='ocr_line' id='line_1_61' title="bbox 2046 3001 3623 3070; baseline 0 -17"><span class='ocrx_word' id='word_1_481' title='bbox 2046 3002 2162 3070; x_wconf 76' lang='lat' dir='ltr'><strong>ejus</strong></span> <span class='ocrx_word' id='word_1_482' title='bbox 2201 3012 2257 3057; x_wconf 90' lang='lat' dir='ltr'><strong>et</strong></span> <span class='ocrx_word' id='word_1_483' title='bbox 2301 3001 2653 3067; x_wconf 88' lang='lat' dir='ltr'><strong>illuminatio,</strong></span> <span class='ocrx_word' id='word_1_484' title='bbox 2705 3001 2885 3070; x_wconf 84' lang='lat' dir='ltr'><strong>ibique</strong></span> <span class='ocrx_word' id='word_1_485' title='bbox 2943 3001 3322 3055; x_wconf 88' lang='lat' dir='ltr'><strong>demorabatur</strong></span> <span class='ocrx_word' id='word_1_486' title='bbox 3344 3009 3399 3055; x_wconf 91' lang='lat' dir='ltr'><strong>et</strong></span> <span class='ocrx_word' id='word_1_487' title='bbox 3431 3010 3623 3070; x_wconf 79' lang='lat' dir='ltr'><strong>purgat</strong></span> 
     </span>
    </p>
   </div>
   <div class='ocr_carea' id='block_1_62' title="bbox 372 3067 3614 3169">
    <p class='ocr_par' dir='ltr' id='par_1_62' title="bbox 372 3067 3614 3169">
     <span class='ocr_line' id='line_1_62' title="bbox 372 3067 3614 3169; baseline -0.002 -18"><span class='ocrx_word' id='word_1_488' title='bbox 372 3116 436 3155; x_wconf 83' lang='lat' dir='ltr'><strong>se</strong></span> <span class='ocrx_word' id='word_1_489' title='bbox 447 3067 657 3168; x_wconf 63' lang='lat' dir='ltr'><strong>iudicat</strong></span> <span class='ocrx_word' id='word_1_490' title='bbox 681 3067 1090 3160; x_wconf 48' lang='lat' dir='ltr'><strong>damna-udum,~</strong></span> <span class='ocrx_word' id='word_1_491' title='bbox 1107 3098 1373 3151; x_wconf 88' lang='lat' dir='ltr'><strong>occultum</strong></span> <span class='ocrx_word' id='word_1_492' title='bbox 1423 3067 1713 3152; x_wconf 49' lang='lat' dir='ltr'><strong>sit-adhuc</strong></span> <span class='ocrx_word' id='word_1_493' title='bbox 1762 3067 1813 3151; x_wconf 84' lang='lat' dir='ltr'><strong>in</strong></span> <span class='ocrx_word' id='word_1_494' title='bbox 1840 3067 1943 3154; x_wconf 77' lang='lat' dir='ltr'><strong>hac</strong></span> <span class='ocrx_word' id='word_1_495' title='bbox 1972 3067 2015 3125; x_wconf 60' lang='grc' dir='ltr'>ε</span> <span class='ocrx_word' id='word_1_496' title='bbox 2049 3067 2173 3146; x_wconf 79' lang='lat' dir='ltr'><strong>illud</strong></span> <span class='ocrx_word' id='word_1_497' title='bbox 2198 3094 2263 3147; x_wconf 85' lang='lat' dir='ltr'><strong>ab</strong></span> <span class='ocrx_word' id='word_1_498' title='bbox 2301 3093 2549 3147; x_wconf 88' lang='lat' dir='ltr'><strong>omnibus</strong></span> <span class='ocrx_word' id='word_1_499' title='bbox 2581 3067 2814 3147; x_wconf 55' lang='lat' dir='ltr'><strong>delictis:</strong></span> <span class='ocrx_word' id='word_1_500' title='bbox 2838 3091 2902 3145; x_wconf 84' lang='lat' dir='ltr'><strong>Et</strong></span> <span class='ocrx_word' id='word_1_501' title='bbox 2928 3092 3029 3145; x_wconf 80' lang='lat' dir='ltr'><strong>hoc</strong></span> <span class='ocrx_word' id='word_1_502' title='bbox 3055 3100 3134 3169; x_wconf 82' lang='lat' dir='ltr'><strong>est</strong></span> <span class='ocrx_word' id='word_1_503' title='bbox 3166 3090 3310 3161; x_wconf 90' lang='lat' dir='ltr'><strong>quod</strong></span> <span class='ocrx_word' id='word_1_504' title='bbox 3333 3067 3614 3160; x_wconf 74' lang='lat' dir='ltr'><strong>sequitur:</strong></span> 
     </span>
    </p>
   </div>
   <div class='ocr_carea' id='block_1_63' title="bbox 370 3186 1944 3257">
    <p class='ocr_par' dir='ltr' id='par_1_63' title="bbox 370 3186 1944 3257">
     <span class='ocr_line' id='line_1_63' title="bbox 370 3186 1944 3257; baseline -0.002 -13"><span class='ocrx_word' id='word_1_505' title='bbox 370 3190 502 3252; x_wconf 82' lang='lat' dir='ltr'><strong>vita,</strong></span> <span class='ocrx_word' id='word_1_506' title='bbox 532 3189 587 3243; x_wconf 91' lang='lat' dir='ltr'><strong>in</strong></span> <span class='ocrx_word' id='word_1_507' title='bbox 630 3187 810 3242; x_wconf 79' lang='lat' dir='ltr'><strong>futura</strong></span> <span class='ocrx_word' id='word_1_508' title='bbox 835 3196 1011 3241; x_wconf 86' lang='lat' dir='ltr'><strong>tamen</strong></span> <span class='ocrx_word' id='word_1_509' title='bbox 1040 3186 1488 3241; x_wconf 74' lang='lat' dir='ltr'><strong>manifestabitur.</strong></span> <span class='ocrx_word' id='word_1_510' title='bbox 1516 3187 1694 3253; x_wconf 88' lang='lat' dir='ltr'><strong>Quare</strong></span> <span class='ocrx_word' id='word_1_511' title='bbox 1722 3187 1831 3256; x_wconf 86' lang='lat' dir='ltr'><strong>jam</strong></span> <span class='ocrx_word' id='word_1_512' title='bbox 1855 3186 1944 3257; x_wconf 85' lang='lat' dir='ltr'><strong>ju-</strong></span> 
     </span>
    </p>
   </div>
   <div class='ocr_carea' id='block_1_64' title="bbox 369 3277 1944 3349">
    <p class='ocr_par' dir='ltr' id='par_1_64' title="bbox 369 3277 1944 3349">
     <span class='ocr_line' id='line_1_64' title="bbox 369 3277 1944 3349; baseline -0.001 -15"><span class='ocrx_word' id='word_1_513' title='bbox 369 3280 579 3334; x_wconf 79' lang='lat' dir='ltr'><strong>dicatus</strong></span> <span class='ocrx_word' id='word_1_514' title='bbox 601 3279 723 3341; x_wconf 69' lang='lat' dir='ltr'><strong>est?</strong></span> <span class='ocrx_word' id='word_1_515' title='bbox 748 3277 882 3345; x_wconf 91' lang='lat' dir='ltr'><strong>Quia</strong></span> <span class='ocrx_word' id='word_1_516' title='bbox 913 3294 1016 3332; x_wconf 90' lang='lat' dir='ltr'><strong>non</strong></span> <span class='ocrx_word' id='word_1_517' title='bbox 1044 3278 1214 3333; x_wconf 87' lang='lat' dir='ltr'><strong>credit</strong></span> <span class='ocrx_word' id='word_1_518' title='bbox 1254 3278 1306 3332; x_wconf 91' lang='lat' dir='ltr'><strong>in</strong></span> <span class='ocrx_word' id='word_1_519' title='bbox 1342 3294 1534 3333; x_wconf 89' lang='lat' dir='ltr'><strong>nomen</strong></span> <span class='ocrx_word' id='word_1_520' title='bbox 1566 3277 1823 3349; x_wconf 81' lang='lat' dir='ltr'><strong>unigeniti</strong></span> <span class='ocrx_word' id='word_1_521' title='bbox 1856 3278 1944 3333; x_wconf 88' lang='lat' dir='ltr'><strong>Fi-</strong></span> 
     </span>
    </p>
   </div>
   <div class='ocr_carea' id='block_1_65' title="bbox 367 3365 1942 3436">
    <p class='ocr_par' dir='ltr' id='par_1_65' title="bbox 367 3365 1942 3436">
     <span class='ocr_line' id='line_1_65' title="bbox 367 3365 1942 3436; baseline 0.002 -16"><span class='ocrx_word' id='word_1_522' title='bbox 367 3368 421 3422; x_wconf 92' lang='lat' dir='ltr'><strong>lii</strong></span> <span class='ocrx_word' id='word_1_523' title='bbox 455 3367 568 3421; x_wconf 88' lang='lat' dir='ltr'><strong>Dei.</strong></span> <span class='ocrx_word' id='word_1_524' title='bbox 597 3366 740 3421; x_wconf 88' lang='lat' dir='ltr'><strong>Nihil</strong></span> <span class='ocrx_word' id='word_1_525' title='bbox 771 3366 912 3421; x_wconf 89' lang='lat' dir='ltr'><strong>aliud</strong></span> <span class='ocrx_word' id='word_1_526' title='bbox 941 3375 1021 3421; x_wconf 85' lang='lat' dir='ltr'><strong>est</strong></span> <span class='ocrx_word' id='word_1_527' title='bbox 1043 3381 1173 3436; x_wconf 80' lang='lat' dir='ltr'><strong>ergo</strong></span> <span class='ocrx_word' id='word_1_528' title='bbox 1207 3365 1491 3434; x_wconf 86' lang='lat' dir='ltr'><strong>judicium,</strong></span> <span class='ocrx_word' id='word_1_529' title='bbox 1524 3368 1576 3422; x_wconf 91' lang='lat' dir='ltr'><strong>id</strong></span> <span class='ocrx_word' id='word_1_530' title='bbox 1607 3378 1693 3424; x_wconf 89' lang='lat' dir='ltr'><strong>est</strong></span> <span class='ocrx_word' id='word_1_531' title='bbox 1721 3380 1942 3424; x_wconf 86' lang='lat' dir='ltr'><strong>aeterna</strong></span> 
     </span>
    </p>
   </div>
   <div class='ocr_carea' id='block_1_66' title="bbox 368 3455 1945 3522">
    <p class='ocr_par' dir='ltr' id='par_1_66' title="bbox 368 3455 1945 3522">
     <span class='ocr_line' id='line_1_66' title="bbox 368 3455 1945 3522; baseline -0.001 -9"><span class='ocrx_word' id='word_1_532' title='bbox 368 3457 762 3521; x_wconf 80' lang='lat' dir='ltr'><strong>condemnatio,</strong></span> <span class='ocrx_word' id='word_1_533' title='bbox 794 3456 893 3511; x_wconf 90' lang='lat' dir='ltr'><strong>nisi</strong></span> <span class='ocrx_word' id='word_1_534' title='bbox 944 3471 1048 3511; x_wconf 91' lang='lat' dir='ltr'><strong>non</strong></span> <span class='ocrx_word' id='word_1_535' title='bbox 1075 3456 1300 3511; x_wconf 84' lang='lat' dir='ltr'><strong>credere</strong></span> <span class='ocrx_word' id='word_1_536' title='bbox 1346 3456 1399 3510; x_wconf 91' lang='lat' dir='ltr'><strong>in</strong></span> <span class='ocrx_word' id='word_1_537' title='bbox 1436 3455 1631 3510; x_wconf 88' lang='lat' dir='ltr'><strong>Filium</strong></span> <span class='ocrx_word' id='word_1_538' title='bbox 1656 3457 1773 3522; x_wconf 91' lang='lat' dir='ltr'><strong>Dei,</strong></span> <span class='ocrx_word' id='word_1_539' title='bbox 1805 3458 1945 3513; x_wconf 86' lang='lat' dir='ltr'><strong>sicut</strong></span> 
     </span>
    </p>
   </div>
   <div class='ocr_carea' id='block_1_67' title="bbox 368 3545 1946 3609">
    <p class='ocr_par' dir='ltr' id='par_1_67' title="bbox 368 3545 1946 3609">
     <span class='ocr_line' id='line_1_67' title="bbox 368 3545 1946 3609; baseline -0.002 -8"><span class='ocrx_word' id='word_1_540' title='bbox 368 3546 496 3601; x_wconf 81' lang='lat' dir='ltr'><strong>nihil</strong></span> <span class='ocrx_word' id='word_1_541' title='bbox 526 3546 669 3600; x_wconf 89' lang='lat' dir='ltr'><strong>aliud</strong></span> <span class='ocrx_word' id='word_1_542' title='bbox 691 3554 773 3601; x_wconf 88' lang='lat' dir='ltr'><strong>est</strong></span> <span class='ocrx_word' id='word_1_543' title='bbox 802 3546 1074 3602; x_wconf 89' lang='lat' dir='ltr'><strong>beatitudo</strong></span> <span class='ocrx_word' id='word_1_544' title='bbox 1117 3553 1174 3599; x_wconf 90' lang='lat' dir='ltr'><strong>et</strong></span> <span class='ocrx_word' id='word_1_545' title='bbox 1198 3546 1328 3609; x_wconf 88' lang='lat' dir='ltr'><strong>vita,</strong></span> <span class='ocrx_word' id='word_1_546' title='bbox 1358 3545 1459 3599; x_wconf 86' lang='lat' dir='ltr'><strong>nisi</strong></span> <span class='ocrx_word' id='word_1_547' title='bbox 1502 3545 1726 3601; x_wconf 89' lang='lat' dir='ltr'><strong>credere</strong></span> <span class='ocrx_word' id='word_1_548' title='bbox 1772 3554 1827 3600; x_wconf 90' lang='lat' dir='ltr'><strong>et</strong></span> <span class='ocrx_word' id='word_1_549' title='bbox 1854 3561 1946 3599; x_wconf 89' lang='lat' dir='ltr'><strong>co-</strong></span> 
     </span>
    </p>
   </div>
   <div class='ocr_carea' id='block_1_68' title="bbox 366 3634 1943 3708">
    <p class='ocr_par' dir='ltr' id='par_1_68' title="bbox 366 3634 1943 3708">
     <span class='ocr_line' id='line_1_68' title="bbox 366 3634 1943 3708; baseline -0.002 -17"><span class='ocrx_word' id='word_1_550' title='bbox 366 3652 623 3708; x_wconf 76' lang='lat' dir='ltr'><strong>gnoscere</strong></span> <span class='ocrx_word' id='word_1_551' title='bbox 657 3636 851 3691; x_wconf 85' lang='lat' dir='ltr'><strong>Filium</strong></span> <span class='ocrx_word' id='word_1_552' title='bbox 882 3635 1011 3701; x_wconf 90' lang='lat' dir='ltr'><strong>Dei;</strong></span> <span class='ocrx_word' id='word_1_553' title='bbox 1045 3636 1182 3690; x_wconf 88' lang='lat' dir='ltr'><strong>sicut</strong></span> <span class='ocrx_word' id='word_1_554' title='bbox 1210 3636 1326 3705; x_wconf 90' lang='lat' dir='ltr'><strong>ipse</strong></span> <span class='ocrx_word' id='word_1_555' title='bbox 1361 3636 1438 3688; x_wconf 86' lang='lat' dir='ltr'><strong>ait</strong></span> <span class='ocrx_word' id='word_1_556' title='bbox 1468 3652 1481 3687; x_wconf 90' lang='lat'><strong>:</strong></span> <span class='ocrx_word' id='word_1_557' title='bbox 1520 3652 1538 3685; x_wconf 76' lang='grc' dir='ltr'>ι</span> <span class='ocrx_word' id='word_1_558' title='bbox 1567 3634 1713 3689; x_wconf 85' lang='lat' dir='ltr'><strong>Haec</strong></span> <span class='ocrx_word' id='word_1_559' title='bbox 1739 3644 1821 3691; x_wconf 89' lang='lat' dir='ltr'><strong>est</strong></span> <span class='ocrx_word' id='word_1_560' title='bbox 1844 3651 1943 3689; x_wconf 54' lang='lat' dir='ltr'><strong>au-</strong></span> 
     </span>
    </p>
   </div>
   <div class='ocr_carea' id='block_1_69' title="bbox 370 3725 1941 3794">
    <p class='ocr_par' dir='ltr' id='par_1_69' title="bbox 370 3725 1941 3794">
     <span class='ocr_line' id='line_1_69' title="bbox 370 3725 1941 3794; baseline -0.001 -13"><span class='ocrx_word' id='word_1_561' title='bbox 370 3739 475 3782; x_wconf 84' lang='lat' dir='ltr'><strong>tem</strong></span> <span class='ocrx_word' id='word_1_562' title='bbox 497 3727 607 3782; x_wconf 88' lang='lat' dir='ltr'><strong>vita</strong></span> <span class='ocrx_word' id='word_1_563' title='bbox 640 3736 888 3790; x_wconf 85' lang='lat' dir='ltr'><strong>aeterna,</strong></span> <span class='ocrx_word' id='word_1_564' title='bbox 910 3734 971 3780; x_wconf 87' lang='lat' dir='ltr'><strong>ut</strong></span> <span class='ocrx_word' id='word_1_565' title='bbox 998 3732 1325 3794; x_wconf 78' lang='lat' dir='ltr'><strong>cognoscant</strong></span> <span class='ocrx_word' id='word_1_566' title='bbox 1369 3733 1419 3778; x_wconf 90' lang='lat' dir='ltr'><strong>te</strong></span> <span class='ocrx_word' id='word_1_567' title='bbox 1446 3738 1632 3779; x_wconf 88' lang='lat' dir='ltr'><strong>verum</strong></span> <span class='ocrx_word' id='word_1_568' title='bbox 1658 3739 1727 3779; x_wconf 89' lang='lat' dir='ltr'><strong>ac</strong></span> <span class='ocrx_word' id='word_1_569' title='bbox 1770 3725 1941 3780; x_wconf 90' lang='lat' dir='ltr'><strong>solum</strong></span> 
     </span>
    </p>
   </div>
   <div class='ocr_carea' id='block_1_70' title="bbox 369 3814 1938 3887">
    <p class='ocr_par' dir='ltr' id='par_1_70' title="bbox 369 3814 1938 3887">
     <span class='ocr_line' id='line_1_70' title="bbox 369 3814 1938 3887; baseline -0.002 -13"><span class='ocrx_word' id='word_1_570' title='bbox 369 3818 557 3882; x_wconf 81' lang='lat' dir='ltr'><strong>Deum,</strong></span> <span class='ocrx_word' id='word_1_571' title='bbox 582 3827 637 3874; x_wconf 86' lang='lat' dir='ltr'><strong>et</strong></span> <span class='ocrx_word' id='word_1_572' title='bbox 663 3833 821 3887; x_wconf 88' lang='lat' dir='ltr'><strong>quem</strong></span> <span class='ocrx_word' id='word_1_573' title='bbox 853 3817 1045 3871; x_wconf 86' lang='lat' dir='ltr'><strong>misisti</strong></span> <span class='ocrx_word' id='word_1_574' title='bbox 1072 3815 1254 3870; x_wconf 76' lang='lat' dir='ltr'><strong>Jesum</strong></span> <span class='ocrx_word' id='word_1_575' title='bbox 1282 3815 1555 3869; x_wconf 87' lang='lat' dir='ltr'><strong>Christum</strong></span> <span class='ocrx_word' id='word_1_576' title='bbox 1571 3834 1614 3871; x_wconf 77' lang='grc' dir='ltr'><strong>ι.</strong></span> <span class='ocrx_word' id='word_1_577' title='bbox 1646 3814 1938 3887; x_wconf 87' lang='lat' dir='ltr'><strong>Sequitur:</strong></span> 
     </span>
    </p>
   </div>
   <div class='ocr_carea' id='block_1_71' title="bbox 444 3903 1940 3976">
    <p class='ocr_par' dir='ltr' id='par_1_71' title="bbox 444 3903 1940 3976">
     <span class='ocr_line' id='line_1_71' title="bbox 444 3903 1940 3976; baseline -0.002 -14"><span class='ocrx_word' id='word_1_578' title='bbox 444 3908 559 3963; x_wconf 82' lang='lat' dir='ltr'><strong>Hoc</strong></span> <span class='ocrx_word' id='word_1_579' title='bbox 578 3918 652 3962; x_wconf 79' lang='lat' dir='ltr'><strong>est</strong></span> <span class='ocrx_word' id='word_1_580' title='bbox 671 3917 842 3961; x_wconf 85' lang='lat' dir='ltr'><strong>autem</strong></span> <span class='ocrx_word' id='word_1_581' title='bbox 857 3906 1141 3976; x_wconf 85' lang='lat' dir='ltr'><strong>judicium,</strong></span> <span class='ocrx_word' id='word_1_582' title='bbox 1170 3905 1294 3975; x_wconf 84' lang='lat' dir='ltr'><strong>quia</strong></span> <span class='ocrx_word' id='word_1_583' title='bbox 1314 3903 1406 3957; x_wconf 74' lang='lat' dir='ltr'><strong>lux</strong></span> <span class='ocrx_word' id='word_1_584' title='bbox 1430 3904 1563 3958; x_wconf 79' lang='lat' dir='ltr'><strong>renit</strong></span> <span class='ocrx_word' id='word_1_585' title='bbox 1592 3903 1646 3957; x_wconf 88' lang='lat' dir='ltr'><strong>in</strong></span> <span class='ocrx_word' id='word_1_586' title='bbox 1667 3906 1940 3961; x_wconf 86' lang='lat' dir='ltr'><strong>mundum.</strong></span> 
     </span>
    </p>
   </div>
   <div class='ocr_carea' id='block_1_72' title="bbox 368 3993 1944 4055">
    <p class='ocr_par' dir='ltr' id='par_1_72' title="bbox 368 3993 1944 4055">
     <span class='ocr_line' id='line_1_72' title="bbox 368 3993 1944 4055; baseline -0.001 -4"><span class='ocrx_word' id='word_1_587' title='bbox 368 3995 428 4051; x_wconf 89' lang='lat' dir='ltr'><strong>Si</strong></span> <span class='ocrx_word' id='word_1_588' title='bbox 457 3995 545 4049; x_wconf 83' lang='lat' dir='ltr'><strong>lux</strong></span> <span class='ocrx_word' id='word_1_589' title='bbox 578 4011 683 4049; x_wconf 86' lang='lat' dir='ltr'><strong>non</strong></span> <span class='ocrx_word' id='word_1_590' title='bbox 711 3995 919 4049; x_wconf 87' lang='lat' dir='ltr'><strong>veniret</strong></span> <span class='ocrx_word' id='word_1_591' title='bbox 949 3994 1003 4047; x_wconf 91' lang='lat' dir='ltr'><strong>in</strong></span> <span class='ocrx_word' id='word_1_592' title='bbox 1033 3993 1308 4055; x_wconf 92' lang='lat' dir='ltr'><strong>mundum,</strong></span> <span class='ocrx_word' id='word_1_593' title='bbox 1340 4007 1446 4045; x_wconf 90' lang='lat' dir='ltr'><strong>non</strong></span> <span class='ocrx_word' id='word_1_594' title='bbox 1479 4002 1622 4046; x_wconf 89' lang='lat' dir='ltr'><strong>esset</strong></span> <span class='ocrx_word' id='word_1_595' title='bbox 1648 3993 1715 4047; x_wconf 89' lang='lat' dir='ltr'><strong>de</strong></span> <span class='ocrx_word' id='word_1_596' title='bbox 1743 3995 1944 4049; x_wconf 91' lang='lat' dir='ltr'><strong>mundo</strong></span> 
     </span>
    </p>
   </div>
   <div class='ocr_carea' id='block_1_73' title="bbox 360 4080 1945 4161">
    <p class='ocr_par' dir='ltr' id='par_1_73' title="bbox 360 4080 1945 4161">
     <span class='ocr_line' id='line_1_73' title="bbox 360 4080 1945 4161; baseline -0.001 -22"><span class='ocrx_word' id='word_1_597' title='bbox 360 4085 644 4153; x_wconf 87' lang='lat' dir='ltr'><strong>judicium,</strong></span> <span class='ocrx_word' id='word_1_598' title='bbox 667 4084 807 4139; x_wconf 89' lang='lat' dir='ltr'><strong>sicut</strong></span> <span class='ocrx_word' id='word_1_599' title='bbox 833 4082 1088 4161; x_wconf 83' lang='lat' dir='ltr'><strong>Dominus</strong></span> <span class='ocrx_word' id='word_1_600' title='bbox 1108 4082 1211 4136; x_wconf 87' lang='lat' dir='ltr'><strong>ait:</strong></span> <span class='ocrx_word' id='word_1_601' title='bbox 1233 4100 1251 4131; x_wconf 86' lang='grc'><strong>‹</strong></span> <span class='ocrx_word' id='word_1_602' title='bbox 1293 4080 1348 4135; x_wconf 89' lang='lat' dir='ltr'><strong>Si</strong></span> <span class='ocrx_word' id='word_1_603' title='bbox 1381 4095 1484 4135; x_wconf 91' lang='lat' dir='ltr'><strong>non</strong></span> <span class='ocrx_word' id='word_1_604' title='bbox 1510 4082 1773 4140; x_wconf 86' lang='lat' dir='ltr'><strong>venissem</strong></span> <span class='ocrx_word' id='word_1_605' title='bbox 1792 4092 1842 4138; x_wconf 89' lang='lat' dir='ltr'><strong>et</strong></span> <span class='ocrx_word' id='word_1_606' title='bbox 1866 4085 1945 4137; x_wconf 92' lang='lat' dir='ltr'><strong>lo-</strong></span> 
     </span>
    </p>
   </div>
   <div class='ocr_carea' id='block_1_74' title="bbox 366 4169 1943 4243">
    <p class='ocr_par' dir='ltr' id='par_1_74' title="bbox 366 4169 1943 4243">
     <span class='ocr_line' id='line_1_74' title="bbox 366 4169 1943 4243; baseline -0.001 -12"><span class='ocrx_word' id='word_1_607' title='bbox 366 4185 523 4231; x_wconf 86' lang='lat' dir='ltr'><strong>cutus</strong></span> <span class='ocrx_word' id='word_1_608' title='bbox 545 4175 762 4231; x_wconf 85' lang='lat' dir='ltr'><strong>fuissem</strong></span> <span class='ocrx_word' id='word_1_609' title='bbox 784 4216 799 4239; x_wconf 96' lang='lat'><strong>,</strong></span> <span class='ocrx_word' id='word_1_610' title='bbox 821 4182 1097 4243; x_wconf 88' lang='lat' dir='ltr'><strong>peccatum</strong></span> <span class='ocrx_word' id='word_1_611' title='bbox 1124 4187 1230 4227; x_wconf 91' lang='lat' dir='ltr'><strong>non</strong></span> <span class='ocrx_word' id='word_1_612' title='bbox 1256 4172 1518 4227; x_wconf 89' lang='lat' dir='ltr'><strong>baberent</strong></span> <span class='ocrx_word' id='word_1_613' title='bbox 1536 4192 1578 4225; x_wconf 70' lang='lat' dir='ltr'><strong>i.</strong></span> <span class='ocrx_word' id='word_1_614' title='bbox 1595 4169 1709 4227; x_wconf 85' lang='lat' dir='ltr'><strong>Lux</strong></span> <span class='ocrx_word' id='word_1_615' title='bbox 1741 4173 1943 4243; x_wconf 86' lang='lat' dir='ltr'><strong>itaque,</strong></span> 
     </span>
    </p>
   </div>
   <div class='ocr_carea' id='block_1_75' title="bbox 367 4262 1947 4332">
    <p class='ocr_par' dir='ltr' id='par_1_75' title="bbox 367 4262 1947 4332">
     <span class='ocr_line' id='line_1_75' title="bbox 367 4262 1947 4332; baseline -0.004 -7"><span class='ocrx_word' id='word_1_616' title='bbox 367 4266 473 4325; x_wconf 79' lang='lat' dir='ltr'><strong>hoc</strong></span> <span class='ocrx_word' id='word_1_617' title='bbox 501 4274 585 4320; x_wconf 86' lang='lat' dir='ltr'><strong>est</strong></span> <span class='ocrx_word' id='word_1_618' title='bbox 615 4266 709 4320; x_wconf 88' lang='lat' dir='ltr'><strong>Dei</strong></span> <span class='ocrx_word' id='word_1_619' title='bbox 738 4264 899 4319; x_wconf 80' lang='lat' dir='ltr'><strong>Verbi</strong></span> <span class='ocrx_word' id='word_1_620' title='bbox 930 4263 1226 4317; x_wconf 83' lang='lat' dir='ltr'><strong>incarnatio</strong></span> <span class='ocrx_word' id='word_1_621' title='bbox 1252 4269 1308 4316; x_wconf 83' lang='lat' dir='ltr'><strong>et</strong></span> <span class='ocrx_word' id='word_1_622' title='bbox 1336 4262 1583 4319; x_wconf 89' lang='lat' dir='ltr'><strong>doctrina</strong></span> <span class='ocrx_word' id='word_1_623' title='bbox 1613 4271 1670 4317; x_wconf 88' lang='lat' dir='ltr'><strong>et</strong></span> <span class='ocrx_word' id='word_1_624' title='bbox 1692 4263 1871 4332; x_wconf 90' lang='lat' dir='ltr'><strong>passio</strong></span> <span class='ocrx_word' id='word_1_625' title='bbox 1892 4273 1947 4319; x_wconf 91' lang='lat' dir='ltr'><strong>et</strong></span> 
     </span>
    </p>
   </div>
   <div class='ocr_carea' id='block_1_76' title="bbox 370 4350 1943 4421">
    <p class='ocr_par' dir='ltr' id='par_1_76' title="bbox 370 4350 1943 4421">
     <span class='ocr_line' id='line_1_76' title="bbox 370 4350 1943 4421; baseline -0.001 -11"><span class='ocrx_word' id='word_1_626' title='bbox 370 4354 717 4417; x_wconf 87' lang='lat' dir='ltr'><strong>resurrectio,</strong></span> <span class='ocrx_word' id='word_1_627' title='bbox 742 4352 948 4421; x_wconf 74' lang='lat' dir='ltr'><strong>iudicat</strong></span> <span class='ocrx_word' id='word_1_628' title='bbox 981 4354 1257 4407; x_wconf 85' lang='lat' dir='ltr'><strong>mundum.</strong></span> <span class='ocrx_word' id='word_1_629' title='bbox 1303 4350 1404 4418; x_wconf 90' lang='lat' dir='ltr'><strong>Qui</strong></span> <span class='ocrx_word' id='word_1_630' title='bbox 1434 4352 1548 4405; x_wconf 91' lang='lat' dir='ltr'><strong>vult</strong></span> <span class='ocrx_word' id='word_1_631' title='bbox 1588 4354 1845 4409; x_wconf 87' lang='lat' dir='ltr'><strong>accedere</strong></span> <span class='ocrx_word' id='word_1_632' title='bbox 1876 4354 1943 4409; x_wconf 89' lang='lat' dir='ltr'><strong>ad</strong></span> 
     </span>
    </p>
   </div>
   <div class='ocr_carea' id='block_1_77' title="bbox 2117 3182 3621 3255">
    <p class='ocr_par' dir='ltr' id='par_1_77' title="bbox 2117 3182 3621 3255">
     <span class='ocr_line' id='line_1_77' title="bbox 2117 3182 3621 3255; baseline -0.003 -16"><span class='ocrx_word' id='word_1_633' title='bbox 2117 3184 2184 3239; x_wconf 89' lang='lat' dir='ltr'><strong>Et</strong></span> <span class='ocrx_word' id='word_1_634' title='bbox 2216 3184 2325 3240; x_wconf 80' lang='lat' dir='ltr'><strong>illic</strong></span> <span class='ocrx_word' id='word_1_635' title='bbox 2353 3185 2724 3240; x_wconf 83' lang='lat' dir='ltr'><strong>demorabatur</strong></span> <span class='ocrx_word' id='word_1_636' title='bbox 2761 3202 2879 3239; x_wconf 85' lang='lat' dir='ltr'><strong>cum</strong></span> <span class='ocrx_word' id='word_1_637' title='bbox 2920 3187 2993 3239; x_wconf 90' lang='lat' dir='ltr'><strong>eis</strong></span> <span class='ocrx_word' id='word_1_638' title='bbox 3035 3194 3084 3239; x_wconf 88' lang='lat' dir='ltr'><strong>et</strong></span> <span class='ocrx_word' id='word_1_639' title='bbox 3131 3184 3430 3255; x_wconf 79' lang='lat' dir='ltr'><strong>baptizavit.</strong></span> <span class='ocrx_word' id='word_1_640' title='bbox 3456 3182 3621 3238; x_wconf 80' lang='lat' dir='ltr'><strong>Juxta</strong></span> 
     </span>
    </p>
   </div>
   <div class='ocr_carea' id='block_1_78' title="bbox 2046 3276 3621 3349">
    <p class='ocr_par' dir='ltr' id='par_1_78' title="bbox 2046 3276 3621 3349">
     <span class='ocr_line' id='line_1_78' title="bbox 2046 3276 3621 3349; baseline 0.001 -19"><span class='ocrx_word' id='word_1_641' title='bbox 2046 3276 2280 3332; x_wconf 88' lang='lat' dir='ltr'><strong>litteram</strong></span> <span class='ocrx_word' id='word_1_642' title='bbox 2327 3279 2711 3333; x_wconf 89' lang='lat' dir='ltr'><strong>demorabatur</strong></span> <span class='ocrx_word' id='word_1_643' title='bbox 2751 3276 2908 3333; x_wconf 84' lang='lat' dir='ltr'><strong>Jesus</strong></span> <span class='ocrx_word' id='word_1_644' title='bbox 2939 3292 3059 3333; x_wconf 91' lang='lat' dir='ltr'><strong>cum</strong></span> <span class='ocrx_word' id='word_1_645' title='bbox 3088 3277 3362 3349; x_wconf 87' lang='lat' dir='ltr'><strong>discipulis</strong></span> <span class='ocrx_word' id='word_1_646' title='bbox 3388 3276 3471 3330; x_wconf 92' lang='lat' dir='ltr'><strong>vel</strong></span> <span class='ocrx_word' id='word_1_647' title='bbox 3498 3291 3621 3332; x_wconf 90' lang='lat' dir='ltr'><strong>cum</strong></span> 
     </span>
    </p>
   </div>
   <div class='ocr_carea' id='block_1_79' title="bbox 2047 3366 3623 3440">
    <p class='ocr_par' dir='ltr' id='par_1_79' title="bbox 2047 3366 3623 3440">
     <span class='ocr_line' id='line_1_79' title="bbox 2047 3366 3623 3440; baseline 0.001 -19"><span class='ocrx_word' id='word_1_648' title='bbox 2047 3369 2391 3423; x_wconf 85' lang='lat' dir='ltr'><strong>credentibus</strong></span> <span class='ocrx_word' id='word_1_649' title='bbox 2423 3367 2642 3425; x_wconf 83' lang='lat' dir='ltr'><strong>Judaeis</strong></span> <span class='ocrx_word' id='word_1_650' title='bbox 2682 3370 2735 3423; x_wconf 90' lang='lat' dir='ltr'><strong>in</strong></span> <span class='ocrx_word' id='word_1_651' title='bbox 2764 3366 2991 3424; x_wconf 84' lang='lat' dir='ltr'><strong>Judaea.</strong></span> <span class='ocrx_word' id='word_1_652' title='bbox 3020 3368 3342 3440; x_wconf 80' lang='lat' dir='ltr'><strong>Ambiguum</strong></span> <span class='ocrx_word' id='word_1_653' title='bbox 3370 3369 3512 3424; x_wconf 90' lang='lat' dir='ltr'><strong>enim</strong></span> <span class='ocrx_word' id='word_1_654' title='bbox 3538 3375 3623 3424; x_wconf 88' lang='lat' dir='ltr'><strong>est</strong></span> 
     </span>
    </p>
   </div>
   <div class='ocr_carea' id='block_1_80' title="bbox 2047 3458 3623 3529">
    <p class='ocr_par' dir='ltr' id='par_1_80' title="bbox 2047 3458 3623 3529">
     <span class='ocr_line' id='line_1_80' title="bbox 2047 3458 3623 3529; baseline 0.002 -18"><span class='ocrx_word' id='word_1_655' title='bbox 2047 3458 2187 3526; x_wconf 89' lang='lat' dir='ltr'><strong>quod</strong></span> <span class='ocrx_word' id='word_1_656' title='bbox 2211 3459 2289 3513; x_wconf 88' lang='lat' dir='ltr'><strong>ait</strong></span> <span class='ocrx_word' id='word_1_657' title='bbox 2313 3458 2683 3514; x_wconf 87' lang='lat' dir='ltr'><strong>demorabatur</strong></span> <span class='ocrx_word' id='word_1_658' title='bbox 2709 3475 2826 3513; x_wconf 87' lang='lat' dir='ltr'><strong>cum</strong></span> <span class='ocrx_word' id='word_1_659' title='bbox 2861 3459 2955 3524; x_wconf 86' lang='lat' dir='ltr'><strong>eis,</strong></span> <span class='ocrx_word' id='word_1_660' title='bbox 2984 3468 3163 3514; x_wconf 90' lang='lat' dir='ltr'><strong>utrum</strong></span> <span class='ocrx_word' id='word_1_661' title='bbox 3194 3474 3314 3515; x_wconf 89' lang='lat' dir='ltr'><strong>cum</strong></span> <span class='ocrx_word' id='word_1_662' title='bbox 3344 3460 3623 3529; x_wconf 83' lang='lat' dir='ltr'><strong>discipulis</strong></span> 
     </span>
    </p>
   </div>
   <div class='ocr_carea' id='block_1_81' title="bbox 2048 3547 3620 3618">
    <p class='ocr_par' dir='ltr' id='par_1_81' title="bbox 2048 3547 3620 3618">
     <span class='ocr_line' id='line_1_81' title="bbox 2048 3547 3620 3618; baseline 0.002 -17"><span class='ocrx_word' id='word_1_663' title='bbox 2048 3547 2181 3610; x_wconf 89' lang='lat' dir='ltr'><strong>suis,</strong></span> <span class='ocrx_word' id='word_1_664' title='bbox 2208 3564 2274 3601; x_wconf 90' lang='lat' dir='ltr'><strong>an</strong></span> <span class='ocrx_word' id='word_1_665' title='bbox 2305 3564 2427 3603; x_wconf 84' lang='lat' dir='ltr'><strong>cum</strong></span> <span class='ocrx_word' id='word_1_666' title='bbox 2459 3549 2806 3604; x_wconf 89' lang='lat' dir='ltr'><strong>credentibus</strong></span> <span class='ocrx_word' id='word_1_667' title='bbox 2831 3550 2887 3604; x_wconf 89' lang='lat' dir='ltr'><strong>in</strong></span> <span class='ocrx_word' id='word_1_668' title='bbox 2910 3565 3032 3604; x_wconf 91' lang='lat' dir='ltr'><strong>eum</strong></span> <span class='ocrx_word' id='word_1_669' title='bbox 3056 3548 3297 3615; x_wconf 84' lang='lat' dir='ltr'><strong>Judaeis,</strong></span> <span class='ocrx_word' id='word_1_670' title='bbox 3323 3561 3437 3611; x_wconf 86' lang='lat' dir='ltr'><strong>aut,</strong></span> <span class='ocrx_word' id='word_1_671' title='bbox 3477 3551 3620 3618; x_wconf 89' lang='lat' dir='ltr'><strong>quod</strong></span> 
     </span>
    </p>
   </div>
   <div class='ocr_carea' id='block_1_82' title="bbox 2049 3638 3621 3709">
    <p class='ocr_par' dir='ltr' id='par_1_82' title="bbox 2049 3638 3621 3709">
     <span class='ocr_line' id='line_1_82' title="bbox 2049 3638 3621 3709; baseline 0 -19"><span class='ocrx_word' id='word_1_672' title='bbox 2049 3638 2391 3693; x_wconf 86' lang='lat' dir='ltr'><strong>verisimilius</strong></span> <span class='ocrx_word' id='word_1_673' title='bbox 2443 3647 2545 3703; x_wconf 87' lang='lat' dir='ltr'><strong>cst,</strong></span> <span class='ocrx_word' id='word_1_674' title='bbox 2594 3654 2714 3695; x_wconf 91' lang='lat' dir='ltr'><strong>cum</strong></span> <span class='ocrx_word' id='word_1_675' title='bbox 2756 3640 3014 3709; x_wconf 87' lang='lat' dir='ltr'><strong>utrisque.</strong></span> <span class='ocrx_word' id='word_1_676' title='bbox 3065 3638 3134 3693; x_wconf 84' lang='lat' dir='ltr'><strong>Et</strong></span> <span class='ocrx_word' id='word_1_677' title='bbox 3178 3641 3475 3709; x_wconf 74' lang='lat' dir='ltr'><strong>baptizatlit.</strong></span> <span class='ocrx_word' id='word_1_678' title='bbox 3520 3638 3621 3693; x_wconf 84' lang='lat' dir='ltr'><strong>Ubi</strong></span> 
     </span>
    </p>
   </div>
   <div class='ocr_carea' id='block_1_83' title="bbox 2047 3728 3625 3799">
    <p class='ocr_par' dir='ltr' id='par_1_83' title="bbox 2047 3728 3625 3799">
     <span class='ocr_line' id='line_1_83' title="bbox 2047 3728 3625 3799; baseline 0.001 -17"><span class='ocrx_word' id='word_1_679' title='bbox 2047 3730 2352 3798; x_wconf 88' lang='lat' dir='ltr'><strong>quaeritur,</strong></span> <span class='ocrx_word' id='word_1_680' title='bbox 2410 3731 2456 3784; x_wconf 91' lang='lat' dir='ltr'><strong>si</strong></span> <span class='ocrx_word' id='word_1_681' title='bbox 2503 3730 2752 3785; x_wconf 88' lang='lat' dir='ltr'><strong>Christus</strong></span> <span class='ocrx_word' id='word_1_682' title='bbox 2801 3730 2914 3799; x_wconf 88' lang='lat' dir='ltr'><strong>ipse</strong></span> <span class='ocrx_word' id='word_1_683' title='bbox 2967 3729 3301 3799; x_wconf 85' lang='lat' dir='ltr'><strong>baptizavit,</strong></span> <span class='ocrx_word' id='word_1_684' title='bbox 3354 3728 3625 3798; x_wconf 72' lang='lat' dir='ltr'><strong>quomodo</strong></span> 
     </span>
    </p>
   </div>
   <div class='ocr_carea' id='block_1_84' title="bbox 2047 3818 3624 3891">
    <p class='ocr_par' dir='ltr' id='par_1_84' title="bbox 2047 3818 3624 3891">
     <span class='ocr_line' id='line_1_84' title="bbox 2047 3818 3624 3891; baseline -0.003 -15"><span class='ocrx_word' id='word_1_685' title='bbox 2047 3821 2369 3891; x_wconf 71' lang='lat' dir='ltr'><strong>evangelista</strong></span> <span class='ocrx_word' id='word_1_686' title='bbox 2410 3822 2837 3891; x_wconf 88' lang='lat' dir='ltr'><strong>insequentibus</strong></span> <span class='ocrx_word' id='word_1_687' title='bbox 2860 3819 2990 3874; x_wconf 92' lang='lat' dir='ltr'><strong>dicit</strong></span> <span class='ocrx_word' id='word_1_688' title='bbox 3019 3837 3032 3873; x_wconf 92' lang='lat'>:</span> <span class='ocrx_word' id='word_1_689' title='bbox 3066 3838 3085 3871; x_wconf 72' lang='grc' dir='ltr'><strong>ε</strong></span> <span class='ocrx_word' id='word_1_690' title='bbox 3124 3819 3442 3889; x_wconf 88' lang='lat' dir='ltr'><strong>Quanquam</strong></span> <span class='ocrx_word' id='word_1_691' title='bbox 3464 3818 3624 3875; x_wconf 82' lang='lat' dir='ltr'><strong>Jesus</strong></span> 
     </span>
    </p>
   </div>
   <div class='ocr_carea' id='block_1_85' title="bbox 2046 3908 3625 3981">
    <p class='ocr_par' dir='ltr' id='par_1_85' title="bbox 2046 3908 3625 3981">
     <span class='ocr_line' id='line_1_85' title="bbox 2046 3908 3625 3981; baseline -0.002 -17"><span class='ocrx_word' id='word_1_692' title='bbox 2046 3926 2154 3964; x_wconf 92' lang='lat' dir='ltr'><strong>non</strong></span> <span class='ocrx_word' id='word_1_693' title='bbox 2199 3911 2533 3981; x_wconf 87' lang='lat' dir='ltr'><strong>baptizarct,</strong></span> <span class='ocrx_word' id='word_1_694' title='bbox 2577 3913 2675 3965; x_wconf 88' lang='lat' dir='ltr'><strong>sed</strong></span> <span class='ocrx_word' id='word_1_695' title='bbox 2723 3909 2964 3978; x_wconf 89' lang='lat' dir='ltr'><strong>discipuli</strong></span> <span class='ocrx_word' id='word_1_696' title='bbox 3015 3909 3134 3977; x_wconf 88' lang='lat' dir='ltr'><strong>ejus</strong></span> <span class='ocrx_word' id='word_1_697' title='bbox 3174 3929 3215 3961; x_wconf 78' lang='grc' dir='ltr'><strong>ι.</strong></span> <span class='ocrx_word' id='word_1_698' title='bbox 3258 3908 3365 3962; x_wconf 86' lang='lat' dir='ltr'><strong>Sed</strong></span> <span class='ocrx_word' id='word_1_699' title='bbox 3407 3909 3473 3963; x_wconf 90' lang='lat' dir='ltr'><strong>ad</strong></span> <span class='ocrx_word' id='word_1_700' title='bbox 3518 3909 3625 3963; x_wconf 82' lang='lat' dir='ltr'><strong>hoc</strong></span> 
     </span>
    </p>
   </div>
   <div class='ocr_carea' id='block_1_86' title="bbox 2046 4000 3621 4072">
    <p class='ocr_par' dir='ltr' id='par_1_86' title="bbox 2046 4000 3621 4072">
     <span class='ocr_line' id='line_1_86' title="bbox 2046 4000 3621 4072; baseline -0.001 -15"><span class='ocrx_word' id='word_1_701' title='bbox 2046 4003 2331 4057; x_wconf 89' lang='lat' dir='ltr'><strong>dicendum</strong></span> <span class='ocrx_word' id='word_1_702' title='bbox 2358 4042 2372 4067; x_wconf 93' lang='lat'><strong>,</strong></span> <span class='ocrx_word' id='word_1_703' title='bbox 2398 4002 2542 4072; x_wconf 91' lang='lat' dir='ltr'><strong>quod</strong></span> <span class='ocrx_word' id='word_1_704' title='bbox 2570 4004 2685 4072; x_wconf 88' lang='lat' dir='ltr'><strong>ipse</strong></span> <span class='ocrx_word' id='word_1_705' title='bbox 2711 4001 2962 4057; x_wconf 88' lang='lat' dir='ltr'><strong>Christus</strong></span> <span class='ocrx_word' id='word_1_706' title='bbox 3002 4000 3297 4070; x_wconf 86' lang='lat' dir='ltr'><strong>baptizavit</strong></span> <span class='ocrx_word' id='word_1_707' title='bbox 3329 4000 3621 4069; x_wconf 75' lang='lat' dir='ltr'><strong>discipulos</strong></span> 
     </span>
    </p>
   </div>
   <div class='ocr_carea' id='block_1_87' title="bbox 2046 4087 3622 4158">
    <p class='ocr_par' dir='ltr' id='par_1_87' title="bbox 2046 4087 3622 4158">
     <span class='ocr_line' id='line_1_87' title="bbox 2046 4087 3622 4158; baseline -0.001 -15"><span class='ocrx_word' id='word_1_708' title='bbox 2046 4103 2173 4143; x_wconf 89' lang='lat' dir='ltr'><strong>suos</strong></span> <span class='ocrx_word' id='word_1_709' title='bbox 2188 4089 2443 4158; x_wconf 91' lang='lat' dir='ltr'><strong>primum,</strong></span> <span class='ocrx_word' id='word_1_710' title='bbox 2457 4089 2649 4143; x_wconf 87' lang='lat' dir='ltr'><strong>deinde</strong></span> <span class='ocrx_word' id='word_1_711' title='bbox 2662 4089 2759 4158; x_wconf 88' lang='lat' dir='ltr'><strong>ipsi</strong></span> <span class='ocrx_word' id='word_1_712' title='bbox 2777 4087 3019 4156; x_wconf 87' lang='lat' dir='ltr'><strong>discipuli</strong></span> <span class='ocrx_word' id='word_1_713' title='bbox 3036 4088 3378 4155; x_wconf 88' lang='lat' dir='ltr'><strong>baptizabant</strong></span> <span class='ocrx_word' id='word_1_714' title='bbox 3402 4089 3622 4142; x_wconf 86' lang='lat' dir='ltr'><strong>creden-</strong></span> 
     </span>
    </p>
   </div>
   <div class='ocr_carea' id='block_1_88' title="bbox 2049 4176 3622 4244">
    <p class='ocr_par' dir='ltr' id='par_1_88' title="bbox 2049 4176 3622 4244">
     <span class='ocr_line' id='line_1_88' title="bbox 2049 4176 3622 4244; baseline -0.002 -12"><span class='ocrx_word' id='word_1_715' title='bbox 2049 4188 2127 4233; x_wconf 87' lang='lat' dir='ltr'><strong>tes</strong></span> <span class='ocrx_word' id='word_1_716' title='bbox 2153 4178 2204 4231; x_wconf 90' lang='lat' dir='ltr'><strong>in</strong></span> <span class='ocrx_word' id='word_1_717' title='bbox 2234 4178 2527 4231; x_wconf 86' lang='lat' dir='ltr'><strong>Christum.</strong></span> <span class='ocrx_word' id='word_1_718' title='bbox 2555 4176 2811 4243; x_wconf 87' lang='lat' dir='ltr'><strong>Quamvis</strong></span> <span class='ocrx_word' id='word_1_719' title='bbox 2839 4176 3057 4244; x_wconf 85' lang='lat' dir='ltr'><strong>quidam</strong></span> <span class='ocrx_word' id='word_1_720' title='bbox 3079 4177 3407 4239; x_wconf 84' lang='lat' dir='ltr'><strong>existiment,</strong></span> <span class='ocrx_word' id='word_1_721' title='bbox 3444 4177 3622 4230; x_wconf 84' lang='lat' dir='ltr'><strong>nemi-</strong></span> 
     </span>
    </p>
   </div>
   <div class='ocr_carea' id='block_1_89' title="bbox 2048 4261 3621 4333">
    <p class='ocr_par' dir='ltr' id='par_1_89' title="bbox 2048 4261 3621 4333">
     <span class='ocr_line' id='line_1_89' title="bbox 2048 4261 3621 4333; baseline -0.002 -14"><span class='ocrx_word' id='word_1_722' title='bbox 2048 4281 2169 4319; x_wconf 91' lang='lat' dir='ltr'><strong>nem</strong></span> <span class='ocrx_word' id='word_1_723' title='bbox 2190 4280 2312 4319; x_wconf 90' lang='lat' dir='ltr'><strong>eum</strong></span> <span class='ocrx_word' id='word_1_724' title='bbox 2334 4266 2633 4333; x_wconf 82' lang='lat' dir='ltr'><strong>baptizasse</strong></span> <span class='ocrx_word' id='word_1_725' title='bbox 2664 4278 2760 4332; x_wconf 91' lang='lat' dir='ltr'><strong>per</strong></span> <span class='ocrx_word' id='word_1_726' title='bbox 2802 4263 3037 4330; x_wconf 86' lang='lat' dir='ltr'><strong>seipsum</strong></span> <span class='ocrx_word' id='word_1_727' title='bbox 3056 4302 3070 4325; x_wconf 93' lang='lat'><strong>,</strong></span> <span class='ocrx_word' id='word_1_728' title='bbox 3107 4262 3201 4315; x_wconf 91' lang='lat' dir='ltr'><strong>sed</strong></span> <span class='ocrx_word' id='word_1_729' title='bbox 3229 4261 3427 4315; x_wconf 90' lang='lat' dir='ltr'><strong>dicitur</strong></span> <span class='ocrx_word' id='word_1_730' title='bbox 3450 4262 3621 4331; x_wconf 85' lang='lat' dir='ltr'><strong>bapti-</strong></span> 
     </span>
    </p>
   </div>
   <div class='ocr_carea' id='block_1_90' title="bbox 2049 4351 3616 4427">
    <p class='ocr_par' dir='ltr' id='par_1_90' title="bbox 2049 4351 3616 4427">
     <span class='ocr_line' id='line_1_90' title="bbox 2049 4351 3616 4427; baseline -0.005 -16"><span class='ocrx_word' id='word_1_731' title='bbox 2049 4373 2222 4422; x_wconf 89' lang='lat' dir='ltr'><strong>zasse,</strong></span> <span class='ocrx_word' id='word_1_732' title='bbox 2245 4357 2335 4427; x_wconf 87' lang='lat' dir='ltr'><strong>qui</strong></span> <span class='ocrx_word' id='word_1_733' title='bbox 2356 4355 2630 4426; x_wconf 88' lang='lat' dir='ltr'><strong>discipulis</strong></span> <span class='ocrx_word' id='word_1_734' title='bbox 2660 4354 2774 4408; x_wconf 90' lang='lat' dir='ltr'><strong>suis</strong></span> <span class='ocrx_word' id='word_1_735' title='bbox 2795 4352 2955 4422; x_wconf 88' lang='lat' dir='ltr'><strong>jussit</strong></span> <span class='ocrx_word' id='word_1_736' title='bbox 2983 4351 3276 4420; x_wconf 84' lang='lat' dir='ltr'><strong>baptizare.</strong></span> <span class='ocrx_word' id='word_1_737' title='bbox 3316 4351 3574 4420; x_wconf 87' lang='lat' dir='ltr'><strong>Sequitur</strong></span> <span class='ocrx_word' id='word_1_738' title='bbox 3603 4371 3616 4404; x_wconf 91' lang='lat'><strong>:</strong></span> 
     </span>
    </p>
   </div>
   <div class='ocr_carea' id='block_1_91' title="bbox 370 4428 3619 4521">
    <p class='ocr_par' dir='ltr' id='par_1_91' title="bbox 370 4428 3619 4521">
     <span class='ocr_line' id='line_1_91' title="bbox 370 4428 3619 4521; baseline -0.001 -24"><span class='ocrx_word' id='word_1_739' title='bbox 370 4445 570 4506; x_wconf 86' lang='lat' dir='ltr'><strong>lucem,</strong></span> <span class='ocrx_word' id='word_1_740' title='bbox 599 4443 698 4497; x_wconf 89' lang='lat' dir='ltr'><strong>hoc</strong></span> <span class='ocrx_word' id='word_1_741' title='bbox 738 4450 821 4498; x_wconf 89' lang='lat' dir='ltr'><strong>est</strong></span> <span class='ocrx_word' id='word_1_742' title='bbox 864 4442 931 4497; x_wconf 88' lang='lat' dir='ltr'><strong>ad</strong></span> <span class='ocrx_word' id='word_1_743' title='bbox 978 4440 1169 4496; x_wconf 85' lang='lat' dir='ltr'><strong>Filium</strong></span> <span class='ocrx_word' id='word_1_744' title='bbox 1217 4441 1339 4511; x_wconf 82' lang='lat' dir='ltr'><strong>Dei,</strong></span> <span class='ocrx_word' id='word_1_745' title='bbox 1365 4449 1424 4496; x_wconf 93' lang='lat' dir='ltr'><strong>ut</strong></span> <span class='ocrx_word' id='word_1_746' title='bbox 1463 4441 1515 4495; x_wconf 93' lang='lat' dir='ltr'><strong>in</strong></span> <span class='ocrx_word' id='word_1_747' title='bbox 1560 4458 1684 4498; x_wconf 90' lang='lat' dir='ltr'><strong>eum</strong></span> <span class='ocrx_word' id='word_1_748' title='bbox 1729 4445 1933 4510; x_wconf 88' lang='lat' dir='ltr'><strong>credat,</strong></span> <span class='ocrx_word' id='word_1_749' title='bbox 1964 4428 2019 4489; x_wconf 73' lang='grc' dir='ltr'><strong>Ι)</strong></span> <span class='ocrx_word' id='word_1_750' title='bbox 2115 4449 2248 4521; x_wconf 76' lang='lat' dir='ltr'><strong>Erat</strong></span> <span class='ocrx_word' id='word_1_751' title='bbox 2292 4456 2468 4501; x_wconf 86' lang='lat' dir='ltr'><strong>autem</strong></span> <span class='ocrx_word' id='word_1_752' title='bbox 2514 4444 2746 4499; x_wconf 84' lang='lat' dir='ltr'><strong>Joannes</strong></span> <span class='ocrx_word' id='word_1_753' title='bbox 2790 4443 3061 4515; x_wconf 69' lang='lat' dir='ltr'><strong>baptizans</strong></span> <span class='ocrx_word' id='word_1_754' title='bbox 3102 4442 3157 4496; x_wconf 88' lang='lat' dir='ltr'><strong>in</strong></span> <span class='ocrx_word' id='word_1_755' title='bbox 3199 4446 3354 4498; x_wconf 75' lang='grc' dir='ltr'><strong>Αἰνὼν</strong></span> <span class='ocrx_word' id='word_1_756' title='bbox 3398 4441 3416 4472; x_wconf 80' lang='grc' dir='ltr'>ί</span> <span class='ocrx_word' id='word_1_757' title='bbox 3458 4442 3619 4512; x_wconf 74' lang='lat' dir='ltr'><strong>juxta</strong></span> 
     </span>
    </p>
   </div>
   <div class='ocr_carea' id='block_1_92' title="bbox 369 4531 1941 4607">
    <p class='ocr_par' dir='ltr' id='par_1_92' title="bbox 369 4531 1941 4607">
     <span class='ocr_line' id='line_1_92' title="bbox 369 4531 1941 4607; baseline 0.002 -17"><span class='ocrx_word' id='word_1_758' title='bbox 369 4550 600 4604; x_wconf 89' lang='lat' dir='ltr'><strong>eumque</strong></span> <span class='ocrx_word' id='word_1_759' title='bbox 624 4541 934 4605; x_wconf 82' lang='lat' dir='ltr'><strong>cognoscat,</strong></span> <span class='ocrx_word' id='word_1_760' title='bbox 965 4549 1071 4588; x_wconf 88' lang='lat' dir='ltr'><strong>non</strong></span> <span class='ocrx_word' id='word_1_761' title='bbox 1095 4531 1403 4600; x_wconf 80' lang='lat' dir='ltr'><strong>iudicatur;</strong></span> <span class='ocrx_word' id='word_1_762' title='bbox 1439 4534 1528 4602; x_wconf 90' lang='lat' dir='ltr'><strong>qui</strong></span> <span class='ocrx_word' id='word_1_763' title='bbox 1554 4546 1731 4591; x_wconf 89' lang='lat' dir='ltr'><strong>autem</strong></span> <span class='ocrx_word' id='word_1_764' title='bbox 1767 4552 1941 4607; x_wconf 86' lang='lat' dir='ltr'><strong>neque</strong></span> 
     </span>
    </p>
   </div>
   <div class='ocr_carea' id='block_1_93' title="bbox 367 4620 1940 4691">
    <p class='ocr_par' dir='ltr' id='par_1_93' title="bbox 367 4620 1940 4691">
     <span class='ocr_line' id='line_1_93' title="bbox 367 4620 1940 4691; baseline 0.001 -12"><span class='ocrx_word' id='word_1_765' title='bbox 367 4625 420 4679; x_wconf 88' lang='lat' dir='ltr'><strong>in</strong></span> <span class='ocrx_word' id='word_1_766' title='bbox 463 4640 588 4678; x_wconf 88' lang='lat' dir='ltr'><strong>eum</strong></span> <span class='ocrx_word' id='word_1_767' title='bbox 632 4624 837 4686; x_wconf 89' lang='lat' dir='ltr'><strong>credit,</strong></span> <span class='ocrx_word' id='word_1_768' title='bbox 886 4636 1061 4690; x_wconf 87' lang='lat' dir='ltr'><strong>neque</strong></span> <span class='ocrx_word' id='word_1_769' title='bbox 1106 4620 1394 4691; x_wconf 78' lang='lat' dir='ltr'><strong>intelligit,</strong></span> <span class='ocrx_word' id='word_1_770' title='bbox 1442 4622 1494 4674; x_wconf 89' lang='lat' dir='ltr'><strong>in</strong></span> <span class='ocrx_word' id='word_1_771' title='bbox 1540 4620 1779 4678; x_wconf 89' lang='lat' dir='ltr'><strong>tenebris</strong></span> <span class='ocrx_word' id='word_1_772' title='bbox 1828 4626 1940 4681; x_wconf 84' lang='lat' dir='ltr'><strong>suis</strong></span> 
     </span>
    </p>
   </div>
   <div class='ocr_carea' id='block_1_94' title="bbox 366 4712 1939 4785">
    <p class='ocr_par' dir='ltr' id='par_1_94' title="bbox 366 4712 1939 4785">
     <span class='ocr_line' id='line_1_94' title="bbox 366 4712 1939 4785; baseline 0.001 -15"><span class='ocrx_word' id='word_1_773' title='bbox 366 4716 626 4780; x_wconf 86' lang='lat' dir='ltr'><strong>manebit,</strong></span> <span class='ocrx_word' id='word_1_774' title='bbox 658 4718 710 4770; x_wconf 92' lang='lat' dir='ltr'><strong>in</strong></span> <span class='ocrx_word' id='word_1_775' title='bbox 735 4715 933 4785; x_wconf 85' lang='lat' dir='ltr'><strong>quibus</strong></span> <span class='ocrx_word' id='word_1_776' title='bbox 960 4712 1327 4777; x_wconf 87' lang='lat' dir='ltr'><strong>damnabitur,</strong></span> <span class='ocrx_word' id='word_1_777' title='bbox 1354 4712 1457 4768; x_wconf 90' lang='lat' dir='ltr'><strong>hoc</strong></span> <span class='ocrx_word' id='word_1_778' title='bbox 1478 4723 1564 4769; x_wconf 87' lang='lat' dir='ltr'><strong>est</strong></span> <span class='ocrx_word' id='word_1_779' title='bbox 1589 4713 1939 4783; x_wconf 74' lang='lat' dir='ltr'><strong>iudicabitur,</strong></span> 
     </span>
    </p>
   </div>
   <div class='ocr_carea' id='block_1_95' title="bbox 363 4800 1941 4861">
    <p class='ocr_par' dir='ltr' id='par_1_95' title="bbox 363 4800 1941 4861">
     <span class='ocr_line' id='line_1_95' title="bbox 363 4800 1941 4861; baseline 0.001 -2"><span class='ocrx_word' id='word_1_780' title='bbox 363 4805 554 4859; x_wconf 87' lang='lat' dir='ltr'><strong>nolens</strong></span> <span class='ocrx_word' id='word_1_781' title='bbox 600 4804 865 4859; x_wconf 87' lang='lat' dir='ltr'><strong>accedere</strong></span> <span class='ocrx_word' id='word_1_782' title='bbox 906 4802 975 4856; x_wconf 80' lang='lat' dir='ltr'><strong>a’d</strong></span> <span class='ocrx_word' id='word_1_783' title='bbox 1018 4801 1214 4855; x_wconf 91' lang='lat' dir='ltr'><strong>lucem.</strong></span> <span class='ocrx_word' id='word_1_784' title='bbox 1266 4800 1333 4853; x_wconf 84' lang='lat' dir='ltr'><strong>Et</strong></span> <span class='ocrx_word' id='word_1_785' title='bbox 1377 4801 1669 4858; x_wconf 68' lang='lat' dir='ltr'><strong>dilexerunt</strong></span> <span class='ocrx_word' id='word_1_786' title='bbox 1708 4805 1941 4861; x_wconf 84' lang='lat' dir='ltr'><strong>homines</strong></span> 
     </span>
    </p>
   </div>
   <div class='ocr_carea' id='block_1_96' title="bbox 362 4889 1943 4965">
    <p class='ocr_par' dir='ltr' id='par_1_96' title="bbox 362 4889 1943 4965">
     <span class='ocr_line' id='line_1_96' title="bbox 362 4889 1943 4965; baseline 0 -16"><span class='ocrx_word' id='word_1_787' title='bbox 362 4897 530 4965; x_wconf 81' lang='lat' dir='ltr'><strong>magis</strong></span> <span class='ocrx_word' id='word_1_788' title='bbox 547 4894 787 4949; x_wconf 82' lang='lat' dir='ltr'><strong>tenebras</strong></span> <span class='ocrx_word' id='word_1_789' title='bbox 808 4908 963 4961; x_wconf 87' lang='lat' dir='ltr'><strong>quam</strong></span> <span class='ocrx_word' id='word_1_790' title='bbox 977 4891 1166 4945; x_wconf 82' lang='lat' dir='ltr'><strong>lucem.</strong></span> <span class='ocrx_word' id='word_1_791' title='bbox 1186 4889 1417 4945; x_wconf 89' lang='lat' dir='ltr'><strong>Pulchre</strong></span> <span class='ocrx_word' id='word_1_792' title='bbox 1449 4890 1526 4945; x_wconf 88' lang='lat' dir='ltr'><strong>ait</strong></span> <span class='ocrx_word' id='word_1_793' title='bbox 1546 4893 1778 4947; x_wconf 78' lang='lat' dir='ltr'><strong>homines</strong></span> <span class='ocrx_word' id='word_1_794' title='bbox 1798 4934 1811 4958; x_wconf 92' lang='lat'><strong>,</strong></span> <span class='ocrx_word' id='word_1_795' title='bbox 1839 4896 1943 4950; x_wconf 89' lang='lat' dir='ltr'><strong>hoc</strong></span> 
     </span>
    </p>
   </div>
   <div class='ocr_carea' id='block_1_97' title="bbox 364 4977 1941 5048">
    <p class='ocr_par' dir='ltr' id='par_1_97' title="bbox 364 4977 1941 5048">
     <span class='ocr_line' id='line_1_97' title="bbox 364 4977 1941 5048; baseline -0.001 -10"><span class='ocrx_word' id='word_1_796' title='bbox 364 4990 449 5038; x_wconf 84' lang='lat' dir='ltr'><strong>est</strong></span> <span class='ocrx_word' id='word_1_797' title='bbox 474 4982 756 5044; x_wconf 84' lang='lat' dir='ltr'><strong>carnales,</strong></span> <span class='ocrx_word' id='word_1_798' title='bbox 781 4980 951 5048; x_wconf 87' lang='lat' dir='ltr'><strong>impii,</strong></span> <span class='ocrx_word' id='word_1_799' title='bbox 986 4977 1280 5042; x_wconf 89' lang='lat' dir='ltr'><strong>increduli,</strong></span> <span class='ocrx_word' id='word_1_800' title='bbox 1308 4993 1414 5033; x_wconf 91' lang='lat' dir='ltr'><strong>non</strong></span> <span class='ocrx_word' id='word_1_801' title='bbox 1449 4979 1785 5047; x_wconf 90' lang='lat' dir='ltr'><strong>splrituales;</strong></span> <span class='ocrx_word' id='word_1_802' title='bbox 1816 4997 1941 5036; x_wconf 88' lang='lat' dir='ltr'><strong>nam</strong></span> 
     </span>
    </p>
   </div>
   <div class='ocr_carea' id='block_1_98' title="bbox 365 5070 1945 5137">
    <p class='ocr_par' dir='ltr' id='par_1_98' title="bbox 365 5070 1945 5137">
     <span class='ocr_line' id='line_1_98' title="bbox 365 5070 1945 5137; baseline -0.001 -11"><span class='ocrx_word' id='word_1_803' title='bbox 365 5071 444 5126; x_wconf 86' lang='lat' dir='ltr'><strong>illi</strong></span> <span class='ocrx_word' id='word_1_804' title='bbox 466 5072 603 5125; x_wconf 87' lang='lat' dir='ltr'><strong>ultra</strong></span> <span class='ocrx_word' id='word_1_805' title='bbox 636 5070 910 5126; x_wconf 80' lang='lat' dir='ltr'><strong>hominem</strong></span> <span class='ocrx_word' id='word_1_806' title='bbox 943 5070 1239 5125; x_wconf 84' lang='lat' dir='ltr'><strong>ascendunt</strong></span> <span class='ocrx_word' id='word_1_807' title='bbox 1257 5077 1313 5123; x_wconf 87' lang='lat' dir='ltr'><strong>et</strong></span> <span class='ocrx_word' id='word_1_808' title='bbox 1330 5075 1589 5137; x_wconf 88' lang='lat' dir='ltr'><strong>superant</strong></span> <span class='ocrx_word' id='word_1_809' title='bbox 1612 5083 1765 5123; x_wconf 89' lang='lat' dir='ltr'><strong>suam</strong></span> <span class='ocrx_word' id='word_1_810' title='bbox 1790 5080 1945 5124; x_wconf 86' lang='lat' dir='ltr'><strong>natu-</strong></span> 
     </span>
    </p>
   </div>
   <div class='ocr_carea' id='block_1_99' title="bbox 363 5161 1944 5233">
    <p class='ocr_par' dir='ltr' id='par_1_99' title="bbox 363 5161 1944 5233">
     <span class='ocr_line' id='line_1_99' title="bbox 363 5161 1944 5233; baseline 0.001 -15"><span class='ocrx_word' id='word_1_811' title='bbox 363 5179 481 5218; x_wconf 80' lang='lat' dir='ltr'><strong>ram</strong></span> <span class='ocrx_word' id='word_1_812' title='bbox 494 5180 590 5233; x_wconf 86' lang='lat' dir='ltr'><strong>per</strong></span> <span class='ocrx_word' id='word_1_813' title='bbox 602 5164 740 5233; x_wconf 85' lang='lat' dir='ltr'><strong>ejus,</strong></span> <span class='ocrx_word' id='word_1_814' title='bbox 752 5163 845 5231; x_wconf 81' lang='lat' dir='ltr'><strong>qui</strong></span> <span class='ocrx_word' id='word_1_815' title='bbox 859 5176 954 5219; x_wconf 82' lang='lat' dir='ltr'><strong>eos</strong></span> <span class='ocrx_word' id='word_1_816' title='bbox 969 5162 1251 5227; x_wconf 87' lang='lat' dir='ltr'><strong>illuminat,</strong></span> <span class='ocrx_word' id='word_1_817' title='bbox 1266 5162 1517 5232; x_wconf 81' lang='lat' dir='ltr'><strong>gratiam.</strong></span> <span class='ocrx_word' id='word_1_818' title='bbox 1532 5161 1641 5217; x_wconf 89' lang='lat' dir='ltr'><strong>Cur</strong></span> <span class='ocrx_word' id='word_1_819' title='bbox 1655 5172 1832 5219; x_wconf 87' lang='lat' dir='ltr'><strong>autem</strong></span> <span class='ocrx_word' id='word_1_820' title='bbox 1848 5165 1944 5220; x_wconf 91' lang='lat' dir='ltr'><strong>bo-</strong></span> 
     </span>
    </p>
   </div>
   <div class='ocr_carea' id='block_1_100' title="bbox 362 5251 1944 5320">
    <p class='ocr_par' dir='ltr' id='par_1_100' title="bbox 362 5251 1944 5320">
     <span class='ocr_line' id='line_1_100' title="bbox 362 5251 1944 5320; baseline 0.004 -13"><span class='ocrx_word' id='word_1_821' title='bbox 362 5254 538 5308; x_wconf 84' lang='lat' dir='ltr'><strong>mines</strong></span> <span class='ocrx_word' id='word_1_822' title='bbox 562 5253 869 5311; x_wconf 76' lang='lat' dir='ltr'><strong>dilexerunt</strong></span> <span class='ocrx_word' id='word_1_823' title='bbox 886 5252 1059 5320; x_wconf 77' lang='lat' dir='ltr'><strong>magis</strong></span> <span class='ocrx_word' id='word_1_824' title='bbox 1084 5252 1333 5308; x_wconf 79' lang='lat' dir='ltr'><strong>tenebras</strong></span> <span class='ocrx_word' id='word_1_825' title='bbox 1355 5266 1516 5320; x_wconf 86' lang='lat' dir='ltr'><strong>quam</strong></span> <span class='ocrx_word' id='word_1_826' title='bbox 1531 5251 1726 5319; x_wconf 89' lang='lat' dir='ltr'><strong>lucem,</strong></span> <span class='ocrx_word' id='word_1_827' title='bbox 1753 5270 1944 5312; x_wconf 90' lang='lat' dir='ltr'><strong>conse-</strong></span> 
     </span>
    </p>
   </div>
   <div class='ocr_carea' id='block_1_101' title="bbox 439 5370 1697 5484">
    <p class='ocr_par' dir='ltr' id='par_1_101' title="bbox 439 5370 1697 5484">
     <span class='ocr_line' id='line_1_101' title="bbox 439 5370 1697 5484; baseline -0.004 -12"><span class='ocrx_word' id='word_1_828' title='bbox 439 5417 454 5448; x_wconf 83' lang='lat'><strong>&#39;</strong></span> <span class='ocrx_word' id='word_1_829' title='bbox 484 5415 614 5471; x_wconf 89' lang='lat' dir='ltr'><strong>Cod.</strong></span> <span class='ocrx_word' id='word_1_830' title='bbox 664 5414 902 5469; x_wconf 83' lang='lat' dir='ltr'><strong>Aennon.</strong></span> <span class='ocrx_word' id='word_1_831' title='bbox 975 5416 997 5447; x_wconf 84' lang='grc'>¹</span> <span class='ocrx_word' id='word_1_832' title='bbox 1026 5411 1117 5469; x_wconf 87' lang='lat' dir='ltr'><strong>Sic</strong></span> <span class='ocrx_word' id='word_1_833' title='bbox 1161 5415 1280 5470; x_wconf 90' lang='lat' dir='ltr'><strong>cod.</strong></span> <span class='ocrx_word' id='word_1_834' title='bbox 1322 5428 1423 5484; x_wconf 89' lang='lat' dir='ltr'><strong>pro</strong></span> <span class='ocrx_word' id='word_1_835' title='bbox 1462 5370 1697 5469; x_wconf 30' lang='lat' dir='ltr'><strong>Aennoii.‘</strong></span> 
     </span>
    </p>
   </div>
   <div class='ocr_carea' id='block_1_102' title="bbox 2048 4532 3621 4609">
    <p class='ocr_par' dir='ltr' id='par_1_102' title="bbox 2048 4532 3621 4609">
     <span class='ocr_line' id='line_1_102' title="bbox 2048 4532 3621 4609; baseline -0.003 -13"><span class='ocrx_word' id='word_1_836' title='bbox 2048 4540 2266 4605; x_wconf 84' lang='lat' dir='ltr'><strong>Saleim,</strong></span> <span class='ocrx_word' id='word_1_837' title='bbox 2289 4539 2411 4609; x_wconf 86' lang='lat' dir='ltr'><strong>quia</strong></span> <span class='ocrx_word' id='word_1_838' title='bbox 2438 4554 2604 4609; x_wconf 87' lang='lat' dir='ltr'><strong>aquae</strong></span> <span class='ocrx_word' id='word_1_839' title='bbox 2627 4534 2821 4590; x_wconf 86' lang='lat' dir='ltr'><strong>multae</strong></span> <span class='ocrx_word' id='word_1_840' title='bbox 2840 4542 2986 4589; x_wconf 87' lang='lat' dir='ltr'><strong>erant</strong></span> <span class='ocrx_word' id='word_1_841' title='bbox 3009 4533 3139 4588; x_wconf 84' lang='lat' dir='ltr'><strong>illic.</strong></span> <span class='ocrx_word' id='word_1_842' title='bbox 3164 4532 3354 4589; x_wconf 85' lang='lat' dir='ltr'><strong>Adhuc</strong></span> <span class='ocrx_word' id='word_1_843' title='bbox 3382 4533 3621 4591; x_wconf 78' lang='lat' dir='ltr'><strong>Joannes</strong></span> 
     </span>
    </p>
   </div>
   <div class='ocr_carea' id='block_1_103' title="bbox 2046 4625 3619 4703">
    <p class='ocr_par' dir='ltr' id='par_1_103' title="bbox 2046 4625 3619 4703">
     <span class='ocr_line' id='line_1_103' title="bbox 2046 4625 3619 4703; baseline -0.003 -15"><span class='ocrx_word' id='word_1_844' title='bbox 2046 4633 2353 4703; x_wconf 80' lang='lat' dir='ltr'><strong>baptizabat</strong></span> <span class='ocrx_word' id='word_1_845' title='bbox 2375 4633 2428 4686; x_wconf 91' lang='lat' dir='ltr'><strong>in</strong></span> <span class='ocrx_word' id='word_1_846' title='bbox 2459 4631 2721 4694; x_wconf 85' lang='lat' dir='ltr'><strong>Jordane,</strong></span> <span class='ocrx_word' id='word_1_847' title='bbox 2753 4628 2879 4683; x_wconf 90' lang='lat' dir='ltr'><strong>dum</strong></span> <span class='ocrx_word' id='word_1_848' title='bbox 2907 4625 3157 4682; x_wconf 86' lang='lat' dir='ltr'><strong>Christus</strong></span> <span class='ocrx_word' id='word_1_849' title='bbox 3189 4627 3240 4681; x_wconf 91' lang='lat' dir='ltr'><strong>in</strong></span> <span class='ocrx_word' id='word_1_850' title='bbox 3272 4626 3471 4684; x_wconf 84' lang='lat' dir='ltr'><strong>Judaea</strong></span> <span class='ocrx_word' id='word_1_851' title='bbox 3501 4642 3619 4683; x_wconf 87' lang='lat' dir='ltr'><strong>coc-</strong></span> 
     </span>
    </p>
   </div>
   <div class='ocr_carea' id='block_1_104' title="bbox 2045 4721 3617 4794">
    <p class='ocr_par' dir='ltr' id='par_1_104' title="bbox 2045 4721 3617 4794">
     <span class='ocr_line' id='line_1_104' title="bbox 2045 4721 3617 4794; baseline -0.003 -15"><span class='ocrx_word' id='word_1_852' title='bbox 2045 4733 2201 4794; x_wconf 86' lang='lat' dir='ltr'><strong>perat</strong></span> <span class='ocrx_word' id='word_1_853' title='bbox 2224 4733 2280 4779; x_wconf 91' lang='lat' dir='ltr'><strong>et</strong></span> <span class='ocrx_word' id='word_1_854' title='bbox 2301 4724 2592 4793; x_wconf 89' lang='lat' dir='ltr'><strong>discipulos</strong></span> <span class='ocrx_word' id='word_1_855' title='bbox 2630 4736 2779 4787; x_wconf 89' lang='lat' dir='ltr'><strong>suos,</strong></span> <span class='ocrx_word' id='word_1_856' title='bbox 2810 4730 2868 4777; x_wconf 90' lang='lat' dir='ltr'><strong>et</strong></span> <span class='ocrx_word' id='word_1_857' title='bbox 2901 4736 2996 4790; x_wconf 87' lang='lat' dir='ltr'><strong>per</strong></span> <span class='ocrx_word' id='word_1_858' title='bbox 3022 4736 3116 4778; x_wconf 90' lang='lat' dir='ltr'><strong>eos</strong></span> <span class='ocrx_word' id='word_1_859' title='bbox 3141 4721 3278 4778; x_wconf 91' lang='lat' dir='ltr'><strong>alios</strong></span> <span class='ocrx_word' id='word_1_860' title='bbox 3318 4724 3617 4793; x_wconf 83' lang='lat' dir='ltr'><strong>baptizare.</strong></span> 
     </span>
    </p>
   </div>
   <div class='ocr_carea' id='block_1_105' title="bbox 2046 4815 3620 4886">
    <p class='ocr_par' dir='ltr' id='par_1_105' title="bbox 2046 4815 3620 4886">
     <span class='ocr_line' id='line_1_105' title="bbox 2046 4815 3620 4886; baseline -0.001 -16"><span class='ocrx_word' id='word_1_861' title='bbox 2046 4817 2163 4872; x_wconf 85' lang='lat' dir='ltr'><strong>Non</strong></span> <span class='ocrx_word' id='word_1_862' title='bbox 2191 4817 2334 4870; x_wconf 89' lang='lat' dir='ltr'><strong>enim</strong></span> <span class='ocrx_word' id='word_1_863' title='bbox 2369 4816 2630 4872; x_wconf 85' lang='lat' dir='ltr'><strong>debuerat</strong></span> <span class='ocrx_word' id='word_1_864' title='bbox 2678 4830 3004 4884; x_wconf 89' lang='lat' dir='ltr'><strong>praecursor</strong></span> <span class='ocrx_word' id='word_1_865' title='bbox 3037 4815 3330 4885; x_wconf 90' lang='lat' dir='ltr'><strong>discipulus</strong></span> <span class='ocrx_word' id='word_1_866' title='bbox 3358 4831 3620 4886; x_wconf 89' lang='lat' dir='ltr'><strong>praecur-</strong></span> 
     </span>
    </p>
   </div>
   <div class='ocr_carea' id='block_1_106' title="bbox 2046 4906 3615 4977">
    <p class='ocr_par' dir='ltr' id='par_1_106' title="bbox 2046 4906 3615 4977">
     <span class='ocr_line' id='line_1_106' title="bbox 2046 4906 3615 4977; baseline -0.002 -16"><span class='ocrx_word' id='word_1_867' title='bbox 2046 4906 2217 4961; x_wconf 88' lang='lat' dir='ltr'><strong>sionis</strong></span> <span class='ocrx_word' id='word_1_868' title='bbox 2241 4920 2369 4961; x_wconf 88' lang='lat' dir='ltr'><strong>suae</strong></span> <span class='ocrx_word' id='word_1_869' title='bbox 2391 4906 2708 4977; x_wconf 86' lang='lat' dir='ltr'><strong>mysterium</strong></span> <span class='ocrx_word' id='word_1_870' title='bbox 2737 4906 3115 4969; x_wconf 88' lang='lat' dir='ltr'><strong>intermittere,</strong></span> <span class='ocrx_word' id='word_1_871' title='bbox 3141 4907 3455 4976; x_wconf 87' lang='lat' dir='ltr'><strong>priusquam</strong></span> <span class='ocrx_word' id='word_1_872' title='bbox 3484 4906 3615 4974; x_wconf 90' lang='lat' dir='ltr'><strong>ipse,</strong></span> 
     </span>
    </p>
   </div>
   <div class='ocr_carea' id='block_1_107' title="bbox 2047 4994 3615 5065">
    <p class='ocr_par' dir='ltr' id='par_1_107' title="bbox 2047 4994 3615 5065">
     <span class='ocr_line' id='line_1_107' title="bbox 2047 4994 3615 5065; baseline -0.001 -16"><span class='ocrx_word' id='word_1_873' title='bbox 2047 4994 2198 5065; x_wconf 88' lang='lat' dir='ltr'><strong>cujus</strong></span> <span class='ocrx_word' id='word_1_874' title='bbox 2218 5011 2410 5065; x_wconf 83' lang='lat' dir='ltr'><strong>praeco</strong></span> <span class='ocrx_word' id='word_1_875' title='bbox 2420 5012 2536 5051; x_wconf 88' lang='lat' dir='ltr'><strong>rsor</strong></span> <span class='ocrx_word' id='word_1_876' title='bbox 2556 5006 2695 5060; x_wconf 87' lang='lat' dir='ltr'><strong>erat,</strong></span> <span class='ocrx_word' id='word_1_877' title='bbox 2712 4996 2973 5065; x_wconf 84' lang='lat' dir='ltr'><strong>inciperet</strong></span> <span class='ocrx_word' id='word_1_878' title='bbox 2996 4996 3279 5051; x_wconf 86' lang='lat' dir='ltr'><strong>veritatem</strong></span> <span class='ocrx_word' id='word_1_879' title='bbox 3301 4994 3615 5061; x_wconf 82' lang='lat' dir='ltr'><strong>ostendere.</strong></span> 
     </span>
    </p>
   </div>
   <div class='ocr_carea' id='block_1_108' title="bbox 2054 5084 3619 5156">
    <p class='ocr_par' dir='ltr' id='par_1_108' title="bbox 2054 5084 3619 5156">
     <span class='ocr_line' id='line_1_108' title="bbox 2054 5084 3619 5156; baseline -0.001 -16"><span class='ocrx_word' id='word_1_880' title='bbox 2054 5084 2251 5141; x_wconf 86' lang='lat' dir='ltr'><strong>Umbra</strong></span> <span class='ocrx_word' id='word_1_881' title='bbox 2281 5086 2458 5141; x_wconf 90' lang='lat' dir='ltr'><strong>adhuc</strong></span> <span class='ocrx_word' id='word_1_882' title='bbox 2477 5088 2791 5155; x_wconf 84' lang='lat' dir='ltr'><strong>permansit,</strong></span> <span class='ocrx_word' id='word_1_883' title='bbox 2818 5087 2943 5154; x_wconf 88' lang='lat' dir='ltr'><strong>quia</strong></span> <span class='ocrx_word' id='word_1_884' title='bbox 2975 5101 3080 5139; x_wconf 91' lang='lat' dir='ltr'><strong>non</strong></span> <span class='ocrx_word' id='word_1_885' title='bbox 3109 5086 3330 5141; x_wconf 90' lang='lat' dir='ltr'><strong>omnino</strong></span> <span class='ocrx_word' id='word_1_886' title='bbox 3355 5086 3446 5140; x_wconf 79' lang='lat' dir='ltr'><strong>lux</strong></span> <span class='ocrx_word' id='word_1_887' title='bbox 3468 5094 3619 5156; x_wconf 89' lang='lat' dir='ltr'><strong>pate-</strong></span> 
     </span>
    </p>
   </div>
   <div class='ocr_carea' id='block_1_109' title="bbox 2050 5172 3619 5241">
    <p class='ocr_par' dir='ltr' id='par_1_109' title="bbox 2050 5172 3619 5241">
     <span class='ocr_line' id='line_1_109' title="bbox 2050 5172 3619 5241; baseline -0.003 -13"><span class='ocrx_word' id='word_1_888' title='bbox 2050 5175 2189 5228; x_wconf 86' lang='lat' dir='ltr'><strong>laeta</strong></span> <span class='ocrx_word' id='word_1_889' title='bbox 2215 5174 2330 5228; x_wconf 80' lang='lat' dir='ltr'><strong>l‘nit.</strong></span> <span class='ocrx_word' id='word_1_890' title='bbox 2356 5174 2423 5229; x_wconf 88' lang='lat' dir='ltr'><strong>In</strong></span> <span class='ocrx_word' id='word_1_891' title='bbox 2449 5176 2683 5240; x_wconf 75' lang='lat' dir='ltr'><strong>Amnon,</strong></span> <span class='ocrx_word' id='word_1_892' title='bbox 2706 5174 2811 5230; x_wconf 87' lang='lat' dir='ltr'><strong>hoc</strong></span> <span class='ocrx_word' id='word_1_893' title='bbox 2838 5173 2997 5228; x_wconf 85' lang='lat' dir='ltr'><strong>estin</strong></span> <span class='ocrx_word' id='word_1_894' title='bbox 3017 5173 3166 5241; x_wconf 76' lang='lat' dir='ltr'><strong>aquis</strong></span> <span class='ocrx_word' id='word_1_895' title='bbox 3192 5172 3253 5236; x_wconf 76' lang='lat' dir='ltr'><strong>b;</strong></span> <span class='ocrx_word' id='word_1_896' title='bbox 3282 5188 3405 5226; x_wconf 79' lang='lat' dir='ltr'><strong>cuos</strong></span> <span class='ocrx_word' id='word_1_897' title='bbox 3428 5175 3448 5203; x_wconf 85' lang='lat'>&#39;</span> <span class='ocrx_word' id='word_1_898' title='bbox 3474 5173 3619 5225; x_wconf 86' lang='lat' dir='ltr'><strong>enim</strong></span> 
     </span>
    </p>
   </div>
   <div class='ocr_carea' id='block_1_110' title="bbox 2051 5256 3620 5333">
    <p class='ocr_par' dir='ltr' id='par_1_110' title="bbox 2051 5256 3620 5333">
     <span class='ocr_line' id='line_1_110' title="bbox 2051 5256 3620 5333; baseline -0.004 -18"><span class='ocrx_word' id='word_1_899' title='bbox 2051 5262 2304 5317; x_wconf 87' lang='lat' dir='ltr'><strong>hcbraice</strong></span> <span class='ocrx_word' id='word_1_900' title='bbox 2361 5279 2498 5333; x_wconf 85' lang='lat' dir='ltr'><strong>aqua</strong></span> <span class='ocrx_word' id='word_1_901' title='bbox 2533 5262 2764 5328; x_wconf 79' lang='lat' dir='ltr'><strong>dicitur;</strong></span> <span class='ocrx_word' id='word_1_902' title='bbox 2798 5261 2919 5316; x_wconf 90' lang='lat' dir='ltr'><strong>ideo</strong></span> <span class='ocrx_word' id='word_1_903' title='bbox 2958 5260 3279 5314; x_wconf 84' lang='lat' dir='ltr'><strong>subsecutus</strong></span> <span class='ocrx_word' id='word_1_904' title='bbox 3314 5256 3423 5321; x_wconf 88' lang='lat' dir='ltr'><strong>ait,</strong></span> <span class='ocrx_word' id='word_1_905' title='bbox 3461 5257 3620 5325; x_wconf 86' lang='lat' dir='ltr'><strong>quasi</strong></span> 
     </span>
    </p>
   </div>
   <div class='ocr_carea' id='block_1_111' title="bbox 1647 5344 2326 5409">
    <p class='ocr_par' dir='ltr' id='par_1_111' title="bbox 1647 5344 2326 5409">
     <span class='ocr_line' id='line_1_111' title="bbox 1647 5344 2326 5409; baseline 0.015 -12"><span class='ocrx_word' id='word_1_906' title='bbox 1647 5344 1898 5403; x_wconf 79' lang='lat' dir='ltr'><strong>VAlllAE</strong></span> <span class='ocrx_word' id='word_1_907' title='bbox 1932 5351 2326 5409; x_wconf 80' lang='lat' dir='ltr'><strong>LECTIONES.</strong></span> 
     </span>
    </p>
   </div>
   <div class='ocr_carea' id='block_1_112' title="bbox 1896 5484 2144 5542">
    <p class='ocr_par' dir='ltr' id='par_1_112' title="bbox 1896 5484 2144 5542">
     <span class='ocr_line' id='line_1_112' title="bbox 1896 5484 2144 5542; baseline 0.004 -4"><span class='ocrx_word' id='word_1_908' title='bbox 1896 5484 2144 5542; x_wconf 79' lang='lat' dir='ltr'><strong>NOTAE.</strong></span> 
     </span>
    </p>
   </div>
   <div class='ocr_carea' id='block_1_113' title="bbox 433 5552 1969 5625">
    <p class='ocr_par' dir='ltr' id='par_1_113' title="bbox 433 5552 1969 5625">
     <span class='ocr_line' id='line_1_113' title="bbox 433 5552 1969 5625; baseline 0.001 -18"><span class='ocrx_word' id='word_1_909' title='bbox 433 5567 459 5625; x_wconf 50' lang='grc' dir='ltr'>ξ</span> <span class='ocrx_word' id='word_1_910' title='bbox 596 5554 698 5607; x_wconf 91' lang='lat' dir='ltr'><strong>hac</strong></span> <span class='ocrx_word' id='word_1_911' title='bbox 740 5553 1185 5621; x_wconf 84' lang='lat' dir='ltr'><strong>interpretatione</strong></span> <span class='ocrx_word' id='word_1_912' title='bbox 1213 5553 1365 5608; x_wconf 88' lang='lat' dir='ltr'><strong>verbi</strong></span> <span class='ocrx_word' id='word_1_913' title='bbox 1392 5554 1601 5609; x_wconf 80' lang='lat' dir='ltr'><strong>Iudaea</strong></span> <span class='ocrx_word' id='word_1_914' title='bbox 1633 5552 1758 5608; x_wconf 89' lang='lat' dir='ltr'><strong>vide</strong></span> <span class='ocrx_word' id='word_1_915' title='bbox 1783 5569 1969 5625; x_wconf 80' lang='lat' dir='ltr'><strong>supra&#39;</strong></span> 
     </span>
    </p>
   </div>
   <div class='ocr_carea' id='block_1_114' title="bbox 360 5623 1949 5763">
    <p class='ocr_par' dir='ltr' id='par_1_114' title="bbox 360 5623 1949 5763">
     <span class='ocr_line' id='line_1_114' title="bbox 360 5623 1949 5763; baseline 0.001 -16"><span class='ocrx_word' id='word_1_916' title='bbox 360 5623 467 5733; x_wconf 55' lang='lat' dir='ltr'><strong>eo};</strong></span> <span class='ocrx_word' id='word_1_917' title='bbox 663 5690 712 5745; x_wconf 84' lang='lat' dir='ltr'><strong>J.</strong></span> <span class='ocrx_word' id='word_1_918' title='bbox 731 5689 925 5747; x_wconf 85' lang='lat' dir='ltr'><strong>Scotus</strong></span> <span class='ocrx_word' id='word_1_919' title='bbox 940 5690 1322 5762; x_wconf 85' lang='lat' dir='ltr'><strong>interpretatur</strong></span> <span class='ocrx_word' id='word_1_920' title='bbox 1337 5694 1503 5763; x_wconf 84' lang='lat' dir='ltr'><strong>aquis.</strong></span> <span class='ocrx_word' id='word_1_921' title='bbox 1524 5693 1655 5747; x_wconf 84' lang='lat' dir='ltr'><strong>Nam</strong></span> <span class='ocrx_word' id='word_1_922' title='bbox 1674 5693 1949 5749; x_wconf 88' lang='lat' dir='ltr'><strong>derivatur</strong></span> 
     </span>
    </p>
   </div>
   <div class='ocr_carea' id='block_1_115' title="bbox 767 5789 1356 5851">
    <p class='ocr_par' dir='ltr' id='par_1_115' title="bbox 767 5789 1356 5851">
     <span class='ocr_line' id='line_1_115' title="bbox 767 5789 1356 5851; baseline 0.003 -2"><span class='ocrx_word' id='word_1_923' title='bbox 767 5791 1043 5851; x_wconf 51' lang='lat' dir='ltr'><strong>Puncta</strong></span> <span class='ocrx_word' id='word_1_924' title='bbox 1089 5789 1356 5851; x_wconf 73' lang='lat' dir='ltr'><strong>CXXII.</strong></span> 
     </span>
    </p>
   </div>
   <div class='ocr_carea' id='block_1_116' title="bbox 2046 5548 3614 5643">
    <p class='ocr_par' dir='ltr' id='par_1_116' title="bbox 2046 5548 3614 5643">
     <span class='ocr_line' id='line_1_116' title="bbox 2046 5548 3614 5643; baseline 0.02 -59"><span class='ocrx_word' id='word_1_925' title='bbox 2046 5552 2179 5643; x_wconf 38' lang='lat' dir='ltr'><strong>tam?</strong></span> <span class='ocrx_word' id='word_1_926' title='bbox 2226 5573 2254 5610; x_wconf 62' lang='grc' dir='ltr'><strong>ε,</strong></span> <span class='ocrx_word' id='word_1_927' title='bbox 2299 5565 2401 5642; x_wconf 46' lang='lat' dir='ltr'><strong>rei,</strong></span> <span class='ocrx_word' id='word_1_928' title='bbox 2451 5557 2565 5626; x_wconf 66' lang='lat' dir='ltr'><strong>[om</strong></span> <span class='ocrx_word' id='word_1_929' title='bbox 2593 5595 2607 5619; x_wconf 91' lang='lat'><strong>,</strong></span> <span class='ocrx_word' id='word_1_930' title='bbox 2645 5564 2848 5623; x_wconf 82' lang='lat' dir='ltr'><strong>puteus.</strong></span> <span class='ocrx_word' id='word_1_931' title='bbox 2883 5551 2941 5604; x_wconf 88' lang='lat' dir='ltr'><strong>S.</strong></span> <span class='ocrx_word' id='word_1_932' title='bbox 2977 5548 3333 5619; x_wconf 86' lang='lat' dir='ltr'><strong>Hieronymus</strong></span> <span class='ocrx_word' id='word_1_933' title='bbox 3366 5573 3378 5610; x_wconf 90' lang='lat'><strong>:</strong></span> <span class='ocrx_word' id='word_1_934' title='bbox 3415 5557 3614 5627; x_wconf 83' lang='lat' dir='ltr'><strong>Aenon,</strong></span> 
     </span>
    </p>
   </div>
   <div class='ocr_carea' id='block_1_117' title="bbox 2051 5661 2735 5730">
    <p class='ocr_par' dir='ltr' id='par_1_117' title="bbox 2051 5661 2735 5730">
     <span class='ocr_line' id='line_1_117' title="bbox 2051 5661 2735 5730; baseline -0.006 -16"><span class='ocrx_word' id='word_1_935' title='bbox 2051 5664 2254 5727; x_wconf 86' lang='lat' dir='ltr'><strong>oculus,</strong></span> <span class='ocrx_word' id='word_1_936' title='bbox 2285 5671 2375 5715; x_wconf 82' lang='lat' dir='ltr'><strong>aut</strong></span> <span class='ocrx_word' id='word_1_937' title='bbox 2403 5661 2518 5730; x_wconf 76' lang='lat' dir='ltr'><strong>fons</strong></span> <span class='ocrx_word' id='word_1_938' title='bbox 2540 5674 2735 5713; x_wconf 86' lang='lat' dir='ltr'><strong>eorum.</strong></span> 
     </span>
    </p>
   </div>
   <div class='ocr_carea' id='block_1_118' title="bbox 3112 5787 3182 5846">
    <p class='ocr_par' dir='ltr' id='par_1_118' title="bbox 3112 5787 3182 5846">
     <span class='ocr_line' id='line_1_118' title="bbox 3112 5787 3182 5846; baseline 0 0"><span class='ocrx_word' id='word_1_939' title='bbox 3112 5787 3182 5846; x_wconf 84' lang='grc'><strong>11</strong></span> 
     </span>
    </p>
   </div>
  </div>
