  <div class='ocr_page' id='page_1' title='image "/cluster/home/n/w/nwhite01/storage/ocr_20150623/122/pst.000018028355/199.png"; bbox 0 0 4178 6266; ppageno 0'>
   <div class='ocr_carea' id='block_1_1' title="bbox 524 314 658 372">
    <p class='ocr_par' dir='ltr' id='par_1_1' title="bbox 524 314 658 372">
     <span class='ocr_line' id='line_1_1' title="bbox 524 314 658 372; baseline 0.015 -2"><span class='ocrx_word' id='word_1_1' title='bbox 524 314 658 372; x_wconf 62' lang='grc' dir='ltr'><strong>ἶῦἓδ</strong></span> 
     </span>
    </p>
   </div>
   <div class='ocr_carea' id='block_1_2' title="bbox 1937 309 2448 368">
    <p class='ocr_par' dir='ltr' id='par_1_2' title="bbox 1937 309 2448 368">
     <span class='ocr_line' id='line_1_2' title="bbox 1937 309 2448 368; baseline 0.002 -3"><span class='ocrx_word' id='word_1_2' title='bbox 1937 309 2214 366; x_wconf 83' lang='lat' dir='ltr'><strong>JOANNIS</strong></span> <span class='ocrx_word' id='word_1_3' title='bbox 2255 311 2448 368; x_wconf 86' lang='lat' dir='ltr'><strong>SCOTI</strong></span> 
     </span>
    </p>
   </div>
   <div class='ocr_carea' id='block_1_3' title="bbox 3680 310 3805 378">
    <p class='ocr_par' dir='ltr' id='par_1_3' title="bbox 3680 310 3805 378">
     <span class='ocr_line' id='line_1_3' title="bbox 3680 310 3805 378; baseline 0.04 -5"><span class='ocrx_word' id='word_1_4' title='bbox 3680 310 3805 378; x_wconf 54' lang='grc' dir='ltr'><strong>δεῖ</strong></span> 
     </span>
    </p>
   </div>
   <div class='ocr_carea' id='block_1_4' title="bbox 563 423 3785 501">
    <p class='ocr_par' dir='ltr' id='par_1_4' title="bbox 563 423 3785 501">
     <span class='ocr_line' id='line_1_4' title="bbox 563 423 3785 501; baseline 0.001 -15"><span class='ocrx_word' id='word_1_5' title='bbox 563 429 1060 501; x_wconf 88' lang='lat' dir='ltr'><strong>interpretationem</strong></span> <span class='ocrx_word' id='word_1_6' title='bbox 1091 424 1323 479; x_wconf 87' lang='lat' dir='ltr'><strong>nominis</strong></span> <span class='ocrx_word' id='word_1_7' title='bbox 1348 423 1594 493; x_wconf 86' lang='lat' dir='ltr'><strong>aperiens</strong></span> <span class='ocrx_word' id='word_1_8' title='bbox 1619 440 1632 475; x_wconf 91' lang='lat'>:</span> <span class='ocrx_word' id='word_1_9' title='bbox 1657 423 1776 490; x_wconf 85' lang='lat' dir='ltr'><strong>quia</strong></span> <span class='ocrx_word' id='word_1_10' title='bbox 1799 438 1962 488; x_wconf 82' lang='lat' dir='ltr'><strong>aquae</strong></span> <span class='ocrx_word' id='word_1_11' title='bbox 1982 424 2116 476; x_wconf 84' lang='lat' dir='ltr'><strong>mul-</strong></span> <span class='ocrx_word' id='word_1_12' title='bbox 2146 428 2189 484; x_wconf 82' lang='grc' dir='ltr'><strong>Α</strong></span> <span class='ocrx_word' id='word_1_13' title='bbox 2220 423 2322 477; x_wconf 91' lang='lat' dir='ltr'><strong>hoc</strong></span> <span class='ocrx_word' id='word_1_14' title='bbox 2370 424 2651 479; x_wconf 80' lang='lat' dir='ltr'><strong>dicendum</strong></span> <span class='ocrx_word' id='word_1_15' title='bbox 2676 466 2689 488; x_wconf 93' lang='lat'><strong>,</strong></span> <span class='ocrx_word' id='word_1_16' title='bbox 2722 426 2899 495; x_wconf 85' lang='lat' dir='ltr'><strong>quod,</strong></span> <span class='ocrx_word' id='word_1_17' title='bbox 2930 426 2972 480; x_wconf 90' lang='lat' dir='ltr'><strong>si</strong></span> <span class='ocrx_word' id='word_1_18' title='bbox 3012 424 3258 480; x_wconf 73' lang='lat' dir='ltr'><strong>Christus</strong></span> <span class='ocrx_word' id='word_1_19' title='bbox 3295 426 3442 482; x_wconf 85' lang='lat' dir='ltr'><strong>solus</strong></span> <span class='ocrx_word' id='word_1_20' title='bbox 3471 426 3540 483; x_wconf 92' lang='lat' dir='ltr'><strong>ab</strong></span> <span class='ocrx_word' id='word_1_21' title='bbox 3578 429 3785 489; x_wconf 81' lang='lat' dir='ltr'><strong>Joanne</strong></span> 
     </span>
    </p>
   </div>
   <div class='ocr_carea' id='block_1_5' title="bbox 555 513 2113 580">
    <p class='ocr_par' dir='ltr' id='par_1_5' title="bbox 555 513 2113 580">
     <span class='ocr_line' id='line_1_5' title="bbox 555 513 2113 580; baseline -0.007 -2"><span class='ocrx_word' id='word_1_22' title='bbox 555 536 640 580; x_wconf 78' lang='lat' dir='ltr'><strong>tae</strong></span> <span class='ocrx_word' id='word_1_23' title='bbox 665 532 813 578; x_wconf 81' lang='lat' dir='ltr'><strong>erant</strong></span> <span class='ocrx_word' id='word_1_24' title='bbox 838 521 962 575; x_wconf 82' lang='lat' dir='ltr'><strong>illic.</strong></span> <span class='ocrx_word' id='word_1_25' title='bbox 996 521 1070 573; x_wconf 90' lang='lat' dir='ltr'><strong>De</strong></span> <span class='ocrx_word' id='word_1_26' title='bbox 1104 516 1302 572; x_wconf 89' lang='lat' dir='ltr'><strong>Saieim</strong></span> <span class='ocrx_word' id='word_1_27' title='bbox 1331 525 1509 570; x_wconf 88' lang='lat' dir='ltr'><strong>autem</strong></span> <span class='ocrx_word' id='word_1_28' title='bbox 1540 514 1687 568; x_wconf 87' lang='lat' dir='ltr'><strong>varie</strong></span> <span class='ocrx_word' id='word_1_29' title='bbox 1726 515 1955 568; x_wconf 89' lang='lat' dir='ltr'><strong>tradunt.</strong></span> <span class='ocrx_word' id='word_1_30' title='bbox 1984 513 2113 580; x_wconf 88' lang='lat' dir='ltr'><strong>Qui-</strong></span> 
     </span>
    </p>
   </div>
   <div class='ocr_carea' id='block_1_6' title="bbox 559 602 2114 674">
    <p class='ocr_par' dir='ltr' id='par_1_6' title="bbox 559 602 2114 674">
     <span class='ocr_line' id='line_1_6' title="bbox 559 602 2114 674; baseline -0.008 -7"><span class='ocrx_word' id='word_1_31' title='bbox 559 615 682 667; x_wconf 86' lang='lat' dir='ltr'><strong>dam</strong></span> <span class='ocrx_word' id='word_1_32' title='bbox 726 612 910 665; x_wconf 85' lang='lat' dir='ltr'><strong>voiunt</strong></span> <span class='ocrx_word' id='word_1_33' title='bbox 951 608 1016 662; x_wconf 87' lang='lat' dir='ltr'><strong>de</strong></span> <span class='ocrx_word' id='word_1_34' title='bbox 1057 604 1351 660; x_wconf 90' lang='lat' dir='ltr'><strong>Jerusalem</strong></span> <span class='ocrx_word' id='word_1_35' title='bbox 1383 604 1583 672; x_wconf 81' lang='lat' dir='ltr'><strong>accipi,</strong></span> <span class='ocrx_word' id='word_1_36' title='bbox 1625 618 1762 674; x_wconf 84' lang='lat' dir='ltr'><strong>quae</strong></span> <span class='ocrx_word' id='word_1_37' title='bbox 1810 618 1915 656; x_wconf 90' lang='lat' dir='ltr'><strong>non</strong></span> <span class='ocrx_word' id='word_1_38' title='bbox 1958 602 2114 671; x_wconf 84' lang='lat' dir='ltr'><strong>longo</strong></span> 
     </span>
    </p>
   </div>
   <div class='ocr_carea' id='block_1_7' title="bbox 554 691 2114 773">
    <p class='ocr_par' dir='ltr' id='par_1_7' title="bbox 554 691 2114 773">
     <span class='ocr_line' id='line_1_7' title="bbox 554 691 2114 773; baseline -0.008 -15"><span class='ocrx_word' id='word_1_39' title='bbox 554 704 731 773; x_wconf 88' lang='lat' dir='ltr'><strong>spatio</strong></span> <span class='ocrx_word' id='word_1_40' title='bbox 785 700 1019 751; x_wconf 91' lang='lat' dir='ltr'><strong>locorum</strong></span> <span class='ocrx_word' id='word_1_41' title='bbox 1075 695 1237 749; x_wconf 90' lang='lat' dir='ltr'><strong>distat</strong></span> <span class='ocrx_word' id='word_1_42' title='bbox 1283 695 1349 746; x_wconf 86' lang='lat' dir='ltr'><strong>ab</strong></span> <span class='ocrx_word' id='word_1_43' title='bbox 1385 691 1638 745; x_wconf 85' lang='lat' dir='ltr'><strong>Jordane.</strong></span> <span class='ocrx_word' id='word_1_44' title='bbox 1688 691 1820 745; x_wconf 86' lang='lat' dir='ltr'><strong>Nam</strong></span> <span class='ocrx_word' id='word_1_45' title='bbox 1865 691 2114 760; x_wconf 85' lang='lat' dir='ltr'><strong>primitus</strong></span> 
     </span>
    </p>
   </div>
   <div class='ocr_carea' id='block_1_8' title="bbox 2217 514 3778 588">
    <p class='ocr_par' dir='ltr' id='par_1_8' title="bbox 2217 514 3778 588">
     <span class='ocr_line' id='line_1_8' title="bbox 2217 514 3778 588; baseline 0.009 -23"><span class='ocrx_word' id='word_1_46' title='bbox 2217 514 2603 582; x_wconf 79' lang='lat' dir='ltr'><strong>baptizaretur,</strong></span> <span class='ocrx_word' id='word_1_47' title='bbox 2635 515 2752 586; x_wconf 87' lang='lat' dir='ltr'><strong>plus</strong></span> <span class='ocrx_word' id='word_1_48' title='bbox 2784 516 3049 585; x_wconf 89' lang='lat' dir='ltr'><strong>baptisma</strong></span> <span class='ocrx_word' id='word_1_49' title='bbox 3091 516 3339 581; x_wconf 83' lang='lat' dir='ltr'><strong>Joannis,</strong></span> <span class='ocrx_word' id='word_1_50' title='bbox 3377 534 3538 588; x_wconf 86' lang='lat' dir='ltr'><strong>quam</strong></span> <span class='ocrx_word' id='word_1_51' title='bbox 3558 522 3778 587; x_wconf 84' lang='lat' dir='ltr'><strong>Christi,</strong></span> 
     </span>
    </p>
   </div>
   <div class='ocr_carea' id='block_1_9' title="bbox 2216 601 3784 671">
    <p class='ocr_par' dir='ltr' id='par_1_9' title="bbox 2216 601 3784 671">
     <span class='ocr_line' id='line_1_9' title="bbox 2216 601 3784 671; baseline 0.009 -17"><span class='ocrx_word' id='word_1_52' title='bbox 2216 601 2501 671; x_wconf 61' lang='lat' dir='ltr'><strong>baptizatis</strong></span> <span class='ocrx_word' id='word_1_53' title='bbox 2543 604 2792 659; x_wconf 81' lang='lat' dir='ltr'><strong>conferre</strong></span> <span class='ocrx_word' id='word_1_54' title='bbox 2837 606 3130 660; x_wconf 81' lang='lat' dir='ltr'><strong>videretur.</strong></span> <span class='ocrx_word' id='word_1_55' title='bbox 3189 604 3354 661; x_wconf 79' lang='lat' dir='ltr'><strong>Multo</strong></span> <span class='ocrx_word' id='word_1_56' title='bbox 3398 609 3543 662; x_wconf 91' lang='lat' dir='ltr'><strong>enim</strong></span> <span class='ocrx_word' id='word_1_57' title='bbox 3593 610 3784 669; x_wconf 87' lang='lat' dir='ltr'><strong>melius</strong></span> 
     </span>
    </p>
   </div>
   <div class='ocr_carea' id='block_1_10' title="bbox 2215 694 3784 767">
    <p class='ocr_par' dir='ltr' id='par_1_10' title="bbox 2215 694 3784 767">
     <span class='ocr_line' id='line_1_10' title="bbox 2215 694 3784 767; baseline 0.008 -22"><span class='ocrx_word' id='word_1_58' title='bbox 2215 695 2388 762; x_wconf 90' lang='lat' dir='ltr'><strong>potuit</strong></span> <span class='ocrx_word' id='word_1_59' title='bbox 2430 694 2727 747; x_wconf 80' lang='lat' dir='ltr'><strong>existimari</strong></span> <span class='ocrx_word' id='word_1_60' title='bbox 2777 697 2993 750; x_wconf 89' lang='lat' dir='ltr'><strong>unicum</strong></span> <span class='ocrx_word' id='word_1_61' title='bbox 3046 696 3346 765; x_wconf 87' lang='lat' dir='ltr'><strong>baptisma,</strong></span> <span class='ocrx_word' id='word_1_62' title='bbox 3374 713 3482 767; x_wconf 90' lang='lat' dir='ltr'><strong>quo</strong></span> <span class='ocrx_word' id='word_1_63' title='bbox 3524 698 3784 758; x_wconf 79' lang='lat' dir='ltr'><strong>Dominus</strong></span> 
     </span>
    </p>
   </div>
   <div class='ocr_carea' id='block_1_11' title="bbox 554 781 3781 862">
    <p class='ocr_par' dir='ltr' id='par_1_11' title="bbox 554 781 3781 862">
     <span class='ocr_line' id='line_1_11' title="bbox 554 781 3781 862; baseline 0.001 -17"><span class='ocrx_word' id='word_1_64' title='bbox 554 792 750 847; x_wconf 86' lang='lat' dir='ltr'><strong>Saleim</strong></span> <span class='ocrx_word' id='word_1_65' title='bbox 783 786 1101 855; x_wconf 88' lang='lat' dir='ltr'><strong>simpliciter</strong></span> <span class='ocrx_word' id='word_1_66' title='bbox 1127 783 1425 845; x_wconf 89' lang='lat' dir='ltr'><strong>nominata,</strong></span> <span class='ocrx_word' id='word_1_67' title='bbox 1454 783 1707 845; x_wconf 90' lang='lat' dir='ltr'><strong>utaiunt;</strong></span> <span class='ocrx_word' id='word_1_68' title='bbox 1734 781 1926 834; x_wconf 87' lang='lat' dir='ltr'><strong>deinde</strong></span> <span class='ocrx_word' id='word_1_69' title='bbox 1953 782 2114 836; x_wconf 88' lang='lat' dir='ltr'><strong>Ebus-</strong></span> <span class='ocrx_word' id='word_1_70' title='bbox 2214 782 2516 850; x_wconf 81' lang='lat' dir='ltr'><strong>baptizatus</strong></span> <span class='ocrx_word' id='word_1_71' title='bbox 2547 795 2663 847; x_wconf 88' lang='lat' dir='ltr'><strong>est,</strong></span> <span class='ocrx_word' id='word_1_72' title='bbox 2704 800 2863 852; x_wconf 90' lang='lat' dir='ltr'><strong>quam</strong></span> <span class='ocrx_word' id='word_1_73' title='bbox 2908 785 3198 854; x_wconf 87' lang='lat' dir='ltr'><strong>baptisma,</strong></span> <span class='ocrx_word' id='word_1_74' title='bbox 3230 802 3336 854; x_wconf 88' lang='lat' dir='ltr'><strong>quo</strong></span> <span class='ocrx_word' id='word_1_75' title='bbox 3359 788 3513 843; x_wconf 88' lang='lat' dir='ltr'><strong>multi</strong></span> <span class='ocrx_word' id='word_1_76' title='bbox 3552 791 3621 844; x_wconf 89' lang='lat' dir='ltr'><strong>ab</strong></span> <span class='ocrx_word' id='word_1_77' title='bbox 3665 792 3781 862; x_wconf 83' lang='lat' dir='ltr'><strong>ipso</strong></span> 
     </span>
    </p>
   </div>
   <div class='ocr_carea' id='block_1_12' title="bbox 549 869 2107 946">
    <p class='ocr_par' dir='ltr' id='par_1_12' title="bbox 549 869 2107 946">
     <span class='ocr_line' id='line_1_12' title="bbox 549 869 2107 946; baseline -0.009 -10"><span class='ocrx_word' id='word_1_78' title='bbox 549 881 739 944; x_wconf 90' lang='lat' dir='ltr'><strong>salem,</strong></span> <span class='ocrx_word' id='word_1_79' title='bbox 756 877 877 946; x_wconf 90' lang='lat' dir='ltr'><strong>quia</strong></span> <span class='ocrx_word' id='word_1_80' title='bbox 901 876 969 929; x_wconf 88' lang='lat' dir='ltr'><strong>ab</strong></span> <span class='ocrx_word' id='word_1_81' title='bbox 990 873 1242 928; x_wconf 87' lang='lat' dir='ltr'><strong>Ebusseis</strong></span> <span class='ocrx_word' id='word_1_82' title='bbox 1263 885 1540 940; x_wconf 88' lang='lat' dir='ltr'><strong>possessa;</strong></span> <span class='ocrx_word' id='word_1_83' title='bbox 1567 872 1760 925; x_wconf 89' lang='lat' dir='ltr'><strong>deinde</strong></span> <span class='ocrx_word' id='word_1_84' title='bbox 1791 869 2107 934; x_wconf 82' lang='lat' dir='ltr'><strong>Jerusalem,</strong></span> 
     </span>
    </p>
   </div>
   <div class='ocr_carea' id='block_1_13' title="bbox 456 957 2110 1034">
    <p class='ocr_par' dir='ltr' id='par_1_13' title="bbox 456 957 2110 1034">
     <span class='ocr_line' id='line_1_13' title="bbox 456 957 2110 1034; baseline -0.008 -7"><span class='ocrx_word' id='word_1_85' title='bbox 456 966 460 971; x_wconf 69' lang='grc'><em>’</em></span> <span class='ocrx_word' id='word_1_86' title='bbox 550 973 652 1025; x_wconf 89' lang='lat' dir='ltr'><strong>hoc</strong></span> <span class='ocrx_word' id='word_1_87' title='bbox 680 977 763 1021; x_wconf 85' lang='lat' dir='ltr'><strong>est</strong></span> <span class='ocrx_word' id='word_1_88' title='bbox 798 963 1043 1034; x_wconf 81' lang='lat' dir='ltr'><strong>templum</strong></span> <span class='ocrx_word' id='word_1_89' title='bbox 1073 962 1237 1032; x_wconf 81' lang='lat' dir='ltr'><strong>pacis,</strong></span> <span class='ocrx_word' id='word_1_90' title='bbox 1270 970 1490 1029; x_wconf 82' lang='lat' dir='ltr'><strong>propter</strong></span> <span class='ocrx_word' id='word_1_91' title='bbox 1519 959 1835 1013; x_wconf 81' lang='lat' dir='ltr'><strong>nobilissimi</strong></span> <span class='ocrx_word' id='word_1_92' title='bbox 1871 957 2048 1029; x_wconf 87' lang='lat' dir='ltr'><strong>templi</strong></span> <span class='ocrx_word' id='word_1_93' title='bbox 2079 974 2110 1013; x_wconf 89' lang='lat' dir='ltr'><strong>a</strong></span> 
     </span>
    </p>
   </div>
   <div class='ocr_carea' id='block_1_14' title="bbox 547 1046 2111 1118">
    <p class='ocr_par' dir='ltr' id='par_1_14' title="bbox 547 1046 2111 1118">
     <span class='ocr_line' id='line_1_14' title="bbox 547 1046 2111 1118; baseline -0.008 -4"><span class='ocrx_word' id='word_1_94' title='bbox 547 1059 836 1114; x_wconf 88' lang='lat' dir='ltr'><strong>Salomone</strong></span> <span class='ocrx_word' id='word_1_95' title='bbox 876 1050 1168 1107; x_wconf 83' lang='lat' dir='ltr'><strong>constructi</strong></span> <span class='ocrx_word' id='word_1_96' title='bbox 1197 1049 1517 1118; x_wconf 81' lang='lat' dir='ltr'><strong>divulgatam</strong></span> <span class='ocrx_word' id='word_1_97' title='bbox 1545 1049 1595 1100; x_wconf 90' lang='lat' dir='ltr'><strong>in</strong></span> <span class='ocrx_word' id='word_1_98' title='bbox 1625 1046 1759 1102; x_wconf 79' lang='lat' dir='ltr'><strong>ﬁnes</strong></span> <span class='ocrx_word' id='word_1_99' title='bbox 1787 1049 1967 1101; x_wconf 89' lang='lat' dir='ltr'><strong>mundi</strong></span> <span class='ocrx_word' id='word_1_100' title='bbox 1999 1048 2111 1118; x_wconf 89' lang='lat' dir='ltr'><strong>glo-</strong></span> 
     </span>
    </p>
   </div>
   <div class='ocr_carea' id='block_1_15' title="bbox 554 1135 2106 1203">
    <p class='ocr_par' dir='ltr' id='par_1_15' title="bbox 554 1135 2106 1203">
     <span class='ocr_line' id='line_1_15' title="bbox 554 1135 2106 1203; baseline -0.01 -1"><span class='ocrx_word' id='word_1_101' title='bbox 554 1145 905 1201; x_wconf 88' lang='lat' dir='ltr'><strong>riosissimam</strong></span> <span class='ocrx_word' id='word_1_102' title='bbox 929 1140 1124 1194; x_wconf 79' lang='lat' dir='ltr'><strong>famam</strong></span> <span class='ocrx_word' id='word_1_103' title='bbox 1154 1150 1200 1191; x_wconf 73' lang='grc' dir='ltr'><strong>α.</strong></span> <span class='ocrx_word' id='word_1_104' title='bbox 1230 1136 1334 1191; x_wconf 83' lang='lat' dir='ltr'><strong>Alii</strong></span> <span class='ocrx_word' id='word_1_105' title='bbox 1364 1150 1513 1199; x_wconf 84' lang='lat' dir='ltr'><strong>vero,</strong></span> <span class='ocrx_word' id='word_1_106' title='bbox 1536 1135 1748 1203; x_wconf 90' lang='lat' dir='ltr'><strong>quibus,</strong></span> <span class='ocrx_word' id='word_1_107' title='bbox 1773 1145 1831 1188; x_wconf 91' lang='lat' dir='ltr'><strong>ut</strong></span> <span class='ocrx_word' id='word_1_108' title='bbox 1860 1137 2106 1201; x_wconf 88' lang='lat' dir='ltr'><strong>aestimo,</strong></span> 
     </span>
    </p>
   </div>
   <div class='ocr_carea' id='block_1_16' title="bbox 484 1218 2108 1300">
    <p class='ocr_par' dir='ltr' id='par_1_16' title="bbox 484 1218 2108 1300">
     <span class='ocr_line' id='line_1_16' title="bbox 484 1218 2108 1300; baseline -0.007 -11"><span class='ocrx_word' id='word_1_109' title='bbox 484 1226 487 1229; x_wconf 66' lang='grc'><em>’</em></span> <span class='ocrx_word' id='word_1_110' title='bbox 545 1236 681 1290; x_wconf 78' lang='lat' dir='ltr'><strong>ﬁdes</strong></span> <span class='ocrx_word' id='word_1_111' title='bbox 720 1231 892 1300; x_wconf 81' lang='lat' dir='ltr'><strong>magis</strong></span> <span class='ocrx_word' id='word_1_112' title='bbox 922 1229 1198 1290; x_wconf 85' lang='lat' dir='ltr'><strong>habenda,</strong></span> <span class='ocrx_word' id='word_1_113' title='bbox 1241 1225 1419 1280; x_wconf 80' lang='lat' dir='ltr'><strong>Salem</strong></span> <span class='ocrx_word' id='word_1_114' title='bbox 1464 1223 1651 1278; x_wconf 89' lang='lat' dir='ltr'><strong>dicunt</strong></span> <span class='ocrx_word' id='word_1_115' title='bbox 1686 1218 2108 1292; x_wconf 57' lang='lat' dir='ltr'><strong>oppidum&#39;ultra</strong></span> 
     </span>
    </p>
   </div>
   <div class='ocr_carea' id='block_1_17' title="bbox 545 1313 2107 1385">
    <p class='ocr_par' dir='ltr' id='par_1_17' title="bbox 545 1313 2107 1385">
     <span class='ocr_line' id='line_1_17' title="bbox 545 1313 2107 1385; baseline -0.01 -2"><span class='ocrx_word' id='word_1_116' title='bbox 545 1328 835 1383; x_wconf 89' lang='lat' dir='ltr'><strong>Jordauem</strong></span> <span class='ocrx_word' id='word_1_117' title='bbox 887 1322 1085 1385; x_wconf 90' lang='lat' dir='ltr'><strong>situm,</strong></span> <span class='ocrx_word' id='word_1_118' title='bbox 1116 1333 1181 1373; x_wconf 88' lang='lat' dir='ltr'><strong>eo</strong></span> <span class='ocrx_word' id='word_1_119' title='bbox 1208 1317 1345 1383; x_wconf 90' lang='lat' dir='ltr'><strong>loci,</strong></span> <span class='ocrx_word' id='word_1_120' title='bbox 1392 1332 1499 1385; x_wconf 92' lang='lat' dir='ltr'><strong>quo</strong></span> <span class='ocrx_word' id='word_1_121' title='bbox 1538 1313 1806 1369; x_wconf 87' lang='lat' dir='ltr'><strong>Jordanus</strong></span> <span class='ocrx_word' id='word_1_122' title='bbox 1848 1314 2011 1368; x_wconf 85' lang='lat' dir='ltr'><strong>intrat</strong></span> <span class='ocrx_word' id='word_1_123' title='bbox 2053 1315 2107 1368; x_wconf 91' lang='lat' dir='ltr'><strong>in</strong></span> 
     </span>
    </p>
   </div>
   <div class='ocr_carea' id='block_1_18' title="bbox 546 1403 2109 1475">
    <p class='ocr_par' dir='ltr' id='par_1_18' title="bbox 546 1403 2109 1475">
     <span class='ocr_line' id='line_1_18' title="bbox 546 1403 2109 1475; baseline -0.009 -4"><span class='ocrx_word' id='word_1_124' title='bbox 546 1419 722 1472; x_wconf 91' lang='lat' dir='ltr'><strong>lacum</strong></span> <span class='ocrx_word' id='word_1_125' title='bbox 748 1412 958 1475; x_wconf 83' lang='lat' dir='ltr'><strong>Asfalti,</strong></span> <span class='ocrx_word' id='word_1_126' title='bbox 994 1410 1095 1464; x_wconf 92' lang='lat' dir='ltr'><strong>hoc</strong></span> <span class='ocrx_word' id='word_1_127' title='bbox 1127 1417 1209 1463; x_wconf 91' lang='lat' dir='ltr'><strong>est</strong></span> <span class='ocrx_word' id='word_1_128' title='bbox 1241 1409 1293 1461; x_wconf 91' lang='lat' dir='ltr'><strong>in</strong></span> <span class='ocrx_word' id='word_1_129' title='bbox 1322 1406 1496 1459; x_wconf 89' lang='lat' dir='ltr'><strong>laeum</strong></span> <span class='ocrx_word' id='word_1_130' title='bbox 1526 1403 1825 1467; x_wconf 83' lang='lat' dir='ltr'><strong>bituminis,</strong></span> <span class='ocrx_word' id='word_1_131' title='bbox 1850 1412 1911 1457; x_wconf 90' lang='lat' dir='ltr'><strong>et</strong></span> <span class='ocrx_word' id='word_1_132' title='bbox 1937 1404 1989 1457; x_wconf 89' lang='lat' dir='ltr'><strong>in</strong></span> <span class='ocrx_word' id='word_1_133' title='bbox 2019 1404 2109 1458; x_wconf 91' lang='lat' dir='ltr'><strong>illo</strong></span> 
     </span>
    </p>
   </div>
   <div class='ocr_carea' id='block_1_19' title="bbox 545 1493 2106 1575">
    <p class='ocr_par' dir='ltr' id='par_1_19' title="bbox 545 1493 2106 1575">
     <span class='ocr_line' id='line_1_19' title="bbox 545 1493 2106 1575; baseline -0.009 -14"><span class='ocrx_word' id='word_1_134' title='bbox 545 1505 742 1575; x_wconf 71' lang='lat' dir='ltr'><strong>opp?th</strong></span> <span class='ocrx_word' id='word_1_135' title='bbox 763 1501 1032 1572; x_wconf 89' lang='lat' dir='ltr'><strong>quondam</strong></span> <span class='ocrx_word' id='word_1_136' title='bbox 1055 1495 1443 1551; x_wconf 84' lang='lat' dir='ltr'><strong>Melchisedech</strong></span> <span class='ocrx_word' id='word_1_137' title='bbox 1470 1508 1740 1563; x_wconf 83' lang='lat' dir='ltr'><strong>regnasse,</strong></span> <span class='ocrx_word' id='word_1_138' title='bbox 1759 1493 1909 1562; x_wconf 84' lang='lat' dir='ltr'><strong>cujus</strong></span> <span class='ocrx_word' id='word_1_139' title='bbox 1928 1494 2106 1562; x_wconf 87' lang='lat' dir='ltr'><strong>oppidi</strong></span> 
     </span>
    </p>
   </div>
   <div class='ocr_carea' id='block_1_20' title="bbox 532 1582 2108 1663">
    <p class='ocr_par' dir='ltr' id='par_1_20' title="bbox 532 1582 2108 1663">
     <span class='ocr_line' id='line_1_20' title="bbox 532 1582 2108 1663; baseline -0.007 -13"><span class='ocrx_word' id='word_1_140' title='bbox 532 1597 717 1650; x_wconf 79' lang='lat' dir='ltr'><strong>adhuc</strong></span> <span class='ocrx_word' id='word_1_141' title='bbox 771 1591 995 1663; x_wconf 88' lang='lat' dir='ltr'><strong>vestigia</strong></span> <span class='ocrx_word' id='word_1_142' title='bbox 1056 1597 1357 1643; x_wconf 84' lang='lat' dir='ltr'><strong>remanent.</strong></span> <span class='ocrx_word' id='word_1_143' title='bbox 1409 1585 1568 1640; x_wconf 79' lang='lat' dir='ltr'><strong>Juxta</strong></span> <span class='ocrx_word' id='word_1_144' title='bbox 1618 1584 1746 1638; x_wconf 89' lang='lat' dir='ltr'><strong>illud</strong></span> <span class='ocrx_word' id='word_1_145' title='bbox 1802 1582 2108 1653; x_wconf 85' lang='lat' dir='ltr'><strong>baptizabat</strong></span> 
     </span>
    </p>
   </div>
   <div class='ocr_carea' id='block_1_21' title="bbox 538 1676 1671 1756">
    <p class='ocr_par' dir='ltr' id='par_1_21' title="bbox 538 1676 1671 1756">
     <span class='ocr_line' id='line_1_21' title="bbox 538 1676 1671 1756; baseline -0.012 -11"><span class='ocrx_word' id='word_1_146' title='bbox 538 1690 793 1751; x_wconf 84' lang='lat' dir='ltr'><strong>Joannes,</strong></span> <span class='ocrx_word' id='word_1_147' title='bbox 822 1686 944 1756; x_wconf 86' lang='lat' dir='ltr'><strong>quia</strong></span> <span class='ocrx_word' id='word_1_148' title='bbox 972 1692 1126 1738; x_wconf 91' lang='lat' dir='ltr'><strong>erant</strong></span> <span class='ocrx_word' id='word_1_149' title='bbox 1151 1682 1222 1736; x_wconf 88' lang='lat' dir='ltr'><strong>ibi</strong></span> <span class='ocrx_word' id='word_1_150' title='bbox 1249 1696 1418 1751; x_wconf 85' lang='lat' dir='ltr'><strong>aquae</strong></span> <span class='ocrx_word' id='word_1_151' title='bbox 1444 1676 1671 1733; x_wconf 77' lang='lat' dir='ltr'><strong>multae.</strong></span> 
     </span>
    </p>
   </div>
   <div class='ocr_carea' id='block_1_22' title="bbox 2217 870 3779 943">
    <p class='ocr_par' dir='ltr' id='par_1_22' title="bbox 2217 870 3779 943">
     <span class='ocr_line' id='line_1_22' title="bbox 2217 870 3779 943; baseline 0.008 -20"><span class='ocrx_word' id='word_1_152' title='bbox 2217 870 2441 925; x_wconf 92' lang='lat' dir='ltr'><strong>Domino</strong></span> <span class='ocrx_word' id='word_1_153' title='bbox 2462 880 2517 926; x_wconf 89' lang='lat' dir='ltr'><strong>et</strong></span> <span class='ocrx_word' id='word_1_154' title='bbox 2542 873 2815 943; x_wconf 88' lang='lat' dir='ltr'><strong>discipulis</strong></span> <span class='ocrx_word' id='word_1_155' title='bbox 2844 874 2955 927; x_wconf 87' lang='lat' dir='ltr'><strong>suis</strong></span> <span class='ocrx_word' id='word_1_156' title='bbox 2984 874 3239 942; x_wconf 87' lang='lat' dir='ltr'><strong>baptizati</strong></span> <span class='ocrx_word' id='word_1_157' title='bbox 3278 885 3421 929; x_wconf 88' lang='lat' dir='ltr'><strong>sunt.</strong></span> <span class='ocrx_word' id='word_1_158' title='bbox 3449 876 3557 932; x_wconf 87' lang='lat' dir='ltr'><strong>Sed</strong></span> <span class='ocrx_word' id='word_1_159' title='bbox 3582 894 3649 933; x_wconf 90' lang='lat' dir='ltr'><strong>ne</strong></span> <span class='ocrx_word' id='word_1_160' title='bbox 3675 881 3779 936; x_wconf 89' lang='lat' dir='ltr'><strong>hoc</strong></span> 
     </span>
    </p>
   </div>
   <div class='ocr_carea' id='block_1_23' title="bbox 2212 961 3774 1033">
    <p class='ocr_par' dir='ltr' id='par_1_23' title="bbox 2212 961 3774 1033">
     <span class='ocr_line' id='line_1_23' title="bbox 2212 961 3774 1033; baseline 0.008 -21"><span class='ocrx_word' id='word_1_161' title='bbox 2212 967 2511 1026; x_wconf 85' lang='lat' dir='ltr'><strong>putaretur,</strong></span> <span class='ocrx_word' id='word_1_162' title='bbox 2539 961 2691 1015; x_wconf 91' lang='lat' dir='ltr'><strong>multi</strong></span> <span class='ocrx_word' id='word_1_163' title='bbox 2736 977 2766 1015; x_wconf 89' lang='lat' dir='ltr'><strong>a</strong></span> <span class='ocrx_word' id='word_1_164' title='bbox 2803 962 3009 1017; x_wconf 87' lang='lat' dir='ltr'><strong>Joanne</strong></span> <span class='ocrx_word' id='word_1_165' title='bbox 3036 972 3162 1017; x_wconf 90' lang='lat' dir='ltr'><strong>sunt</strong></span> <span class='ocrx_word' id='word_1_166' title='bbox 3185 964 3455 1033; x_wconf 83' lang='lat' dir='ltr'><strong>baptizati.</strong></span> <span class='ocrx_word' id='word_1_167' title='bbox 3495 967 3553 1022; x_wconf 87' lang='lat' dir='ltr'><strong>Si</strong></span> <span class='ocrx_word' id='word_1_168' title='bbox 3591 977 3774 1023; x_wconf 90' lang='lat' dir='ltr'><strong>autem</strong></span> 
     </span>
    </p>
   </div>
   <div class='ocr_carea' id='block_1_24' title="bbox 2211 1051 3772 1125">
    <p class='ocr_par' dir='ltr' id='par_1_24' title="bbox 2211 1051 3772 1125">
     <span class='ocr_line' id='line_1_24' title="bbox 2211 1051 3772 1125; baseline 0.007 -23"><span class='ocrx_word' id='word_1_169' title='bbox 2211 1051 2526 1118; x_wconf 85' lang='lat' dir='ltr'><strong>quaeritur,</strong></span> <span class='ocrx_word' id='word_1_170' title='bbox 2576 1062 2756 1105; x_wconf 89' lang='lat' dir='ltr'><strong>utrum</strong></span> <span class='ocrx_word' id='word_1_171' title='bbox 2806 1053 2862 1105; x_wconf 87' lang='lat' dir='ltr'><strong>in</strong></span> <span class='ocrx_word' id='word_1_172' title='bbox 2909 1053 3089 1121; x_wconf 88' lang='lat' dir='ltr'><strong>aliquo</strong></span> <span class='ocrx_word' id='word_1_173' title='bbox 3134 1054 3334 1125; x_wconf 83' lang='lat' dir='ltr'><strong>profuit</strong></span> <span class='ocrx_word' id='word_1_174' title='bbox 3373 1056 3473 1125; x_wconf 89' lang='lat' dir='ltr'><strong>ipsi</strong></span> <span class='ocrx_word' id='word_1_175' title='bbox 3522 1058 3772 1123; x_wconf 88' lang='lat' dir='ltr'><strong>Domino,</strong></span> 
     </span>
    </p>
   </div>
   <div class='ocr_carea' id='block_1_25' title="bbox 2211 1140 3774 1214">
    <p class='ocr_par' dir='ltr' id='par_1_25' title="bbox 2211 1140 3774 1214">
     <span class='ocr_line' id='line_1_25' title="bbox 2211 1140 3774 1214; baseline 0.007 -24"><span class='ocrx_word' id='word_1_176' title='bbox 2211 1140 2351 1206; x_wconf 93' lang='lat' dir='ltr'><strong>quod</strong></span> <span class='ocrx_word' id='word_1_177' title='bbox 2403 1154 2432 1191; x_wconf 90' lang='lat' dir='ltr'><strong>a</strong></span> <span class='ocrx_word' id='word_1_178' title='bbox 2480 1154 2578 1193; x_wconf 90' lang='lat' dir='ltr'><strong>suo</strong></span> <span class='ocrx_word' id='word_1_179' title='bbox 2629 1154 2980 1208; x_wconf 89' lang='lat' dir='ltr'><strong>praecursorc</strong></span> <span class='ocrx_word' id='word_1_180' title='bbox 3032 1142 3338 1211; x_wconf 88' lang='lat' dir='ltr'><strong>baptizatus</strong></span> <span class='ocrx_word' id='word_1_181' title='bbox 3376 1144 3451 1197; x_wconf 86' lang='lat' dir='ltr'><strong>sit</strong></span> <span class='ocrx_word' id='word_1_182' title='bbox 3480 1182 3496 1209; x_wconf 92' lang='lat'><strong>,</strong></span> <span class='ocrx_word' id='word_1_183' title='bbox 3559 1147 3774 1214; x_wconf 87' lang='lat' dir='ltr'><strong>quidam</strong></span> 
     </span>
    </p>
   </div>
   <div class='ocr_carea' id='block_1_26' title="bbox 2211 1228 3775 1298">
    <p class='ocr_par' dir='ltr' id='par_1_26' title="bbox 2211 1228 3775 1298">
     <span class='ocr_line' id='line_1_26' title="bbox 2211 1228 3775 1298; baseline 0.006 -17"><span class='ocrx_word' id='word_1_184' title='bbox 2211 1244 2317 1282; x_wconf 89' lang='lat' dir='ltr'><strong>non</strong></span> <span class='ocrx_word' id='word_1_185' title='bbox 2344 1228 2573 1283; x_wconf 79' lang='lat' dir='ltr'><strong>absurde</strong></span> <span class='ocrx_word' id='word_1_186' title='bbox 2603 1231 2951 1298; x_wconf 88' lang='lat' dir='ltr'><strong>respondent,</strong></span> <span class='ocrx_word' id='word_1_187' title='bbox 2979 1231 3255 1288; x_wconf 89' lang='lat' dir='ltr'><strong>Christum</strong></span> <span class='ocrx_word' id='word_1_188' title='bbox 3293 1235 3775 1291; x_wconf 87' lang='lat' dir='ltr'><strong>sanctiﬁcationem</strong></span> 
     </span>
    </p>
   </div>
   <div class='ocr_carea' id='block_1_27' title="bbox 2213 1317 3780 1394">
    <p class='ocr_par' dir='ltr' id='par_1_27' title="bbox 2213 1317 3780 1394">
     <span class='ocr_line' id='line_1_27' title="bbox 2213 1317 3780 1394; baseline 0.005 -23"><span class='ocrx_word' id='word_1_189' title='bbox 2213 1318 2484 1387; x_wconf 88' lang='lat' dir='ltr'><strong>quandam</strong></span> <span class='ocrx_word' id='word_1_190' title='bbox 2533 1317 2754 1373; x_wconf 88' lang='lat' dir='ltr'><strong>Joannis</strong></span> <span class='ocrx_word' id='word_1_191' title='bbox 2801 1319 3064 1375; x_wconf 78' lang='lat' dir='ltr'><strong>cii&#39;ecisse.</strong></span> <span class='ocrx_word' id='word_1_192' title='bbox 3108 1322 3239 1375; x_wconf 91' lang='lat' dir='ltr'><strong>Illud</strong></span> <span class='ocrx_word' id='word_1_193' title='bbox 3283 1331 3462 1377; x_wconf 80' lang='lat' dir='ltr'><strong>autem</strong></span> <span class='ocrx_word' id='word_1_194' title='bbox 3514 1325 3780 1394; x_wconf 86' lang='lat' dir='ltr'><strong>baptisma</strong></span> 
     </span>
    </p>
   </div>
   <div class='ocr_carea' id='block_1_28' title="bbox 2210 1406 3778 1475">
    <p class='ocr_par' dir='ltr' id='par_1_28' title="bbox 2210 1406 3778 1475">
     <span class='ocr_line' id='line_1_28' title="bbox 2210 1406 3778 1475; baseline 0.004 -14"><span class='ocrx_word' id='word_1_195' title='bbox 2210 1406 2343 1461; x_wconf 90' lang='lat' dir='ltr'><strong>nihil</strong></span> <span class='ocrx_word' id='word_1_196' title='bbox 2392 1406 2609 1462; x_wconf 87' lang='lat' dir='ltr'><strong>Christo</strong></span> <span class='ocrx_word' id='word_1_197' title='bbox 2648 1408 2892 1463; x_wconf 88' lang='lat' dir='ltr'><strong>contulit.</strong></span> <span class='ocrx_word' id='word_1_198' title='bbox 2945 1408 3157 1464; x_wconf 89' lang='lat' dir='ltr'><strong>Scimus</strong></span> <span class='ocrx_word' id='word_1_199' title='bbox 3204 1410 3778 1475; x_wconf 84' lang='lat' dir='ltr'><strong>tamen,Graecorum</strong></span> 
     </span>
    </p>
   </div>
   <div class='ocr_carea' id='block_1_29' title="bbox 2209 1498 3778 1567">
    <p class='ocr_par' dir='ltr' id='par_1_29' title="bbox 2209 1498 3778 1567">
     <span class='ocr_line' id='line_1_29' title="bbox 2209 1498 3778 1567; baseline 0.004 -17"><span class='ocrx_word' id='word_1_200' title='bbox 2209 1505 2458 1551; x_wconf 88' lang='lat' dir='ltr'><strong>auctores</strong></span> <span class='ocrx_word' id='word_1_201' title='bbox 2504 1498 2826 1555; x_wconf 88' lang='lat' dir='ltr'><strong>ﬁducialiter</strong></span> <span class='ocrx_word' id='word_1_202' title='bbox 2863 1515 3127 1567; x_wconf 83' lang='lat' dir='ltr'><strong>asserere,</strong></span> <span class='ocrx_word' id='word_1_203' title='bbox 3157 1502 3643 1559; x_wconf 87' lang='lat' dir='ltr'><strong>sanctiﬁcationem</strong></span> <span class='ocrx_word' id='word_1_204' title='bbox 3672 1504 3778 1558; x_wconf 82' lang='lat' dir='ltr'><strong>hu-</strong></span> 
     </span>
    </p>
   </div>
   <div class='ocr_carea' id='block_1_30' title="bbox 2209 1587 3779 1662">
    <p class='ocr_par' dir='ltr' id='par_1_30' title="bbox 2209 1587 3779 1662">
     <span class='ocr_line' id='line_1_30' title="bbox 2209 1587 3779 1662; baseline 0.005 -22"><span class='ocrx_word' id='word_1_205' title='bbox 2209 1587 2481 1642; x_wconf 88' lang='lat' dir='ltr'><strong>manitatis</strong></span> <span class='ocrx_word' id='word_1_206' title='bbox 2498 1587 2695 1643; x_wconf 88' lang='lat' dir='ltr'><strong>Christi</strong></span> <span class='ocrx_word' id='word_1_207' title='bbox 2717 1605 2813 1659; x_wconf 89' lang='lat' dir='ltr'><strong>per</strong></span> <span class='ocrx_word' id='word_1_208' title='bbox 2850 1600 3245 1662; x_wconf 68' lang='lat' dir='ltr'><strong>sacramentum</strong></span> <span class='ocrx_word' id='word_1_209' title='bbox 3265 1593 3603 1660; x_wconf 86' lang='lat' dir='ltr'><strong>baptismatis</strong></span> <span class='ocrx_word' id='word_1_210' title='bbox 3617 1592 3779 1648; x_wconf 84' lang='lat' dir='ltr'><strong>Joan-</strong></span> 
     </span>
    </p>
   </div>
   <div class='ocr_carea' id='block_1_31' title="bbox 2207 1675 3777 1745">
    <p class='ocr_par' dir='ltr' id='par_1_31' title="bbox 2207 1675 3777 1745">
     <span class='ocr_line' id='line_1_31' title="bbox 2207 1675 3777 1745; baseline 0.005 -16"><span class='ocrx_word' id='word_1_211' title='bbox 2207 1675 2293 1729; x_wconf 90' lang='lat' dir='ltr'><strong>nis</strong></span> <span class='ocrx_word' id='word_1_212' title='bbox 2334 1685 2543 1730; x_wconf 86' lang='lat' dir='ltr'><strong>auctam</strong></span> <span class='ocrx_word' id='word_1_213' title='bbox 2593 1677 2777 1733; x_wconf 81' lang='lat' dir='ltr'><strong>i‘uisse.</strong></span> <span class='ocrx_word' id='word_1_214' title='bbox 2832 1678 2985 1745; x_wconf 84' lang='lat' dir='ltr'><strong>Quod</strong></span> <span class='ocrx_word' id='word_1_215' title='bbox 3033 1681 3265 1735; x_wconf 80' lang='lat' dir='ltr'><strong>maxime</strong></span> <span class='ocrx_word' id='word_1_216' title='bbox 3308 1697 3375 1736; x_wconf 82' lang='lat' dir='ltr'><strong>ex</strong></span> <span class='ocrx_word' id='word_1_217' title='bbox 3427 1683 3777 1737; x_wconf 83' lang='lat' dir='ltr'><strong>descensione</strong></span> 
     </span>
    </p>
   </div>
   <div class='ocr_carea' id='block_1_32' title="bbox 618 1759 3776 1847">
    <p class='ocr_par' dir='ltr' id='par_1_32' title="bbox 618 1759 3776 1847">
     <span class='ocr_line' id='line_1_32' title="bbox 618 1759 3776 1847; baseline -0.002 -15"><span class='ocrx_word' id='word_1_218' title='bbox 618 1773 917 1847; x_wconf 83' lang='lat' dir='ltr'><strong>Nou[dum]</strong></span> <span class='ocrx_word' id='word_1_219' title='bbox 951 1773 1083 1827; x_wconf 82' lang='lat' dir='ltr'><strong>enim</strong></span> <span class='ocrx_word' id='word_1_220' title='bbox 1100 1770 1291 1824; x_wconf 78' lang='lat' dir='ltr'><strong>missus</strong></span> <span class='ocrx_word' id='word_1_221' title='bbox 1317 1769 1487 1838; x_wconf 76' lang='lat' dir='ltr'><strong>fuerat</strong></span> <span class='ocrx_word' id='word_1_222' title='bbox 1511 1769 1566 1822; x_wconf 85' lang='lat' dir='ltr'><strong>in</strong></span> <span class='ocrx_word' id='word_1_223' title='bbox 1583 1783 1840 1821; x_wconf 83' lang='lat' dir='ltr'><strong>carcerem</strong></span> <span class='ocrx_word' id='word_1_224' title='bbox 1853 1765 2104 1823; x_wconf 76' lang='lat' dir='ltr'><strong>Joannes.</strong></span> <span class='ocrx_word' id='word_1_225' title='bbox 2138 1759 2184 1817; x_wconf 90' lang='lat' dir='ltr'><strong>B</strong></span> <span class='ocrx_word' id='word_1_226' title='bbox 2214 1764 2447 1833; x_wconf 87' lang='lat' dir='ltr'><strong>Spiritus</strong></span> <span class='ocrx_word' id='word_1_227' title='bbox 2484 1767 2654 1821; x_wconf 88' lang='lat' dir='ltr'><strong>sancti</strong></span> <span class='ocrx_word' id='word_1_228' title='bbox 2696 1767 2747 1821; x_wconf 92' lang='lat' dir='ltr'><strong>in</strong></span> <span class='ocrx_word' id='word_1_229' title='bbox 2788 1768 2966 1837; x_wconf 86' lang='lat' dir='ltr'><strong>specie</strong></span> <span class='ocrx_word' id='word_1_230' title='bbox 2989 1769 3268 1825; x_wconf 87' lang='lat' dir='ltr'><strong>columbae</strong></span> <span class='ocrx_word' id='word_1_231' title='bbox 3294 1785 3457 1840; x_wconf 88' lang='lat' dir='ltr'><strong>super</strong></span> <span class='ocrx_word' id='word_1_232' title='bbox 3482 1772 3655 1841; x_wconf 87' lang='lat' dir='ltr'><strong>ipsum</strong></span> <span class='ocrx_word' id='word_1_233' title='bbox 3681 1772 3776 1827; x_wconf 83' lang='lat' dir='ltr'><strong>ba-</strong></span> 
     </span>
    </p>
   </div>
   <div class='ocr_carea' id='block_1_33' title="bbox 539 1855 2111 1936">
    <p class='ocr_par' dir='ltr' id='par_1_33' title="bbox 539 1855 2111 1936">
     <span class='ocr_line' id='line_1_33' title="bbox 539 1855 2111 1936; baseline -0.008 -14"><span class='ocrx_word' id='word_1_234' title='bbox 539 1867 672 1922; x_wconf 85' lang='lat' dir='ltr'><strong>Nam</strong></span> <span class='ocrx_word' id='word_1_235' title='bbox 690 1872 973 1936; x_wconf 88' lang='lat' dir='ltr'><strong>postquam</strong></span> <span class='ocrx_word' id='word_1_236' title='bbox 984 1861 1177 1915; x_wconf 66' lang='lat' dir='ltr'><strong>missus</strong></span> <span class='ocrx_word' id='word_1_237' title='bbox 1189 1866 1272 1913; x_wconf 89' lang='lat' dir='ltr'><strong>est</strong></span> <span class='ocrx_word' id='word_1_238' title='bbox 1286 1855 1906 1923; x_wconf 83' lang='lat' dir='ltr'><strong>incarcerem,contiuuo</strong></span> <span class='ocrx_word' id='word_1_239' title='bbox 1917 1855 2111 1910; x_wconf 84' lang='lat' dir='ltr'><strong>desivit</strong></span> 
     </span>
    </p>
   </div>
   <div class='ocr_carea' id='block_1_34' title="bbox 542 1945 2105 2024">
    <p class='ocr_par' dir='ltr' id='par_1_34' title="bbox 542 1945 2105 2024">
     <span class='ocr_line' id='line_1_34' title="bbox 542 1945 2105 2024; baseline -0.008 -14"><span class='ocrx_word' id='word_1_240' title='bbox 542 1955 833 2024; x_wconf 84' lang='lat' dir='ltr'><strong>baptizare,</strong></span> <span class='ocrx_word' id='word_1_241' title='bbox 865 1949 1186 2019; x_wconf 86' lang='lat' dir='ltr'><strong>baptismate</strong></span> <span class='ocrx_word' id='word_1_242' title='bbox 1224 1946 1421 2001; x_wconf 89' lang='lat' dir='ltr'><strong>Christi</strong></span> <span class='ocrx_word' id='word_1_243' title='bbox 1467 1945 1772 1999; x_wconf 90' lang='lat' dir='ltr'><strong>inchoante.</strong></span> <span class='ocrx_word' id='word_1_244' title='bbox 1797 1945 2105 2010; x_wconf 86' lang='lat' dir='ltr'><strong>Quaeritur,</strong></span> 
     </span>
    </p>
   </div>
   <div class='ocr_carea' id='block_1_35' title="bbox 543 2034 2106 2114">
    <p class='ocr_par' dir='ltr' id='par_1_35' title="bbox 543 2034 2106 2114">
     <span class='ocr_line' id='line_1_35' title="bbox 543 2034 2106 2114; baseline -0.008 -15"><span class='ocrx_word' id='word_1_245' title='bbox 543 2045 671 2114; x_wconf 91' lang='lat' dir='ltr'><strong>quid</strong></span> <span class='ocrx_word' id='word_1_246' title='bbox 700 2042 963 2112; x_wconf 89' lang='lat' dir='ltr'><strong>baptisma</strong></span> <span class='ocrx_word' id='word_1_247' title='bbox 988 2038 1210 2093; x_wconf 85' lang='lat' dir='ltr'><strong>Joannis</strong></span> <span class='ocrx_word' id='word_1_248' title='bbox 1230 2037 1335 2099; x_wconf 90' lang='lat' dir='ltr'><strong>his,</strong></span> <span class='ocrx_word' id='word_1_249' title='bbox 1365 2035 1456 2105; x_wconf 90' lang='lat' dir='ltr'><strong>qui</strong></span> <span class='ocrx_word' id='word_1_250' title='bbox 1486 2035 1554 2089; x_wconf 88' lang='lat' dir='ltr'><strong>ab</strong></span> <span class='ocrx_word' id='word_1_251' title='bbox 1584 2050 1648 2089; x_wconf 91' lang='lat' dir='ltr'><strong>eo</strong></span> <span class='ocrx_word' id='word_1_252' title='bbox 1680 2034 1934 2104; x_wconf 88' lang='lat' dir='ltr'><strong>baptizati</strong></span> <span class='ocrx_word' id='word_1_253' title='bbox 1961 2040 2106 2100; x_wconf 87' lang='lat' dir='ltr'><strong>sunt,</strong></span> 
     </span>
    </p>
   </div>
   <div class='ocr_carea' id='block_1_36' title="bbox 541 2126 2106 2206">
    <p class='ocr_par' dir='ltr' id='par_1_36' title="bbox 541 2126 2106 2206">
     <span class='ocr_line' id='line_1_36' title="bbox 541 2126 2106 2206; baseline -0.007 -17"><span class='ocrx_word' id='word_1_254' title='bbox 541 2133 780 2206; x_wconf 80' lang='lat' dir='ltr'><strong>profuit?</strong></span> <span class='ocrx_word' id='word_1_255' title='bbox 802 2130 957 2187; x_wconf 81' lang='lat' dir='ltr'><strong>Nullo</strong></span> <span class='ocrx_word' id='word_1_256' title='bbox 983 2130 1141 2183; x_wconf 89' lang='lat' dir='ltr'><strong>modo</strong></span> <span class='ocrx_word' id='word_1_257' title='bbox 1161 2127 1305 2182; x_wconf 86' lang='lat' dir='ltr'><strong>enim</strong></span> <span class='ocrx_word' id='word_1_258' title='bbox 1332 2126 1659 2181; x_wconf 90' lang='lat' dir='ltr'><strong>credendum</strong></span> <span class='ocrx_word' id='word_1_259' title='bbox 1679 2134 1780 2190; x_wconf 88' lang='lat' dir='ltr'><strong>est,</strong></span> <span class='ocrx_word' id='word_1_260' title='bbox 1807 2141 1908 2179; x_wconf 89' lang='lat' dir='ltr'><strong>non</strong></span> <span class='ocrx_word' id='word_1_261' title='bbox 1935 2126 2106 2180; x_wconf 90' lang='lat' dir='ltr'><strong>solum</strong></span> 
     </span>
    </p>
   </div>
   <div class='ocr_carea' id='block_1_37' title="bbox 540 2215 2108 2295">
    <p class='ocr_par' dir='ltr' id='par_1_37' title="bbox 540 2215 2108 2295">
     <span class='ocr_line' id='line_1_37' title="bbox 540 2215 2108 2295; baseline -0.007 -16"><span class='ocrx_word' id='word_1_262' title='bbox 540 2221 819 2295; x_wconf 74' lang='lat' dir='ltr'><strong>originalis</strong></span> <span class='ocrx_word' id='word_1_263' title='bbox 855 2218 1084 2288; x_wconf 84' lang='lat' dir='ltr'><strong>peccati,</strong></span> <span class='ocrx_word' id='word_1_264' title='bbox 1117 2231 1301 2269; x_wconf 85' lang='lat' dir='ltr'><strong>verum</strong></span> <span class='ocrx_word' id='word_1_265' title='bbox 1328 2216 1489 2268; x_wconf 86' lang='lat' dir='ltr'><strong>etiam</strong></span> <span class='ocrx_word' id='word_1_266' title='bbox 1522 2216 1861 2286; x_wconf 90' lang='lat' dir='ltr'><strong>propriorum</strong></span> <span class='ocrx_word' id='word_1_267' title='bbox 1890 2215 2108 2269; x_wconf 87' lang='lat' dir='ltr'><strong>delicto-</strong></span> 
     </span>
    </p>
   </div>
   <div class='ocr_carea' id='block_1_38' title="bbox 497 2300 2109 2377">
    <p class='ocr_par' dir='ltr' id='par_1_38' title="bbox 497 2300 2109 2377">
     <span class='ocr_line' id='line_1_38' title="bbox 497 2300 2109 2377; baseline -0.008 -6"><span class='ocrx_word' id='word_1_268' title='bbox 497 2300 504 2309; x_wconf 72' lang='grc'><em>’</em></span> <span class='ocrx_word' id='word_1_269' title='bbox 537 2331 659 2371; x_wconf 86' lang='lat' dir='ltr'><strong>rum</strong></span> <span class='ocrx_word' id='word_1_270' title='bbox 703 2312 1076 2368; x_wconf 87' lang='lat' dir='ltr'><strong>remissionem</strong></span> <span class='ocrx_word' id='word_1_271' title='bbox 1119 2305 1407 2362; x_wconf 83' lang='lat' dir='ltr'><strong>contulisse</strong></span> <span class='ocrx_word' id='word_1_272' title='bbox 1435 2306 1477 2359; x_wconf 77' lang='lat'><strong>&#39;.</strong></span> <span class='ocrx_word' id='word_1_273' title='bbox 1510 2305 1646 2371; x_wconf 85' lang='lat' dir='ltr'><strong>Quid</strong></span> <span class='ocrx_word' id='word_1_274' title='bbox 1689 2320 1817 2377; x_wconf 84' lang='lat' dir='ltr'><strong>ergo</strong></span> <span class='ocrx_word' id='word_1_275' title='bbox 1844 2304 2109 2360; x_wconf 89' lang='lat' dir='ltr'><strong>contulit?</strong></span> 
     </span>
    </p>
   </div>
   <div class='ocr_carea' id='block_1_39' title="bbox 537 2397 2108 2475">
    <p class='ocr_par' dir='ltr' id='par_1_39' title="bbox 537 2397 2108 2475">
     <span class='ocr_line' id='line_1_39' title="bbox 537 2397 2108 2475; baseline -0.008 -14"><span class='ocrx_word' id='word_1_276' title='bbox 537 2404 788 2475; x_wconf 74' lang='lat' dir='ltr'><strong>Magnum</strong></span> <span class='ocrx_word' id='word_1_277' title='bbox 819 2398 1055 2471; x_wconf 88' lang='lat' dir='ltr'><strong>quidem.</strong></span> <span class='ocrx_word' id='word_1_278' title='bbox 1086 2397 1352 2464; x_wconf 90' lang='lat' dir='ltr'><strong>Quantum</strong></span> <span class='ocrx_word' id='word_1_279' title='bbox 1379 2397 1520 2451; x_wconf 91' lang='lat' dir='ltr'><strong>enim</strong></span> <span class='ocrx_word' id='word_1_280' title='bbox 1543 2397 1943 2451; x_wconf 85' lang='lat' dir='ltr'><strong>catechumcuis</strong></span> <span class='ocrx_word' id='word_1_281' title='bbox 1973 2413 2108 2451; x_wconf 91' lang='lat' dir='ltr'><strong>non-</strong></span> 
     </span>
    </p>
   </div>
   <div class='ocr_carea' id='block_1_40' title="bbox 537 2484 2104 2559">
    <p class='ocr_par' dir='ltr' id='par_1_40' title="bbox 537 2484 2104 2559">
     <span class='ocr_line' id='line_1_40' title="bbox 537 2484 2104 2559; baseline -0.005 -12"><span class='ocrx_word' id='word_1_282' title='bbox 537 2493 664 2547; x_wconf 89' lang='lat' dir='ltr'><strong>dum</strong></span> <span class='ocrx_word' id='word_1_283' title='bbox 714 2486 1043 2559; x_wconf 85' lang='lat' dir='ltr'><strong>baptizatis&#39;</strong></span> <span class='ocrx_word' id='word_1_284' title='bbox 1108 2486 1349 2540; x_wconf 73' lang='lat' dir='ltr'><strong>doctrina</strong></span> <span class='ocrx_word' id='word_1_285' title='bbox 1405 2484 1525 2539; x_wconf 88' lang='lat' dir='ltr'><strong>ﬁdei</strong></span> <span class='ocrx_word' id='word_1_286' title='bbox 1576 2484 1835 2555; x_wconf 88' lang='lat' dir='ltr'><strong>prodest,</strong></span> <span class='ocrx_word' id='word_1_287' title='bbox 1898 2492 2104 2539; x_wconf 81' lang='lat' dir='ltr'><strong>tantum</strong></span> 
     </span>
    </p>
   </div>
   <div class='ocr_carea' id='block_1_41' title="bbox 544 2575 2108 2648">
    <p class='ocr_par' dir='ltr' id='par_1_41' title="bbox 544 2575 2108 2648">
     <span class='ocr_line' id='line_1_41' title="bbox 544 2575 2108 2648; baseline -0.008 -9"><span class='ocrx_word' id='word_1_288' title='bbox 544 2582 769 2639; x_wconf 87' lang='lat' dir='ltr'><strong>Joannis</strong></span> <span class='ocrx_word' id='word_1_289' title='bbox 809 2579 1073 2648; x_wconf 85' lang='lat' dir='ltr'><strong>baptisma</strong></span> <span class='ocrx_word' id='word_1_290' title='bbox 1130 2576 1415 2645; x_wconf 85' lang='lat' dir='ltr'><strong>baptizatis</strong></span> <span class='ocrx_word' id='word_1_291' title='bbox 1459 2577 1511 2629; x_wconf 90' lang='lat' dir='ltr'><strong>in</strong></span> <span class='ocrx_word' id='word_1_292' title='bbox 1542 2591 1606 2629; x_wconf 90' lang='lat' dir='ltr'><strong>eo</strong></span> <span class='ocrx_word' id='word_1_293' title='bbox 1627 2616 1642 2641; x_wconf 91' lang='lat'><strong>,</strong></span> <span class='ocrx_word' id='word_1_294' title='bbox 1671 2575 1981 2645; x_wconf 88' lang='lat' dir='ltr'><strong>priusquam</strong></span> <span class='ocrx_word' id='word_1_295' title='bbox 2013 2575 2108 2628; x_wconf 89' lang='lat' dir='ltr'><strong>ba-</strong></span> 
     </span>
    </p>
   </div>
   <div class='ocr_carea' id='block_1_42' title="bbox 543 2665 2106 2744">
    <p class='ocr_par' dir='ltr' id='par_1_42' title="bbox 543 2665 2106 2744">
     <span class='ocr_line' id='line_1_42' title="bbox 543 2665 2106 2744; baseline -0.006 -17"><span class='ocrx_word' id='word_1_296' title='bbox 543 2673 740 2744; x_wconf 85' lang='lat' dir='ltr'><strong>ptisma</strong></span> <span class='ocrx_word' id='word_1_297' title='bbox 794 2669 993 2725; x_wconf 90' lang='lat' dir='ltr'><strong>Christi</strong></span> <span class='ocrx_word' id='word_1_298' title='bbox 1043 2667 1319 2730; x_wconf 76' lang='lat' dir='ltr'><strong>subirrnt,</strong></span> <span class='ocrx_word' id='word_1_299' title='bbox 1378 2666 1597 2735; x_wconf 77' lang='lat' dir='ltr'><strong>profuit.</strong></span> <span class='ocrx_word' id='word_1_300' title='bbox 1626 2665 1871 2734; x_wconf 83' lang='lat' dir='ltr'><strong>Joannes</strong></span> <span class='ocrx_word' id='word_1_301' title='bbox 1908 2666 2106 2735; x_wconf 89' lang='lat' dir='ltr'><strong>quippe</strong></span> 
     </span>
    </p>
   </div>
   <div class='ocr_carea' id='block_1_43' title="bbox 537 2754 2107 2832">
    <p class='ocr_par' dir='ltr' id='par_1_43' title="bbox 537 2754 2107 2832">
     <span class='ocr_line' id='line_1_43' title="bbox 537 2754 2107 2832; baseline -0.006 -16"><span class='ocrx_word' id='word_1_302' title='bbox 537 2760 923 2832; x_wconf 80' lang='lat' dir='ltr'><strong>poenitentiam</strong></span> <span class='ocrx_word' id='word_1_303' title='bbox 945 2756 1308 2826; x_wconf 86' lang='lat' dir='ltr'><strong>praedicabat,</strong></span> <span class='ocrx_word' id='word_1_304' title='bbox 1327 2764 1380 2809; x_wconf 90' lang='lat' dir='ltr'><strong>et</strong></span> <span class='ocrx_word' id='word_1_305' title='bbox 1400 2754 1720 2823; x_wconf 89' lang='lat' dir='ltr'><strong>baptismum</strong></span> <span class='ocrx_word' id='word_1_306' title='bbox 1733 2755 1927 2809; x_wconf 89' lang='lat' dir='ltr'><strong>Christi</strong></span> <span class='ocrx_word' id='word_1_307' title='bbox 1953 2768 2107 2823; x_wconf 87' lang='lat' dir='ltr'><strong>prac-</strong></span> 
     </span>
    </p>
   </div>
   <div class='ocr_carea' id='block_1_44' title="bbox 532 2843 2105 2916">
    <p class='ocr_par' dir='ltr' id='par_1_44' title="bbox 532 2843 2105 2916">
     <span class='ocr_line' id='line_1_44' title="bbox 532 2843 2105 2916; baseline -0.006 -9"><span class='ocrx_word' id='word_1_308' title='bbox 532 2850 836 2913; x_wconf 85' lang='lat' dir='ltr'><strong>nuntiabat,</strong></span> <span class='ocrx_word' id='word_1_309' title='bbox 865 2859 919 2902; x_wconf 88' lang='lat' dir='ltr'><strong>et</strong></span> <span class='ocrx_word' id='word_1_310' title='bbox 947 2848 997 2900; x_wconf 92' lang='lat' dir='ltr'><strong>in</strong></span> <span class='ocrx_word' id='word_1_311' title='bbox 1026 2845 1383 2916; x_wconf 80' lang='lat' dir='ltr'><strong>cognitionem</strong></span> <span class='ocrx_word' id='word_1_312' title='bbox 1413 2845 1680 2907; x_wconf 84' lang='lat' dir='ltr'><strong>veritatis,</strong></span> <span class='ocrx_word' id='word_1_313' title='bbox 1725 2859 1862 2913; x_wconf 89' lang='lat' dir='ltr'><strong>quae</strong></span> <span class='ocrx_word' id='word_1_314' title='bbox 1906 2843 2105 2897; x_wconf 88' lang='lat' dir='ltr'><strong>mundo</strong></span> 
     </span>
    </p>
   </div>
   <div class='ocr_carea' id='block_1_45' title="bbox 530 2931 2103 3010">
    <p class='ocr_par' dir='ltr' id='par_1_45' title="bbox 530 2931 2103 3010">
     <span class='ocr_line' id='line_1_45' title="bbox 530 2931 2103 3010; baseline -0.006 -15"><span class='ocrx_word' id='word_1_315' title='bbox 530 2939 799 3010; x_wconf 85' lang='lat' dir='ltr'><strong>apparuit,</strong></span> <span class='ocrx_word' id='word_1_316' title='bbox 830 2937 1073 2992; x_wconf 85' lang='lat' dir='ltr'><strong>attraxit.</strong></span> <span class='ocrx_word' id='word_1_317' title='bbox 1104 2933 1292 2990; x_wconf 89' lang='lat' dir='ltr'><strong>Nonne</strong></span> <span class='ocrx_word' id='word_1_318' title='bbox 1317 2934 1568 2989; x_wconf 88' lang='lat' dir='ltr'><strong>similiter</strong></span> <span class='ocrx_word' id='word_1_319' title='bbox 1596 2933 1837 3002; x_wconf 89' lang='lat' dir='ltr'><strong>quotidie</strong></span> <span class='ocrx_word' id='word_1_320' title='bbox 1870 2931 2103 2986; x_wconf 91' lang='lat' dir='ltr'><strong>ministri</strong></span> 
     </span>
    </p>
   </div>
   <div class='ocr_carea' id='block_1_46' title="bbox 530 3021 2096 3092">
    <p class='ocr_par' dir='ltr' id='par_1_46' title="bbox 530 3021 2096 3092">
     <span class='ocr_line' id='line_1_46' title="bbox 530 3021 2096 3092; baseline -0.006 -8"><span class='ocrx_word' id='word_1_321' title='bbox 530 3031 734 3088; x_wconf 73' lang='lat' dir='ltr'><strong>faciunt</strong></span> <span class='ocrx_word' id='word_1_322' title='bbox 748 3026 1050 3084; x_wconf 80' lang='lat' dir='ltr'><strong>Ecclesiae?</strong></span> <span class='ocrx_word' id='word_1_323' title='bbox 1065 3025 1326 3080; x_wconf 88' lang='lat' dir='ltr'><strong>Erudiunt</strong></span> <span class='ocrx_word' id='word_1_324' title='bbox 1346 3023 1519 3092; x_wconf 91' lang='lat' dir='ltr'><strong>primo</strong></span> <span class='ocrx_word' id='word_1_325' title='bbox 1536 3024 1810 3077; x_wconf 82' lang='lat' dir='ltr'><strong>venientes</strong></span> <span class='ocrx_word' id='word_1_326' title='bbox 1826 3023 1890 3075; x_wconf 87' lang='lat' dir='ltr'><strong>ad</strong></span> <span class='ocrx_word' id='word_1_327' title='bbox 1907 3021 2063 3076; x_wconf 64' lang='lat' dir='ltr'><strong>ﬁdem</strong></span> <span class='ocrx_word' id='word_1_328' title='bbox 2082 3038 2096 3087; x_wconf 90' lang='lat'><strong>;</strong></span> 
     </span>
    </p>
   </div>
   <div class='ocr_carea' id='block_1_47' title="bbox 2211 1853 3776 1931">
    <p class='ocr_par' dir='ltr' id='par_1_47' title="bbox 2211 1853 3776 1931">
     <span class='ocr_line' id='line_1_47' title="bbox 2211 1853 3776 1931; baseline 0.008 -27"><span class='ocrx_word' id='word_1_329' title='bbox 2211 1853 2470 1922; x_wconf 83' lang='lat' dir='ltr'><strong>ptizatum</strong></span> <span class='ocrx_word' id='word_1_330' title='bbox 2502 1864 2963 1924; x_wconf 79' lang='lat' dir='ltr'><strong>argumentantur.</strong></span> <span class='ocrx_word' id='word_1_331' title='bbox 2994 1857 3103 1913; x_wconf 86' lang='lat' dir='ltr'><strong>Nec</strong></span> <span class='ocrx_word' id='word_1_332' title='bbox 3143 1862 3358 1924; x_wconf 84' lang='lat' dir='ltr'><strong>mirum,</strong></span> <span class='ocrx_word' id='word_1_333' title='bbox 3387 1874 3510 1914; x_wconf 89' lang='lat' dir='ltr'><strong>cum</strong></span> <span class='ocrx_word' id='word_1_334' title='bbox 3547 1875 3776 1931; x_wconf 79' lang='lat' dir='ltr'><strong>evange-</strong></span> 
     </span>
    </p>
   </div>
   <div class='ocr_carea' id='block_1_48' title="bbox 2211 1941 3774 2018">
    <p class='ocr_par' dir='ltr' id='par_1_48' title="bbox 2211 1941 3774 2018">
     <span class='ocr_line' id='line_1_48' title="bbox 2211 1941 3774 2018; baseline 0.005 -22"><span class='ocrx_word' id='word_1_335' title='bbox 2211 1941 2332 1997; x_wconf 87' lang='lat' dir='ltr'><strong>lista</strong></span> <span class='ocrx_word' id='word_1_336' title='bbox 2374 1944 2554 1998; x_wconf 86' lang='lat' dir='ltr'><strong>dicat:</strong></span> <span class='ocrx_word' id='word_1_337' title='bbox 2590 1963 2609 1995; x_wconf 75' lang='grc' dir='ltr'><strong><em>ι</em></strong></span> <span class='ocrx_word' id='word_1_338' title='bbox 2643 1943 2798 1999; x_wconf 89' lang='lat' dir='ltr'><strong>Jesus</strong></span> <span class='ocrx_word' id='word_1_339' title='bbox 2835 1955 3012 2001; x_wconf 85' lang='lat' dir='ltr'><strong>autem</strong></span> <span class='ocrx_word' id='word_1_340' title='bbox 3058 1948 3374 2015; x_wconf 89' lang='lat' dir='ltr'><strong>proﬁciebat</strong></span> <span class='ocrx_word' id='word_1_341' title='bbox 3415 1950 3677 2018; x_wconf 86' lang='lat' dir='ltr'><strong>sapientia</strong></span> <span class='ocrx_word' id='word_1_342' title='bbox 3718 1959 3774 2004; x_wconf 91' lang='lat' dir='ltr'><strong>et</strong></span> 
     </span>
    </p>
   </div>
   <div class='ocr_carea' id='block_1_49' title="bbox 2210 2038 3775 2108">
    <p class='ocr_par' dir='ltr' id='par_1_49' title="bbox 2210 2038 3775 2108">
     <span class='ocr_line' id='line_1_49' title="bbox 2210 2038 3775 2108; baseline 0.005 -19"><span class='ocrx_word' id='word_1_343' title='bbox 2210 2044 2387 2092; x_wconf 89' lang='lat' dir='ltr'><strong>actate</strong></span> <span class='ocrx_word' id='word_1_344' title='bbox 2431 2048 2485 2092; x_wconf 91' lang='lat' dir='ltr'><strong>et</strong></span> <span class='ocrx_word' id='word_1_345' title='bbox 2531 2038 2703 2107; x_wconf 86' lang='lat' dir='ltr'><strong>gratia</strong></span> <span class='ocrx_word' id='word_1_346' title='bbox 2758 2038 2895 2107; x_wconf 86' lang='lat' dir='ltr'><strong>apud</strong></span> <span class='ocrx_word' id='word_1_347' title='bbox 2945 2038 3114 2093; x_wconf 91' lang='lat' dir='ltr'><strong>Deum</strong></span> <span class='ocrx_word' id='word_1_348' title='bbox 3158 2049 3213 2094; x_wconf 82' lang='lat' dir='ltr'><strong>et</strong></span> <span class='ocrx_word' id='word_1_349' title='bbox 3254 2041 3499 2095; x_wconf 87' lang='lat' dir='ltr'><strong>homines</strong></span> <span class='ocrx_word' id='word_1_350' title='bbox 3541 2061 3588 2096; x_wconf 74' lang='grc' dir='ltr'><strong>ι.</strong></span> <span class='ocrx_word' id='word_1_351' title='bbox 3633 2041 3775 2108; x_wconf 90' lang='lat' dir='ltr'><strong>Quid</strong></span> 
     </span>
    </p>
   </div>
   <div class='ocr_carea' id='block_1_50' title="bbox 2210 2128 3770 2199">
    <p class='ocr_par' dir='ltr' id='par_1_50' title="bbox 2210 2128 3770 2199">
     <span class='ocr_line' id='line_1_50' title="bbox 2210 2128 3770 2199; baseline 0.004 -18"><span class='ocrx_word' id='word_1_352' title='bbox 2210 2129 2425 2193; x_wconf 90' lang='lat' dir='ltr'><strong>mirum,</strong></span> <span class='ocrx_word' id='word_1_353' title='bbox 2456 2128 2499 2183; x_wconf 90' lang='lat' dir='ltr'><strong>si</strong></span> <span class='ocrx_word' id='word_1_354' title='bbox 2526 2129 2791 2197; x_wconf 88' lang='lat' dir='ltr'><strong>quoddam</strong></span> <span class='ocrx_word' id='word_1_355' title='bbox 2832 2140 3177 2199; x_wconf 85' lang='lat' dir='ltr'><strong>augmentum</strong></span> <span class='ocrx_word' id='word_1_356' title='bbox 3205 2132 3554 2188; x_wconf 85' lang='lat' dir='ltr'><strong>humanitatis</strong></span> <span class='ocrx_word' id='word_1_357' title='bbox 3572 2134 3770 2190; x_wconf 86' lang='lat' dir='ltr'><strong>Christi</strong></span> 
     </span>
    </p>
   </div>
   <div class='ocr_carea' id='block_1_51' title="bbox 2206 2222 3774 2291">
    <p class='ocr_par' dir='ltr' id='par_1_51' title="bbox 2206 2222 3774 2291">
     <span class='ocr_line' id='line_1_51' title="bbox 2206 2222 3774 2291; baseline 0.004 -20"><span class='ocrx_word' id='word_1_358' title='bbox 2206 2232 2304 2287; x_wconf 91' lang='lat' dir='ltr'><strong>per</strong></span> <span class='ocrx_word' id='word_1_359' title='bbox 2329 2226 2728 2272; x_wconf 86' lang='lat' dir='ltr'><strong>sacramentum</strong></span> <span class='ocrx_word' id='word_1_360' title='bbox 2757 2222 3127 2286; x_wconf 88' lang='lat' dir='ltr'><strong>praecursoris</strong></span> <span class='ocrx_word' id='word_1_361' title='bbox 3151 2222 3233 2276; x_wconf 90' lang='lat' dir='ltr'><strong>sui</strong></span> <span class='ocrx_word' id='word_1_362' title='bbox 3254 2222 3594 2291; x_wconf 88' lang='lat' dir='ltr'><strong>baptismatis</strong></span> <span class='ocrx_word' id='word_1_363' title='bbox 3616 2223 3774 2277; x_wconf 89' lang='lat' dir='ltr'><strong>Chri-</strong></span> 
     </span>
    </p>
   </div>
   <div class='ocr_carea' id='block_1_52' title="bbox 2208 2308 3771 2379">
    <p class='ocr_par' dir='ltr' id='par_1_52' title="bbox 2208 2308 3771 2379">
     <span class='ocr_line' id='line_1_52' title="bbox 2208 2308 3771 2379; baseline 0.004 -18"><span class='ocrx_word' id='word_1_364' title='bbox 2208 2317 2321 2361; x_wconf 90' lang='lat' dir='ltr'><strong>stus</strong></span> <span class='ocrx_word' id='word_1_365' title='bbox 2347 2308 2640 2375; x_wconf 85' lang='lat' dir='ltr'><strong>acciperet,</strong></span> <span class='ocrx_word' id='word_1_366' title='bbox 2667 2309 2818 2363; x_wconf 87' lang='lat' dir='ltr'><strong>verbi</strong></span> <span class='ocrx_word' id='word_1_367' title='bbox 2848 2310 3017 2379; x_wconf 85' lang='lat' dir='ltr'><strong>gratia</strong></span> <span class='ocrx_word' id='word_1_368' title='bbox 3046 2310 3364 2365; x_wconf 83' lang='lat' dir='ltr'><strong>humilitatis</strong></span> <span class='ocrx_word' id='word_1_369' title='bbox 3390 2327 3524 2367; x_wconf 89' lang='lat' dir='ltr'><strong>suae</strong></span> <span class='ocrx_word' id='word_1_370' title='bbox 3557 2312 3771 2377; x_wconf 91' lang='lat' dir='ltr'><strong>merito,</strong></span> 
     </span>
    </p>
   </div>
   <div class='ocr_carea' id='block_1_53' title="bbox 2206 2398 3776 2471">
    <p class='ocr_par' dir='ltr' id='par_1_53' title="bbox 2206 2398 3776 2471">
     <span class='ocr_line' id='line_1_53' title="bbox 2206 2398 3776 2471; baseline 0.005 -22"><span class='ocrx_word' id='word_1_371' title='bbox 2206 2412 2309 2465; x_wconf 87' lang='lat' dir='ltr'><strong>qua</strong></span> <span class='ocrx_word' id='word_1_372' title='bbox 2336 2398 2602 2467; x_wconf 75' lang='lat' dir='ltr'><strong>baptisma</strong></span> <span class='ocrx_word' id='word_1_373' title='bbox 2635 2398 2718 2451; x_wconf 91' lang='lat' dir='ltr'><strong>sui</strong></span> <span class='ocrx_word' id='word_1_374' title='bbox 2746 2399 2888 2452; x_wconf 87' lang='lat' dir='ltr'><strong>servi</strong></span> <span class='ocrx_word' id='word_1_375' title='bbox 2920 2400 3101 2454; x_wconf 92' lang='lat' dir='ltr'><strong>subire</strong></span> <span class='ocrx_word' id='word_1_376' title='bbox 3144 2414 3250 2454; x_wconf 91' lang='lat' dir='ltr'><strong>non</strong></span> <span class='ocrx_word' id='word_1_377' title='bbox 3295 2401 3612 2471; x_wconf 74' lang='lat' dir='ltr'><strong>dedignatus</strong></span> <span class='ocrx_word' id='word_1_378' title='bbox 3650 2403 3776 2457; x_wconf 78' lang='lat' dir='ltr'><strong>est?</strong></span> 
     </span>
    </p>
   </div>
   <div class='ocr_carea' id='block_1_54' title="bbox 2204 2486 3773 2558">
    <p class='ocr_par' dir='ltr' id='par_1_54' title="bbox 2204 2486 3773 2558">
     <span class='ocr_line' id='line_1_54' title="bbox 2204 2486 3773 2558; baseline 0.005 -18"><span class='ocrx_word' id='word_1_379' title='bbox 2204 2486 2425 2557; x_wconf 85' lang='lat' dir='ltr'><strong>Accepit</strong></span> <span class='ocrx_word' id='word_1_380' title='bbox 2460 2488 2715 2557; x_wconf 76' lang='lat' dir='ltr'><strong>gratiam,</strong></span> <span class='ocrx_word' id='word_1_381' title='bbox 2738 2497 2798 2541; x_wconf 92' lang='lat' dir='ltr'><strong>ut</strong></span> <span class='ocrx_word' id='word_1_382' title='bbox 2826 2489 2908 2542; x_wconf 88' lang='lat' dir='ltr'><strong>sui</strong></span> <span class='ocrx_word' id='word_1_383' title='bbox 2940 2490 3279 2558; x_wconf 87' lang='lat' dir='ltr'><strong>baptismatis</strong></span> <span class='ocrx_word' id='word_1_384' title='bbox 3302 2491 3504 2547; x_wconf 85' lang='lat' dir='ltr'><strong>virtute</strong></span> <span class='ocrx_word' id='word_1_385' title='bbox 3535 2494 3773 2547; x_wconf 89' lang='lat' dir='ltr'><strong>omnium</strong></span> 
     </span>
    </p>
   </div>
   <div class='ocr_carea' id='block_1_55' title="bbox 2205 2576 3774 2648">
    <p class='ocr_par' dir='ltr' id='par_1_55' title="bbox 2205 2576 3774 2648">
     <span class='ocr_line' id='line_1_55' title="bbox 2205 2576 3774 2648; baseline 0.003 -17"><span class='ocrx_word' id='word_1_386' title='bbox 2205 2576 2521 2632; x_wconf 90' lang='lat' dir='ltr'><strong>delictorum</strong></span> <span class='ocrx_word' id='word_1_387' title='bbox 2550 2583 2605 2633; x_wconf 90' lang='lat' dir='ltr'><strong>et</strong></span> <span class='ocrx_word' id='word_1_388' title='bbox 2631 2577 2971 2646; x_wconf 69' lang='lat' dir='ltr'><strong>originalium</strong></span> <span class='ocrx_word' id='word_1_389' title='bbox 2994 2587 3049 2632; x_wconf 92' lang='lat' dir='ltr'><strong>et</strong></span> <span class='ocrx_word' id='word_1_390' title='bbox 3075 2580 3411 2648; x_wconf 89' lang='lat' dir='ltr'><strong>propriorum</strong></span> <span class='ocrx_word' id='word_1_391' title='bbox 3440 2596 3626 2636; x_wconf 85' lang='lat' dir='ltr'><strong>omnes</strong></span> <span class='ocrx_word' id='word_1_392' title='bbox 3656 2598 3774 2639; x_wconf 86' lang='lat' dir='ltr'><strong>cre-</strong></span> 
     </span>
    </p>
   </div>
   <div class='ocr_carea' id='block_1_56' title="bbox 2205 2667 3767 2738">
    <p class='ocr_par' dir='ltr' id='par_1_56' title="bbox 2205 2667 3767 2738">
     <span class='ocr_line' id='line_1_56' title="bbox 2205 2667 3767 2738; baseline 0.002 -17"><span class='ocrx_word' id='word_1_393' title='bbox 2205 2667 2392 2722; x_wconf 85' lang='lat' dir='ltr'><strong>dentes</strong></span> <span class='ocrx_word' id='word_1_394' title='bbox 2437 2668 2490 2722; x_wconf 91' lang='lat' dir='ltr'><strong>in</strong></span> <span class='ocrx_word' id='word_1_395' title='bbox 2522 2683 2581 2723; x_wconf 90' lang='lat' dir='ltr'><strong>se</strong></span> <span class='ocrx_word' id='word_1_396' title='bbox 2624 2668 2997 2722; x_wconf 88' lang='lat' dir='ltr'><strong>remissionem</strong></span> <span class='ocrx_word' id='word_1_397' title='bbox 3046 2669 3368 2738; x_wconf 86' lang='lat' dir='ltr'><strong>accipereut.</strong></span> <span class='ocrx_word' id='word_1_398' title='bbox 3415 2669 3577 2724; x_wconf 84' lang='lat' dir='ltr'><strong>Addit</strong></span> <span class='ocrx_word' id='word_1_399' title='bbox 3605 2672 3767 2724; x_wconf 87' lang='lat' dir='ltr'><strong>etiam</strong></span> 
     </span>
    </p>
   </div>
   <div class='ocr_carea' id='block_1_57' title="bbox 2205 2760 3770 2832">
    <p class='ocr_par' dir='ltr' id='par_1_57' title="bbox 2205 2760 3770 2832">
     <span class='ocr_line' id='line_1_57' title="bbox 2205 2760 3770 2832; baseline 0.002 -20"><span class='ocrx_word' id='word_1_400' title='bbox 2205 2760 2535 2832; x_wconf 79' lang='lat' dir='ltr'><strong>Augustinus</strong></span> <span class='ocrx_word' id='word_1_401' title='bbox 2562 2760 2720 2815; x_wconf 90' lang='lat' dir='ltr'><strong>aliam</strong></span> <span class='ocrx_word' id='word_1_402' title='bbox 2744 2775 2959 2815; x_wconf 90' lang='lat' dir='ltr'><strong>causam</strong></span> <span class='ocrx_word' id='word_1_403' title='bbox 2984 2761 3292 2830; x_wconf 87' lang='lat' dir='ltr'><strong>baptizandi</strong></span> <span class='ocrx_word' id='word_1_404' title='bbox 3321 2761 3531 2815; x_wconf 89' lang='lat' dir='ltr'><strong>Domini</strong></span> <span class='ocrx_word' id='word_1_405' title='bbox 3558 2776 3589 2815; x_wconf 92' lang='lat' dir='ltr'><strong>a</strong></span> <span class='ocrx_word' id='word_1_406' title='bbox 3612 2775 3770 2816; x_wconf 87' lang='lat' dir='ltr'><strong>servo</strong></span> 
     </span>
    </p>
   </div>
   <div class='ocr_carea' id='block_1_58' title="bbox 2205 2850 3771 2920">
    <p class='ocr_par' dir='ltr' id='par_1_58' title="bbox 2205 2850 3771 2920">
     <span class='ocr_line' id='line_1_58' title="bbox 2205 2850 3771 2920; baseline -0.002 -15"><span class='ocrx_word' id='word_1_407' title='bbox 2205 2866 2303 2905; x_wconf 90' lang='lat' dir='ltr'><strong>suo</strong></span> <span class='ocrx_word' id='word_1_408' title='bbox 2329 2869 2340 2904; x_wconf 91' lang='lat'><strong>:</strong></span> <span class='ocrx_word' id='word_1_409' title='bbox 2373 2867 2440 2905; x_wconf 91' lang='lat' dir='ltr'><strong>ne</strong></span> <span class='ocrx_word' id='word_1_410' title='bbox 2470 2850 2842 2905; x_wconf 88' lang='lat' dir='ltr'><strong>catechumcni</strong></span> <span class='ocrx_word' id='word_1_411' title='bbox 2878 2858 3024 2904; x_wconf 87' lang='lat' dir='ltr'><strong>caste</strong></span> <span class='ocrx_word' id='word_1_412' title='bbox 3052 2857 3213 2918; x_wconf 87' lang='lat' dir='ltr'><strong>atque</strong></span> <span class='ocrx_word' id='word_1_413' title='bbox 3239 2850 3326 2920; x_wconf 91' lang='lat' dir='ltr'><strong>pie</strong></span> <span class='ocrx_word' id='word_1_414' title='bbox 3352 2861 3471 2918; x_wconf 83' lang='lat' dir='ltr'><strong>post</strong></span> <span class='ocrx_word' id='word_1_415' title='bbox 3492 2857 3771 2918; x_wconf 86' lang='lat' dir='ltr'><strong>acceptam</strong></span> 
     </span>
    </p>
   </div>
   <div class='ocr_carea' id='block_1_59' title="bbox 2207 2938 3769 3008">
    <p class='ocr_par' dir='ltr' id='par_1_59' title="bbox 2207 2938 3769 3008">
     <span class='ocr_line' id='line_1_59' title="bbox 2207 2938 3769 3008; baseline -0.001 -16"><span class='ocrx_word' id='word_1_416' title='bbox 2207 2941 2363 2994; x_wconf 86' lang='lat' dir='ltr'><strong>ﬁdem</strong></span> <span class='ocrx_word' id='word_1_417' title='bbox 2393 2940 2632 2993; x_wconf 83' lang='lat' dir='ltr'><strong>viventes</strong></span> <span class='ocrx_word' id='word_1_418' title='bbox 2659 2938 3021 3008; x_wconf 87' lang='lat' dir='ltr'><strong>superbirent,</strong></span> <span class='ocrx_word' id='word_1_419' title='bbox 3060 2939 3432 2993; x_wconf 86' lang='lat' dir='ltr'><strong>existimantes</strong></span> <span class='ocrx_word' id='word_1_420' title='bbox 3456 2939 3769 3008; x_wconf 82' lang='lat' dir='ltr'><strong>mysterium</strong></span> 
     </span>
    </p>
   </div>
   <div class='ocr_carea' id='block_1_60' title="bbox 2204 3028 3771 3099">
    <p class='ocr_par' dir='ltr' id='par_1_60' title="bbox 2204 3028 3771 3099">
     <span class='ocr_line' id='line_1_60' title="bbox 2204 3028 3771 3099; baseline 0 -16"><span class='ocrx_word' id='word_1_421' title='bbox 2204 3029 2541 3099; x_wconf 87' lang='lat' dir='ltr'><strong>baptismatis</strong></span> <span class='ocrx_word' id='word_1_422' title='bbox 2589 3028 2664 3082; x_wconf 91' lang='lat' dir='ltr'><strong>nil</strong></span> <span class='ocrx_word' id='word_1_423' title='bbox 2709 3029 2788 3083; x_wconf 91' lang='lat' dir='ltr'><strong>eis</strong></span> <span class='ocrx_word' id='word_1_424' title='bbox 2833 3028 3029 3081; x_wconf 89' lang='lat' dir='ltr'><strong>addere</strong></span> <span class='ocrx_word' id='word_1_425' title='bbox 3069 3042 3260 3096; x_wconf 90' lang='lat' dir='ltr'><strong>posse,</strong></span> <span class='ocrx_word' id='word_1_426' title='bbox 3312 3043 3432 3081; x_wconf 91' lang='lat' dir='ltr'><strong>cum</strong></span> <span class='ocrx_word' id='word_1_427' title='bbox 3478 3029 3771 3084; x_wconf 86' lang='lat' dir='ltr'><strong>secundum</strong></span> 
     </span>
    </p>
   </div>
   <div class='ocr_carea' id='block_1_61' title="bbox 529 3084 2102 3189">
    <p class='ocr_par' dir='ltr' id='par_1_61' title="bbox 529 3111 2099 3188">
     <span class='ocr_line' id='line_1_61' title="bbox 529 3111 2099 3188; baseline -0.008 -11"><span class='ocrx_word' id='word_1_428' title='bbox 529 3120 725 3179; x_wconf 83' lang='lat' dir='ltr'><strong>deinde</strong></span> <span class='ocrx_word' id='word_1_429' title='bbox 744 3124 966 3188; x_wconf 88' lang='lat' dir='ltr'><strong>peccata</strong></span> <span class='ocrx_word' id='word_1_430' title='bbox 990 3129 1175 3168; x_wconf 88' lang='lat' dir='ltr'><strong>eorum</strong></span> <span class='ocrx_word' id='word_1_431' title='bbox 1212 3113 1574 3179; x_wconf 80' lang='lat' dir='ltr'><strong>redarguunt;</strong></span> <span class='ocrx_word' id='word_1_432' title='bbox 1601 3111 1793 3164; x_wconf 83' lang='lat' dir='ltr'><strong>deinde</strong></span> <span class='ocrx_word' id='word_1_433' title='bbox 1825 3111 2099 3164; x_wconf 79' lang='lat' dir='ltr'><strong>remissio—</strong></span> 
     </span>
    </p>
   </div>
   <div class='ocr_carea' id='block_1_62' title="bbox 2205 3084 3772 3189">
    <p class='ocr_par' dir='ltr' id='par_1_62' title="bbox 2205 3084 3772 3189">
     <span class='ocr_line' id='line_1_62' title="bbox 2205 3084 3772 3189; baseline 0.003 -16"><span class='ocrx_word' id='word_1_434' title='bbox 2205 3084 2369 3184; x_wconf 67' lang='lat' dir='ltr'><strong>illam,</strong></span> <span class='ocrx_word' id='word_1_435' title='bbox 2398 3136 2501 3189; x_wconf 88' lang='lat' dir='ltr'><strong>qua</strong></span> <span class='ocrx_word' id='word_1_436' title='bbox 2525 3120 2713 3174; x_wconf 91' lang='lat' dir='ltr'><strong>imbuti</strong></span> <span class='ocrx_word' id='word_1_437' title='bbox 2764 3128 2908 3183; x_wconf 87' lang='lat' dir='ltr'><strong>sunt,</strong></span> <span class='ocrx_word' id='word_1_438' title='bbox 2944 3084 3102 3173; x_wconf 76' lang='lat' dir='ltr'><strong>ﬁdem</strong></span> <span class='ocrx_word' id='word_1_439' title='bbox 3124 3084 3325 3173; x_wconf 76' lang='lat' dir='ltr'><strong>vivant.</strong></span> <span class='ocrx_word' id='word_1_440' title='bbox 3361 3118 3467 3174; x_wconf 88' lang='lat' dir='ltr'><strong>Sed</strong></span> <span class='ocrx_word' id='word_1_441' title='bbox 3499 3136 3567 3175; x_wconf 91' lang='lat' dir='ltr'><strong>ne</strong></span> <span class='ocrx_word' id='word_1_442' title='bbox 3582 3120 3639 3175; x_wconf 88' lang='lat' dir='ltr'><strong>in</strong></span> <span class='ocrx_word' id='word_1_443' title='bbox 3669 3122 3772 3178; x_wconf 91' lang='lat' dir='ltr'><strong>hoc</strong></span> 
     </span>
    </p>
   </div>
   <div class='ocr_carea' id='block_1_63' title="bbox 529 3199 2095 3274">
    <p class='ocr_par' dir='ltr' id='par_1_63' title="bbox 529 3199 2095 3274">
     <span class='ocr_line' id='line_1_63' title="bbox 529 3199 2095 3274; baseline -0.008 -10"><span class='ocrx_word' id='word_1_444' title='bbox 529 3226 653 3266; x_wconf 88' lang='lat' dir='ltr'><strong>nem</strong></span> <span class='ocrx_word' id='word_1_445' title='bbox 683 3209 922 3264; x_wconf 91' lang='lat' dir='ltr'><strong>omnium</strong></span> <span class='ocrx_word' id='word_1_446' title='bbox 951 3212 1293 3274; x_wconf 87' lang='lat' dir='ltr'><strong>peccatorum</strong></span> <span class='ocrx_word' id='word_1_447' title='bbox 1328 3201 1379 3253; x_wconf 91' lang='lat' dir='ltr'><strong>in</strong></span> <span class='ocrx_word' id='word_1_448' title='bbox 1405 3200 1724 3269; x_wconf 87' lang='lat' dir='ltr'><strong>baptismate</strong></span> <span class='ocrx_word' id='word_1_449' title='bbox 1745 3199 2095 3267; x_wconf 91' lang='lat' dir='ltr'><strong>promittunt;</strong></span> 
     </span>
    </p>
   </div>
   <div class='ocr_carea' id='block_1_64' title="bbox 531 3288 2100 3366">
    <p class='ocr_par' dir='ltr' id='par_1_64' title="bbox 531 3288 2100 3366">
     <span class='ocr_line' id='line_1_64' title="bbox 531 3288 2100 3366; baseline -0.008 -12"><span class='ocrx_word' id='word_1_450' title='bbox 531 3315 594 3354; x_wconf 89' lang='lat' dir='ltr'><strong>ac</strong></span> <span class='ocrx_word' id='word_1_451' title='bbox 632 3300 709 3353; x_wconf 91' lang='lat' dir='ltr'><strong>sic</strong></span> <span class='ocrx_word' id='word_1_452' title='bbox 734 3298 800 3352; x_wconf 88' lang='lat' dir='ltr'><strong>ad</strong></span> <span class='ocrx_word' id='word_1_453' title='bbox 829 3294 1191 3366; x_wconf 86' lang='lat' dir='ltr'><strong>cognitionem</strong></span> <span class='ocrx_word' id='word_1_454' title='bbox 1237 3300 1292 3345; x_wconf 91' lang='lat' dir='ltr'><strong>et</strong></span> <span class='ocrx_word' id='word_1_455' title='bbox 1333 3290 1673 3344; x_wconf 88' lang='lat' dir='ltr'><strong>dilectionem</strong></span> <span class='ocrx_word' id='word_1_456' title='bbox 1719 3288 1963 3342; x_wconf 88' lang='lat' dir='ltr'><strong>veritatis</strong></span> <span class='ocrx_word' id='word_1_457' title='bbox 2007 3302 2100 3342; x_wconf 89' lang='lat' dir='ltr'><strong>eos</strong></span> 
     </span>
    </p>
   </div>
   <div class='ocr_carea' id='block_1_65' title="bbox 531 3377 2097 3443">
    <p class='ocr_par' dir='ltr' id='par_1_65' title="bbox 531 3377 2097 3443">
     <span class='ocr_line' id='line_1_65' title="bbox 531 3377 2097 3443; baseline -0.005 -3"><span class='ocrx_word' id='word_1_458' title='bbox 531 3388 830 3440; x_wconf 81' lang='lat' dir='ltr'><strong>attrahunt.</strong></span> <span class='ocrx_word' id='word_1_459' title='bbox 858 3383 1088 3438; x_wconf 82' lang='lat' dir='ltr'><strong>Additur</strong></span> <span class='ocrx_word' id='word_1_460' title='bbox 1114 3383 1180 3434; x_wconf 90' lang='lat' dir='ltr'><strong>ad</strong></span> <span class='ocrx_word' id='word_1_461' title='bbox 1207 3378 1477 3434; x_wconf 88' lang='lat' dir='ltr'><strong>cumulum</strong></span> <span class='ocrx_word' id='word_1_462' title='bbox 1522 3377 1696 3430; x_wconf 85' lang='lat' dir='ltr'><strong>laudis</strong></span> <span class='ocrx_word' id='word_1_463' title='bbox 1737 3385 1789 3430; x_wconf 90' lang='lat' dir='ltr'><strong>et</strong></span> <span class='ocrx_word' id='word_1_464' title='bbox 1828 3378 2097 3443; x_wconf 84' lang='lat' dir='ltr'><strong>utilitatis,</strong></span> 
     </span>
    </p>
   </div>
   <div class='ocr_carea' id='block_1_66' title="bbox 531 3466 2104 3546">
    <p class='ocr_par' dir='ltr' id='par_1_66' title="bbox 531 3466 2104 3546">
     <span class='ocr_line' id='line_1_66' title="bbox 531 3466 2104 3546; baseline -0.006 -16"><span class='ocrx_word' id='word_1_465' title='bbox 531 3490 690 3546; x_wconf 73' lang='lat' dir='ltr'><strong>quam</strong></span> <span class='ocrx_word' id='word_1_466' title='bbox 722 3474 944 3529; x_wconf 87' lang='lat' dir='ltr'><strong>Joannis</strong></span> <span class='ocrx_word' id='word_1_467' title='bbox 973 3471 1234 3540; x_wconf 88' lang='lat' dir='ltr'><strong>baptisma</strong></span> <span class='ocrx_word' id='word_1_468' title='bbox 1260 3467 1506 3538; x_wconf 84' lang='lat' dir='ltr'><strong>perfecit.</strong></span> <span class='ocrx_word' id='word_1_469' title='bbox 1522 3466 1921 3537; x_wconf 86' lang='lat' dir='ltr'><strong>Debuitquippe</strong></span> <span class='ocrx_word' id='word_1_470' title='bbox 1946 3481 2104 3535; x_wconf 85' lang='lat' dir='ltr'><strong>prae-</strong></span> 
     </span>
    </p>
   </div>
   <div class='ocr_carea' id='block_1_67' title="bbox 532 3554 2098 3631">
    <p class='ocr_par' dir='ltr' id='par_1_67' title="bbox 532 3554 2098 3631">
     <span class='ocr_line' id='line_1_67' title="bbox 532 3554 2098 3631; baseline -0.008 -11"><span class='ocrx_word' id='word_1_471' title='bbox 532 3558 722 3620; x_wconf 83' lang='lat' dir='ltr'><strong>cursor</strong></span> <span class='ocrx_word' id='word_1_472' title='bbox 783 3562 836 3616; x_wconf 90' lang='lat' dir='ltr'><strong>in</strong></span> <span class='ocrx_word' id='word_1_473' title='bbox 899 3559 1148 3617; x_wconf 87' lang='lat' dir='ltr'><strong>omnibus</strong></span> <span class='ocrx_word' id='word_1_474' title='bbox 1204 3555 1603 3631; x_wconf 84' lang='lat' dir='ltr'><strong>praecursiouis</strong></span> <span class='ocrx_word' id='word_1_475' title='bbox 1662 3570 1790 3609; x_wconf 89' lang='lat' dir='ltr'><strong>suae</strong></span> <span class='ocrx_word' id='word_1_476' title='bbox 1849 3554 2098 3609; x_wconf 84' lang='lat' dir='ltr'><strong>eti&#39;cctum</strong></span> 
     </span>
    </p>
   </div>
   <div class='ocr_carea' id='block_1_68' title="bbox 527 3643 2098 3722">
    <p class='ocr_par' dir='ltr' id='par_1_68' title="bbox 527 3643 2098 3722">
     <span class='ocr_line' id='line_1_68' title="bbox 527 3643 2098 3722; baseline -0.008 -13"><span class='ocrx_word' id='word_1_477' title='bbox 527 3651 754 3722; x_wconf 68' lang='lat' dir='ltr'><strong>Implere</strong></span> <span class='ocrx_word' id='word_1_478' title='bbox 780 3690 796 3715; x_wconf 92' lang='lat'><strong>,</strong></span> <span class='ocrx_word' id='word_1_479' title='bbox 839 3657 936 3714; x_wconf 87' lang='lat' dir='ltr'><strong>ut,</strong></span> <span class='ocrx_word' id='word_1_480' title='bbox 989 3644 1436 3716; x_wconf 87' lang='lat' dir='ltr'><strong>quemadmodum</strong></span> <span class='ocrx_word' id='word_1_481' title='bbox 1487 3643 1781 3711; x_wconf 87' lang='lat' dir='ltr'><strong>praecessit</strong></span> <span class='ocrx_word' id='word_1_482' title='bbox 1826 3643 2098 3698; x_wconf 82' lang='lat' dir='ltr'><strong>Christum</strong></span> 
     </span>
    </p>
   </div>
   <div class='ocr_carea' id='block_1_69' title="bbox 530 3733 2100 3807">
    <p class='ocr_par' dir='ltr' id='par_1_69' title="bbox 530 3733 2100 3807">
     <span class='ocr_line' id='line_1_69' title="bbox 530 3733 2100 3807; baseline -0.006 -10"><span class='ocrx_word' id='word_1_483' title='bbox 530 3740 812 3797; x_wconf 82' lang='lat' dir='ltr'><strong>nativitate</strong></span> <span class='ocrx_word' id='word_1_484' title='bbox 857 3747 913 3793; x_wconf 91' lang='lat' dir='ltr'><strong>et</strong></span> <span class='ocrx_word' id='word_1_485' title='bbox 955 3733 1352 3807; x_wconf 87' lang='lat' dir='ltr'><strong>praedicatione</strong></span> <span class='ocrx_word' id='word_1_486' title='bbox 1378 3772 1393 3797; x_wconf 93' lang='lat'><strong>,</strong></span> <span class='ocrx_word' id='word_1_487' title='bbox 1432 3733 1505 3786; x_wconf 90' lang='lat' dir='ltr'><strong>ita</strong></span> <span class='ocrx_word' id='word_1_488' title='bbox 1554 3733 1717 3787; x_wconf 88' lang='lat' dir='ltr'><strong>etiam</strong></span> <span class='ocrx_word' id='word_1_489' title='bbox 1763 3733 2100 3802; x_wconf 87' lang='lat' dir='ltr'><strong>baptismatis</strong></span> 
     </span>
    </p>
   </div>
   <div class='ocr_carea' id='block_1_70' title="bbox 528 3823 2096 3893">
    <p class='ocr_par' dir='ltr' id='par_1_70' title="bbox 528 3823 2096 3893">
     <span class='ocr_line' id='line_1_70' title="bbox 528 3823 2096 3893; baseline -0.005 -6"><span class='ocrx_word' id='word_1_490' title='bbox 528 3831 897 3887; x_wconf 82' lang='lat' dir='ltr'><strong>similitudine.</strong></span> <span class='ocrx_word' id='word_1_491' title='bbox 930 3828 1000 3884; x_wconf 88' lang='lat' dir='ltr'><strong>Ut</strong></span> <span class='ocrx_word' id='word_1_492' title='bbox 1022 3825 1164 3880; x_wconf 91' lang='lat' dir='ltr'><strong>enim</strong></span> <span class='ocrx_word' id='word_1_493' title='bbox 1197 3839 1391 3878; x_wconf 89' lang='lat' dir='ltr'><strong>aurora</strong></span> <span class='ocrx_word' id='word_1_494' title='bbox 1416 3823 1689 3893; x_wconf 88' lang='lat' dir='ltr'><strong>praecedit</strong></span> <span class='ocrx_word' id='word_1_495' title='bbox 1729 3833 1907 3877; x_wconf 91' lang='lat' dir='ltr'><strong>ortum</strong></span> <span class='ocrx_word' id='word_1_496' title='bbox 1945 3824 2096 3890; x_wconf 89' lang='lat' dir='ltr'><strong>solis,</strong></span> 
     </span>
    </p>
   </div>
   <div class='ocr_carea' id='block_1_71' title="bbox 529 3900 2096 3982">
    <p class='ocr_par' dir='ltr' id='par_1_71' title="bbox 529 3900 2096 3982">
     <span class='ocr_line' id='line_1_71' title="bbox 529 3900 2096 3982; baseline -0.006 -5"><span class='ocrx_word' id='word_1_497' title='bbox 529 3932 603 3978; x_wconf 76' lang='lat' dir='ltr'><strong>ita</strong></span> <span class='ocrx_word' id='word_1_498' title='bbox 627 3927 965 3976; x_wconf 88' lang='lat' dir='ltr'><strong>sacramenta</strong></span> <span class='ocrx_word' id='word_1_499' title='bbox 999 3914 1223 3970; x_wconf 89' lang='lat' dir='ltr'><strong>Joannis</strong></span> <span class='ocrx_word' id='word_1_500' title='bbox 1246 3928 1410 3982; x_wconf 91' lang='lat' dir='ltr'><strong>opera</strong></span> <span class='ocrx_word' id='word_1_501' title='bbox 1441 3900 1640 3967; x_wconf 84' lang='lat' dir='ltr'><strong>Christi</strong></span> <span class='ocrx_word' id='word_1_502' title='bbox 1668 3921 2096 3980; x_wconf 87' lang='lat' dir='ltr'><strong>praecesserunt,</strong></span> 
     </span>
    </p>
   </div>
   <div class='ocr_carea' id='block_1_72' title="bbox 524 4003 2099 4083">
    <p class='ocr_par' dir='ltr' id='par_1_72' title="bbox 524 4003 2099 4083">
     <span class='ocr_line' id='line_1_72' title="bbox 524 4003 2099 4083; baseline -0.007 -14"><span class='ocrx_word' id='word_1_503' title='bbox 524 4021 582 4069; x_wconf 71' lang='lat' dir='ltr'><strong>et</strong></span> <span class='ocrx_word' id='word_1_504' title='bbox 623 4010 1074 4083; x_wconf 89' lang='lat' dir='ltr'><strong>quemadmodum</strong></span> <span class='ocrx_word' id='word_1_505' title='bbox 1117 4020 1311 4060; x_wconf 89' lang='lat' dir='ltr'><strong>aurora</strong></span> <span class='ocrx_word' id='word_1_506' title='bbox 1337 4003 1736 4073; x_wconf 88' lang='lat' dir='ltr'><strong>quodammodo</strong></span> <span class='ocrx_word' id='word_1_507' title='bbox 1762 4003 1980 4059; x_wconf 89' lang='lat' dir='ltr'><strong>umbras</strong></span> <span class='ocrx_word' id='word_1_508' title='bbox 2005 4020 2099 4059; x_wconf 85' lang='lat' dir='ltr'><strong>ex-</strong></span> 
     </span>
    </p>
   </div>
   <div class='ocr_carea' id='block_1_73' title="bbox 530 4096 2098 4168">
    <p class='ocr_par' dir='ltr' id='par_1_73' title="bbox 530 4096 2098 4168">
     <span class='ocr_line' id='line_1_73' title="bbox 530 4096 2098 4168; baseline -0.005 -7"><span class='ocrx_word' id='word_1_509' title='bbox 530 4113 735 4168; x_wconf 87' lang='lat' dir='ltr'><strong>cutere,</strong></span> <span class='ocrx_word' id='word_1_510' title='bbox 765 4103 837 4156; x_wconf 89' lang='lat' dir='ltr'><strong>ita</strong></span> <span class='ocrx_word' id='word_1_511' title='bbox 866 4099 1111 4157; x_wconf 87' lang='lat' dir='ltr'><strong>doctrina</strong></span> <span class='ocrx_word' id='word_1_512' title='bbox 1136 4108 1191 4152; x_wconf 88' lang='lat' dir='ltr'><strong>et</strong></span> <span class='ocrx_word' id='word_1_513' title='bbox 1217 4096 1527 4168; x_wconf 89' lang='lat' dir='ltr'><strong>mysterium</strong></span> <span class='ocrx_word' id='word_1_514' title='bbox 1552 4096 1921 4165; x_wconf 77' lang='lat' dir='ltr'><strong>praecursoria</strong></span> <span class='ocrx_word' id='word_1_515' title='bbox 1950 4106 2098 4153; x_wconf 85' lang='lat' dir='ltr'><strong>tene-</strong></span> 
     </span>
    </p>
   </div>
   <div class='ocr_carea' id='block_1_74' title="bbox 529 4186 2094 4262">
    <p class='ocr_par' dir='ltr' id='par_1_74' title="bbox 529 4186 2094 4262">
     <span class='ocr_line' id='line_1_74' title="bbox 529 4186 2094 4262; baseline -0.005 -13"><span class='ocrx_word' id='word_1_516' title='bbox 529 4196 661 4249; x_wconf 82' lang='lat' dir='ltr'><strong>bras</strong></span> <span class='ocrx_word' id='word_1_517' title='bbox 701 4190 1037 4262; x_wconf 82' lang='lat' dir='ltr'><strong>ignorantiae</strong></span> <span class='ocrx_word' id='word_1_518' title='bbox 1083 4190 1245 4241; x_wconf 84' lang='lat' dir='ltr'><strong>totius</strong></span> <span class='ocrx_word' id='word_1_519' title='bbox 1283 4187 1466 4240; x_wconf 91' lang='lat' dir='ltr'><strong>mundi</strong></span> <span class='ocrx_word' id='word_1_520' title='bbox 1504 4186 1795 4240; x_wconf 87' lang='lat' dir='ltr'><strong>inchoabat</strong></span> <span class='ocrx_word' id='word_1_521' title='bbox 1821 4196 2094 4242; x_wconf 81' lang='lat' dir='ltr'><strong>excutere.</strong></span> 
     </span>
    </p>
   </div>
   <div class='ocr_carea' id='block_1_75' title="bbox 524 4276 2098 4356">
    <p class='ocr_par' dir='ltr' id='par_1_75' title="bbox 524 4276 2098 4356">
     <span class='ocr_line' id='line_1_75' title="bbox 524 4276 2098 4356; baseline -0.006 -16"><span class='ocrx_word' id='word_1_522' title='bbox 524 4287 734 4356; x_wconf 83' lang='lat' dir='ltr'><strong>itaque,</strong></span> <span class='ocrx_word' id='word_1_523' title='bbox 767 4298 833 4336; x_wconf 90' lang='lat' dir='ltr'><strong>ne</strong></span> <span class='ocrx_word' id='word_1_524' title='bbox 873 4280 1053 4336; x_wconf 82' lang='lat' dir='ltr'><strong>subito</strong></span> <span class='ocrx_word' id='word_1_525' title='bbox 1079 4292 1266 4332; x_wconf 89' lang='lat' dir='ltr'><strong>verum</strong></span> <span class='ocrx_word' id='word_1_526' title='bbox 1294 4276 1561 4346; x_wconf 90' lang='lat' dir='ltr'><strong>baptisma</strong></span> <span class='ocrx_word' id='word_1_527' title='bbox 1585 4276 1785 4332; x_wconf 90' lang='lat' dir='ltr'><strong>Christi</strong></span> <span class='ocrx_word' id='word_1_528' title='bbox 1812 4285 2098 4346; x_wconf 84' lang='lat' dir='ltr'><strong>appareret</strong></span> 
     </span>
    </p>
   </div>
   <div class='ocr_carea' id='block_1_76' title="bbox 529 4367 2094 4442">
    <p class='ocr_par' dir='ltr' id='par_1_76' title="bbox 529 4367 2094 4442">
     <span class='ocr_line' id='line_1_76' title="bbox 529 4367 2094 4442; baseline -0.006 -11"><span class='ocrx_word' id='word_1_529' title='bbox 529 4376 749 4437; x_wconf 90' lang='lat' dir='ltr'><strong>mundo,</strong></span> <span class='ocrx_word' id='word_1_530' title='bbox 776 4369 1073 4442; x_wconf 86' lang='lat' dir='ltr'><strong>praecessit</strong></span> <span class='ocrx_word' id='word_1_531' title='bbox 1113 4367 1398 4437; x_wconf 84' lang='lat' dir='ltr'><strong>ﬁguratum</strong></span> <span class='ocrx_word' id='word_1_532' title='bbox 1441 4367 1731 4436; x_wconf 88' lang='lat' dir='ltr'><strong>baptisma,</strong></span> <span class='ocrx_word' id='word_1_533' title='bbox 1761 4374 1821 4420; x_wconf 89' lang='lat' dir='ltr'><strong>ut</strong></span> <span class='ocrx_word' id='word_1_534' title='bbox 1852 4367 2012 4421; x_wconf 90' lang='lat' dir='ltr'><strong>altius</strong></span> <span class='ocrx_word' id='word_1_535' title='bbox 2038 4375 2094 4421; x_wconf 89' lang='lat' dir='ltr'><strong>et</strong></span> 
     </span>
    </p>
   </div>
   <div class='ocr_carea' id='block_1_77' title="bbox 522 4456 2092 4525">
    <p class='ocr_par' dir='ltr' id='par_1_77' title="bbox 522 4456 2092 4525">
     <span class='ocr_line' id='line_1_77' title="bbox 522 4456 2092 4525; baseline -0.006 -5"><span class='ocrx_word' id='word_1_536' title='bbox 522 4466 728 4520; x_wconf 75' lang='lat' dir='ltr'><strong>clarius</strong></span> <span class='ocrx_word' id='word_1_537' title='bbox 754 4462 956 4515; x_wconf 87' lang='lat' dir='ltr'><strong>veritas</strong></span> <span class='ocrx_word' id='word_1_538' title='bbox 984 4460 1343 4520; x_wconf 90' lang='lat' dir='ltr'><strong>elucescerct,</strong></span> <span class='ocrx_word' id='word_1_539' title='bbox 1396 4457 1440 4510; x_wconf 90' lang='lat' dir='ltr'><strong>si</strong></span> <span class='ocrx_word' id='word_1_540' title='bbox 1490 4457 1636 4525; x_wconf 88' lang='lat' dir='ltr'><strong>prius</strong></span> <span class='ocrx_word' id='word_1_541' title='bbox 1681 4456 1992 4510; x_wconf 90' lang='lat' dir='ltr'><strong>sedentibus</strong></span> <span class='ocrx_word' id='word_1_542' title='bbox 2036 4457 2092 4510; x_wconf 89' lang='lat' dir='ltr'><strong>in</strong></span> 
     </span>
    </p>
   </div>
   <div class='ocr_carea' id='block_1_78' title="bbox 524 4543 2095 4618">
    <p class='ocr_par' dir='ltr' id='par_1_78' title="bbox 524 4543 2095 4618">
     <span class='ocr_line' id='line_1_78' title="bbox 524 4543 2095 4618; baseline -0.008 -10"><span class='ocrx_word' id='word_1_543' title='bbox 524 4550 768 4615; x_wconf 78' lang='lat' dir='ltr'><strong>tenebris</strong></span> <span class='ocrx_word' id='word_1_544' title='bbox 800 4549 966 4618; x_wconf 82' lang='lat' dir='ltr'><strong>ﬁgura</strong></span> <span class='ocrx_word' id='word_1_545' title='bbox 1000 4546 1285 4599; x_wconf 89' lang='lat' dir='ltr'><strong>arrideret.</strong></span> <span class='ocrx_word' id='word_1_546' title='bbox 1320 4543 1452 4597; x_wconf 85' lang='lat' dir='ltr'><strong>Item</strong></span> <span class='ocrx_word' id='word_1_547' title='bbox 1485 4544 1783 4612; x_wconf 88' lang='lat' dir='ltr'><strong>quaeritur,</strong></span> <span class='ocrx_word' id='word_1_548' title='bbox 1812 4558 1909 4596; x_wconf 90' lang='lat' dir='ltr'><strong>cur</strong></span> <span class='ocrx_word' id='word_1_549' title='bbox 1940 4543 2095 4598; x_wconf 79' lang='lat' dir='ltr'><strong>Chri-</strong></span> 
     </span>
    </p>
   </div>
   <div class='ocr_carea' id='block_1_79' title="bbox 525 4632 2091 4707">
    <p class='ocr_par' dir='ltr' id='par_1_79' title="bbox 525 4632 2091 4707">
     <span class='ocr_line' id='line_1_79' title="bbox 525 4632 2091 4707; baseline -0.008 -9"><span class='ocrx_word' id='word_1_550' title='bbox 525 4651 646 4699; x_wconf 73' lang='lat' dir='ltr'><strong>stus</strong></span> <span class='ocrx_word' id='word_1_551' title='bbox 674 4637 977 4707; x_wconf 86' lang='lat' dir='ltr'><strong>baptizatus</strong></span> <span class='ocrx_word' id='word_1_552' title='bbox 1006 4641 1088 4688; x_wconf 91' lang='lat' dir='ltr'><strong>est</strong></span> <span class='ocrx_word' id='word_1_553' title='bbox 1113 4648 1142 4685; x_wconf 89' lang='lat' dir='ltr'><strong>a</strong></span> <span class='ocrx_word' id='word_1_554' title='bbox 1171 4649 1268 4686; x_wconf 92' lang='lat' dir='ltr'><strong>suo</strong></span> <span class='ocrx_word' id='word_1_555' title='bbox 1296 4648 1472 4687; x_wconf 88' lang='lat' dir='ltr'><strong>servo.</strong></span> <span class='ocrx_word' id='word_1_556' title='bbox 1498 4632 1575 4685; x_wconf 86' lang='lat' dir='ltr'><strong>Ad</strong></span> <span class='ocrx_word' id='word_1_557' title='bbox 1603 4633 1743 4701; x_wconf 90' lang='lat' dir='ltr'><strong>quod</strong></span> <span class='ocrx_word' id='word_1_558' title='bbox 1770 4633 2052 4687; x_wconf 89' lang='lat' dir='ltr'><strong>dicendum</strong></span> <span class='ocrx_word' id='word_1_559' title='bbox 2079 4650 2091 4686; x_wconf 90' lang='lat'>:</span> 
     </span>
    </p>
   </div>
   <div class='ocr_carea' id='block_1_80' title="bbox 525 4722 2097 4801">
    <p class='ocr_par' dir='ltr' id='par_1_80' title="bbox 525 4722 2097 4801">
     <span class='ocr_line' id='line_1_80' title="bbox 525 4722 2097 4801; baseline -0.006 -15"><span class='ocrx_word' id='word_1_560' title='bbox 525 4739 811 4801; x_wconf 70' lang='lat' dir='ltr'><strong>propterea</strong></span> <span class='ocrx_word' id='word_1_561' title='bbox 841 4726 1089 4781; x_wconf 84' lang='lat' dir='ltr'><strong>Christus</strong></span> <span class='ocrx_word' id='word_1_562' title='bbox 1109 4738 1138 4774; x_wconf 88' lang='lat' dir='ltr'><strong>a</strong></span> <span class='ocrx_word' id='word_1_563' title='bbox 1164 4736 1322 4775; x_wconf 82' lang='lat' dir='ltr'><strong>servo</strong></span> <span class='ocrx_word' id='word_1_564' title='bbox 1349 4722 1608 4790; x_wconf 84' lang='lat' dir='ltr'><strong>baptizari</strong></span> <span class='ocrx_word' id='word_1_565' title='bbox 1631 4724 1875 4791; x_wconf 85' lang='lat' dir='ltr'><strong>dignatus</strong></span> <span class='ocrx_word' id='word_1_566' title='bbox 1904 4731 2006 4788; x_wconf 88' lang='lat' dir='ltr'><strong>est,</strong></span> <span class='ocrx_word' id='word_1_567' title='bbox 2037 4732 2097 4776; x_wconf 89' lang='lat' dir='ltr'><strong>ut</strong></span> 
     </span>
    </p>
   </div>
   <div class='ocr_carea' id='block_1_81' title="bbox 528 4808 2094 4890">
    <p class='ocr_par' dir='ltr' id='par_1_81' title="bbox 528 4808 2094 4890">
     <span class='ocr_line' id='line_1_81' title="bbox 528 4808 2094 4890; baseline -0.006 -16"><span class='ocrx_word' id='word_1_568' title='bbox 528 4815 899 4890; x_wconf 87' lang='lat' dir='ltr'><strong>praecursoris</strong></span> <span class='ocrx_word' id='word_1_569' title='bbox 921 4812 1000 4866; x_wconf 72' lang='lat' dir='ltr'><strong>sui</strong></span> <span class='ocrx_word' id='word_1_570' title='bbox 1028 4808 1259 4865; x_wconf 77' lang='lat' dir='ltr'><strong>oﬁicium</strong></span> <span class='ocrx_word' id='word_1_571' title='bbox 1289 4817 1344 4863; x_wconf 90' lang='lat' dir='ltr'><strong>et</strong></span> <span class='ocrx_word' id='word_1_572' title='bbox 1382 4809 1784 4875; x_wconf 88' lang='lat' dir='ltr'><strong>honoriﬁcaret,</strong></span> <span class='ocrx_word' id='word_1_573' title='bbox 1815 4820 1870 4865; x_wconf 92' lang='lat' dir='ltr'><strong>et</strong></span> <span class='ocrx_word' id='word_1_574' title='bbox 1911 4827 2094 4865; x_wconf 83' lang='lat' dir='ltr'><strong>verum</strong></span> 
     </span>
    </p>
   </div>
   <div class='ocr_carea' id='block_1_82' title="bbox 527 4899 2094 4969">
    <p class='ocr_par' dir='ltr' id='par_1_82' title="bbox 527 4899 2094 4969">
     <span class='ocr_line' id='line_1_82' title="bbox 527 4899 2094 4969; baseline -0.006 -5"><span class='ocrx_word' id='word_1_575' title='bbox 527 4909 660 4965; x_wconf 90' lang='lat' dir='ltr'><strong>illud</strong></span> <span class='ocrx_word' id='word_1_576' title='bbox 691 4906 884 4969; x_wconf 66' lang='lat' dir='ltr'><strong>fuisse,</strong></span> <span class='ocrx_word' id='word_1_577' title='bbox 910 4902 1162 4956; x_wconf 89' lang='lat' dir='ltr'><strong>omnibus</strong></span> <span class='ocrx_word' id='word_1_578' title='bbox 1196 4899 1416 4954; x_wconf 85' lang='lat' dir='ltr'><strong>Judaeis</strong></span> <span class='ocrx_word' id='word_1_579' title='bbox 1444 4914 1507 4954; x_wconf 89' lang='lat' dir='ltr'><strong>ac</strong></span> <span class='ocrx_word' id='word_1_580' title='bbox 1538 4909 1648 4954; x_wconf 89' lang='lat' dir='ltr'><strong>toto</strong></span> <span class='ocrx_word' id='word_1_581' title='bbox 1675 4902 1872 4955; x_wconf 89' lang='lat' dir='ltr'><strong>mundo</strong></span> <span class='ocrx_word' id='word_1_582' title='bbox 1910 4912 2094 4957; x_wconf 89' lang='lat' dir='ltr'><strong>notum</strong></span> 
     </span>
    </p>
   </div>
   <div class='ocr_carea' id='block_1_83' title="bbox 531 4988 2093 5060">
    <p class='ocr_par' dir='ltr' id='par_1_83' title="bbox 531 4988 2093 5060">
     <span class='ocr_line' id='line_1_83' title="bbox 531 4988 2093 5060; baseline -0.006 -5"><span class='ocrx_word' id='word_1_583' title='bbox 531 5002 755 5055; x_wconf 83' lang='lat' dir='ltr'><strong>faceret.</strong></span> <span class='ocrx_word' id='word_1_584' title='bbox 807 4990 991 5046; x_wconf 46' lang='lat' dir='ltr'><strong>Sed‘si</strong></span> <span class='ocrx_word' id='word_1_585' title='bbox 1035 4989 1145 5045; x_wconf 86' lang='lat' dir='ltr'><strong>sola</strong></span> <span class='ocrx_word' id='word_1_586' title='bbox 1193 4991 1327 5044; x_wconf 84' lang='lat' dir='ltr'><strong>haec</strong></span> <span class='ocrx_word' id='word_1_587' title='bbox 1361 5004 1522 5043; x_wconf 88' lang='lat' dir='ltr'><strong>causa</strong></span> <span class='ocrx_word' id='word_1_588' title='bbox 1570 4988 1666 5043; x_wconf 80' lang='lat' dir='ltr'><strong>fuit</strong></span> <span class='ocrx_word' id='word_1_589' title='bbox 1711 4990 2014 5060; x_wconf 84' lang='lat' dir='ltr'><strong>baptizandi</strong></span> <span class='ocrx_word' id='word_1_590' title='bbox 2063 5006 2093 5045; x_wconf 89' lang='lat' dir='ltr'><strong>a</strong></span> 
     </span>
    </p>
   </div>
   <div class='ocr_carea' id='block_1_84' title="bbox 531 5079 2094 5151">
    <p class='ocr_par' dir='ltr' id='par_1_84' title="bbox 531 5079 2094 5151">
     <span class='ocr_line' id='line_1_84' title="bbox 531 5079 2094 5151; baseline -0.006 -6"><span class='ocrx_word' id='word_1_591' title='bbox 531 5104 686 5146; x_wconf 79' lang='lat' dir='ltr'><strong>servo</strong></span> <span class='ocrx_word' id='word_1_592' title='bbox 708 5100 806 5140; x_wconf 87' lang='lat' dir='ltr'><strong>suo</strong></span> <span class='ocrx_word' id='word_1_593' title='bbox 841 5081 1069 5145; x_wconf 89' lang='lat' dir='ltr'><strong>Domini,</strong></span> <span class='ocrx_word' id='word_1_594' title='bbox 1097 5096 1194 5136; x_wconf 91' lang='lat' dir='ltr'><strong>cur</strong></span> <span class='ocrx_word' id='word_1_595' title='bbox 1221 5095 1323 5133; x_wconf 89' lang='lat' dir='ltr'><strong>non</strong></span> <span class='ocrx_word' id='word_1_596' title='bbox 1348 5079 1492 5134; x_wconf 88' lang='lat' dir='ltr'><strong>solus</strong></span> <span class='ocrx_word' id='word_1_597' title='bbox 1516 5079 1762 5135; x_wconf 89' lang='lat' dir='ltr'><strong>Christus</strong></span> <span class='ocrx_word' id='word_1_598' title='bbox 1793 5081 2094 5151; x_wconf 86' lang='lat' dir='ltr'><strong>baptizatus</strong></span> 
     </span>
    </p>
   </div>
   <div class='ocr_carea' id='block_1_85' title="bbox 530 5169 2092 5238">
    <p class='ocr_par' dir='ltr' id='par_1_85' title="bbox 530 5169 2092 5238">
     <span class='ocr_line' id='line_1_85' title="bbox 530 5169 2092 5238; baseline -0.006 -3"><span class='ocrx_word' id='word_1_599' title='bbox 530 5190 612 5238; x_wconf 85' lang='lat' dir='ltr'><strong>est</strong></span> <span class='ocrx_word' id='word_1_600' title='bbox 639 5195 668 5234; x_wconf 91' lang='lat' dir='ltr'><strong>a</strong></span> <span class='ocrx_word' id='word_1_601' title='bbox 708 5174 949 5233; x_wconf 86' lang='lat' dir='ltr'><strong>Joanne?</strong></span> <span class='ocrx_word' id='word_1_602' title='bbox 977 5169 1285 5227; x_wconf 81' lang='lat' dir='ltr'><strong>Sttﬁicicbat</strong></span> <span class='ocrx_word' id='word_1_603' title='bbox 1338 5170 1480 5224; x_wconf 91' lang='lat' dir='ltr'><strong>enim</strong></span> <span class='ocrx_word' id='word_1_604' title='bbox 1512 5170 1576 5223; x_wconf 91' lang='lat' dir='ltr'><strong>ad</strong></span> <span class='ocrx_word' id='word_1_605' title='bbox 1610 5170 1818 5226; x_wconf 88' lang='lat' dir='ltr'><strong>laudem</strong></span> <span class='ocrx_word' id='word_1_606' title='bbox 1861 5181 1916 5227; x_wconf 88' lang='lat' dir='ltr'><strong>et</strong></span> <span class='ocrx_word' id='word_1_607' title='bbox 1942 5173 2092 5227; x_wconf 87' lang='lat' dir='ltr'><strong>testi-</strong></span> 
     </span>
    </p>
   </div>
   <div class='ocr_carea' id='block_1_86' title="bbox 532 5261 2090 5336">
    <p class='ocr_par' dir='ltr' id='par_1_86' title="bbox 532 5261 2090 5336">
     <span class='ocr_line' id='line_1_86' title="bbox 532 5261 2090 5336; baseline -0.003 -12"><span class='ocrx_word' id='word_1_608' title='bbox 532 5271 767 5327; x_wconf 90' lang='lat' dir='ltr'><strong>monium</strong></span> <span class='ocrx_word' id='word_1_609' title='bbox 795 5262 1135 5336; x_wconf 87' lang='lat' dir='ltr'><strong>baptismatis</strong></span> <span class='ocrx_word' id='word_1_610' title='bbox 1162 5261 1303 5316; x_wconf 87' lang='lat' dir='ltr'><strong>servi</strong></span> <span class='ocrx_word' id='word_1_611' title='bbox 1335 5261 1609 5315; x_wconf 87' lang='lat' dir='ltr'><strong>humilitas</strong></span> <span class='ocrx_word' id='word_1_612' title='bbox 1636 5262 1865 5316; x_wconf 89' lang='lat' dir='ltr'><strong>Domini.</strong></span> <span class='ocrx_word' id='word_1_613' title='bbox 1898 5262 2002 5319; x_wconf 85' lang='lat' dir='ltr'><strong>Sed</strong></span> <span class='ocrx_word' id='word_1_614' title='bbox 2025 5268 2090 5319; x_wconf 90' lang='lat' dir='ltr'><strong>ad</strong></span> 
     </span>
    </p>
   </div>
   <div class='ocr_carea' id='block_1_87' title="bbox 2201 3205 3772 3271">
    <p class='ocr_par' dir='ltr' id='par_1_87' title="bbox 2201 3205 3772 3271">
     <span class='ocr_line' id='line_1_87' title="bbox 2201 3205 3772 3271; baseline 0.001 -9"><span class='ocrx_word' id='word_1_615' title='bbox 2201 3218 2469 3271; x_wconf 87' lang='lat' dir='ltr'><strong>errarent,</strong></span> <span class='ocrx_word' id='word_1_616' title='bbox 2498 3207 2630 3261; x_wconf 90' lang='lat' dir='ltr'><strong>etin</strong></span> <span class='ocrx_word' id='word_1_617' title='bbox 2664 3222 2858 3261; x_wconf 88' lang='lat' dir='ltr'><strong>vanum</strong></span> <span class='ocrx_word' id='word_1_618' title='bbox 2906 3205 3246 3268; x_wconf 85' lang='lat' dir='ltr'><strong>laborarent,</strong></span> <span class='ocrx_word' id='word_1_619' title='bbox 3301 3206 3559 3261; x_wconf 87' lang='lat' dir='ltr'><strong>Dominus</strong></span> <span class='ocrx_word' id='word_1_620' title='bbox 3605 3206 3772 3263; x_wconf 83' lang='lat' dir='ltr'><strong>voluit</strong></span> 
     </span>
    </p>
   </div>
   <div class='ocr_carea' id='block_1_88' title="bbox 2201 3295 3768 3364">
    <p class='ocr_par' dir='ltr' id='par_1_88' title="bbox 2201 3295 3768 3364">
     <span class='ocr_line' id='line_1_88' title="bbox 2201 3295 3768 3364; baseline 0 -15"><span class='ocrx_word' id='word_1_621' title='bbox 2201 3296 2505 3364; x_wconf 88' lang='lat' dir='ltr'><strong>exemplum</strong></span> <span class='ocrx_word' id='word_1_622' title='bbox 2551 3295 2629 3349; x_wconf 88' lang='lat' dir='ltr'><strong>eis</strong></span> <span class='ocrx_word' id='word_1_623' title='bbox 2673 3296 2801 3350; x_wconf 87' lang='lat' dir='ltr'><strong>dare</strong></span> <span class='ocrx_word' id='word_1_624' title='bbox 2845 3295 2912 3348; x_wconf 89' lang='lat' dir='ltr'><strong>de</strong></span> <span class='ocrx_word' id='word_1_625' title='bbox 2945 3308 3045 3348; x_wconf 91' lang='lat' dir='ltr'><strong>suo</strong></span> <span class='ocrx_word' id='word_1_626' title='bbox 3093 3295 3440 3363; x_wconf 85' lang='lat' dir='ltr'><strong>baptismate,</strong></span> <span class='ocrx_word' id='word_1_627' title='bbox 3485 3302 3544 3348; x_wconf 91' lang='lat' dir='ltr'><strong>ut</strong></span> <span class='ocrx_word' id='word_1_628' title='bbox 3592 3295 3768 3349; x_wconf 91' lang='lat' dir='ltr'><strong>nullus</strong></span> 
     </span>
    </p>
   </div>
   <div class='ocr_carea' id='block_1_89' title="bbox 2201 3381 3767 3445">
    <p class='ocr_par' dir='ltr' id='par_1_89' title="bbox 2201 3381 3767 3445">
     <span class='ocr_line' id='line_1_89' title="bbox 2201 3381 3767 3445; baseline -0.001 -7"><span class='ocrx_word' id='word_1_629' title='bbox 2201 3398 2388 3439; x_wconf 86' lang='lat' dir='ltr'><strong>eorum</strong></span> <span class='ocrx_word' id='word_1_630' title='bbox 2415 3384 2638 3438; x_wconf 90' lang='lat' dir='ltr'><strong>auderet</strong></span> <span class='ocrx_word' id='word_1_631' title='bbox 2659 3381 2851 3445; x_wconf 85' lang='lat' dir='ltr'><strong>inﬂari,</strong></span> <span class='ocrx_word' id='word_1_632' title='bbox 2877 3382 3120 3437; x_wconf 85' lang='lat' dir='ltr'><strong>videntes</strong></span> <span class='ocrx_word' id='word_1_633' title='bbox 3145 3382 3426 3436; x_wconf 89' lang='lat' dir='ltr'><strong>Dominum</strong></span> <span class='ocrx_word' id='word_1_634' title='bbox 3449 3397 3603 3436; x_wconf 87' lang='lat' dir='ltr'><strong>suum</strong></span> <span class='ocrx_word' id='word_1_635' title='bbox 3625 3382 3767 3436; x_wconf 81' lang='lat' dir='ltr'><strong>servi</strong></span> 
     </span>
    </p>
   </div>
   <div class='ocr_carea' id='block_1_90' title="bbox 2202 3470 3765 3543">
    <p class='ocr_par' dir='ltr' id='par_1_90' title="bbox 2202 3470 3765 3543">
     <span class='ocr_line' id='line_1_90' title="bbox 2202 3470 3765 3543; baseline -0.002 -15"><span class='ocrx_word' id='word_1_636' title='bbox 2202 3474 2283 3528; x_wconf 91' lang='lat' dir='ltr'><strong>sui</strong></span> <span class='ocrx_word' id='word_1_637' title='bbox 2302 3474 2625 3543; x_wconf 87' lang='lat' dir='ltr'><strong>baptismum</strong></span> <span class='ocrx_word' id='word_1_638' title='bbox 2644 3473 2893 3527; x_wconf 86' lang='lat' dir='ltr'><strong>subiisse.</strong></span> <span class='ocrx_word' id='word_1_639' title='bbox 2916 3470 2971 3526; x_wconf 90' lang='lat' dir='ltr'><strong>Si</strong></span> <span class='ocrx_word' id='word_1_640' title='bbox 2995 3471 3137 3526; x_wconf 90' lang='lat' dir='ltr'><strong>enim</strong></span> <span class='ocrx_word' id='word_1_641' title='bbox 3167 3472 3419 3525; x_wconf 87' lang='lat' dir='ltr'><strong>Dominus</strong></span> <span class='ocrx_word' id='word_1_642' title='bbox 3443 3471 3765 3539; x_wconf 87' lang='lat' dir='ltr'><strong>baptismum</strong></span> 
     </span>
    </p>
   </div>
   <div class='ocr_carea' id='block_1_91' title="bbox 2200 3560 3764 3632">
    <p class='ocr_par' dir='ltr' id='par_1_91' title="bbox 2200 3560 3764 3632">
     <span class='ocr_line' id='line_1_91' title="bbox 2200 3560 3764 3632; baseline -0.003 -13"><span class='ocrx_word' id='word_1_643' title='bbox 2200 3566 2282 3619; x_wconf 88' lang='lat' dir='ltr'><strong>sui</strong></span> <span class='ocrx_word' id='word_1_644' title='bbox 2314 3564 2457 3619; x_wconf 90' lang='lat' dir='ltr'><strong>servi</strong></span> <span class='ocrx_word' id='word_1_645' title='bbox 2485 3564 2654 3617; x_wconf 87' lang='lat' dir='ltr'><strong>uoluit</strong></span> <span class='ocrx_word' id='word_1_646' title='bbox 2671 3562 2971 3632; x_wconf 89' lang='lat' dir='ltr'><strong>despicere,</strong></span> <span class='ocrx_word' id='word_1_647' title='bbox 2991 3577 3100 3632; x_wconf 89' lang='lat' dir='ltr'><strong>qua</strong></span> <span class='ocrx_word' id='word_1_648' title='bbox 3119 3561 3324 3616; x_wconf 89' lang='lat' dir='ltr'><strong>ratione</strong></span> <span class='ocrx_word' id='word_1_649' title='bbox 3340 3560 3415 3615; x_wconf 89' lang='lat' dir='ltr'><strong>illi</strong></span> <span class='ocrx_word' id='word_1_650' title='bbox 3439 3560 3764 3630; x_wconf 87' lang='lat' dir='ltr'><strong>baptismum</strong></span> 
     </span>
    </p>
   </div>
   <div class='ocr_carea' id='block_1_92' title="bbox 2200 3651 3009 3709">
    <p class='ocr_par' dir='ltr' id='par_1_92' title="bbox 2200 3651 3009 3709">
     <span class='ocr_line' id='line_1_92' title="bbox 2200 3651 3009 3709; baseline -0.006 1"><span class='ocrx_word' id='word_1_651' title='bbox 2200 3654 2414 3709; x_wconf 90' lang='lat' dir='ltr'><strong>Domini</strong></span> <span class='ocrx_word' id='word_1_652' title='bbox 2447 3653 2527 3707; x_wconf 91' lang='lat' dir='ltr'><strong>sui</strong></span> <span class='ocrx_word' id='word_1_653' title='bbox 2557 3653 2764 3706; x_wconf 87' lang='lat' dir='ltr'><strong>nollent</strong></span> <span class='ocrx_word' id='word_1_654' title='bbox 2793 3651 3009 3706; x_wconf 81' lang='lat' dir='ltr'><strong>subire?</strong></span> 
     </span>
    </p>
   </div>
   <div class='ocr_carea' id='block_1_93' title="bbox 2271 3737 3768 3810">
    <p class='ocr_par' dir='ltr' id='par_1_93' title="bbox 2271 3737 3768 3810">
     <span class='ocr_line' id='line_1_93' title="bbox 2271 3737 3768 3810; baseline -0.002 -16"><span class='ocrx_word' id='word_1_655' title='bbox 2271 3740 2441 3795; x_wconf 86' lang='lat' dir='ltr'><strong>Facta</strong></span> <span class='ocrx_word' id='word_1_656' title='bbox 2454 3750 2528 3794; x_wconf 76' lang='lat' dir='ltr'><strong>est</strong></span> <span class='ocrx_word' id='word_1_657' title='bbox 2553 3757 2672 3810; x_wconf 83' lang='lat' dir='ltr'><strong>ergo</strong></span> <span class='ocrx_word' id='word_1_658' title='bbox 2687 3741 2920 3809; x_wconf 80' lang='lat' dir='ltr'><strong>quaestio</strong></span> <span class='ocrx_word' id='word_1_659' title='bbox 2932 3753 2996 3797; x_wconf 76' lang='lat' dir='ltr'><strong>ea:</strong></span> <span class='ocrx_word' id='word_1_660' title='bbox 3019 3738 3284 3808; x_wconf 76' lang='lat' dir='ltr'><strong>discipulis</strong></span> <span class='ocrx_word' id='word_1_661' title='bbox 3302 3737 3521 3792; x_wconf 69' lang='lat' dir='ltr'><strong>locum:</strong></span> <span class='ocrx_word' id='word_1_662' title='bbox 3534 3751 3652 3793; x_wconf 77' lang='lat' dir='ltr'><strong>cum</strong></span> <span class='ocrx_word' id='word_1_663' title='bbox 3665 3746 3768 3793; x_wconf 78' lang='lat' dir='ltr'><strong>Ju-</strong></span> 
     </span>
    </p>
   </div>
   <div class='ocr_carea' id='block_1_94' title="bbox 2199 3825 3768 3900">
    <p class='ocr_par' dir='ltr' id='par_1_94' title="bbox 2199 3825 3768 3900">
     <span class='ocr_line' id='line_1_94' title="bbox 2199 3825 3768 3900; baseline -0.003 -16"><span class='ocrx_word' id='word_1_664' title='bbox 2199 3831 2345 3884; x_wconf 79' lang='lat' dir='ltr'><strong>dacis</strong></span> <span class='ocrx_word' id='word_1_665' title='bbox 2363 3831 2426 3883; x_wconf 85' lang='lat' dir='ltr'><strong>de</strong></span> <span class='ocrx_word' id='word_1_666' title='bbox 2449 3829 2832 3900; x_wconf 80' lang='lat' dir='ltr'><strong>puriﬁcatione.</strong></span> <span class='ocrx_word' id='word_1_667' title='bbox 2853 3828 3103 3898; x_wconf 87' lang='lat' dir='ltr'><strong>Discipuli</strong></span> <span class='ocrx_word' id='word_1_668' title='bbox 3119 3826 3363 3890; x_wconf 87' lang='lat' dir='ltr'><strong>Joannis,</strong></span> <span class='ocrx_word' id='word_1_669' title='bbox 3379 3826 3620 3882; x_wconf 85' lang='lat' dir='ltr'><strong>videntes</strong></span> <span class='ocrx_word' id='word_1_670' title='bbox 3632 3825 3768 3880; x_wconf 66' lang='lat' dir='ltr'><strong>mulo</strong></span> 
     </span>
    </p>
   </div>
   <div class='ocr_carea' id='block_1_95' title="bbox 2204 3914 3769 3983">
    <p class='ocr_par' dir='ltr' id='par_1_95' title="bbox 2204 3914 3769 3983">
     <span class='ocr_line' id='line_1_95' title="bbox 2204 3914 3769 3983; baseline -0.003 -11"><span class='ocrx_word' id='word_1_671' title='bbox 2204 3928 2285 3974; x_wconf 90' lang='lat' dir='ltr'><strong>tos</strong></span> <span class='ocrx_word' id='word_1_672' title='bbox 2308 3918 2633 3974; x_wconf 85' lang='lat' dir='ltr'><strong>Judaeorum</strong></span> <span class='ocrx_word' id='word_1_673' title='bbox 2664 3917 2955 3971; x_wconf 89' lang='lat' dir='ltr'><strong>credidisse</strong></span> <span class='ocrx_word' id='word_1_674' title='bbox 2984 3917 3035 3969; x_wconf 92' lang='lat' dir='ltr'><strong>in</strong></span> <span class='ocrx_word' id='word_1_675' title='bbox 3070 3915 3364 3977; x_wconf 90' lang='lat' dir='ltr'><strong>Christum,</strong></span> <span class='ocrx_word' id='word_1_676' title='bbox 3390 3923 3446 3968; x_wconf 83' lang='lat' dir='ltr'><strong>et</strong></span> <span class='ocrx_word' id='word_1_677' title='bbox 3471 3914 3769 3983; x_wconf 80' lang='lat' dir='ltr'><strong>baptizatos</strong></span> 
     </span>
    </p>
   </div>
   <div class='ocr_carea' id='block_1_96' title="bbox 2200 4002 3770 4076">
    <p class='ocr_par' dir='ltr' id='par_1_96' title="bbox 2200 4002 3770 4076">
     <span class='ocr_line' id='line_1_96' title="bbox 2200 4002 3770 4076; baseline -0.004 -15"><span class='ocrx_word' id='word_1_678' title='bbox 2200 4008 2365 4064; x_wconf 82' lang='lat' dir='ltr'><strong>fuisse</strong></span> <span class='ocrx_word' id='word_1_679' title='bbox 2386 4025 2416 4062; x_wconf 89' lang='lat' dir='ltr'><strong>a</strong></span> <span class='ocrx_word' id='word_1_680' title='bbox 2436 4007 2708 4076; x_wconf 87' lang='lat' dir='ltr'><strong>discipulis</strong></span> <span class='ocrx_word' id='word_1_681' title='bbox 2719 4006 2855 4074; x_wconf 89' lang='lat' dir='ltr'><strong>ejus,</strong></span> <span class='ocrx_word' id='word_1_682' title='bbox 2871 4005 3065 4059; x_wconf 89' lang='lat' dir='ltr'><strong>invidia</strong></span> <span class='ocrx_word' id='word_1_683' title='bbox 3081 4004 3356 4068; x_wconf 90' lang='lat' dir='ltr'><strong>commoti,</strong></span> <span class='ocrx_word' id='word_1_684' title='bbox 3370 4002 3770 4072; x_wconf 75' lang='lat' dir='ltr'><strong>interrogabant</strong></span> 
     </span>
    </p>
   </div>
   <div class='ocr_carea' id='block_1_97' title="bbox 2201 4096 3764 4177">
    <p class='ocr_par' dir='ltr' id='par_1_97' title="bbox 2201 4096 3764 4177">
     <span class='ocr_line' id='line_1_97' title="bbox 2201 4096 3764 4177; baseline -0.008 -16"><span class='ocrx_word' id='word_1_685' title='bbox 2201 4109 2342 4177; x_wconf 86' lang='lat' dir='ltr'><strong>ipsos</strong></span> <span class='ocrx_word' id='word_1_686' title='bbox 2355 4105 2585 4160; x_wconf 91' lang='lat' dir='ltr'><strong>Judaeos</strong></span> <span class='ocrx_word' id='word_1_687' title='bbox 2610 4104 2678 4159; x_wconf 89' lang='lat' dir='ltr'><strong>de</strong></span> <span class='ocrx_word' id='word_1_688' title='bbox 2696 4102 3092 4173; x_wconf 88' lang='lat' dir='ltr'><strong>puriﬁcatione,</strong></span> <span class='ocrx_word' id='word_1_689' title='bbox 3118 4101 3219 4154; x_wconf 91' lang='lat' dir='ltr'><strong>hoc</strong></span> <span class='ocrx_word' id='word_1_690' title='bbox 3238 4099 3406 4153; x_wconf 90' lang='lat' dir='ltr'><strong>estde</strong></span> <span class='ocrx_word' id='word_1_691' title='bbox 3428 4096 3764 4166; x_wconf 84' lang='lat' dir='ltr'><strong>baptismate.</strong></span> 
     </span>
    </p>
   </div>
   <div class='ocr_carea' id='block_1_98' title="bbox 2199 4184 3768 4260">
    <p class='ocr_par' dir='ltr' id='par_1_98' title="bbox 2199 4184 3768 4260">
     <span class='ocr_line' id='line_1_98' title="bbox 2199 4184 3768 4260; baseline -0.006 -12"><span class='ocrx_word' id='word_1_692' title='bbox 2199 4194 2530 4249; x_wconf 86' lang='lat' dir='ltr'><strong>Mirabantur</strong></span> <span class='ocrx_word' id='word_1_693' title='bbox 2548 4194 2690 4247; x_wconf 89' lang='lat' dir='ltr'><strong>enim</strong></span> <span class='ocrx_word' id='word_1_694' title='bbox 2713 4191 2845 4245; x_wconf 90' lang='lat' dir='ltr'><strong>alios</strong></span> <span class='ocrx_word' id='word_1_695' title='bbox 2865 4205 3023 4260; x_wconf 88' lang='lat' dir='ltr'><strong>posse</strong></span> <span class='ocrx_word' id='word_1_696' title='bbox 3053 4189 3325 4257; x_wconf 87' lang='lat' dir='ltr'><strong>baptizare</strong></span> <span class='ocrx_word' id='word_1_697' title='bbox 3358 4195 3573 4256; x_wconf 86' lang='lat' dir='ltr'><strong>praeter</strong></span> <span class='ocrx_word' id='word_1_698' title='bbox 3608 4184 3768 4239; x_wconf 82' lang='lat' dir='ltr'><strong>Joan-</strong></span> 
     </span>
    </p>
   </div>
   <div class='ocr_carea' id='block_1_99' title="bbox 2200 4278 3770 4354">
    <p class='ocr_par' dir='ltr' id='par_1_99' title="bbox 2200 4278 3770 4354">
     <span class='ocr_line' id='line_1_99' title="bbox 2200 4278 3770 4354; baseline -0.006 -14"><span class='ocrx_word' id='word_1_699' title='bbox 2200 4302 2322 4340; x_wconf 89' lang='lat' dir='ltr'><strong>nem</strong></span> <span class='ocrx_word' id='word_1_700' title='bbox 2351 4296 2403 4340; x_wconf 90' lang='lat' dir='ltr'><strong>et</strong></span> <span class='ocrx_word' id='word_1_701' title='bbox 2437 4284 2726 4354; x_wconf 86' lang='lat' dir='ltr'><strong>discipulos</strong></span> <span class='ocrx_word' id='word_1_702' title='bbox 2759 4283 2894 4353; x_wconf 90' lang='lat' dir='ltr'><strong>ejus,</strong></span> <span class='ocrx_word' id='word_1_703' title='bbox 2922 4281 3327 4344; x_wconf 83' lang='lat' dir='ltr'><strong>existimantes,</strong></span> <span class='ocrx_word' id='word_1_704' title='bbox 3357 4278 3616 4348; x_wconf 68' lang='lat' dir='ltr'><strong>majorem</strong></span> <span class='ocrx_word' id='word_1_705' title='bbox 3649 4286 3770 4331; x_wconf 87' lang='lat' dir='ltr'><strong>esse</strong></span> 
     </span>
    </p>
   </div>
   <div class='ocr_carea' id='block_1_100' title="bbox 2197 4368 3761 4443">
    <p class='ocr_par' dir='ltr' id='par_1_100' title="bbox 2197 4368 3761 4443">
     <span class='ocr_line' id='line_1_100' title="bbox 2197 4368 3761 4443; baseline -0.008 -12"><span class='ocrx_word' id='word_1_706' title='bbox 2197 4377 2457 4433; x_wconf 88' lang='lat' dir='ltr'><strong>Joannem</strong></span> <span class='ocrx_word' id='word_1_707' title='bbox 2502 4375 2735 4439; x_wconf 86' lang='lat' dir='ltr'><strong>Christo,</strong></span> <span class='ocrx_word' id='word_1_708' title='bbox 2763 4374 3015 4443; x_wconf 87' lang='lat' dir='ltr'><strong>quoniam</strong></span> <span class='ocrx_word' id='word_1_709' title='bbox 3040 4372 3289 4426; x_wconf 88' lang='lat' dir='ltr'><strong>viderunt</strong></span> <span class='ocrx_word' id='word_1_710' title='bbox 3318 4384 3426 4423; x_wconf 91' lang='lat' dir='ltr'><strong>non</strong></span> <span class='ocrx_word' id='word_1_711' title='bbox 3449 4368 3607 4436; x_wconf 90' lang='lat' dir='ltr'><strong>longe</strong></span> <span class='ocrx_word' id='word_1_712' title='bbox 3634 4374 3761 4419; x_wconf 86' lang='lat' dir='ltr'><strong>ante</strong></span> 
     </span>
    </p>
   </div>
   <div class='ocr_carea' id='block_1_101' title="bbox 2202 4458 3669 4538">
    <p class='ocr_par' dir='ltr' id='par_1_101' title="bbox 2202 4458 3669 4538">
     <span class='ocr_line' id='line_1_101' title="bbox 2202 4458 3669 4538; baseline -0.009 -17"><span class='ocrx_word' id='word_1_713' title='bbox 2202 4469 2374 4538; x_wconf 90' lang='lat' dir='ltr'><strong>ipsum</strong></span> <span class='ocrx_word' id='word_1_714' title='bbox 2402 4465 2671 4520; x_wconf 89' lang='lat' dir='ltr'><strong>Christum</strong></span> <span class='ocrx_word' id='word_1_715' title='bbox 2701 4479 2731 4516; x_wconf 88' lang='lat' dir='ltr'><strong>a</strong></span> <span class='ocrx_word' id='word_1_716' title='bbox 2757 4461 2962 4518; x_wconf 87' lang='lat' dir='ltr'><strong>Joanne</strong></span> <span class='ocrx_word' id='word_1_717' title='bbox 2986 4462 3039 4515; x_wconf 92' lang='lat' dir='ltr'><strong>in</strong></span> <span class='ocrx_word' id='word_1_718' title='bbox 3058 4460 3292 4515; x_wconf 85' lang='lat' dir='ltr'><strong>Jordane</strong></span> <span class='ocrx_word' id='word_1_719' title='bbox 3319 4458 3669 4526; x_wconf 81' lang='lat' dir='ltr'><strong>baptizatum.</strong></span> 
     </span>
    </p>
   </div>
   <div class='ocr_carea' id='block_1_102' title="bbox 2272 4544 3767 4611">
    <p class='ocr_par' dir='ltr' id='par_1_102' title="bbox 2272 4544 3767 4611">
     <span class='ocr_line' id='line_1_102' title="bbox 2272 4544 3767 4611; baseline -0.008 -5"><span class='ocrx_word' id='word_1_720' title='bbox 2272 4552 2341 4606; x_wconf 82' lang='lat' dir='ltr'><strong>Et</strong></span> <span class='ocrx_word' id='word_1_721' title='bbox 2378 4559 2624 4609; x_wconf 73' lang='lat' dir='ltr'><strong>uenerunt</strong></span> <span class='ocrx_word' id='word_1_722' title='bbox 2667 4550 2736 4604; x_wconf 86' lang='lat' dir='ltr'><strong>ad</strong></span> <span class='ocrx_word' id='word_1_723' title='bbox 2777 4550 3054 4611; x_wconf 83' lang='lat' dir='ltr'><strong>Joannem,</strong></span> <span class='ocrx_word' id='word_1_724' title='bbox 3088 4558 3344 4601; x_wconf 82' lang='lat' dir='ltr'><strong>accusare</strong></span> <span class='ocrx_word' id='word_1_725' title='bbox 3374 4544 3647 4598; x_wconf 88' lang='lat' dir='ltr'><strong>Christum</strong></span> <span class='ocrx_word' id='word_1_726' title='bbox 3672 4555 3767 4594; x_wconf 84' lang='lat' dir='ltr'><strong>vo-</strong></span> 
     </span>
    </p>
   </div>
   <div class='ocr_carea' id='block_1_103' title="bbox 2203 4628 3769 4711">
    <p class='ocr_par' dir='ltr' id='par_1_103' title="bbox 2203 4628 3769 4711">
     <span class='ocr_line' id='line_1_103' title="bbox 2203 4628 3769 4711; baseline -0.008 -16"><span class='ocrx_word' id='word_1_727' title='bbox 2203 4643 2375 4697; x_wconf 84' lang='lat' dir='ltr'><strong>lentes</strong></span> <span class='ocrx_word' id='word_1_728' title='bbox 2416 4641 2641 4711; x_wconf 83' lang='lat' dir='ltr'><strong>ejusque</strong></span> <span class='ocrx_word' id='word_1_729' title='bbox 2686 4638 3005 4709; x_wconf 86' lang='lat' dir='ltr'><strong>discipulos,</strong></span> <span class='ocrx_word' id='word_1_730' title='bbox 3045 4634 3206 4690; x_wconf 87' lang='lat' dir='ltr'><strong>veluti</strong></span> <span class='ocrx_word' id='word_1_731' title='bbox 3253 4634 3307 4686; x_wconf 89' lang='lat' dir='ltr'><strong>in</strong></span> <span class='ocrx_word' id='word_1_732' title='bbox 3352 4630 3600 4700; x_wconf 89' lang='lat' dir='ltr'><strong>injuriam</strong></span> <span class='ocrx_word' id='word_1_733' title='bbox 3651 4628 3769 4696; x_wconf 85' lang='lat' dir='ltr'><strong>ejus</strong></span> 
     </span>
    </p>
   </div>
   <div class='ocr_carea' id='block_1_104' title="bbox 2205 4717 3769 4803">
    <p class='ocr_par' dir='ltr' id='par_1_104' title="bbox 2205 4717 3769 4803">
     <span class='ocr_line' id='line_1_104' title="bbox 2205 4717 3769 4803; baseline -0.012 -16"><span class='ocrx_word' id='word_1_734' title='bbox 2205 4733 2478 4803; x_wconf 87' lang='lat' dir='ltr'><strong>baptizare</strong></span> <span class='ocrx_word' id='word_1_735' title='bbox 2521 4738 2959 4799; x_wconf 86' lang='lat' dir='ltr'><strong>praesumentes,</strong></span> <span class='ocrx_word' id='word_1_736' title='bbox 2993 4736 3039 4781; x_wconf 87' lang='lat' dir='ltr'><strong>et</strong></span> <span class='ocrx_word' id='word_1_737' title='bbox 3079 4726 3321 4777; x_wconf 73' lang='lat' dir='ltr'><strong>dixerunt</strong></span> <span class='ocrx_word' id='word_1_738' title='bbox 3342 4722 3391 4773; x_wconf 86' lang='lat' dir='ltr'><strong>ei</strong></span> <span class='ocrx_word' id='word_1_739' title='bbox 3414 4735 3434 4773; x_wconf 92' lang='lat'><strong><em>:</em></strong></span> <span class='ocrx_word' id='word_1_740' title='bbox 3466 4718 3655 4782; x_wconf 81' lang='lat' dir='ltr'><strong>Rabbi,</strong></span> <span class='ocrx_word' id='word_1_741' title='bbox 3675 4717 3769 4790; x_wconf 72' lang='lat' dir='ltr'><strong>qui</strong></span> 
     </span>
    </p>
   </div>
   <div class='ocr_carea' id='block_1_105' title="bbox 2203 4808 3768 4882">
    <p class='ocr_par' dir='ltr' id='par_1_105' title="bbox 2203 4808 3768 4882">
     <span class='ocr_line' id='line_1_105' title="bbox 2203 4808 3768 4882; baseline -0.007 -8"><span class='ocrx_word' id='word_1_742' title='bbox 2203 4832 2312 4874; x_wconf 83' lang='lat' dir='ltr'><strong>erat</strong></span> <span class='ocrx_word' id='word_1_743' title='bbox 2338 4836 2501 4874; x_wconf 78' lang='lat' dir='ltr'><strong>tecum</strong></span> <span class='ocrx_word' id='word_1_744' title='bbox 2533 4831 2676 4873; x_wconf 83' lang='lat' dir='ltr'><strong>trans</strong></span> <span class='ocrx_word' id='word_1_745' title='bbox 2707 4817 3012 4879; x_wconf 80' lang='lat' dir='ltr'><strong>Jordancm,</strong></span> <span class='ocrx_word' id='word_1_746' title='bbox 3041 4814 3129 4882; x_wconf 89' lang='lat' dir='ltr'><strong>qui</strong></span> <span class='ocrx_word' id='word_1_747' title='bbox 3157 4811 3439 4866; x_wconf 83' lang='lat' dir='ltr'><strong>videbatur</strong></span> <span class='ocrx_word' id='word_1_748' title='bbox 3471 4808 3768 4877; x_wconf 83' lang='lat' dir='ltr'><strong>discipulus</strong></span> 
     </span>
    </p>
   </div>
   <div class='ocr_carea' id='block_1_106' title="bbox 2205 4898 3766 4979">
    <p class='ocr_par' dir='ltr' id='par_1_106' title="bbox 2205 4898 3766 4979">
     <span class='ocr_line' id='line_1_106' title="bbox 2205 4898 3766 4979; baseline -0.008 -14"><span class='ocrx_word' id='word_1_749' title='bbox 2205 4921 2327 4966; x_wconf 90' lang='lat' dir='ltr'><strong>tuus</strong></span> <span class='ocrx_word' id='word_1_750' title='bbox 2361 4919 2619 4979; x_wconf 88' lang='lat' dir='ltr'><strong>tempore,</strong></span> <span class='ocrx_word' id='word_1_751' title='bbox 2661 4923 2767 4976; x_wconf 93' lang='lat' dir='ltr'><strong>quo</strong></span> <span class='ocrx_word' id='word_1_752' title='bbox 2793 4921 2823 4959; x_wconf 90' lang='lat' dir='ltr'><strong>a</strong></span> <span class='ocrx_word' id='word_1_753' title='bbox 2853 4914 2903 4958; x_wconf 91' lang='lat' dir='ltr'><strong>te</strong></span> <span class='ocrx_word' id='word_1_754' title='bbox 2945 4903 3246 4973; x_wconf 85' lang='lat' dir='ltr'><strong>baptizatus</strong></span> <span class='ocrx_word' id='word_1_755' title='bbox 3272 4909 3360 4955; x_wconf 89' lang='lat' dir='ltr'><strong>est</strong></span> <span class='ocrx_word' id='word_1_756' title='bbox 3398 4910 3547 4954; x_wconf 87' lang='lat' dir='ltr'><strong>trans</strong></span> <span class='ocrx_word' id='word_1_757' title='bbox 3569 4898 3766 4961; x_wconf 80' lang='lat' dir='ltr'><strong>Jorda-</strong></span> 
     </span>
    </p>
   </div>
   <div class='ocr_carea' id='block_1_107' title="bbox 2206 4990 3770 5062">
    <p class='ocr_par' dir='ltr' id='par_1_107' title="bbox 2206 4990 3770 5062">
     <span class='ocr_line' id='line_1_107' title="bbox 2206 4990 3770 5062; baseline -0.007 -8"><span class='ocrx_word' id='word_1_758' title='bbox 2206 5015 2347 5062; x_wconf 90' lang='lat' dir='ltr'><strong>nem,</strong></span> <span class='ocrx_word' id='word_1_759' title='bbox 2376 5001 2459 5052; x_wconf 87' lang='lat' dir='ltr'><strong>cui</strong></span> <span class='ocrx_word' id='word_1_760' title='bbox 2480 5008 2535 5051; x_wconf 86' lang='lat' dir='ltr'><strong>tu</strong></span> <span class='ocrx_word' id='word_1_761' title='bbox 2558 4996 2904 5050; x_wconf 76' lang='lat' dir='ltr'><strong>testimonium</strong></span> <span class='ocrx_word' id='word_1_762' title='bbox 2927 4992 3248 5061; x_wconf 78' lang='lat' dir='ltr'><strong>perhibuisti,</strong></span> <span class='ocrx_word' id='word_1_763' title='bbox 3279 4991 3507 5045; x_wconf 88' lang='lat' dir='ltr'><strong>dicendo</strong></span> <span class='ocrx_word' id='word_1_764' title='bbox 3533 5006 3600 5056; x_wconf 47' lang='grc' dir='ltr'><strong>λι</strong></span> <span class='ocrx_word' id='word_1_765' title='bbox 3632 4990 3770 5044; x_wconf 83' lang='lat' dir='ltr'><strong>Ecce</strong></span> 
     </span>
    </p>
   </div>
   <div class='ocr_carea' id='block_1_108' title="bbox 2206 5080 3772 5159">
    <p class='ocr_par' dir='ltr' id='par_1_108' title="bbox 2206 5080 3772 5159">
     <span class='ocr_line' id='line_1_108' title="bbox 2206 5080 3772 5159; baseline -0.006 -16"><span class='ocrx_word' id='word_1_766' title='bbox 2206 5105 2375 5159; x_wconf 84' lang='lat' dir='ltr'><strong>agnus</strong></span> <span class='ocrx_word' id='word_1_767' title='bbox 2408 5088 2532 5151; x_wconf 89' lang='lat' dir='ltr'><strong>Dei,</strong></span> <span class='ocrx_word' id='word_1_768' title='bbox 2566 5100 2689 5141; x_wconf 87' lang='lat' dir='ltr'><strong>ecce</strong></span> <span class='ocrx_word' id='word_1_769' title='bbox 2733 5085 2825 5153; x_wconf 88' lang='lat' dir='ltr'><strong>qui</strong></span> <span class='ocrx_word' id='word_1_770' title='bbox 2870 5082 3006 5138; x_wconf 91' lang='lat' dir='ltr'><strong>tollit</strong></span> <span class='ocrx_word' id='word_1_771' title='bbox 3042 5089 3323 5151; x_wconf 84' lang='lat' dir='ltr'><strong>peccatum</strong></span> <span class='ocrx_word' id='word_1_772' title='bbox 3352 5080 3540 5135; x_wconf 90' lang='lat' dir='ltr'><strong>mundi</strong></span> <span class='ocrx_word' id='word_1_773' title='bbox 3578 5099 3628 5145; x_wconf 76' lang='grc' dir='ltr'><strong>ι,</strong></span> <span class='ocrx_word' id='word_1_774' title='bbox 3657 5094 3772 5133; x_wconf 79' lang='lat' dir='ltr'><strong>ecce</strong></span> 
     </span>
    </p>
   </div>
   <div class='ocr_carea' id='block_1_109' title="bbox 2201 5168 3765 5245">
    <p class='ocr_par' dir='ltr' id='par_1_109' title="bbox 2201 5168 3765 5245">
     <span class='ocr_line' id='line_1_109' title="bbox 2201 5168 3765 5245; baseline -0.006 -15"><span class='ocrx_word' id='word_1_775' title='bbox 2201 5178 2285 5231; x_wconf 84' lang='lat' dir='ltr'><strong>hic</strong></span> <span class='ocrx_word' id='word_1_776' title='bbox 2313 5176 2560 5245; x_wconf 81' lang='lat' dir='ltr'><strong>baptizat,</strong></span> <span class='ocrx_word' id='word_1_777' title='bbox 2594 5188 2734 5227; x_wconf 89' lang='lat' dir='ltr'><strong>nunc</strong></span> <span class='ocrx_word' id='word_1_778' title='bbox 2767 5173 2822 5226; x_wconf 89' lang='lat' dir='ltr'><strong>in</strong></span> <span class='ocrx_word' id='word_1_779' title='bbox 2848 5171 3046 5226; x_wconf 88' lang='lat' dir='ltr'><strong>Judaea</strong></span> <span class='ocrx_word' id='word_1_780' title='bbox 3073 5209 3088 5234; x_wconf 97' lang='lat'><strong>,</strong></span> <span class='ocrx_word' id='word_1_781' title='bbox 3116 5170 3259 5238; x_wconf 83' lang='lat' dir='ltr'><strong>quod</strong></span> <span class='ocrx_word' id='word_1_782' title='bbox 3295 5168 3455 5223; x_wconf 84' lang='lat' dir='ltr'><strong>valde</strong></span> <span class='ocrx_word' id='word_1_783' title='bbox 3493 5168 3765 5229; x_wconf 86' lang='lat' dir='ltr'><strong>miramur,</strong></span> 
     </span>
    </p>
   </div>
   <div class='ocr_carea' id='block_1_110' title="bbox 2201 5259 3765 5331">
    <p class='ocr_par' dir='ltr' id='par_1_110' title="bbox 2201 5259 3765 5331">
     <span class='ocr_line' id='line_1_110' title="bbox 2201 5259 3765 5331; baseline -0.006 -10"><span class='ocrx_word' id='word_1_784' title='bbox 2201 5278 2247 5322; x_wconf 85' lang='lat' dir='ltr'><strong>et</strong></span> <span class='ocrx_word' id='word_1_785' title='bbox 2277 5283 2450 5320; x_wconf 83' lang='lat' dir='ltr'><strong>omnes</strong></span> <span class='ocrx_word' id='word_1_786' title='bbox 2476 5266 2681 5319; x_wconf 78' lang='lat' dir='ltr'><strong>veniunt</strong></span> <span class='ocrx_word' id='word_1_787' title='bbox 2709 5265 2779 5316; x_wconf 84' lang='lat' dir='ltr'><strong>ad</strong></span> <span class='ocrx_word' id='word_1_788' title='bbox 2815 5280 2953 5318; x_wconf 82' lang='lat' dir='ltr'><strong>eum.</strong></span> <span class='ocrx_word' id='word_1_789' title='bbox 2978 5261 3236 5318; x_wconf 75' lang='lat' dir='ltr'><strong>Volumus</strong></span> <span class='ocrx_word' id='word_1_790' title='bbox 3280 5260 3467 5331; x_wconf 79' lang='lat' dir='ltr'><strong>itaque</strong></span> <span class='ocrx_word' id='word_1_791' title='bbox 3512 5259 3765 5313; x_wconf 57' lang='lat' dir='ltr'><strong>winter-</strong></span> 
     </span>
    </p>
   </div>
   <div class='ocr_carea' id='block_1_111' title="bbox 602 5358 2102 5498">
    <p class='ocr_par' dir='ltr' id='par_1_111' title="bbox 602 5359 2102 5498">
     <span class='ocr_line' id='line_1_111' title="bbox 602 5359 2102 5498; baseline 0.002 -16"><span class='ocrx_word' id='word_1_792' title='bbox 602 5429 617 5459; x_wconf 87' lang='grc'><strong><em>³</em></strong></span> <span class='ocrx_word' id='word_1_793' title='bbox 649 5426 782 5482; x_wconf 89' lang='lat' dir='ltr'><strong>Cod.</strong></span> <span class='ocrx_word' id='word_1_794' title='bbox 810 5444 933 5482; x_wconf 83' lang='lat' dir='ltr'><strong>non.</strong></span> <span class='ocrx_word' id='word_1_795' title='bbox 1008 5429 1028 5459; x_wconf 78' lang='grc'><em>³</em></span> <span class='ocrx_word' id='word_1_796' title='bbox 1065 5426 1197 5482; x_wconf 92' lang='lat' dir='ltr'><strong>Cod.</strong></span> <span class='ocrx_word' id='word_1_797' title='bbox 1244 5442 1347 5480; x_wconf 82' lang='lat' dir='ltr'><strong>non</strong></span> <span class='ocrx_word' id='word_1_798' title='bbox 1392 5425 1684 5480; x_wconf 83' lang='lat' dir='ltr'><strong>contulisse.</strong></span> <span class='ocrx_word' id='word_1_799' title='bbox 1762 5359 2102 5498; x_wconf 44' lang='lat' dir='ltr'><strong>’XﬁglAbEpi</strong></span> 
     </span>
    </p>
   </div>
   <div class='ocr_carea' id='block_1_112' title="bbox 2205 5358 2493 5498">
    <p class='ocr_par' dir='ltr' id='par_1_112' title="bbox 2205 5358 2493 5484">
     <span class='ocr_line' id='line_1_112' title="bbox 2205 5358 2493 5442; baseline -0.014 -27"><span class='ocrx_word' id='word_1_800' title='bbox 2205 5358 2493 5442; x_wconf 70' lang='lat' dir='ltr'><strong>:Tiouas.</strong></span> 
     </span>
     <span class='ocr_line' id='line_1_113' title="bbox 2205 5442 2345 5484; baseline -0.021 0"><span class='ocrx_word' id='word_1_801' title='bbox 2205 5442 2345 5484; x_wconf 80' lang='lat' dir='ltr'><strong>tatts.</strong></span> 
     </span>
    </p>
   </div>
   <div class='ocr_carea' id='block_1_113' title="bbox 604 5501 3762 5646">
    <p class='ocr_par' dir='ltr' id='par_1_113' title="bbox 604 5501 3762 5646">
     <span class='ocr_line' id='line_1_114' title="bbox 604 5501 3762 5646; baseline 0 -29"><span class='ocrx_word' id='word_1_802' title='bbox 604 5577 626 5602; x_wconf 75' lang='grc' dir='ltr'>α</span> <span class='ocrx_word' id='word_1_803' title='bbox 660 5564 1091 5635; x_wconf 80' lang='lat' dir='ltr'><strong>S.llierouymus</strong></span> <span class='ocrx_word' id='word_1_804' title='bbox 1118 5585 1129 5618; x_wconf 92' lang='lat'><strong>:</strong></span> <span class='ocrx_word' id='word_1_805' title='bbox 1162 5563 1478 5646; x_wconf 70' lang='lat' dir='ltr'><strong>Jerusalem,</strong></span> <span class='ocrx_word' id='word_1_806' title='bbox 1523 5555 1663 5618; x_wconf 46' lang='lat' dir='ltr'><strong>&#39;risio</strong></span> <span class='ocrx_word' id='word_1_807' title='bbox 1704 5567 1869 5646; x_wconf 64' lang='lat' dir='ltr'><strong>pacis,</strong></span> <span class='ocrx_word' id='word_1_808' title='bbox 1901 5501 2388 5624; x_wconf 41' lang='lat' dir='ltr'><strong>linteisTAg‘omus</strong></span> <span class='ocrx_word' id='word_1_809' title='bbox 2415 5567 2580 5635; x_wconf 81' lang='lat' dir='ltr'><strong>pacis,</strong></span> <span class='ocrx_word' id='word_1_810' title='bbox 2609 5566 2955 5637; x_wconf 80' lang='lat' dir='ltr'><strong>praeferenda</strong></span> <span class='ocrx_word' id='word_1_811' title='bbox 3002 5573 3087 5622; x_wconf 87' lang='lat' dir='ltr'><strong>est</strong></span> <span class='ocrx_word' id='word_1_812' title='bbox 3115 5562 3268 5619; x_wconf 83' lang='lat' dir='ltr'><strong>alteri</strong></span> <span class='ocrx_word' id='word_1_813' title='bbox 3309 5575 3338 5613; x_wconf 85' lang='lat' dir='ltr'><strong>a</strong></span> <span class='ocrx_word' id='word_1_814' title='bbox 3528 5563 3582 5611; x_wconf 86' lang='lat' dir='ltr'><strong>et</strong></span> <span class='ocrx_word' id='word_1_815' title='bbox 3610 5537 3762 5646; x_wconf 58' lang='grc' dir='ltr'><strong>ῠξτζῗν</strong></span> 
     </span>
    </p>
   </div>
   <div class='ocr_carea' id='block_1_114' title="bbox 534 5639 2096 5724">
    <p class='ocr_par' dir='ltr' id='par_1_114' title="bbox 534 5639 2096 5724">
     <span class='ocr_line' id='line_1_115' title="bbox 534 5639 2096 5724; baseline 0.006 -22"><span class='ocrx_word' id='word_1_816' title='bbox 534 5652 768 5719; x_wconf 56' lang='lat' dir='ltr'><strong>pel-rem.</strong></span> <span class='ocrx_word' id='word_1_817' title='bbox 787 5653 1053 5706; x_wconf 73' lang='lat' dir='ltr'><strong>Derivatio</strong></span> <span class='ocrx_word' id='word_1_818' title='bbox 1082 5654 1227 5706; x_wconf 86' lang='lat' dir='ltr'><strong>verbi</strong></span> <span class='ocrx_word' id='word_1_819' title='bbox 1254 5639 1484 5712; x_wconf 52' lang='lat' dir='ltr'><strong>nam»</strong></span> <span class='ocrx_word' id='word_1_820' title='bbox 1514 5656 1580 5707; x_wconf 83' lang='lat' dir='ltr'><strong>ali</strong></span> <span class='ocrx_word' id='word_1_821' title='bbox 1604 5664 1687 5712; x_wconf 68' lang='grc' dir='ltr'><strong>π-τν</strong></span> <span class='ocrx_word' id='word_1_822' title='bbox 1702 5642 1912 5721; x_wconf 56' lang='lat' dir='ltr'><strong>«ambul,</strong></span> <span class='ocrx_word' id='word_1_823' title='bbox 1933 5657 2096 5724; x_wconf 82' lang='lat' dir='ltr'><strong>idest,</strong></span> 
     </span>
    </p>
   </div>
   <div class='ocr_carea' id='block_1_115' title="bbox 2205 5674 2866 5730">
    <p class='ocr_par' dir='ltr' id='par_1_115' title="bbox 2205 5674 2866 5730">
     <span class='ocr_line' id='line_1_116' title="bbox 2205 5674 2866 5730; baseline -0.005 -3"><span class='ocrx_word' id='word_1_824' title='bbox 2205 5674 2259 5727; x_wconf 85' lang='lat' dir='ltr'><strong>id</strong></span> <span class='ocrx_word' id='word_1_825' title='bbox 2282 5681 2384 5729; x_wconf 86' lang='lat' dir='ltr'><strong>est.</strong></span> <span class='ocrx_word' id='word_1_826' title='bbox 2412 5674 2666 5726; x_wconf 70' lang='lat' dir='ltr'><strong>possessio</strong></span> <span class='ocrx_word' id='word_1_827' title='bbox 2702 5674 2866 5730; x_wconf 72' lang='lat' dir='ltr'><strong>pacis.</strong></span> 
     </span>
    </p>
   </div>
  </div>
