4178 6266
350 346 456 405 525

1437 337 1788 400 COMMENT.
1826 340 1892 393 ιιι
1930 338 2175 395 EVANG.
2215 339 2341 397 SEC
2377 332 2566 395 JOAN.

3479 333 3587 398 328

351 474 563 535 rogare,
616 459 745 528 quid
790 458 859 513 de
908 457 1011 513 hac
1056 453 1487 524 praesumptione
1535 454 1631 508 tibi
1687 453 1915 507 videtur.
1947 451 1997 510 Α
2024 450 2145 505 Non
2191 460 2353 522 potest
2383 453 2535 506 homo
2585 452 2818 521 accipere
2853 454 3149 523 quicquam,
3195 453 3296 508 nisi
3338 454 3495 522 fuerit
3542 456 3589 509 ei

425 548 709 614 Respondit
732 545 961 601 Joannes
986 553 1033 597 et
1062 542 1192 596 dixit
1222 557 1243 596 :
1276 539 1398 594 Non
1410 550 1574 609 potest
1596 541 1750 593 homo
1777 540 1916 593 acci-

349 654 476 708 pere
506 637 777 708 quicquam
809 634 850 697 ¹,
883 631 987 685 nisi
1021 631 1178 699 fuerit
1219 630 1267 682 ei
1308 628 1488 682 datum
1536 627 1600 682 de
1644 628 1807 681 caelo.
1860 627 1916 681 In

348 729 667 800 quibusdam
697 727 971 783 codicibus
996 725 1328 781 Graecorum
1353 724 1550 793 legitur
1574 739 1587 776 :
1617 723 1718 775 nisi
1756 721 1918 789 fuerit

350 818 402 871 ei
445 819 619 871 datum
667 818 939 872 desursum
994 816 1058 869 de
1085 814 1248 868 caelo.
1292 812 1576 869 Hnmiliter
1633 814 1916 882 respondit

350 921 537 961 servus
578 905 956 962 accusantibus
1001 901 1285 958 Dominum
1332 916 1509 956 suum.
1570 899 1685 953 Non
1725 908 1913 969 potest,

349 994 541 1063 inquit,
586 993 736 1066 homo
765 992 997 1062 accipere
1024 990 1318 1060 quicquam.
1353 987 1431 1043 Ac
1460 988 1507 1042 si
1534 988 1738 1042 diceret
1763 1002 1779 1039 :
1814 986 1916 1040 Pu-

351 1084 477 1137 tatis
505 1097 592 1137 me
620 1082 883 1150 majorem
918 1067 1037 1135 esse
1066 1080 1183 1149 ipso
1211 1119 1225 1142 ,
1252 1076 1403 1145 cujus
1430 1092 1618 1133 servus
1661 1088 1717 1132 et
1755 1091 1916 1146 prae-

345 1187 545 1228 cursor
569 1188 727 1237 sum;
759 1170 958 1225 erratis
984 1169 1036 1222 in
1063 1184 1188 1223 eum
1220 1184 1325 1221 non
1362 1167 1662 1233 credentes,
1688 1175 1746 1222 et
1772 1168 1921 1236 igno-

349 1272 561 1326 rantes,
584 1261 713 1329 quid
735 1261 874 1315 sitet
894 1258 1033 1313 unde
1054 1257 1221 1322 venit,
1243 1267 1294 1312 et
1317 1257 1515 1325 putatis
1535 1268 1621 1310 me
1642 1271 1759 1311 esse
1777 1256 1918 1325 quod

357 1367 468 1407 non
497 1366 637 1407 sum.
666 1349 736 1404 Ut
755 1357 932 1404 autem
961 1347 1168 1412 sciatis,
1193 1346 1319 1416 quid
1350 1344 1436 1400 ille
1464 1346 1554 1409 sit,
1584 1354 1639 1399 et
1665 1346 1790 1414 quid
1818 1360 1918 1414 ego

357 1456 501 1507 sum,
550 1440 943 1500 auditemeum
988 1450 1302 1507 responsum
1346 1452 1362 1492 :
1412 1435 1532 1489 Non
1580 1445 1739 1505 potest
1765 1435 1918 1487 homo

350 1533 591 1599 accipere
610 1531 899 1600 quicquam.
930 1527 1100 1583 Homo
1124 1542 1242 1583 sum
1273 1535 1327 1581 et
1356 1540 1461 1580 non
1490 1525 1651 1588 Deus,
1682 1523 1768 1577 illc
1792 1536 1920 1576 vero

354 1628 411 1672 et
440 1619 581 1672 Deus
608 1626 693 1672 est
721 1627 775 1671 et
801 1618 977 1671 homo.
1020 1616 1141 1687 Ipse
1164 1623 1267 1683 est,
1304 1617 1368 1670 de
1410 1629 1517 1683 quo
1554 1611 1918 1667 testimonium

350 1705 598 1775 perhibui
644 1705 829 1760 dicens
857 1723 870 1757 :
902 1722 922 1755 ι
955 1705 1030 1760 De
1071 1703 1406 1774 plenitudine
1445 1700 1560 1770 ejus
1597 1715 1696 1754 nos
1731 1712 1919 1754 omnes

2020 538 2202 592 datum
2230 541 2293 591 de
2317 539 2479 602 caelo,
2513 540 2615 593 hoc
2637 548 2719 593 est
2743 540 2809 594 de
2830 539 3011 606 Patre,
3036 541 3127 611 qui
3151 541 3475 611 principium
3504 548 3588 595 est

2019 627 2259 681 omnium
2283 628 2576 689 honorum;
2609 643 2692 691 ac,
2717 626 2760 682 si
2783 627 2848 682 de
2879 628 3060 693 Patre,
3078 629 3262 697 utique
3290 627 3464 697 primo
3491 636 3591 696 per

2019 715 2236 779 Filium,
2262 716 2328 769 de
2355 715 2508 784 cujus
2556 714 2884 784 plenitudine
2919 731 3017 769 nos
3051 730 3240 770 omnes
3262 716 3587 785 accepimus.

2089 802 2201 873 Ipsi
2235 820 2320 857 vos
2368 803 2496 857 mihi
2547 804 2895 857 testimonium
2946 805 3240 874 perhibetis.
3296 803 3412 859 Hoc
3457 806 3591 861 mihi

2018 892 2356 949 solummodo
2390 895 2443 950 in
2483 893 2677 948 vestris
2701 894 2879 949 verbis
2911 895 3176 963 congruit,
3221 896 3312 963 qui
3359 906 3463 951 non
3506 910 3593 950 θοι

2017 981 2126 1034 lum
2157 996 2262 1034 non
2290 982 2509 1037 creditis
2538 982 2593 1036 in
2644 997 2764 1036 eum
2797 983 2887 1053 qui
2917 983 3063 1037 misit
3086 998 3191 1048 me,
3215 998 3399 1039 verum
3428 986 3591 1039 etiam

2018 1070 2280 1140 baptisma
2312 1071 2479 1140 ipsius
2515 1071 2726 1126 irritum
2756 1072 2975 1142 putatis,
3009 1072 3149 1141 quod
3185 1072 3315 1127 mihi
3353 1074 3595 1129 testimo-

2016 1162 2164 1214 nium
2236 1160 2526 1231 adhibetis,
2590 1161 2745 1225 Quod
2805 1161 3025 1214 dixerim
3082 1175 3100 1212 :
3157 1162 3269 1232 Ego
3322 1179 3425 1217 non
3470 1177 3590 1217 sunt

2017 1247 2275 1313 Christus,
2306 1250 2397 1302 sed
2425 1250 2548 1320 quia
2590 1251 2779 1305 missus
2821 1266 2937 1304 sum
2982 1261 3101 1304 ante
3144 1250 3311 1305 illum.
3354 1252 3595 1308 Audistis

2017 1350 2084 1390 ex
2134 1351 2222 1391 me
2267 1334 2401 1393 haec
2445 1339 2642 1403 verba,
2690 1339 2903 1408 quando
2934 1339 3000 1394 de
3047 1356 3110 1395 co
3150 1341 3409 1411 loquebar
3452 1342 3593 1397 ultra

2015 1422 2336 1491 Iordanem;
2384 1427 2610 1481 audistis
2655 1428 2838 1497 utique
2864 1466 2880 1492 ,
2916 1430 3131 1497 quando
3173 1430 3349 1486 dicitis
3384 1448 3397 1485 :
3435 1450 3455 1483 ι
3489 1430 3596 1500 Qui

2016 1522 2136 1568 erat
2180 1522 2354 1569 tecum
2396 1525 2544 1570 trans
2586 1515 2897 1583 Jordanem,
2941 1518 3027 1572 eui
3070 1519 3429 1575 testimonium
3468 1534 3595 1589 pero

2018 1601 2235 1656 hibuisti
2280 1618 2339 1663 ις
2381 1603 2498 1657 etsi
2530 1604 2772 1667 audistis,
2813 1619 2981 1673 quare
3024 1606 3207 1670 illum,
3238 1608 3306 1662 de
3346 1624 3452 1678 quo
3487 1608 3596 1664 tale

2018 1690 2382 1745 testimonium
2425 1692 2672 1759 perhibui
2699 1732 2713 1755 ,
2764 1692 2831 1746 ad
2883 1708 2968 1747 me
3012 1695 3296 1759 accusatis,
3341 1696 3494 1765 quasi
3540 1698 3596 1753 in

346 1773 728 1864 ᾆδεεερίιηυεν,
768 1792 940 1847 non“)
984 1773 1168 1862 itaque
1197 1807 1347 1856 sum;
1374 1806 1404 1845 α
1438 1805 1523 1845 [ηρ
1552 1790 1684 1843 nihil
1715 1786 1918 1855 accepi,
1953 1773 1995 1830 Β
2025 1780 2277 1851 injuriam
2306 1796 2480 1835 meam
2530 1780 2721 1836 multos
2762 1782 3081 1853 baptizarit?
3109 1783 3268 1838 Dixi:
3301 1784 3419 1841 Non
3472 1802 3595 1843 sum

347 1885 442 1953 qui
490 1897 598 1937 non
651 1883 861 1947 habeo,
914 1883 1055 1951 quod
1100 1897 1129 1935 a
1179 1897 1265 1935 me
1316 1880 1595 1950 accipiam.
1653 1875 1918 1947 Quicquid

348 1975 557 2042 accepi,
578 1971 644 2026 ab
671 1986 737 2026 ee
758 1972 964 2041 accepi.
990 1971 1046 2025 Si
1068 1971 1299 2041 gratiam
1323 1970 1501 2041 accepi
1523 1967 1918 2040 praecursoris,

352 2063 420 2117 ab
465 2077 530 2117 eo
572 2061 774 2132 accepi.
802 2059 1174 2126 Existimatis,
1207 2075 1293 2114 me
1334 2059 1472 2114 ultra
1517 2067 1768 2113 naturam
1798 2070 1921 2110 esse

352 2149 665 2203 humanam.
698 2146 833 2214 Quia
872 2148 1130 2212 audistis,
1159 2146 1302 2217 quod
1347 2162 1450 2201 non
1497 2146 1615 2201 sine
1658 2144 1921 2199 miraculo

354 2236 568 2290 divinae
596 2234 811 2290 virtutis
839 2245 997 2290 natus
1043 2251 1200 2301 sum,
1252 2249 1319 2289 ex
1363 2234 1676 2306 parentibus
1720 2234 1921 2303 quippe

354 2336 644 2397 provectae
672 2328 881 2391 aetatis,
916 2343 980 2382 ac
1010 2326 1173 2381 veluti
1210 2326 1353 2381 ultra
1396 2327 1661 2381 humanae
1692 2334 1922 2380 naturae

362 2417 806 2471 consuetudinem
839 2426 998 2470 natus
1025 2432 1166 2479 sum,
1194 2425 1415 2486 propter
1445 2417 1550 2470 hoc
1578 2415 1801 2484 putatis,
1834 2427 1923 2467 me

359 2504 506 2558 ultra
530 2504 802 2559 hominem
821 2518 960 2558 esse.
983 2502 1099 2557 Non
1121 2504 1220 2569 ita,
1240 2504 1403 2558 homo
1423 2504 1756 2558 solummodo
1779 2517 1915 2557 sum.

359 2593 419 2648 Si
450 2591 836 2663 cognovissetis
856 2592 982 2662 quid
1015 2607 1159 2657 sum,
1199 2608 1305 2648 non
1336 2592 1647 2647 exaltaretis
1672 2605 1756 2645 me
1785 2590 1924 2645 ultra

2017 1868 2300 1933 Christus,
2346 1869 2441 1924 sed
2479 1870 2702 1940 simplex
2754 1871 2942 1937 homo;
2992 1887 3099 1929 non
3146 1888 3264 1928 sum
3319 1882 3511 1930 unctus
3564 1891 3598 1932 a

2018 1960 2181 2016 Patre
2221 1961 2549 2030 plenitudine
2582 1961 2821 2029 spiritus,
2870 1962 2960 2017 ille
2990 1971 3168 2017 autem
3196 1973 3418 2032 unctus;
3447 1973 3502 2020 et
3529 1967 3600 2021 de

2019 2050 2348 2120 plenitudine
2388 2049 2504 2118 ejus
2549 2052 2750 2119 accepi.
2797 2050 2904 2107 Sed
2931 2053 3057 2121 quia
3093 2054 3288 2108 missus
3321 2069 3440 2109 sum
3471 2063 3599 2110 ante

2022 2141 2191 2206 illum,
2224 2140 2420 2194 missus
2447 2155 2564 2195 sum
2598 2141 2651 2194 in
2685 2143 2937 2196 mundum
2972 2142 3151 2213 prius,
3176 2146 3445 2200 nascendo
3473 2154 3599 2201 ante

2019 2230 2190 2284 illum.
2219 2229 2310 2284 ille
2341 2237 2465 2285 ante
2498 2229 2676 2284 oumia
2704 2230 2880 2285 secula
2924 2231 3065 2286 Deus
3091 2247 3212 2287 cum
3248 2232 3358 2289 Deo
3399 2233 3560 2290 Patre
3579 2273 3596 2300 ,

2019 2338 2118 2392 ego
2149 2323 2306 2376 homo
2342 2322 2395 2374 in
2424 2320 2528 2375 ﬁne
2558 2320 2723 2376 seculi
2762 2322 2958 2378 missus
3008 2323 3063 2377 in
3090 2337 3269 2388 carne,
3307 2332 3595 2394 antequam

2022 2411 2112 2467 ille
2150 2421 2461 2466 nasceretur
2490 2411 2543 2464 in
2571 2425 2754 2467 carne.

2092 2499 2197 2566 Qui
2222 2500 2372 2554 habet
2396 2515 2661 2569 sponsam,
2688 2517 2908 2571 sponsus
2932 2509 3027 2556 est.
3055 2500 3255 2557 Videns
3277 2517 3599 2571 praecursor

2019 2590 2377 2661 cogitationes
2396 2604 2615 2644 suorum
2642 2590 3047 2658 discipulorum,
3075 2590 3167 2658 qui
3198 2591 3323 2644 talia
3348 2590 3414 2645 de
3439 2590 3597 2646 Chri-

355 2686 412 2740 id
439 2684 584 2755 quod
610 2667 760 2748 sum}
786 2692 843 2738 et
890 2683 936 2738 si
966 2683 1368 2753 cognosceretis
1389 2683 1516 2752 quid
1540 2682 1628 2737 iile
1650 2690 1753 2746 est,
1780 2679 1927 2734 nullo
2021 2690 2105 2737 sto
2148 2679 2367 2749 ejusque
2408 2679 2730 2747 baptismate
2782 2679 3125 2748 proferebant
3153 2720 3169 2744 ,
3214 2689 3269 2735 et
3309 2680 3600 2735 audiebant

357 2775 519 2829 modo
545 2772 935 2843 compararetis
980 2788 1068 2826 me
1110 2771 1208 2826 illi.
1246 2770 1421 2826 Homo
1464 2770 1608 2825 enim
1655 2784 1803 2834 sum,
1836 2768 1924 2822 ille
2020 2772 2103 2827 sui
2135 2770 2375 2842 magistri
2416 2784 2732 2839 responsum
2761 2770 2827 2824 de
2863 2785 2922 2823 se
2961 2770 3077 2838 ipso
3116 2778 3170 2824 et
3194 2771 3259 2824 de
3286 2785 3382 2825 suo
3423 2770 3599 2837 bapti—

360 2860 1030 2931 Deus;quicquidaccepi.
1057 2858 1125 2915 ab
1148 2859 1238 2913 illo
1258 2858 1462 2929 accepi.
1487 2857 1924 2927 Sapientissimus
2018 2871 2215 2923 smate,
2262 2862 2489 2917 dicens:
2525 2881 2542 2912 ι
2588 2860 2701 2917 Non
2730 2868 2904 2930 potest
2949 2862 3109 2915 homo
3155 2860 3397 2929 accipere
3445 2860 3599 2930 quic-

359 2950 685 3022 pr'aecursor
709 2949 912 3004 Christi
956 2958 1203 3018 segregat
1229 2948 1284 3001 in
1314 2962 1373 3002 se
1416 2950 1532 3017 ipso
1578 2954 1824 3000 naturam
1862 2954 1924 3001 et
2020 2967 2181 3020 quam
2212 2971 2258 3015 ι,
2282 2950 2570 3005 humilians
2591 2964 2650 3004 se
2691 2950 2887 3018 ipsum,
2915 2948 3285 3017 veraciterque
3314 2949 3380 3003 de
3406 2961 3464 3002 se
3485 2948 3602 3017 ipso

362 3040 616 3109 gratiam,
645 3037 748 3093 sibi
780 3037 1100 3103 attribuens,
1130 3040 1271 3108 quod
1315 3040 1497 3102 homo,
1539 3042 1638 3092 hoc
1671 3045 1749 3092 est
1779 3038 1921 3106 quod
2020 3042 2397 3110 pronuntians,
2440 3039 2582 3108 quod
2625 3047 2868 3094 terrenus
2919 3038 3080 3094 homo
3124 3038 3214 3104 sit,
3250 3045 3304 3093 et
3350 3037 3605 3095 volebant

365 3130 639 3197 mortalis,
686 3130 827 3199 quod
873 3139 1149 3199 peccator,
1180 3129 1318 3198 quod
1371 3143 1436 3184 ex
1482 3128 1656 3198 primo
1704 3128 1920 3182 homine
1948 3112 1992 3171 C
2028 3131 2363 3199 interrogare
2391 3146 2403 3180 :
2435 3128 2493 3182 Si
2530 3128 2691 3184 homo
2741 3143 2801 3183 es
2846 3126 3202 3192 solummodo,
3249 3136 3304 3183 et
3342 3129 3598 3197 majorem

363 3231 585 3276 terreno
617 3229 860 3276 terrenus
891 3219 1068 3275 factus
1095 3220 1190 3285 sit,
1224 3226 1280 3274 et
1313 3229 1514 3280 cetera,
1548 3233 1687 3288 quae
1724 3218 1790 3273 de
1819 3218 1918 3271 hu-
2028 3228 2349 3289 potestatem
2374 3227 2430 3273 et
2456 3219 2682 3289 gratiam
2721 3234 2752 3271 a
2781 3228 2834 3272 te
2864 3219 2980 3289 ipso
3022 3233 3128 3272 non
3172 3220 3360 3284 habes,
3386 3226 3605 3289 praeter

361 3326 553 3365 manae
575 3318 803 3365 naturae
830 3308 1140 3364 inﬁrmitate
1165 3316 1221 3363 et
1261 3316 1482 3378 peccato
1519 3316 1572 3362 et
1603 3321 1775 3378 poena
1797 3321 1924 3376 pec-
2028 3312 2170 3382 quod
2199 3311 2266 3365 ab
2302 3325 2368 3365 eo
2408 3309 2680 3380 accepisti,
2729 3310 2819 3380 qui
2852 3326 2993 3364 nunc
3030 3311 3266 3381 baptizat
3296 3311 3349 3365 in
3378 3309 3602 3374 Judaea,

358 3401 462 3454 cati
494 3401 548 3454 in
587 3414 647 3455 se
675 3399 794 3470 ipso
834 3400 1135 3468 ceterisque
1160 3399 1485 3453 -hominibus
1525 3397 1923 3464 considerabat,

355 3478 584 3556 gratiam
603 3501 850 3543 seorsum
873 3501 1162 3558 segregans
1176 3502 1206 3540 a
1221 3503 1299 3552 se,
1324 3501 1486 3557 quam
1514 3492 1795 3555 acceperat
1819 3502 1925 3541 non

356 3592 428 3633 ex
470 3577 700 3643 meritis,
739 3578 835 3634 sed
874 3592 943 3632 ex
988 3577 1308 3633 abundantia
1352 3576 1703 3647 plenitudinis
1737 3576 1925 3646 ipsius,

360 3668 509 3736 cujus
523 3683 844 3737 praecursor
860 3678 996 3723 erat.
1022 3668 1135 3723 Duo
1157 3669 1566 3723 considerantur
1588 3668 1640 3723 in
1663 3666 1883 3723 homine
1910 3686 1923 3720 :

364 3757 547 3812 datum
570 3757 821 3813 videlicet
846 3768 901 3811 et
927 3758 1146 3813 donum.
1179 3758 1370 3811 Datum
1402 3758 1636 3812 refertur
1661 3758 1728 3812 ad
1773 3764 1929 3811 natu-

2029 3411 2085 3455 et
2114 3409 2169 3454 tu
2197 3399 2352 3465 dicis,
2380 3400 2504 3468 quia
2545 3399 2739 3454 missus
2778 3408 2862 3453 est
2887 3408 3012 3452 ante
3043 3398 3212 3464 illum,
3241 3399 3345 3464 dic,
3374 3412 3604 3468 quaesu.

2030 3502 2170 3553 mus,
2201 3486 2330 3556 quid
2354 3501 2414 3541 es
2456 3495 2673 3556 praeter
2713 3487 3005 3553 hominem,
3047 3495 3141 3543 aut
3190 3486 3495 3557 quantus”,
3551 3497 3609 3543 et

2030 3576 2157 3646 quid
2187 3576 2390 3646 gratiae
2410 3575 2663 3645 accepisti
2688 3574 2752 3628 de
2776 3575 2959 3640 caelo;
2987 3575 3290 3643 respondit:
3320 3576 3426 3641 Qui
3452 3575 3607 3630 liabet

2029 3683 2271 3737 sponsam
2296 3682 2516 3736 sponsus
2538 3676 2632 3719 est.
2665 3665 2767 3731 Qui
2799 3676 3017 3735 propter
3030 3665 3326 3721 Ecclesium
3353 3666 3519 3730 venit,
3548 3674 3609 3719 ut

2032 3757 2257 3812 haberet
2282 3772 2529 3825 sponsam
2550 3757 2716 3821 venit,
2739 3771 2899 3825 quam
2921 3771 3064 3811 nunc
3091 3757 3275 3826 incipit
3296 3772 3362 3810 ex
3382 3754 3606 3810 Judaico

363 3862 501 3910 ram,
532 3848 729 3902 denum
756 3845 989 3902 refertur
1010 3847 1073 3901 ad
1096 3848 1345 3917 gratiam.
1372 3846 1439 3900 Et
1456 3846 1703 3915 quamvis
1725 3845 1927 3900 nullum
2028 3847 2225 3918 populo
2261 3862 2483 3912 vocare,
2531 3847 2730 3902 multos
2768 3845 3095 3904 Iudaeorum
3140 3842 3438 3917 baptizans.
3492 3847 3610 3918 Ipse

364 3938 559 3995 horum
606 3938 678 3992 sit
714 3938 815 3993 nisi
856 3953 924 3992 ex
974 3937 1113 4003 Deo,
1163 3938 1303 3992 sicut
1348 3938 1424 3991 ait
1469 3936 1758 4006 Apostolus
1787 3954 1799 3990 :
1839 3955 1858 3988 ι
1887 3935 1931 3993 Ο
2032 3954 2261 4009 sponsus
2284 3946 2385 3994 est.
2416 3938 2530 4010 Ego
2565 3947 2778 4003 autem,
2805 3947 2864 3993 ut
2886 3939 3228 4003 existimatis,
3253 3952 3425 4007 neque
3448 3952 3610 4007 spon-

364 4029 550 4093 homo,
579 4027 708 4097 quid
732 4028 899 4082 habes
927 4027 1069 4098 quod
1092 4042 1197 4082 non
1225 4026 1479 4096 accepisti
1502 4027 1564 4080 D?
1590 4026 1727 4081 solet
1752 4035 1931 4080 tamen
2033 4042 2127 4081 sus
2170 4041 2310 4092 sum,
2360 4040 2533 4095 neque
2581 4041 2833 4096 sponsam
2886 4028 3058 4083 habeo
3080 4066 3096 4089 ,
3144 4028 3237 4081 sed
3282 4025 3335 4079 in
3384 4041 3609 4081 numero

361 4116 644 4185 Scriptura
672 4115 859 4169 datum
905 4123 1131 4169 naturae
1155 4113 1310 4182 quasi
1340 4113 1440 4182 ipsi
1469 4113 1698 4177 homini,
1730 4113 1931 4166 donum
2033 4131 2261 4186 sponsae
2290 4131 2377 4169 me
2405 4116 2576 4185 ipsum
2610 4125 2881 4184 computo.
2911 4116 2981 4172 Ut
3022 4116 3206 4171 sciatis
3248 4123 3449 4179 autem,
3478 4115 3609 4183 quid

364 4220 494 4265 vero
537 4206 669 4260 nulli
714 4205 816 4261 nisi
850 4206 959 4260 Deo
990 4204 1323 4259 adscribere.
1353 4202 1435 4257 Ad
1460 4204 1565 4258 hoc
1597 4202 1744 4257 enim
1789 4202 1935 4257 dedit
2034 4220 2176 4268 sum,
2212 4212 2268 4259 et
2309 4202 2522 4274 qualem
2556 4204 2785 4273 gratiam
2813 4204 2985 4258 habeo
3014 4203 3081 4256 ab
3129 4202 3217 4256 illo
3263 4215 3479 4270 sponso,
3515 4203 3608 4272 qui

366 4295 511 4351 Deus
535 4304 807 4359 naturam,
842 4304 901 4349 ut
932 4310 1052 4349 eam
1091 4302 1310 4348 ornaret
1333 4308 1431 4362 per
1461 4294 1709 4363 gratiam.
1738 4293 1807 4347 Et
1832 4293 1935 4347 hoc
2035 4297 2199 4351 habet
2226 4307 2474 4365 sponsam
2496 4333 2513 4358 ,
2543 4292 2725 4347 audite
2757 4309 2771 4345 :
2813 4292 3025 4345 Amicus
3051 4301 3222 4344 autem
3252 4291 3447 4361 sponsi.
3490 4290 3607 4347 Non

363 4392 456 4447 est
495 4384 642 4451 quod
666 4384 788 4437 ait:
820 4383 944 4438 Non
984 4392 1155 4453 potest
1195 4384 1381 4445 homo,
1427 4383 1530 4438 hoc
1572 4368 1658 4438 est
1698 4383 1932 4437 humana
1963 4430 2012 4489 Β
2036 4401 2153 4441 sum
2202 4398 2448 4453 sponsus,
2492 4383 2587 4439 sed
2636 4397 2883 4453 magnam
2912 4382 3138 4450 gratiam
3180 4380 3360 4452 sponsi
3414 4382 3607 4445 habeo,

370 4480 588 4535 natura,
627 4472 855 4540 accipere
876 4471 1153 4541 quicquam
1183 4471 1417 4540 gratiae,
1446 4471 1548 4525 nisi
1574 4470 1733 4541 fuerit
1761 4473 1809 4525 ei
1837 4474 1933 4525 da-

366 4571 483 4615 tam
504 4561 569 4617 de
587 4561 751 4616 caelo.
771 4562 964 4616 Datum
989 4563 1043 4615 in
1065 4563 1166 4616 hoc
1193 4561 1312 4616 loco
1336 4576 1436 4632 pro
1477 4563 1673 4618 donum
1702 4562 1938 4618 Joannes

369 4650 583 4718 posuit,
612 4651 756 4719 quod
784 4648 1100 4719 saepissime
1144 4649 1417 4702 invenitur
1460 4651 1513 4704 in
1560 4651 1742 4705 divina
1793 4650 1940 4705 Seri-

369 4748 543 4810 ptura.
592 4743 791 4797 Datum
834 4743 976 4795 enim
1013 4756 1112 4811 pro
1139 4741 1299 4806 dono,
1330 4752 1387 4796 et
1424 4742 1621 4798 donum
1670 4758 1769 4812 pro
1812 4744 1939 4798 dato

371 4839 545 4901 potest
569 4834 761 4900 accipi.
792 4833 871 4886 lta
899 4831 1042 4886 enim
1070 4830 1257 4900 juncta
1286 4833 1414 4887 data
1453 4842 1676 4889 naturae
1701 4844 1758 4889 et
1797 4835 1935 4890 dona

374 4920 597 4988 gratiae,
619 4930 683 4975 ut
702 4919 1083 4991 inseparabilis
1105 4918 1220 4975 ﬁeri
1241 4921 1540 4976 videantur.
1567 4920 1721 4976 Nulla
1741 4922 1937 4992 quippe

374 5018 568 5063 natura
616 5018 702 5066 est
746 5010 1043 5077 rationalis,
1091 5023 1230 5081 quae
1278 5011 1498 5067 omnino
1540 5011 1685 5066 dono
1730 5014 1937 5083 gratiae

372 5107 579 5153 careat.
612 5098 733 5153 Nisi
762 5100 920 5168 fuerit
955 5101 1132 5175 datum
1164 5101 1231 5155 ds
1265 5100 1430 5156 caelo.
1474 5102 1550 5157 De
1591 5116 1698 5170 quo
1750 5103 1938 5158 caelo?

375 5186 453 5242 De
483 5187 642 5243 Patre
675 5189 946 5245 videlicet.
971 5189 1110 5245 Audi
1136 5189 1398 5246 Jacobum
1429 5190 1727 5262 apostolum
1759 5193 1939 5249 dicen-

377 5288 521 5332 tem:
553 5298 571 5330 l
604 5279 780 5334 Omne
811 5278 995 5334 datum
1030 5281 1294 5349 optimum
1322 5290 1378 5334 et
1403 5295 1563 5336 omne
1593 5282 1788 5335 donum
1817 5299 1942 5352 per-

374 5366 573 5422 fectum
597 5367 882 5423 desursum
901 5375 1004 5431 est,
1021 5367 1354 5424 descendens
1375 5384 1404 5423 a
1432 5368 1592 5423 Patre
1612 5369 1870 5426 luminum
1893 5393 1939 5426 ι.

373 5451 579 5518 Quibus
604 5456 783 5511 verbis
809 5456 1029 5511 omnino
1053 5458 1334 5527 congruit,
1365 5458 1506 5527 quod
1548 5457 1782 5514 Joannes
1826 5462 1903 5515 ait
1927 5481 1938 5515 :

2042 4474 2248 4529 amicus
2270 4471 2384 4541 ejus
2407 4486 2544 4526 sum.
2579 4469 2682 4537 Qui
2705 4479 2809 4525 stat
2834 4481 2883 4525 et
2914 4471 3061 4525 audit
3092 4486 3231 4538 eum,
3255 4470 3447 4542 gaudio
3474 4486 3608 4541 gau-

2041 4563 2145 4616 det.
2169 4561 2281 4634 Ego
2308 4560 2511 4615 amicus
2551 4560 2734 4630 sponsi
2762 4574 2902 4626 sum,
2934 4568 2991 4615 et
3014 4568 3097 4615 sto
3141 4560 3193 4614 in
3235 4560 3350 4628 ejus
3398 4561 3568 4630 gratia
3591 4566 3611 4625 ;'

2042 4649 2096 4704 in
2117 4647 2234 4717 ejus
2258 4647 2495 4701 amicitia
2523 4661 2840 4717 permaneo;
2868 4663 2973 4704 non
3003 4650 3164 4714 cado;
3199 4649 3286 4705 ille
3310 4664 3396 4704 me
3426 4660 3610 4706 custo-

2041 4738 2222 4803 dit,ne
2238 4737 2457 4801 cadam;
2488 4735 2577 4792 ille
2597 4737 2727 4792 mihi
2749 4739 2933 4804 donat,
2955 4739 3270 4811 nehgratiam
3287 4756 3439 4796 suam
3458 4742 3611 4797 dese-

2042 4842 2156 4893 ram
2176 4865 2192 4891 ,
2212 4826 2305 4880 sed
2321 4839 2534 4895 semper
2547 4834 2683 4881 stem
2698 4835 2753 4881 et
2766 4827 2979 4884 audiam
3001 4845 3144 4894 eum,
3176 4831 3387 4885 audiam
3409 4831 3611 4886 doctri-

2050 4936 2173 4977 nam
2202 4917 2335 4990 ejus,
2357 4936 2460 4984 non
2482 4920 2815 4977 extrinsecus
2834 4921 3166 4977 solummodo
3198 4938 3327 4978 aure
3346 4923 3610 4993 corporis,

2038 5026 2226 5067 verum
2249 5011 2411 5067 etiam
2430 5012 2753 5067 intrinsecus
2774 5028 2904 5068 aure
2931 5015 3134 5078 cordis,
3154 5023 3209 5069 et
3225 5013 3341 5084 plus
3361 5014 3613 5068 intrinse—

2044 5113 2140 5158 cus
2163 5116 2325 5171 quam
2371 5100 2724 5157 extrinsecus.
2759 5102 2870 5158 Vox
2917 5103 3034 5171 ejus
3075 5104 3436 5156 testimonium
3472 5101 3627 5169 ejus,-

2047 5206 2153 5259 quo
2172 5189 2417 5259 perhibet
2441 5203 2499 5243 se
2523 5189 2715 5244 Filium
2739 5188 2834 5244 Dei
2859 5198 2914 5243 et
2941 5204 3194 5260 sponsum
3221 5189 3518 5252 Ecclesiae;
3560 5196 3614 5241 et

2046 5277 2172 5352 quia
2218 5280 2378 5334 audio
2429 5280 2650 5334 verbum
2717 5279 2831 5348 ejus
2859 5318 2876 5343 ,
2928 5281 3134 5349 gaudeo
3182 5286 3392 5348 propter
3435 5292 3610 5329 vocem

2046 5370 2238 5439 sponsi.
2269 5367 2344 5421 De
2365 5382 2423 5422 se
2450 5368 2565 5438 ipso
2606 5383 2735 5439 ergo
2774 5366 2981 5437 profert
3041 5366 3275 5421 Joannes
3318 5364 3459 5434 quod
3488 5363 3565 5416 ait
3596 5380 3609 5416 :

2049 5461 2262 5514 Amicus
2290 5468 2458 5512 autem
2484 5459 2678 5525 sponsi,
2707 5459 2795 5527 qui
2839 5468 2940 5511 stat
2971 5468 3017 5510 ct
3047 5455 3193 5509 audit
3237 5470 3374 5521 cum,
3422 5452 3613 5526 gaudio

1654 5566 1906 5623 VARIAE
1945 5566 2339 5623 LECTIONES.

451 5661 467 5690 '
494 5660 624 5715 Cod.
654 5660 931 5725 quicquam
955 5659 1203 5724 accipere.
1281 5660 1301 5688 ’
1339 5658 1514 5721 Corn,
1547 5661 1663 5727 cod.
1694 5661 1953 5728 quanties.
