4194 6276
570 343 675 397 327

1946 333 2223 390 JUANNIS
2263 332 2457 388 SCOTI

3713 320 3856 391 κε’

573 450 763 517 gaudet
789 459 997 521 propter
1037 464 1207 503 votem
1234 450 1443 518 sponsi,
1474 457 1533 502 ut
1562 448 1805 517 discipuli
1835 450 1950 503 sni-
1964 459 2147 518 aperte
2177 450 2223 505 Λ
2250 461 2439 501 omnes
2469 445 2664 500 terreni
2692 453 2969 515 peceatum
3012 454 3063 500 et
3092 421 3318 514 poenam
3348 446 3573 517 peccati,
3602 447 3705 504 hoc
3734 458 3819 506 est

569 546 976 607 cognoscerent,
1007 536 1135 606 quid
1164 538 1278 605 ipse
1318 546 1483 601 esset,
1519 538 1575 590 et
1617 537 1744 605 quid
1789 537 2054 603 Christus,
2086 537 2138 591 in

568 640 729 694 quem
776 625 953 679 adhuc
1004 639 1110 676 non
1157 624 1536 687 crediderant,
1585 639 1757 693 neque
1815 626 2138 694 baptismum

566 714 685 782 ejus
714 722 1050 782 acceperant.
1100 711 1213 765 Hoc
1243 728 1362 780 ergo
1398 714 1649 782 gaudium
1677 730 1847 766 meum
1875 714 2138 783 impletum

564 815 660 857 est.
689 804 768 858 Ac
793 804 837 859 si
868 803 1074 857 diceret
1106 802 1195 855 :ln
1221 803 1322 856 hoc
1344 802 1598 870 gaudtum
1625 820 1804 859 meum
1836 803 2135 873 impletum,

563 892 618 945 in
651 906 735 952 eo,
783 892 923 959 quod
975 891 1147 945 factus
1192 906 1311 943 sum
1357 891 1563 945 amicus
1613 893 1819 960 sponsi,
1865 899 1921 946 et
1961 903 2045 947 sto
2084 893 2135 947 in

562 984 678 1054 ejus
704 983 896 1054 gratia,
935 990 991 1036 et
1031 982 1190 1035 audio
1218 996 1405 1035 vocem
1450 983 1632 1050 sponsi
1659 1023 1674 1045 ,
1716 984 1957 1037 vocantis
1993 997 2137 1038 nunc

560 1087 814 1143 sponsam
843 1073 895 1126 in
921 1070 1119 1127 Iudaea
1150 1086 1216 1123 ex
1242 1068 1485 1134 Judaeis,
1517 1078 1571 1122 et
1599 1069 1901 1125 inchoantis
1944 1086 2041 1139 per
2077 1086 2136 1126 se

561 1165 736 1234 ipsum
784 1171 838 1218 et
878 1161 1192 1232 praedicare
1242 1167 1298 1213 et
1338 1157 1649 1227 baptizare;
1689 1158 1831 1227 quod
1868 1158 1982 1228 jam
2027 1174 2134 1213 non

560 1253 794 1313 sentitis,
844 1251 935 1320 qui
971 1252 1024 1304 in
1069 1264 1191 1303 eum
1224 1264 1329 1303 non
1364 1247 1601 1302 creditis.
1653 1246 1719 1299 Et
1746 1262 1812 1301 ne
1840 1247 2132 1312 miremini,

559 1341 702 1411 quod
724 1340 811 1395 ille
838 1339 1092 1408 baptizat,
1118 1345 1172 1390 et
1197 1350 1384 1390 omnes
1413 1337 1633 1390 veniunt
1656 1335 1722 1389 ad
1747 1350 1892 1394 eum.
1929 1344 1987 1390 ut
2016 1351 2134 1390 ere-

558 1432 689 1485 dant
709 1439 763 1485 et
785 1428 1145 1499 baptizentur,
1173 1434 1227 1479 ct
1254 1424 1394 1494 quod
1426 1423 1605 1493 plures
1634 1422 1923 1492 discipulos
1949 1424 2131 1489 habet,

556 1536 716 1590 quam
755 1528 853 1590 ego
880 1536 893 1572 :

626 1611 791 1665 Illum’
844 1616 1039 1681 oportet
1109 1622 1334 1660 crescere
1369 1645 1385 1670 ,
1442 1620 1523 1657 me
1588 1614 1761 1657 autem
1818 1603 2004 1656 minui.
2059 1602 2131 1656 Il-

553 1702 663 1756 ium
712 1708 925 1770 oportet
972 1712 1222 1753 crescere
1279 1698 1331 1750 in
1375 1696 1645 1750 mentibus
1690 1695 1916 1757 vestris,
1968 1710 2128 1763 quem

553 1792 726 1845 adhuc
772 1776 1107 1845 solummodo
1164 1787 1434 1840 lunuinem
1488 1796 1544 1840 et
1592 1785 1789 1841 nullius
1842 1788 2126 1854 potestatis
2155 1775 2200 1833 Β

553 1878 913 1942 existimatis;
971 1876 1065 1931 sed
1118 1875 1266 1930 illum
1316 1882 1530 1944 oportet
1586 1889 1871 1939 crescere,
1916 1884 1976 1927 ut
2017 1890 2124 1928 non

552 1970 723 2023 solum
752 1983 937 2023 verum
958 1967 1230 2021 hominem
1260 1965 1614 2034 cognoscatis,
1639 1963 1731 2018 sed
1756 1964 1916 2018 etiam
1936 1978 2123 2018 verum

555 2061 743 2122 Deum,
770 2066 826 2112 et
848 2072 947 2111 suo
973 2055 1252 2124 aequalem
1294 2053 1462 2107 Patri.
1514 2050 1737 2122 Oportet
1784 2052 1961 2122 itaque
2002 2067 2123 2106 eum

550 2161 799 2202 crescere
824 2146 880 2200 in
910 2143 1323 2214 cogitationibus
1360 2142 1557 2197 vestris
1575 2182 1589 2204 ,
1617 2156 1702 2195 me
1731 2149 1907 2194 autem
1935 2141 2121 2194 minui.

554 2237 755 2292 Putatis
783 2234 1035 2303 majorem
1067 2229 1199 2305 [me]
1229 2233 1244 2262 ¹
1270 2245 1419 2296 εεεε,
1463 2245 1621 2300 quam
1650 2245 1788 2292 sum,
1818 2228 1967 2282 illum
1996 2245 2122 2283 vero

552 2328 835 2391 minorem,
865 2339 1025 2395 quam
1055 2334 1153 2378 εει.
1200 2322 1394 2392 Opinio
1420 2328 1597 2374 vestra
1626 2320 1692 2373 de
1738 2334 1824 2373 me
1872 2318 1925 2372 in
1971 2319 2122 2373 vobis

550 2418 844 2482 minuetur,
888 2415 1071 2485 opinio
1110 2421 1288 2469 vestra
1320 2414 1386 2467 de
1424 2411 1514 2465 illo
1542 2410 1593 2464 in
1638 2410 1788 2464 vobis
1818 2409 2119 2477 augebitur.

548 2508 700 2573 Quod
728 2507 771 2561 si
801 2505 1221 2577 eognosceretis,
1248 2519 1312 2558 ex
1344 2500 1645 2557 visibilibus
1673 2500 1840 2570 signis
1867 2514 2126 2570 augmen-

550 2598 652 2651 tari
698 2596 1027 2665 potuissetis.
1058 2595 1168 2664 Ego
1206 2592 1513 2648 deeollabor
1538 2631 1553 2656 ,
1599 2591 1687 2643 ille
1715 2589 2039 2643 exaltabitur
2070 2590 2121 2643 in

547 2698 731 2747 cruce,
782 2692 840 2735 ut
882 2697 979 2751 per
1007 2682 1111 2736 hoc
1140 2680 1499 2751 cognoscatis,
1548 2678 1672 2747 quia
1722 2686 1933 2747 oportet
1973 2677 2120 2731 illum

545 2785 794 2826 crescere
823 2784 985 2838 super
1016 2767 1197 2823 omnia
1242 2768 1296 2821 in
1329 2767 1598 2821 metitibus
1628 2765 1864 2835 perfecte
1901 2766 2122 2820 creden-

546 2864 679 2915 tium
730 2861 782 2915 in
825 2875 972 2923 eum,
1025 2875 1111 2913 me
1152 2864 1329 2912 autem
1386 2856 1589 2921 minui,
1632 2865 1691 2909 ut
1730 2871 1891 2910 nemo
1927 2857 1991 2909 de
2035 2870 2122 2910 me

543 2950 836 3014 existimet,
880 2956 1098 3017 praeter
1140 2947 1280 3016 quod
1323 2962 1440 3001 sum
1485 2954 1539 3001 et
1583 2945 1651 2999 ab
1695 2960 1761 2999 eo
1804 2944 2005 3013 accepi.
2062 2941 2121 3000 Id

545 3040 719 3108 ipsum
745 3032 1041 3107 significat,
1073 3036 1212 3105 quod
1234 3036 1349 3104 ipse
1389 3031 1509 3088 luce
1552 3033 1838 3087 inchoante
1856 3046 2116 3097 crescere,

546 3126 785 3183 tenebris
816 3133 995 3179 autem
1025 3126 1340 3178 decrescere
1376 3131 1536 3176 natus
1557 3122 1658 3185 sit;
1708 3136 1807 3191 ego
1846 3135 1974 3177 vero
2003 3120 2121 3177 luce
2145 3096 2191 3157 C

547 3220 836 3274 inchoante
868 3215 1070 3279 minui,
1102 3214 1341 3268 tenebris
1364 3222 1544 3268 autem
1587 3213 1959 3268 inchoantibus
2003 3229 2121 3269 ere-

546 3320 699 3360 scere
741 3313 900 3358 natus
934 3317 1071 3356 sum.
1096 3301 1281 3355 Potest
1318 3309 1371 3356 et
1398 3300 1553 3355 aliter
1593 3300 1834 3370 intelligi.
1884 3299 2122 3356 Joannes

548 3392 775 3460 ﬁguram
803 3389 936 3460 legis
978 3397 1171 3460 gestat,
1223 3387 1471 3442 Christus
1514 3402 1645 3442 vero
1691 3387 1914 3458 figuram
1945 3404 2118 3452 suam,

548 3479 601 3531 id
639 3487 723 3533 εει
745 3479 1004 3532 veritatis.
1035 3478 1343 3547 Apparente
1381 3477 1546 3546 igitur
1573 3478 1803 3531 veritate
1831 3478 1882 3531 in
1924 3478 2122 3533 mundo

548 3568 726 3636 coepit
769 3567 852 3620 lex
898 3565 1108 3631 minui,
1138 3566 1241 3620 hoc
1280 3574 1364 3621 est
1414 3565 1649 3619 carnalia
1681 3579 1863 3635 opera.
1909 3566 2121 3636 Cogno-

549 3671 706 3713 scens
750 3657 885 3712 haec
934 3671 1259 3726 praecursor
1302 3664 1358 3710 et
1427 3655 1685 3725 propheta
1738 3664 1794 3710 et
1841 3655 2122 3726 plusquam

548 3748 831 3816 propheta,
879 3747 954 3800 ait
1001 3745 1213 3800 :Illum
1259 3753 1456 3815 Oportet
1508 3761 1772 3807 crescere,
1813 3760 1894 3797 me
1949 3754 2121 3798 autem

548 3837 732 3890 minui.
762 3835 875 3898 llle,
906 3835 1032 3904 quia
1055 3834 1257 3889 veritas
1283 3842 1385 3899 est,
1431 3843 1636 3889 crescet
1665 3836 1718 3888 in
1764 3836 1992 3898 mundo,
2023 3824 2151 3889 hoc.

552 3937 658 3990 est,
690 3924 991 3980 clarissime
1031 3934 1386 3995 cognoscetur
1423 3926 1490 3978 ab
1534 3924 1617 3978 his
1663 3925 1755 3994 qui
1801 3925 2026 3979 credunt
2070 3932 2126 3979 et

551 4017 809 4072 credituri
855 4024 980 4070 sunt
1008 4016 1058 4069 in
1108 4029 1248 4068 eum.
1294 4014 1403 4069 Lex
1451 4022 1652 4078 autem,
1699 4012 1850 4083 cuius
1899 4011 2122 4083 figuram

553 4118 702 4177 gero.
728 4107 1016 4170 minuetur,
1051 4106 1280 4159 veritate
1307 4112 1602 4158 crescente.

623 4203 725 4270 Qui
752 4204 1023 4257 desursum
1058 4203 1210 4266 venit,
1236 4218 1389 4272 super
1419 4217 1592 4255 omnes
1620 4210 1716 4255 est.
1759 4200 1955 4256 Iterum
1987 4202 2123 4256 redit

550 4308 743 4347 servus
788 4293 854 4347 ad
897 4291 1351 4361 comparationem
1394 4291 1476 4343 sui
1525 4301 1580 4344 et
1625 4289 1835 4343 Domini
1867 4290 1969 4344 sui.
2021 4291 2125 4354 Qui

542 4383 827 4438 desursum
877 4383 1050 4444 venit,
1105 4382 1208 4435 hoc
1251 4387 1334 4434 est
1364 4421 1378 4443 ,
1426 4381 1516 4450 qui
1560 4395 1628 4434 ex
1670 4379 1828 4434 Patre
1875 4380 2021 4433 venit
2066 4380 2118 4434 in

554 4470 832 4532 mundum,
887 4478 946 4523 ut
994 4470 1227 4523 salvaret
1273 4470 1550 4542 mundum,
1602 4486 1755 4539 super
1798 4486 1972 4523 omnes
2015 4480 2119 4536 est,

555 4574 661 4613 non
721 4557 891 4613 solum
943 4572 1032 4612 me
1096 4569 1314 4627 superat
1358 4573 1571 4613 servum
1615 4568 1670 4613 et
1710 4573 2118 4628 praecursorem

552 4660 730 4708 suum,
762 4660 949 4700 verum
980 4646 1139 4699 etiam
1185 4659 1372 4700 omnes
1420 4648 1685 4711 homines,
1731 4654 1786 4701 et
1815 4663 1919 4701 non
1947 4648 2116 4702 solum

553 4734 818 4797 homines,
849 4748 1033 4790 verum
1061 4734 1221 4791 etiam
1249 4751 1435 4790 omnes
1476 4737 1700 4791 virtutes
1745 4737 2021 4803 caelestes,
2066 4748 2122 4794 et

552 4824 751 4886 omnia,
795 4836 931 4890 quae
957 4830 1103 4886 sunt,
1139 4830 1356 4890 etquae
1383 4838 1488 4875 non
1519 4833 1661 4878 sunt.
1708 4824 1818 4880 Nec
1850 4827 1950 4882 hoc
1968 4826 2123 4895 juxta

554 4913 915 4974 divinitatem,
961 4912 1053 4966 sed
1093 4909 1241 4978 juxta
1274 4912 1693 4981 humanitatem;
1720 4914 1882 4970 homo
1929 4917 2125 4986 quippe

553 5013 638 5056 est
669 5012 725 5057 et
765 5001 1045 5071 plusquam
1074 5002 1253 5057 homo.
1282 5002 1540 5058 Divinilas
1580 5005 1694 5074 ejus
1723 5005 1853 5060 nihil
1884 5018 2123 5075 superat,

555 5093 680 5162 quia
727 5091 908 5147 omnia
956 5101 1057 5145 est.
1102 5090 1204 5156 Qui
1245 5100 1318 5144 est
1367 5090 1430 5146 de
1459 5101 1619 5158 terra,
1668 5104 1807 5147 terra
1850 5104 1945 5158 est,
1984 5104 2032 5148 et
2062 5095 2126 5148 de

554 5192 693 5235 terra
722 5179 971 5252 loquitur.
1027 5182 1099 5233 De
1126 5196 1183 5234 se
1230 5180 1348 5249 ipso
1390 5181 1489 5235 hoc
1535 5182 1645 5246 ait,
1683 5196 1746 5235 ac
1784 5182 1827 5235 si
1877 5182 2125 5237 diceret:

559 5271 688 5341 Ego,
728 5270 819 5339 qui
849 5270 913 5325 de
940 5278 1083 5323 terra
1124 5283 1265 5334 sum,
1296 5271 1395 5323 hoc
1422 5280 1505 5323 est
1536 5271 1600 5325 de
1639 5270 1864 5325 terrenis
1889 5275 2128 5341 parenti-

560 5360 678 5423 bus,
708 5352 866 5413 natus
895 5373 961 5413 ex
995 5358 1102 5421 illo,
1131 5360 1215 5412 cui
1260 5360 1458 5413 dictum
1485 5367 1588 5424 est,
1616 5379 1634 5410 ‹
1669 5358 1835 5413 Terra
1881 5376 1939 5415 es
1979 5369 2034 5415 et
2077 5362 2128 5415 in

561 5453 761 5499 terram
787 5446 888 5500 ibis
920 5466 967 5510 ι,
1010 5446 1111 5501 hoc
1137 5457 1214 5501 est
1247 5448 1362 5515 ipso
1391 5456 1602 5502 terreno
1638 5446 1873 5512 homine,
1918 5464 1984 5502 ex
2026 5466 2132 5518 quo

2240 544 2492 599 mortem,
2521 542 2755 597 traxere,
2788 534 2913 589 inde
2944 549 3081 588 sum.
3111 535 3177 588 Et
3205 534 3326 589 ideo
3354 543 3496 591 terra
3524 552 3661 599 sum,
3690 538 3814 607 quia

2239 626 2306 679 de
2349 635 2489 680 terra
2530 633 2687 681 natus
2729 640 2871 689 sum,
2919 641 3020 680 nee
3069 625 3212 679 aliud
3264 640 3349 679 me
3392 641 3525 681 esse-
3558 628 3812 683 arbitror.

2240 715 2296 768 Si
2343 715 2469 785 quid
2523 731 2684 785 supra
2735 716 2869 768 haec
2908 714 3115 778 habeo,
3167 715 3233 768 de
3276 714 3606 784 plenitudine
3646 718 3816 787 ipsius

2238 805 2461 874 accipio,
2498 813 2622 858 ante
2646 818 2803 872 quem
2834 802 3032 856 missus
3062 816 3200 856 sum.
3233 802 3299 855 Et
3333 803 3398 855 de
3447 813 3589 857 terra
3632 805 3807 875 loqui—

2237 902 2342 958 tur,
2395 893 2498 948 hoc
2518 904 2620 957 est,
2675 892 2741 946 de
2799 889 3088 960 fragilitate
3131 905 3282 945 meae
3331 901 3554 947 naturae
3594 891 3809 962 loquor,

2236 997 2563 1051 cognoscens
2585 996 2702 1035 eam
2737 980 2809 1033 nil
2836 995 2976 1045 esse,
3004 980 3049 1034 si
3077 981 3357 1033 desursum
3384 995 3488 1034 non
3518 983 3803 1051 acciperet.

2236 1069 2303 1123 Et
2328 1085 2394 1124 ne
2419 1069 2633 1123 mireris
2651 1108 2665 1132 ,
2691 1068 2950 1122 Joannem
2978 1070 3042 1122 de
3069 1084 3126 1123 se
3149 1069 3264 1137 ipso
3294 1069 3456 1123 veluti
3485 1070 3550 1124 de
3576 1072 3806 1140 quadam

2235 1158 2395 1212 tertia
2445 1173 2680 1228 persona
2711 1157 2932 1217 dixisse,
2979 1170 3077 1210 nec
3118 1156 3234 1211 sine
3278 1158 3508 1222 ratione,
3553 1160 3804 1226 quoniam

2233 1264 2514 1317 personam
2539 1248 2714 1303 omnis
2746 1248 2942 1302 terreni
2973 1246 3205 1302 hominis
3247 1246 3302 1302 in
3336 1262 3393 1302 se
3422 1248 3676 1302 ostendit.
3703 1240 3815 1313 Qui

2232 1339 2296 1392 de
2323 1338 2466 1392 caelo
2490 1339 2648 1403 venit,
2688 1355 2844 1408 super
2888 1354 3062 1392 omnes
3089 1347 3183 1392 est.
3222 1338 3422 1392 Eadem
3458 1339 3617 1393 verba
3661 1346 3806 1405 sunt,

2230 1437 2446 1497 praeter
2498 1430 2638 1498 quod
2696 1430 2847 1498 prius
2898 1428 3169 1481 desursum
3217 1429 3377 1493 venit,
3425 1444 3569 1483 nunc
3627 1438 3807 1484 autem

2230 1519 2295 1572 de
2332 1519 2476 1573 caelo
2515 1521 2668 1573 venit.
2706 1519 2774 1573 Et
2806 1532 2942 1587 quae
2989 1502 3071 1572 est
3118 1518 3218 1573 ista
3250 1519 3531 1587 repetitio,
3579 1527 3633 1574 et
3676 1520 3808 1589 quid

2229 1609 2380 1662 vult?
2419 1609 2500 1662 An
2531 1609 2670 1663 forte
2709 1608 2851 1662 aliud
2901 1616 3003 1661 εει·
3032 1626 3050 1657 ι
3082 1606 3360 1661 desursum
3402 1610 3546 1661 venit
3582 1627 3627 1673 ι,
3659 1607 3807 1662 aliud

2239 1715 2257 1746 ε
2295 1698 2361 1751 de
2391 1697 2540 1751 caelo
2564 1697 2712 1752 venit
2746 1696 2809 1748 »ἳ
2842 1694 3087 1750 Christus
3116 1696 3397 1749 desursum
3436 1697 3601 1760 venit,
3648 1694 3806 1751 Chri-

2228 1796 2343 1844 stus
2371 1789 2436 1843 de
2466 1791 2617 1844 caelo
2662 1790 2830 1861 venit,
2884 1788 3109 1856 ideoque
3152 1801 3313 1856 super
3359 1802 3546 1841 omnes
3596 1797 3697 1851 est,
3746 1797 3804 1842 et

2226 1896 2391 1951 super
2443 1881 2644 1935 omnia.
2694 1879 2881 1934 Potest
2948 1878 3128 1946 itaque
3189 1878 3311 1931 talis
3360 1878 3611 1931 distantia
3660 1878 3805 1932 inter

2232 1989 2251 2022 ι
2287 1970 2570 2025 desursum
2597 1971 2743 2024 venit
2778 1987 2796 2019 ι
2851 1976 2905 2021 ει
2955 1986 2973 2019 ι
3010 1968 3075 2021 de
3104 1968 3251 2021 caelo
3283 1968 3427 2020 venit
3469 1986 3486 2018 ι
3542 1966 3794 2036 intelligi,

2226 2068 2283 2113 ut
2313 2060 2366 2113 in
2395 2074 2459 2113 eo
2481 2100 2494 2122 ,
2544 2059 2685 2128 quod
2723 2057 2859 2111 dixit
2891 2074 2908 2107 ‹
2948 2055 3228 2111 desursum
3261 2058 3409 2110 venit
3454 2076 3502 2122 ι,
3539 2058 3800 2127 intelliga-

2225 2163 2345 2202 mus
2401 2147 2736 2201 altitudinem
2810 2146 3078 2200 humanae
3136 2152 3361 2200 naturae
3428 2158 3554 2200 ante
3637 2147 3798 2216 primi

2222 2231 2453 2297 hominis
2481 2242 2754 2307 delictum,
2800 2241 2866 2296 de
2914 2256 3016 2311 qua
3059 2241 3341 2295 altitudine
3384 2241 3654 2295 hominem
3701 2254 3797 2293 ve-

2222 2334 2365 2388 nisse
2406 2333 2678 2387 Christum
2711 2348 2818 2387 non
2856 2331 3182 2385 dubitamus.
3216 2328 3350 2383 Nam
3398 2330 3441 2383 si
3487 2331 3553 2384 de
3581 2330 3799 2384 hemine

2220 2430 2341 2492 post
2365 2430 2642 2491 peccatum
2672 2422 2900 2483 veniret,
2932 2430 3159 2488 pecz'alo
3196 2419 3375 2472 forsan
3409 2435 3511 2473 non
3555 2428 3797 2485 careret;

2220 2509 2472 2578 quoniam
2503 2523 2630 2560 vero
2659 2517 2876 2577 peccato
2902 2507 3095 2568 caruit,
3152 2515 3294 2560 recte
3335 2506 3630 2560 credendus
3665 2508 3689 2538 '
3716 2516 3800 2561 est

2223 2597 2492 2651 hominem
2534 2606 2662 2649 ante
2712 2603 2991 2664 peccatum
3053 2595 3340 2663 accepisse.
3385 2592 3513 2647 Nam
3541 2594 3799 2649 Dominus

2221 2694 2405 2740 noster
2438 2683 2595 2739 Jesus
2641 2683 2909 2747 Christus,
2960 2684 3226 2736 humanae
3272 2684 3520 2737 conditor
3568 2693 3794 2737 naturae

2220 2784 2381 2844 atque
2425 2773 2702 2838 salvator,
2748 2781 2802 2828 et
2842 2773 2907 2826 de
2949 2771 3123 2841 primo
3166 2772 3382 2825 homine
3423 2772 3628 2840 accepit
3671 2782 3796 2828 ante

2220 2873 2516 2934 peccatum,
2562 2873 2615 2917 et
2638 2862 2802 2917 veluti
2831 2863 2896 2916 de
2922 2861 3159 2916 secundo
3200 2862 3417 2917 homine
3456 2869 3575 2929 post
3603 2874 3797 2934 peccq-

2220 2964 2351 3007 tum.
2382 2951 2519 3019 Quid
2547 2953 2754 3022 accepit
2774 2952 2842 3006 ab
2868 2952 3086 3006 homine
3109 2958 3231 3004 ante
3255 2951 3573 3020 peccatum?
3597 2952 3797 3006 Carere

2220 3049 2462 3110 peccato,
2494 3041 2615 3109 quia
2646 3041 2879 3095 humana
2904 3050 3095 3093 natura
3115 3079 3130 3103 ,
3168 3040 3477 3107 priusquam
3524 3048 3791 3107 peccaret.

2222 3131 2441 3185 omnino
2487 3139 2708 3199 peccato
2757 3130 2997 3183 carebat.
3033 3127 3171 3193 Quid
3220 3128 3427 3196 accepit
3471 3126 3538 3181 ab
3581 3128 3793 3181 homine

2220 3226 2341 3289 post
2367 3218 2681 3287 peccatum?
2706 3216 2837 3270 Mori
2865 3231 2961 3284 pro
2990 3224 3234 3285 peccatu,
3278 3214 3481 3284 absque
3506 3214 3613 3268 ullo
3641 3224 3790 3267 reatu

2218 3309 2442 3380 peccati.
2470 3309 2620 3376 Quod
2641 3322 2769 3378 ergo
2789 3308 2938 3376 prius
2962 3307 3038 3359 ait
3072 3324 3090 3356 ι
3133 3305 3222 3375 qui
3258 3305 3536 3358 desursum
3567 3302 3713 3357 venit
3739 3321 3786 3366 ι,

2221 3408 2366 3454 recte
2395 3399 2726 3468 intelligitur,
2770 3396 2861 3467 qui
2905 3396 2970 3450 de
3003 3394 3333 3449 sublimitate
3377 3393 3642 3445 humanae
3688 3406 3788 3459 pa-

2222 3497 2391 3550 turae,
2423 3487 2490 3541 ad
2524 3486 2809 3556 imaginem
2849 3482 2943 3537 Dei
2979 3483 3168 3541 factae.
3203 3489 3487 3548 antequam
3516 3486 3784 3546 peccaret,

2220 3580 2389 3633 venit.
2416 3576 2604 3631 Nullus
2634 3577 2777 3631 enim
2816 3575 2940 3629 inde
2969 3573 3135 3637 venit,
3164 3572 3263 3626 nisi
3290 3573 3401 3640 ipse
3427 3569 3589 3624 solus.
3621 3568 3789 3636 Quot-

2220 3672 2352 3740 quot
2391 3652 2541 3723 enim'
2569 3672 2831 3719 venerunt
2874 3663 2926 3716 in
2973 3661 3252 3725 mundum,
3289 3660 3373 3740 ab.
3402 3659 3616 3712 homine
3663 3670 3789 3726 pec-

2221 3764 2379 3812 cante
2406 3762 2698 3817 venerunt;
2725 3751 2871 3806 solus
2899 3750 2985 3804 ille
3008 3751 3209 3818 absque
3234 3755 3455 3818 peccato
3477 3747 3544 3801 ab
3570 3746 3790 3801 homine

2221 3854 2345 3900 ante
2373 3850 2650 3915 peceatum
2673 3840 2955 3911 processit.
2983 3838 3136 3906 Quod
3157 3845 3335 3892 autem
3362 3836 3415 3891 in
3444 3835 3789 3906 sequentibus

2221 3932 2393 3998 dixit,
2432 3932 2521 4002 qui
2557 3931 2621 3983 de
2644 3928 2786 3983 caelo
2817 3928 2970 3992 venit,
2998 3942 3152 3996 super
3176 3942 3350 3979 omnes
3378 3935 3471 3989 est,
3497 3925 3566 3979 ibi
3592 3923 3790 3978 intelli-

2221 4024 2397 4092 gimus
2439 4021 2657 4075 Patrem
2706 4018 2840 4074 caeli
2904 4018 3121 4073 nomine
3168 4016 3526 4085 signiﬁcatum
3553 4053 3569 4079 ,
3614 4028 3644 4068 a
3686 4027 3790 4082 quo

2222 4113 2419 4168 missus
2468 4118 2553 4164 est
2598 4109 2845 4164 Christus
2892 4107 2945 4162 in
2995 4106 3285 4169 mundum,
3338 4105 3478 4158 sicut
3516 4103 3631 4170 ipse
3673 4101 3788 4154 ait:

2228 4220 2247 4252 ι
2288 4201 2434 4255 Exivi
2480 4215 2508 4253 a
2553 4197 2747 4261 Patre,
2794 4205 2848 4251 et
2917 4196 3039 4249 veni
3087 4196 3141 4249 in
3194 4193 3507 4247 mundum».
3577 4189 3793 4243 Duobus

2223 4292 2403 4361 itaque
2456 4288 2627 4343 modis
2680 4288 2984 4357 unigenitus
3027 4285 3195 4340 Filius
3251 4284 3344 4344 Dei
3409 4297 3569 4353 super
3614 4278 3792 4335 omnia

2223 4395 2342 4434 esse
2372 4377 2670 4433 credendus
2711 4384 2794 4430 est
2820 4392 2834 4429 :
2871 4376 3065 4444 primo,
3097 4373 3221 4444 quia
3246 4370 3429 4443 super
3448 4384 3661 4426 omnem
3692 4371 3793 4423 hu-

2227 4470 2539 4524 manitatem
2569 4467 2856 4531 exaltatur,
2881 4466 2972 4534 qui
3001 4468 3065 4520 de
3107 4466 3242 4534 ipsa,
3263 4464 3574 4532 priusquam
3600 4473 3790 4529 pecca.

2225 4568 2323 4619 ret.
2343 4559 2517 4623 venit;
2540 4554 3110 4625 secundo,quodjuxta
3127 4552 3453 4608 altitudinem
3476 4549 3792 4610 divinitatis,

2225 4649 2278 4702 in
2303 4664 2405 4717 qua
2441 4645 2581 4699 Patri
2606 4643 2842 4714 aequalis
2864 4654 2963 4708 est,
2989 4657 3199 4697 omnem
3232 4646 3446 4707 superat
3468 4648 3792 4691 creaturam.

2299 4735 2366 4789 Et
2388 4739 2531 4806 quod
2547 4735 2668 4788 cidit
2691 4744 2737 4787 et
2754 4734 2971 4797 audivit,
2987 4739 3082 4786 hoc
3102 4737 3338 4784 testatur.
3368 4726 3504 4793 Quid
3524 4736 3626 4787 est,
3650 4726 3793 4791 quod

2227 4824 2395 4879 Filius
2420 4823 2513 4878 Dei
2534 4822 2697 4878 vidit?
2726 4820 2840 4876 Non
2866 4823 3030 4885 aliud,
3058 4820 3154 4874 nisi
3170 4819 3507 4888 cognovit,se
3534 4816 3586 4869 in
3613 4814 3794 4877 Patre,

2228 4920 2283 4966 et
2309 4909 2686 4979 aequalitatem
2714 4910 2879 4978 ipsius
2903 4923 3038 4962 esse.
3070 4906 3136 4959 Et
3171 4904 3542 4970 audioit.Quid
3561 4903 3799 4956 audivit?

2228 5003 2444 5058 Audivit
2462 5018 2492 5056 a
2511 5002 2670 5057 Patre
2699 5020 2711 5054 :
2746 5021 2764 5053 ι
2788 5001 2895 5072 Ego
2917 5000 3074 5054 hodie
3089 4999 3243 5069 genui
3270 5006 3322 5053 te
3343 5016 3388 5050 ι.
3403 4996 3549 5050 Vidit
3563 4997 3725 5066 igitur
3743 5011 3802 5050 se

2232 5095 2404 5165 ipsum
2426 5092 2713 5151 secundum
2735 5105 2885 5145 suam
2904 5089 3239 5143 divinitatem
3277 5089 3329 5141 in
3362 5102 3460 5143 suo
3496 5086 3697 5150 'Palre,
3746 5094 3800 5141 et

2235 5184 2440 5237 audivit
2460 5199 2489 5237 a
2509 5199 2604 5238 suo
2625 5182 2806 5245 Patre,
2829 5179 2970 5250 quod
2990 5180 3101 5248 ipse
3121 5194 3242 5233 eum
3265 5180 3509 5248 genuerit
3531 5170 3802 5245 aequalem
3856 5239 3862 5253 ,

2235 5272 2356 5326 sibi.
2398 5270 2512 5324 Hoc
2550 5280 2782 5343 testatur.
2835 5268 2972 5336 Quid
3019 5265 3281 5323 testatur?
3324 5267 3475 5334 Quod
3503 5266 3666 5319 Filius
3709 5259 3803 5317 Dei

2236 5363 2323 5417 sit.
2358 5361 2423 5414 Et
2448 5362 2537 5415 ubi
2566 5359 2828 5414 testatur?
2868 5360 3174 5429 Bedige.ad
3219 5358 3518 5426 superiora,
3562 5353 3653 5408 ubi
3692 5352 3806 5420 ipse

2236 5453 2302 5506 de
2324 5468 2379 5505 se
2403 5451 2516 5519 ipso
2545 5452 2620 5503 ait
2650 5469 2661 5503 :
2696 5471 2711 5502 ι
2747 5450 2862 5505 Νοη
2890 5449 3033 5505 enim
3078 5448 3223 5504 misit
3264 5447 3406 5501 Deus
3431 5444 3624 5499 Filium
3650 5455 3805 5495 suum

1855 5539 2111 5596 VARIAE
2150 5540 2543 5598 LECTlONES.

638 5606 653 5637 ¹
692 5620 774 5658 me
808 5622 913 5659 om.
941 5608 1084 5673 cod.,
1114 5610 1235 5662 azld.
1264 5625 1327 5662 ex
1356 5609 1493 5677 conj.

1570 5613 1590 5642 ¹
1629 5609 1821 5675 Corn;
1855 5610 1975 5666 cod.
2009 5613 2342 5668 credendum.
