4194 6276
407 328 514 390 399

1436 315 1781 395 contuear.
1820 316 1887 375 1N
1923 318 2173 375 nunc.
2209 315 2355 373 ssc.
2391 311 2579 371 JOAN.

3558 307 3661 360 330

413 447 471 500 in
509 441 789 505 mundum,
839 404 1119 510 utjudieet
1168 437 1448 501 mundum,
1503 436 1598 491 sed
1648 444 1710 489 ut
1754 433 1992 489 salvetur
2018 445 2066 502 Α
2098 442 2187 486 tur
2215 438 2376 499 atque
2409 429 2550 484 idem
2580 425 2848 495 Spiritus,
2874 422 3119 478 dividens
3164 419 3659 510 singulisipr‘opria,

415 535 649 609 mundus
676 548 773 604 per
803 533 996 602 ipsum.
1028 529 1127 597 Qui
1159 528 1331 583 credit
1380 528 1435 581 in
1460 541 1581 581 eum
1604 565 1621 591 ,
1652 539 1758 579 non
1783 523 1991 594 judica-

417 634 526 681 tur.
557 622 659 691 Qui
687 630 861 676 autem
890 636 996 675 non
1038 618 1233 683 credit,
1273 616 1386 685 jam
1427 616 1699 686 judicatus
1724 624 1831 677 est,
1866 613 1993 681 quia

377 784 382 790 _
418 729 523 769 non
542 712 712 768 credit
735 712 786 765 in
809 711 1024 764 nomine
1049 695 1309 777 unigeniti
1336 705 1457 759 Filii
1488 704 1580 759 Dei
1601 723 1644 756 ι.
1666 702 1780 757 Hoc
1810 703 1994 770 itaque

417 814 517 869 est,
541 804 680 874 quod
707 802 841 856 vidit
865 801 1033 855 Filius
1071 799 1190 863 Dei,
1236 807 1292 852 et
1317 798 1384 851 de
1410 811 1483 861 se,
1502 795 1618 865 ipso
1647 802 1896 861 testatur.
1923 786 1993 844 Et

412 891 761 946 testimonium
789 889 905 958 ejus
933 903 1081 941 nemo
1127 885 1338 954 accipit.
1385 882 1442 938 Si
1476 881 1840 938 testimonium
1878 877 1995 945 ejus

410 992 567 1033 nemo
596 975 818 1046 accipit,
852 988 1023 1043 quare
1056 972 1238 1038 venit,
1279 981 1336 1025 et
1367 970 1495 1040 quid
1520 968 1767 1022 utilitatis
1792 964 1995 1020 mundo

408 1064 672 1121 contulit?
702 1064 939 1118 Joannes
988 1075 1341 1131 praecursor,
1370 1060 1561 1129 plenus
1587 1057 1759 1125 gratia
1783 1054 1998 1111 divinae

409 1156 754 1226 prophetiae,
800 1152 1040 1223 providit
1079 1166 1194 1213 eos,
1234 1151 1325 1219 qui
1357 1150 1410 1203 in
1439 1148 1713 1202 Christum
1741 1143 1997 1200 credituri

414 1255 572 1310 sunt,
594 1242 959 1298 testimonium
978 1239 1123 1295 illius
1144 1239 1487 1308 accipientes,
1508 1245 1565 1290 et
1583 1250 1693 1301 eos,
1709 1235 1799 1304 qui
1814 1234 1998 1288 inedm

418 1348 530 1387 non
560 1340 689 1386 sunt
721 1328 999 1393 credituri,
1056 1327 1415 1381 testimonium
1468 1324 1610 1379 illius
1666 1330 1996 1392 respuentes.

423 1421 503 1475 De
538 1421 645 1485 his,
679 1420 768 1488 qui
801 1434 905 1474 non
926 1418 1150 1472 credunt
1168 1431 1344 1487 neque
1374 1414 1628 1473 credituri
1652 1422 1776 1470 sunt
1799 1416 1839 1478 ³,
1869 1429 1899 1466 a
1943 1428 2002 1467 se

424 1510 558 1580 ipsis
577 1509 688 1589 [ad]
708 1509 977 1563 interitum
1001 1506 1324 1576 praeparati,
1357 1520 1513 1560 nemo
1536 1503 1741 1573 accepit
1765 1503 2005 1589 testimo-r

422 1583 714 1658 nium‘Filii
742 1603 858 1658 Dei.
882 1603 957 1657 De
972 1602 1271 1665 hisautem,
1295 1600 1386 1669 qui
1412 1598 1637 1653 credunt
1662 1609 1716 1651 et
1748 1583 2003 1652 credituri

419 1701 565 1757 sunt,
607 1707 767 1748 nemo
795 1702 905 1757 est,
944 1692 1033 1760 qui
1067 1691 1432 1745 testimonium
1458 1688 1575 1756 ejus
1610 1704 1715 1743 non
1747 1686 2001 1754 accipiat,

418 1795 482 1833 ac
501 1795 599 1849 per
620 1781 740 1840 hoc,
768 1780 861 1851 qui
905 1779 1086 1835 salvus
1128 1795 1236 1835 non
1276 1779 1368 1833 sit.
1413 1778 1640 1846 Ideoque
1664 1778 1953 1845 sequitur:

490 1870 594 1934 Qui
621 1871 807 1939 accipit
853 1870 969 1939 ejus
1006 1869 1378 1931 testimonium,
1424 1868 1648 1937 signavit
1683 1869 1806 1936 quia
1863 1866 2004 1921 Deus

420 1978 577 2016 uerax
602 1970 697 2027 est,
729 1961 836 2015 hoc
870 1971 973 2025 est,
998 1962 1052 2014 in
1083 1962 1246 2015 corde
1270 1974 1369 2015 suo
1384 1959 1653 2022 ﬁrmavit,
1676 1967 1734 2012 et
1759 1958 1910 2027 quasi
1934 1958 2005 2012 si-

419 2050 549 2120 gillo
586 2051 1009 2109 incommutabili
1055 2051 1325 2121 perfectae
1367 2049 1490 2103 lidei
1533 2049 1827 2111 conclusit,
1879 2048 2003 2117 quia

421 2141 564 2197 Deus
596 2156 756 2196 verax
787 2151 889 2197 est.
916 2141 1070 2208 Quod
1097 2140 1307 2196 facilius
1332 2138 1671 2207 intelligitur,
1699 2139 1743 2193 si
1776 2152 2006 2208 graecus

422 2246 605 2289 sermo
631 2231 838 2302 legatur
863 2249 877 2284 :
905 2230 1042 2297 Quia
1086 2230 1224 2284 Deus
1267 2245 1418 2284 verus
1449 2238 1559 2292 est,
1583 2236 1648 2282 ut
1666 2228 1736 2282 sit
1766 2243 1963 2285 sensus
1988 2245 2001 2281 :

429 2319 531 2384 Qui
570 2320 766 2387 accipit
809 2319 1171 2374 testimonium
1199 2317 1323 2372 Filii
1356 2316 1450 2371 Dei
1473 2317 1541 2371 de
1577 2332 1637 2372 se
1677 2317 1813 2386 ipso,
1859 2316 2003 2386 quod

430 2406 605 2462 Filius
633 2409 731 2462 Dei
768 2409 858 2473 sit,
889 2418 944 2462 et
970 2408 1112 2476 quod
1138 2423 1238 2477 pro
1266 2407 1437 2461 salute
1474 2407 1659 2461 mundi
1686 2407 1848 2461 Pater
1876 2421 2006 2460 suus

429 2514 558 2554 eum
586 2501 808 2561 miserit,
841 2499 928 2553 ille
954 2499 1182 2552 ﬁrmiter
1202 2499 1391 2562 credit,
1408 2499 1534 2566 quia
1557 2499 1699 2554 Deus
1722 2512 1880 2553 verus
1899 2505 2000 2562 est,

426 2593 527 2662 qui
551 2592 619 2647 de
646 2608 704 2647 se
729 2593 868 2662 ipso,
899 2592 1042 2660 quod
1074 2606 1237 2646 verus
1268 2592 1409 2645 Deus
1444 2590 1537 2656 sit,
1557 2589 1672 2644 veri
1698 2589 1790 2643 Dei
1817 2588 2000 2654 Filius,

425 2679 798 2736 testimonium
827 2680 1120 2749 perhibuit.

458 2832 461 2835 Ἴ
499 2767 671 2833 Quem
694 2768 830 2822 enim
859 2769 1001 2823 misit
1026 2767 1171 2822 Deus
1189 2806 1203 2831 ,
1234 2765 1387 2820 verba
1408 2765 1506 2819 Dei
1532 2766 1776 2836 loquitur.
1802 2765 1912 2820 Hoc
1937 2767 2002 2820 de

424 2856 568 2931 Filio
602 2857 697 2931 Dei
728 2856 964 2926 loquitur
990 2855 1360 2919 solummodo,
1389 2855 1512 2923 qui,
1550 2855 1801 2923 quoniam
1836 2870 1866 2909 a
1890 2856 2004 2910 Deo

422 2928 594 2997 Patre
614 2928 808 2999 missus
829 2953 931 3009 est,
953 2945 1117 2999 verba
1140 2944 1232 2998 Dei
1255 2944 1510 3012 loquitur.
1540 2943 1724 2997 Nonne
1754 2952 1773 2979 ²
1801 2952 1856 2997 ει
1878 2959 2002 3014 pro-

430 3032 631 3102 phetae
677 3033 746 3086 ab
779 3048 844 3087 eo
876 3033 1026 3087 missi
1054 3034 1211 3089 sunt?
1234 3031 1419 3086 Nonne
1444 3032 1464 3063 ³
1502 3040 1557 3087 ει
1585 3032 1807 3101 apostoli
1838 3034 1906 3087 ab
1935 3047 2001 3088 eo

2090 529 2250 591 prout
2278 519 2389 574 vult
2414 538 2462 571 ›.
2492 516 2707 571 Christo
2732 521 2933 578 autem,
2960 512 3052 581 qui
3074 518 3157 591 est
3181 516 3342 578 caput
3364 507 3659 567 Ecclesiae,

2092 588 2200 666 non
2230 624 2261 663 e
2288 622 2541 663 mensura
2569 606 2662 659 dat
2688 605 2829 658 Deus
2852 588 3145 672 spiritum,
3176 600 3269 654 sed
3309 599 3449 664 sicut
3492 606 3661 649 totum

2092 714 2157 754 ex
2185 714 2246 754 se
2284 699 2400 767 ipso
2443 681 2556 751 toto
2596 694 2782 764 genuit
2809 692 3012 747 Filium
3035 705 3225 753 suum,
3269 689 3343 742 ita
3380 686 3664 743 incuruata

2093 790 2230 845 Filio
2277 801 2376 843 suo
2405 795 2577 841 totum
2614 784 2861 854 Spiritum
2894 794 3048 836 suum
3081 779 3258 841 dedit,
3292 790 3398 830 non
3438 775 3664 843 partici-

2094 880 2307 949 paliter,
2348 892 2452 930 non
2499 889 2596 944 per
2631 870 3027 928 subdivisiones
3051 908 3066 934 ,
3108 866 3201 922 sed
3248 863 3685 936 generaliterrct,

2094 963 2493 1020 universaliter.
2608 989 2615 994 -
2830 1003 2835 1009 .
3019 980 3025 989 ι

2167 1052 2329 1106 Pater
2349 1050 2518 1119 diligit
2560 1047 2761 1101 Filium
2798 1055 2845 1100 et
2879 1045 3054 1100 omnia
3089 1043 3227 1098 dedit
3262 1043 3318 1096 in
3345 1058 3505 1096 manu
3530 1041 3663 1110 ejus.

2099 1139 2335 1195 Causam
2364 1137 2567 1201 reddit,
2597 1151 2695 1191 cur
2732 1135 2930 1190 ceteris
2968 1133 3275 1188 hominibus
3309 1147 3377 1186 ex
3414 1146 3666 1203 mensura

2099 1236 2191 1289 dat
2216 1235 2355 1287 Deus
2380 1232 2628 1302 spiritum
2648 1269 2664 1294 ,
2693 1228 2830 1283 Filio
2855 1237 3031 1281 autem
3059 1240 3157 1281 suo
3176 1239 3284 1279 non
3305 1237 3371 1279 ex
3391 1237 3667 1283 mensura,

2100 1323 2195 1378 sed
2224 1338 2293 1377 ex
2322 1330 2436 1379 toto
2464 1322 2557 1375 dat
2582 1319 2851 1388 spiritum.
2881 1316 3092 1384 Quare?
3112 1313 3224 1369 Non
3255 1315 3324 1369 ob
3350 1313 3491 1367 aliud
3518 1352 3534 1376 ,
3566 1313 3667 1366 nisi
3768 1372 3775 1375 _

2101 1414 2227 1483 quia
2257 1410 2420 1465 Pater
2461 1410 2632 1480 diligit
2654 1408 2703 1460 F
2707 1408 2853 1462 ilium
2874 1447 2888 1472 ,
2915 1408 3036 1461 ideo
3065 1405 3212 1461 dedit
3236 1404 3286 1458 ei
3316 1412 3484 1458 totum
3515 1418 3669 1457 suum

2102 1506 2372 1575 spiritum,
2399 1511 2455 1559 et
2477 1503 2657 1558 omnia
2683 1500 2828 1555 dedit
2848 1498 2902 1552 in
2931 1513 3089 1552 manu
3113 1495 3246 1564 ejus.
3276 1494 3424 1561 Quae
3454 1493 3671 1549 omnia?

2102 1599 2185 1650 An
2213 1595 2351 1650 forte
2372 1594 2574 1657 omnia,
2602 1606 2740 1660 quae
2767 1591 2820 1645 in
2845 1590 2959 1659 ipso
2984 1587 3123 1642 facta
3154 1584 3310 1640 sunt?
3328 1584 3384 1638 ln
3410 1583 3673 1655 principio

2105 1686 2247 1739 enim
2301 1683 2429 1738 fecit
2480 1682 2621 1736 Deus
2666 1679 2873 1734 caelum
2925 1686 2981 1732 et
3028 1685 3262 1740 terram;
3299 1683 3353 1728 et
3387 1675 3626 1744 psalmus
3655 1713 3670 1733 ,

2034 1776 2134 1834 B'i
2170 1768 2362 1824 Omnia
2409 1766 2461 1820 in
2513 1764 2775 1834 sapientia
2825 1762 2997 1816 fecisti
3036 1780 3081 1813 ι.
3112 1759 3204 1813 Illa
3237 1760 3417 1828 itaque
3457 1758 3671 1822 omnia,

2108 1872 2245 1929 quae
2288 1856 2343 1911 in
2386 1854 2524 1909 Filio
2558 1854 2697 1906 facta
2727 1858 2883 1915 sunt,
2906 1850 3052 1904 dedit
3079 1848 3241 1902 Pater
3264 1847 3317 1900 in
3345 1862 3507 1901 manu
3535 1844 3697 1914 ejus,

2104 1950 2279 2004 Altius
2323 1946 2498 2001 omnia
2534 1944 2675 1998 dedit
2707 1944 2759 1997 in
2800 1958 2958 1996 manu
2988 1941 3137 2011 ejus,
3190 1941 3291 1995 hoc
3334 1938 3674 2001 est,,omnia

2105 2054 2244 2107 quae
2291 2036 2718 2093 substantialiter
2757 2035 2921 2089 habet
2969 2033 3149 2096 Pater,
3193 2031 3342 2087 dedit
3386 2030 3547 2097 Filio,
3595 2030 3675 2100 gi-

2105 2129 2319 2201 gnendo
2353 2128 2523 2196 ipsum
2554 2124 2621 2179 de
2650 2139 2709 2179 se
2734 2123 3013 2193 aequalem
3041 2123 3141 2177 sibi
3172 2137 3270 2191 per
3292 2122 3490 2176 omnia.

2178 2216 2280 2283 Qui
2301 2216 2462 2271 credit
2482 2217 2534 2268 in
2558 2212 2777 2280 Filium,
2802 2212 2951 2267 habet
2979 2212 3136 2266 vitam
3161 2222 3449 2266 aeternam.
3465 2211 3677 2276 Quare?

2106 2306 2242 2373 Quia
2287 2307 2401 2375 ipse
2437 2304 2603 2358 Filius
2653 2303 2766 2356 vita
2814 2310 3030 2357 aeterna
3059 2309 3173 2365 est,
3213 2301 3353 2356 sicut
3393 2301 3507 2368 ipse
3558 2300 3672 2353 ait:

2112 2419 2131 2452 c
2166 2402 2276 2471 Ego
2301 2415 2416 2454 sum
2442 2398 2643 2452 veritas
2676 2404 2731 2451 et
2757 2395 2866 2450 vita
2897 2415 2938 2449 ι.
2971 2392 3162 2449 Merito
3187 2408 3346 2463 ergo,
3387 2392 3476 2463 qui
3513 2392 3675 2446 credit

2105 2491 2158 2543 iu
2186 2488 2230 2541 F
2233 2489 2403 2552 ilium,
2429 2487 2578 2540 habet
2625 2487 2784 2540 vitam
2809 2495 3088 2539 aeternam.
3113 2483 3192 2539 Ac
3212 2484 3258 2539 si
3287 2483 3512 2537 dixisset
3535 2500 3547 2536 :
3575 2480 3675 2548 Qui

2106 2578 2277 2633 credit
2322 2577 2373 2630 in
2417 2576 2631 2635 Filium,
2666 2575 2827 2629 habet
2852 2574 3024 2643 ipsum
3056 2573 3274 2637 Filium,
3326 2589 3389 2628 ac
3439 2588 3537 2641 per
3575 2574 3689 2627 hcc.

2106 2667 2267 2721 habet
2297 2665 2461 2719 vitam
2494 2672 2788 2725 aeternam,
2820 2662 2942 2730 quia
2980 2662 3094 2729 ipse
3123 2660 3292 2715 Filius
3322 2661 3429 2715 vita
3457 2670 3677 2715 aeterna

2103 2763 2205 2810 est.
2238 2754 2341 2819 Qui
2376 2762 2549 2807 autem
2578 2768 2683 2806 non
2709 2751 2871 2804 credit
2894 2752 2948 2803 in
2983 2748 3148 2813 Filio,
3179 2766 3282 2802 non
3310 2735 3497 2803 ridebit
3520 2751 3675 2803 vitam

2104 2856 2388 2901 aeternam.
2418 2842 2617 2897 Eodem
2648 2854 2845 2912 genere
2876 2838 3159 2893 locutionis
3197 2856 3210 2891 :
3241 2839 3333 2907 qui
3362 2846 3540 2891 autem
3572 2852 3675 2891 non

2105 2937 2276 2992 credit
2315 2935 2482 2999 Filio,
2514 2948 2618 2988 non
2665 2930 2866 2987 videbit
2893 2929 3107 2990 Filium,
3150 2928 3246 2998 qui
3291 2937 3376 2982 est
3412 2927 3539 2982 vita.
3572 2926 3677 2982 Sed

2104 3028 2186 3079 ira
2216 3025 2311 3079 Dei
2338 3033 2508 3079 manet
2553 3039 2706 3092 super
2741 3037 2878 3075 eum.
2915 3019 3030 3076 Non
3066 3019 3230 3074 dicit:
3255 3019 3334 3073 ira
3360 3018 3456 3074 Dei
3493 3018 3677 3073 veniet

434 3121 586 3177 missi
623 3130 765 3187 sunt,
792 3131 847 3177 et
877 3122 1037 3177 verba
1078 3122 1171 3175 Dei
1217 3122 1378 3179 locuti
1421 3122 1584 3176 sunt?
1618 3122 1754 3188 Quid
1782 3138 1910 3193 ergo
1937 3123 2003 3176 de
2032 3128 2078 3186 ε
2109 3133 2268 3189 super
2296 3131 2439 3181 eum,
2468 3116 2561 3171 sed
2592 3116 2667 3170 ait
2703 3134 2715 3170 :
2748 3123 2917 3171 manet
2940 3130 3095 3184 super
3123 3130 3261 3167 eum.
3290 3113 3439 3181 Quae
3467 3121 3551 3169 est
3583 3112 3674 3166 illa

432 3211 550 3265 solo
577 3211 792 3267 Christo
816 3213 1018 3267 dictum
1046 3221 1163 3266 est:
1193 3211 1358 3277 Quem
1385 3212 1520 3265 misit
1548 3210 1710 3274 Deus,
1729 3214 1883 3267 verba
1909 3212 2004 3266 Dei

426 3300 700 3369 loquitur?
729 3302 949 3357 Videtur
983 3303 1124 3357 enim
1166 3303 1363 3358 dixisse
1388 3319 1404 3357 :
1432 3303 1603 3369 Quem
1655 3304 1803 3361 misit
1833 3306 2001 3368 Deus,

426 3392 571 3449 illius
594 3394 860 3449 mittentis
892 3410 952 3449 se
985 3395 1080 3449 Dei
1109 3396 1270 3449 verha
1300 3395 1569 3464 loquitur;
1599 3397 1741 3465 quod
1777 3396 2007 3466 prophe—

426 3476 514 3535 tae
542 3481 789 3537 l'ecerunt
813 3522 829 3546 ,
864 3482 1116 3538 similiter
1143 3483 1393 3552 apostoli.
1419 3483 1558 3550 Quid
1587 3499 1719 3553 ergo
1749 3501 2003 3556 magnum

426 3570 585 3624 datur
607 3568 844 3631 Christo,
864 3572 1005 3640 quod
1031 3572 1151 3626 aliis
1178 3588 1284 3626 non
1317 3572 1535 3626 datum?
1559 3571 1780 3627 Intende
1804 3574 1856 3626 in
1882 3588 2006 3628 ver-

428 3657 493 3711 ba
518 3674 532 3709 :
573 3657 743 3722 Quem
768 3660 907 3711 misit
935 3658 1091 3722 Deus,
1121 3658 1283 3714 Pater
1310 3658 1579 3723 videlicet,
1608 3660 1758 3714 verba
1792 3661 1888 3715 Dei
1924 3660 2005 3714 lo-

427 3746 640 3814 quitur;
680 3747 936 3814 quoniam
964 3756 1020 3801 et
1051 3746 1170 3811 ille,
1213 3748 1304 3818 qui
1350 3747 1547 3803 missus
1572 3757 1687 3812 est,
1717 3747 1857 3804 Deus
1892 3761 2002 3814 est,

431 3828 552 3886 ideo
577 3834 737 3888 verba
777 3834 872 3889 Dei
917 3835 1174 3904 loquitur,
1206 3846 1264 3890 ut
1295 3838 1367 3892 sit
1393 3851 1584 3893 sensus
1613 3856 1626 3891 :
1656 3837 1823 3904 Quem
1864 3840 2031 3894 misit'

434 3922 582 3978 Deus
606 3963 621 3987 ,
672 3924 912 3993 proiecto
960 3926 1103 3981 Deus
1144 3935 1259 3991 est,
1305 3942 1369 3982 ac
1398 3942 1495 3997 per
1541 3928 1645 3982 hoc
1677 3929 1839 3983 verba
1868 3929 2008 3983 illius

430 4016 597 4070 verba
621 4015 715 4071 Dei
741 4027 885 4083 sunt;
920 4034 1050 4091 ergo
1071 4017 1233 4075 verba
1265 4018 1383 4073 Filii
1411 4020 1478 4074 de
1503 4033 1562 4074 se
1605 4020 1740 4094 ipso,
1766 4020 2007 4075 testimo.

428 4107 578 4161 nium
620 4110 952 4177 perliipbentis
1005 4111 1148 4181 quod
1180 4111 1320 4167 Deus
1388 4112 1490 4178 sit,
1539 4111 1700 4166 verba
1734 4111 1830 4166 Dei
1861 4122 2002 4166 sunt.

430 4194 610 4253 Verba
641 4200 1028 4268 prophetarum
1058 4209 1113 4255 et
1140 4200 1504 4271 apostolorum
1537 4201 1701 4255 verba
1729 4200 1823 4255 Dei
1858 4209 2005 4264 sunt,

428 4285 563 4354 quia
612 4287 779 4341 verba
809 4287 901 4343 Dei
932 4288 1092 4344 locuti
1126 4299 1272 4345 sunt.
1319 4288 1549 4344 Sanctus
1590 4289 1732 4344 enim
1775 4288 2006 4357 Spiritus

431 4371 652 4427 locutus
677 4374 836 4429 estin
859 4375 959 4439 eis,
980 4392 1082 4433 nec
1110 4387 1287 4432 tamen
1311 4377 1400 4432 illa
1419 4378 1583 4433 verba
1608 4376 1913 4432 referuntur
1938 4377 2003 4429 ad

2106 3207 2349 3273 iraDei?
2377 3206 2520 3260 Nihil
2550 3205 2691 3260 aliud
2719 3245 2733 3270 ,
2767 3205 2869 3260 nisi
2902 3203 3206 3260 maledictio
3233 3204 3323 3260 illa
3342 3244 3357 3267 ,
3403 3218 3507 3273 qua
3536 3204 3677 3274 Deus

2107 3299 2386 3354 maledixit
2409 3299 2567 3369 primi
2602 3299 2835 3355 hominis
2864 3306 3119 3370 peccato,
3169 3297 3479 3363 mandatum
3519 3312 3675 3352 suum

2110 3389 2588 3457 trausgredicntis,
2616 3389 2800 3442 dicens
2828 3407 2842 3442 :
2880 3408 2898 3439 ι
2930 3387 3206 3443 Maledicta
3239 3396 3381 3443 terra
3409 3389 3466 3444 in
3493 3388 3675 3459 operi-

2106 3478 2208 3535 bus
2239 3481 2343 3535 tuis
2370 3500 2417 3551 p.
2440 3480 2588 3537 lllius
2610 3482 2723 3536 irae
2747 3478 2968 3539 eﬁ‘ectus
2992 3488 3075 3537 est
3105 3494 3274 3546 mors,
3296 3490 3352 3537 et
3378 3482 3672 3551 corruptio.

2107 3578 2163 3627 et
2191 3572 2411 3629 omnino
2433 3571 2679 3645 veritatis
2708 3572 3010 3641 ignorantia
3029 3613 3043 3636 ,
3073 3587 3213 3642 quae
3248 3573 3428 3627 omnia
3456 3580 3677 3627 manent

2108 3673 2270 3728 super
2296 3674 2440 3714 eum.
2469 3659 2546 3714 De
2575 3659 2662 3713 illa
2696 3659 2775 3713 ira
2805 3661 2881 3713 ait
2909 3659 3193 3728 Apostolus
3224 3677 3238 3713 :
3276 3679 3295 3713 ι
3329 3660 3530 3716 Fuistis
3567 3660 3671 3717 ali-

2106 3750 2321 3819 quando
2348 3749 2439 3804 ﬁlii
2462 3751 2574 3805 irae
2597 3751 2731 3804 sicut
2755 3759 2811 3804 et
2846 3752 3008 3805 ceteri
3040 3769 3084 3803 ι.
3120 3750 3203 3805 Ira
3242 3751 3335 3805 Dei
3366 3759 3545 3820 potest
3567 3751 3677 3804 ori-

2106 3840 2285 3909 ginale
2331 3850 2610 3910 peccatum
2654 3840 2915 3909 intelligi,
2948 3839 3203 3910 quoniam
3247 3840 3377 3894 illud
3418 3837 3675 3910 originale

2107 3937 2386 3996 peccatum
2420 3931 2555 3985 iram
2580 3929 2673 3984 Dei
2715 3931 2768 3984 in
2811 3929 3098 3983 humanam
3130 3936 3381 3983 naturam
3418 3944 3677 3997 provoca-

2106 4018 2214 4083 vit;
2248 4018 2391 4084 quod
2416 4017 2678 4087 originale
2716 4027 2992 4088 peccatum
3022 4023 3202 4071 manet
3231 4016 3284 4070 in
3320 4015 3434 4080 his,
3465 4018 3554 4083 qui
3582 4033 3674 4069 no~

2106 4104 2223 4158 lunt
2260 4107 2479 4161 credere
2507 4108 2559 4159 in
2589 4120 2733 4169 eum,
2767 4106 2858 4173 qui
2880 4120 2979 4175 pro
3008 4104 3114 4158 illis
3133 4112 3375 4157 mortuus
3397 4112 3501 4171 est.

2178 4190 2244 4244 Ut
2279 4208 2399 4261 ergo
2434 4193 2668 4260 cognovit
2693 4190 2880 4251 Iesus,
2909 4191 3032 4260 quia
3063 4189 3335 4242 audierant
3367 4187 3672 4249 Pharisaei,

2105 4286 2228 4351 quia
2257 4281 2412 4335 Iesus
2443 4283 2617 4351 plures
2659 4278 2942 4347 discipulos
2973 4278 3120 4346 facit,
3158 4286 3204 4329 et
3243 4276 3490 4345 baptizat,
3518 4292 3673 4344 quam

2105 4372 2357 4435 Joannes,
2394 4372 2491 4425 etsi
2525 4370 2681 4424 Iesus
2710 4371 2817 4439 ipse
2842 4384 2946 4422 non
2980 4366 3276 4435 baptizavit,
3311 4365 3400 4418 sed
3432 4363 3675 4432 discipuli

434 4459 589 4525 illos,
637 4470 696 4515 ut
740 4462 946 4517 illorum
990 4469 1149 4521 verba
1198 4467 1341 4530 sint,
1373 4467 1467 4521 sed
1505 4467 1618 4521 veri
1658 4465 1755 4520 Dei
1805 4466 1988 4519 verba.
2023 4461 2071 4520 D
2096 4462 2229 4531 ejus.
2256 4460 2555 4532 Baptizavit
2577 4458 2828 4514 Christus
2854 4467 2909 4512 et
2944 4471 3049 4511 non
3086 4454 3398 4524 baptizavit.
3431 4454 3675 4524 Baptiza-

436 4544 610 4603 Verba
635 4549 837 4607 Christi
867 4553 935 4607 ad
961 4568 1018 4608 se
1046 4554 1219 4622 ipsum
1252 4553 1582 4620 referuntur,
1627 4564 1681 4610 et
1711 4555 1873 4608 verba
1905 4554 1998 4608 Dei

428 4639 684 4694 dicuntur
710 4642 929 4708 merito,
952 4643 1076 4711 quia
1105 4643 1427 4698 naturaliter
1455 4643 1595 4698 Deus
1620 4651 1703 4697 est
1720 4683 1735 4708 ,
1761 4651 1816 4696 et
1846 4649 1993 4696 totus

428 4726 593 4793 Deus,
621 4738 677 4783 et
709 4737 821 4786 tota
845 4732 1107 4802 sapientia
1127 4773 1146 4799 ,
1173 4740 1229 4786 et
1258 4732 1313 4786 in
1339 4746 1405 4788 eo
1428 4732 1702 4802 plenitudo
1730 4731 1993 4787 donorum

326 4851 338 4859 -
428 4814 544 4871 Dei.
578 4816 872 4887 Propterea
902 4822 1180 4891 sequitur:
1219 4820 1342 4875 Non
1368 4824 1505 4876 enim
1534 4837 1599 4876 ea:
1631 4837 1874 4877 mensura
1914 4822 2006 4876 dat

431 4904 567 4961 Deus
593 4908 861 4978 spiritum.
888 4911 967 4967 Ac
992 4912 1039 4967 si
1065 4913 1291 4968 dixisset
1314 4931 1328 4966 :
1358 4913 1437 4967 Ex
1464 4926 1717 4966 mensura
1740 4912 1835 4965 dat
1866 4912 2009 4965 Deus

429 4995 674 5062 spiritum
703 5015 862 5056 suum
893 5000 1116 5071 singulis
1142 5002 1474 5066 hominibus,
1503 5002 1639 5056 sicut
1667 5000 1743 5055 ait
1773 5000 2005 5069 Aposto-

429 5082 553 5138 lus:
588 5104 607 5136 ‹
638 5088 740 5142 Alii
770 5089 929 5143 datur
955 5104 1055 5160 per
1084 5091 1346 5161 Spiritum
1377 5105 1556 5144 sermo
1577 5088 1889 5157 sapientiae,
1915 5089 2005 5146 alii

425 5185 608 5229 sermo
646 5178 908 5233 scientiae
941 5198 960 5231 ι
982 5219 997 5244 ,
1033 5189 1321 5248 ceteraque
1348 5177 1707 5248 spiritualium
1741 5178 2003 5232 donorum

425 5261 638 5319 divisio.
663 5266 870 5334 Quibus
900 5269 1080 5324 verbis
1123 5270 1445 5332 ostenditur,
1490 5282 1558 5322 ex
1599 5280 1850 5331 mensura
1886 5267 2001 5323 dari

424 5350 688 5420 Spiritum
715 5368 960 5414 sanctum
998 5361 1257 5415 membris
1283 5357 1578 5414 Ecclesiae.
1611 5355 1762 5422 Quod
1808 5370 1998 5411 conse~

425 5453 658 5511 quenter
685 5447 762 5501 ait
782 5448 1091 5517 Apostolus,
1122 5450 1344 5506 dicens:
1383 5467 1403 5500 ι
1441 5447 1590 5504 Unus
1613 5453 1791 5500 autem
1812 5460 2003 5515 opera-

2105 4554 2201 4618 vit,
2234 4554 2286 4607 id
2313 4561 2396 4607 est
2422 4553 2670 4623 purgavit
2695 4552 2747 4604 in
2771 4550 2981 4620 spiritu,
3013 4562 3151 4617 quos
3173 4563 3279 4605 non
3305 4547 3439 4619 ipse.
3471 4548 3566 4605 sed
3593 4549 3672 4605 sui

2102 4644 2352 4712 discipuli
2379 4658 2515 4713 aqua
2543 4641 2822 4711 tiugebant
2850 4641 2902 4695 in
2939 4654 3184 4709 corpore.

2177 4731 2405 4802 Reliquit
2450 4730 2741 4795 Iudaeam,
2780 4740 2827 4784 ct
2871 4729 2999 4783 abiit
3035 4728 3347 4785 iterum.in..
3362 4728 3670 4784 Galilaeam.

2107 4821 2399 4890 Postquam
2448 4820 2706 4874 Dominus
2755 4819 3024 4890 cognovit,
3063 4819 3151 4874 cui
3190 4822 3373 4875 omnia
3399 4820 3560 4875 corda
3584 4834 3677 4874 co-

2110 4913 2256 4984 gnita
2292 4919 2438 4975 sunt,
2467 4910 2608 4979 quod
2639 4910 2921 4964 audierant
2959 4908 3236 4966 Pharisaei
3277 4910 3459 4982 plures
3507 4910 3674 4963 disci-

2108 4990 2264 5068 pulos
2290 4998 2357 5052 ad
2382 5013 2504 5053 eum
2543 4998 2753 5053 venisse
2770 5037 2786 5063 ,
2816 5011 2977 5066 quam
3001 4999 3070 5051 ad
3097 4996 3355 5054 Joannem
3374 5038 3389 5064 ,
3413 5004 3470 5052 et
3495 4996 3677 5067 plures

2110 5088 2416 5156 baptizasse
2445 5102 2605 5156 quam
2636 5085 2903 5149 Ioannes,
2934 5084 3152 5152 reliquit
3183 5084 3463 5140 Iudaeam.
3490 5084 3681 5140 Phari-

2110 5178 2222 5233 saei
2272 5179 2506 5248 quippe,
2552 5177 2755 5230 invidia
2797 5173 3053 5230 commoti
3099 5174 3358 5229 adversus
3397 5173 3674 5227 Christum

2110 5268 2330 5339 ejusque
2357 5266 2669 5336 discipulos,
2690 5266 2932 5319 videntes
2954 5263 3276 5332 baptismum
3302 5259 3525 5315 Joannis
3544 5275 3677 5329 pan-

2110 5357 2275 5415 lulum
2301 5356 2580 5419 vilescere,
2611 5354 2863 5424 quoniam
2889 5352 3121 5407 maxime
3160 5367 3227 5406 ex
3255 5348 3566 5404 Pharisaeis
3596 5350 3680 5405 di-

2110 5446 2304 5517 scipuli
2330 5446 2553 5503 Joannis
2583 5444 2823 5509 luerunt,
2854 5443 2992 5499 sicut
3024 5444 3187 5498 etiam
3215 5451 3339 5497 tunc
3361 5449 3418 5497 et
3438 5439 3639 5499 Christi
3659 5483 3673 5506 ,

1695 5536 1899 5591 VARIA
1912 5538 1951 5591 Ε
1992 5537 2388 5594 LECTIONES.

499 5604 517 5637 ⁸
545 5604 725 5673 Corn,
757 5623 857 5677 pro
879 5620 998 5664 sunt
1023 5612 1143 5667 cod.
1166 5610 1274 5666 sed.
1353 5611 1372 5642 ’
1402 5608 1530 5663 Cod.
1556 5606 1807 5677 nunquid.
1885 5607 1906 5638 ³
1932 5608 2062 5662 Cod.
2096 5608 2345 5676 nunquid.
