4194 6276
568 295 669 352 551

1947 297 2224 355 JOANMS
2261 299 2456 358 SCOTI

3694 310 3806 365 532

566 405 831 478 baptistna
855 419 986 461 vero
1013 404 1214 460 Christi
1243 419 1487 462 crescere
1510 414 1565 462 et
1592 422 1877 463 numerum
1898 409 2135 479 discipu-
2160 416 2205 474 Α
2233 411 2345 465 siae
2364 452 2381 477 ,
2409 411 2692 481 oportebat
2731 426 2855 467 eum
2905 412 3137 468 transire
3178 426 3277 483 per
3326 416 3512 484 gentes
3553 417 3653 472 sub
3690 418 3809 490 lcge

569 499 741 554 lorum
766 496 907 566 ejus,
933 498 1157 566 insuper
1180 498 1342 552 etiam
1378 508 1766 569 cognoscentes
1796 514 1893 569 per
1935 500 2125 554 doctri-

567 598 691 641 nam
721 584 920 640 Christi
948 584 1117 654 legem
1144 587 1418 652 evacuari,
1444 584 1762 656 Veterisque
1785 586 2119 644 Testamenti

566 675 958 739 caerimonias,
1000 675 1143 743 quod
1183 676 1238 730 in
1272 676 1518 731 doctrina
1556 675 1780 731 Joannis
1808 693 1913 732 non
1950 689 2132 748 potue-

568 774 694 820 runt
720 778 1074 835 cognoscere,
1108 767 1199 820 tali
1229 768 1410 836 itaque
1435 768 1551 823 zelo
1581 769 1776 824 turbati
1801 811 1814 833 ,
1857 770 2127 824 Christum

563 872 798 927 suosque
844 857 1136 926 discipulos
1180 873 1473 927 omnesque
1524 861 1804 915 credentes
1854 861 1907 915 in
1955 860 2128 930 ipsum

561 948 869 1017 cogitabant
914 949 1182 1018 persequi.
1238 948 1350 1003 liae
1395 951 1679 1005 occasione
1718 950 1933 1021 reliquit
1974 952 2129 1007 Iesus

560 1033 854 1101 Iudaeam,
882 1037 933 1089 id
966 1045 1049 1092 est
1089 1037 1412 1094 Pharisaeos
1445 1038 1750 1094 incredulos
1771 1081 1785 1106 ,
1833 1041 2129 1110 cogitantes

557 1140 681 1183 eum
725 1128 996 1198 persequi.
1036 1126 1149 1184 Hoc
1186 1138 1364 1187 autem
1397 1129 1546 1194 fecit,
1574 1145 1681 1185 non
1718 1132 1874 1200 quasi
1910 1132 2129 1189 timidus

557 1216 640 1271 vel
680 1218 977 1286 impotens;
1014 1219 1184 1288 potuit
1229 1217 1372 1274 enim
1408 1233 1726 1289 permanere
1762 1220 1815 1273 in
1855 1219 2057 1275 Iudaea
2095 1236 2129 1275 a

559 1307 935 1375 persecutione
963 1308 1257 1363 carnalium
1297 1308 1691 1379 impiorumque
1711 1307 2127 1364 Pharisaeorum

556 1398 805 1464 illaesos;
839 1399 929 1454 sed
958 1406 1018 1455 ut
1045 1401 1347 1471 exemplum
1393 1401 1676 1458 credituris
1713 1403 1766 1456 in
1800 1417 1923 1456 eum
1967 1401 2128 1457 relin-

556 1497 780 1557 queret,
812 1488 947 1544 dans
969 1489 1051 1544 eis
1082 1502 1181 1544 suo
1207 1489 1451 1559 exemplo
1478 1499 1796 1561 potestatem
1825 1489 2060 1562 fugiendi
2094 1505 2127 1545 a

559 1577 698 1634 facie
728 1580 1163 1648 persequentium
1196 1595 1270 1643 se,
1302 1595 1505 1651 eosque
1523 1583 1590 1638 ad
1616 1592 1828 1652 tempus
1850 1582 2128 1651 deserere,

560 1684 630 1723 ne
662 1679 786 1723 ante
813 1680 1021 1740 tempus
1048 1669 1159 1725 Deo
1190 1671 1442 1745 placitum
1474 1680 1526 1728 et
1565 1673 1910 1742 praeﬁnitum
1948 1674 2015 1729 ab
2047 1675 2127 1729 eis

2231 510 2456 557 naturae
2491 503 2813 559 constitutas
2832 543 2847 568 ,
2878 511 2938 557 ut
2975 518 3042 558 ex
3073 503 3154 558 eis
3182 503 3435 559 similiter
3472 505 3525 559 in
3555 515 3797 564 structu-

2231 605 2368 655 ram,
2392 605 2553 660 quam
2578 601 2848 662 coeperat,
2879 591 3079 647 electos
3108 606 3207 661 per
3234 592 3391 647 ﬁdem
3420 594 3624 664 lapides
3646 612 3801 652 voca-

2230 689 2332 734 ret.
2364 679 2612 735 Samaria
2645 684 2843 751 quippe
2875 684 2942 738 ab
2973 682 3318 754 alienigenis,
3350 684 3456 740 hoc
3477 695 3560 741 est
3588 689 3657 743 ab
3688 689 3804 753 his,

2230 769 2321 838 qui
2347 779 2402 824 et
2427 770 2582 841 legali
2615 772 2791 826 littera
2818 812 2833 837 ,
2868 787 3008 842 quae
3040 774 3136 827 soli
3181 774 3381 828 carnali
3422 774 3596 830 Israel
3637 778 3806 848 impo-

2230 860 2371 927 sita,
2415 870 2470 916 et
2514 862 2743 916 naturali
2774 861 2891 931 lege
2922 863 3002 917 usi
3036 871 3159 917 sunt
3187 878 3279 918 seu
3320 863 3506 928 abusi,
3555 880 3801 934 possessa

2228 956 2332 1014 est,
2359 956 2419 1002 ut
2445 964 2566 1003 cum
2607 948 2899 1005 universali
2942 951 3180 1007 Ecclesia
3204 993 3218 1018 ,
3250 963 3303 1008 et
3343 957 3410 1009 ab
3436 955 3652 1013 Iudaeis
3679 966 3733 1013 et
3768 977 3800 1014 a

2227 1038 2474 1110 gentibus
2510 1038 2731 1093 collecta
2756 1047 2810 1094 et
2837 1040 3137 1107 aediﬁcata,
3166 1044 3280 1113 ipse
3307 1045 3596 1101 fabricator
3617 1048 3670 1103 in
3693 1046 3803 1104 Ga-

2227 1128 2440 1182 lilaeam
2482 1137 2738 1184 aeternae
2770 1130 3121 1187 beatitudinis
3161 1133 3383 1188 rediret.
3431 1132 3581 1200 Quod
3621 1144 3800 1192 autem

2225 1216 2461 1272 Galilaea
2487 1228 2761 1275 aeternam
2781 1221 2950 1276 vitam
2974 1222 3261 1291 signiticet,
3292 1238 3398 1278 non
3427 1227 3598 1280 solum
3619 1242 3688 1281 ex
3715 1228 3796 1283 in-

2227 1307 2612 1375 terpretatione
2639 1317 2816 1376 potest
2843 1308 3034 1377 conjici
3052 1350 3067 1376 ,
3094 1326 3284 1368 verum
3314 1312 3478 1368 etiam
3506 1328 3571 1369 ex
3607 1315 3803 1371 divinis

2224 1395 2423 1466 gestis,
2474 1410 2614 1466 quae
2665 1398 2718 1452 in
2758 1412 2823 1454 ea
2869 1408 3087 1470 peracta
3136 1409 3281 1457 sunt.
3323 1401 3565 1461 Galilaea
3608 1405 3804 1476 quippe

2226 1486 2616 1556 transmigratio
2672 1487 2816 1556 facta
2866 1487 2953 1543 vel
3007 1489 3257 1543 revelatio
3312 1489 3702 1561 interpretatur
3740 1505 3802 1559 A;

2229 1577 2629 1646 transmigratio
2671 1587 2851 1633 autem
2886 1577 3029 1634 facta
3066 1589 3149 1634 est
3178 1580 3445 1634 humanae
3484 1589 3708 1636 naturae
3746 1581 3802 1641 in

2227 1664 2507 1722 Salvatore
2533 1682 2630 1722 suo
2654 1669 2721 1723 de
2756 1667 2871 1738 lege
2898 1670 3129 1739 primum
3158 1669 3449 1725 carnali'in
3475 1671 3619 1741 leges
3639 1681 3801 1726 natu.

560 1761 1178 1830 comprehenderentur;
1224 1778 1288 1816 ac
1333 1778 1429 1832 per
1470 1763 1649 1819 hocin
1688 1761 1892 1818 Iudaea
1925 1764 2125 1819 diutius
2152 1751 2199 1809 Β
2229 1755 2390 1820 rales,
2422 1756 2489 1810 ab
2516 1756 2646 1825 ipsis
2681 1757 2872 1812 iterum
2904 1759 3044 1813 ultra
3070 1767 3317 1814 naturam
3358 1760 3412 1814 in
3446 1760 3592 1830 leges
3621 1772 3800 1817 aeter-

553 1858 823 1915 maneret,
845 1850 911 1915 si,
947 1867 1082 1921 quos
1109 1851 1363 1921 reliquit,
1406 1853 1709 1908 credituros
1751 1863 2120 1924 cognosceret.

553 1933 714 1992 quta
742 1953 872 1994 vero
909 1940 1057 2011 leges
1096 1941 1336 1995 theoriae
1378 1939 1597 2011 reliquit
1640 1940 1796 1997 Iesus
1830 1942 2120 2008 Iudaeam,

558 2036 843 2103 postquam
884 2046 948 2085 ex
978 2028 1200 2084 Iudaico
1238 2030 1434 2099 populo
1472 2031 1825 2100 primordium
1850 2032 2125 2087 Ecclesiae

558 2121 610 2179 in
663 2121 745 2175 bis
767 2159 784 2184 ,
827 2120 919 2191 qui
956 2120 1010 2174 in
1053 2135 1173 2181 eum
1207 2120 1580 2184 crediderunt,
1609 2122 1871 2191 suscepit;
1905 2122 2124 2191 reliquit

553 2210 796 2267 carnales
825 2209 1161 2279 perﬁdosque
1189 2207 1438 2269 Iudaeos,
1465 2209 1598 2279 legis
1624 2208 1859 2263 litteram
1886 2227 2120 2279 sequen-

556 2313 652 2362 tt-s,
689 2312 743 2354 et
773 2301 839 2354 ad
866 2299 1112 2370 spiritum
1154 2300 1319 2374 ipsius
1349 2299 1589 2365 litterae,
1618 2300 1708 2371 qui
1734 2307 1817 2353 est
1839 2299 2119 2365 Christus,

552 2391 808 2446 accedere
830 2390 1094 2446 nolentes.
1124 2389 1429 2448 Morabatur
1461 2390 1640 2459 itaque
1665 2390 1923 2444 Dominus
1947 2392 1999 2445 in
2026 2390 2120 2444 Ju-

550 2479 721 2546 daea,
764 2490 826 2535 ut
869 2481 1101 2536 salvaret
1139 2495 1276 2550 quos
1326 2482 1522 2544 voluit;
1572 2481 1787 2550 reliquit
1829 2479 2118 2544 Iudaeam,

552 2573 813 2628 deserens
870 2587 1006 2641 quos
1065 2573 1257 2626 merito
1300 2587 1429 2626 suae
1458 2572 1740 2641 superbiae
1778 2573 1987 2627 salvare
2023 2588 2121 2628 ne-

548 2659 736 2728 glexit.
785 2652 1034 2716 Deseruit
1091 2660 1325 2715 litteram
1366 2660 1530 2728 legis,
1568 2675 1707 2730 quae
1746 2660 2013 2715 neminem
2054 2662 2121 2716 ad

549 2747 847 2816 perfectum
885 2749 1061 2813 ducit;
1103 2748 1190 2804 lex
1229 2748 1371 2803 enim
1414 2748 1681 2803 neminem
1725 2749 1791 2802 ad
1821 2748 2121 2818 perlectum

455 2840 463 2855 '
546 2839 731 2905 «luxit;
767 2851 822 2894 et
849 2840 916 2893 ab
938 2840 1003 2894 iis
1026 2839 1220 2894 iterum
1240 2838 1417 2913 [abiit]
1435 2839 1451 2870 ¹
1475 2840 1526 2893 in
1549 2838 1864 2903 Galilaeam,
1893 2839 1995 2893 hoc
2017 2848 2117 2901 est,

544 2927 600 2982 in
643 2927 981 2996 spiritualem
1026 2928 1196 2997 ipsius
1240 2928 1454 2987 litterae
1498 2926 1847 2992 intellectum,
1897 2930 1986 2997 qui
2026 2944 2124 2998 per

542 3014 837 3070 Galilaeam
869 3015 1163 3086 symbolice
1190 3015 1467 3085 ﬁguratur.
1491 3013 1601 3072 Nec
1638 3024 1794 3071 vacat
1832 3016 1972 3084 quod
2002 3016 2079 3069 ait
2104 3034 2116 3068 :

2227 1860 2346 1900 uas.
2375 1845 2431 1899 ln
2468 1845 2702 1904 Galilaea
2724 1862 2937 1916 quoque
2954 1848 3113 1917 juxta
3138 1850 3295 1905 fidem
3321 1866 3499 1905 rerum
3523 1860 3797 1921 gestarum

2228 1936 2625 1992 transformatio
2644 1938 2844 1992 Christi
2866 1939 3006 1994 facta
3028 1948 3130 2004 est,
3158 1954 3255 2010 per
3276 1955 3437 2011 quam
3462 1941 3802 2011 signiﬁcatur

2225 2026 2489 2081 humanae
2512 2034 2736 2083 naturae
2756 2028 3142 2085 transmutatio
3167 2030 3216 2083 in
3245 2031 3526 2100 pristinam
3548 2030 3794 2100 gloriam,

2224 2130 2383 2184 quam
2430 2119 2705 2186 peccando
2757 2118 3017 2175 deseruit.
3062 2119 3119 2174 ln
3173 2119 3409 2175 Galilaea
3456 2119 3697 2174 ascendit
3740 2121 3795 2174 in

2223 2219 2481 2273 montem,
2504 2208 2556 2262 in
2580 2222 2686 2278 quo
2711 2210 3043 2263 octonariam
3071 2209 3369 2264 doctrinam
3392 2209 3667 2278 discipulis
3685 2209 3801 2264 suis

2224 2298 2476 2363 tradidit,
2506 2312 2604 2367 per
2633 2314 2796 2367 quam
2843 2299 2909 2353 ad
2941 2299 3327 2353 beatitudinem
3370 2297 3583 2353 futurae
3608 2339 3622 2363 ,
3659 2313 3801 2367 quae

2221 2387 2501 2440 octonario
2540 2402 2767 2443 numero
2816 2387 3082 2454 innuitur,
3110 2388 3392 2443 credentes
3432 2389 3486 2442 in
3522 2387 3799 2442 Christum

2226 2478 2503 2532 transituri
2533 2487 2678 2531 sunt.
3370 2464 3377 2471 “

2302 2569 2449 2623 Venit
2475 2578 2648 2622 autem
2679 2568 2834 2623 Iesus
2862 2570 2918 2623 in
2947 2570 3202 2624 civitatem
3230 2567 3519 2633 Samariae,
3545 2584 3677 2640 quae
3703 2568 3787 2622 di-

2222 2659 2356 2710 citur
2374 2655 2750 2725 Sichar,ju:sta
2774 2657 3068 2727 praedium,
3090 2658 3226 2726 quod
3251 2656 3391 2710 dedit
3409 2655 3573 2710 Iacob
3598 2656 3794 2725 Ioseph

2221 2744 2330 2813 ﬁlio
2377 2760 2491 2798 suo.
2543 2745 2810 2810 Samaria,
2845 2753 2903 2799 ut
2929 2747 3292 2816 praediximus
3319 2787 3334 2812 ,
3369 2745 3580 2817 gentilis
3602 2747 3791 2817 populi

2223 2836 2320 2893 sub
2345 2836 2573 2892 naturali
2601 2836 2719 2908 lege
2746 2838 3020 2892 constituti
3051 2846 3204 2907 typus
3239 2849 3354 2904 est;
3388 2839 3576 2893 civitas
3602 2838 3796 2912 Samg-

2224 2926 2335 2979 riae
2356 2965 2370 2988 ,
2408 2939 2546 3001 quae
2566 2927 2712 2981 dicta
2742 2936 2826 2981 est
2857 2925 3066 2992 Sichar,
3097 2927 3426 2984 collectionis
3463 2929 3697 2983 ﬁdelium
3735 2929 3795 2982 il-

2223 3014 2325 3069 lius
2354 3015 2531 3085 populi
2578 3015 2733 3073 ﬁdem
2768 3015 2965 3072 Christi
3012 3017 3339 3087 accipientis.
3379 3019 3575 3074 Sichar
3602 3019 3796 3090 quippe

544 3106 682 3163 Abiit
709 3081 975 3160 iterumvin
995 3081 1305 3159 Galilaeam.
1331 3104 1407 3158 De
1426 3102 1662 3157 Galilaea
1707 3081 1865 3158 enim
1890 3104 2038 3158 venit
2065 3104 2118 3157 in
2148 3081 2191 3142 C
2223 3081 2610 3174 interpretatur
2634 3105 2897 3159 conclusio
2926 3120 3017 3160 seu
3050 3081 3289 3161 ramusb.
3307 3107 3598 3166 Gentilium

540 3192 824 3258 Iudaeam,
848 3193 987 3247 sicut
1015 3193 1069 3246 in
1100 3192 1469 3262 superioribus
1490 3192 1750 3260 scriptum
1779 3198 1893 3244 est:
1924 3209 1941 3239 ε
1972 3191 2120 3247 Post-

545 3286 647 3338 l'ae
671 3282 821 3338 venit
838 3280 996 3335 Iesus
1013 3289 1068 3334 et
1087 3280 1332 3349 discipuli
1353 3279 1470 3348 ejus
1485 3280 1536 3333 in
1552 3278 1807 3333 Iudaeam
1832 3287 2031 3333 terram
2067 3298 2085 3330 ι
2101 3318 2114 3331 .

542 3369 781 3425 Galilaea
810 3368 1058 3425 caelestis
1083 3367 1226 3422 vitae
1250 3383 1313 3422 ac
1342 3367 1556 3421 divinae
1593 3366 1850 3422 bonitatis
1893 3368 2117 3436 ﬁguram

542 3459 717 3529 gerit,
744 3459 812 3512 de
850 3471 955 3527 qua
998 3456 1259 3515 Dominus
1300 3470 1529 3511 nascens
1575 3456 1628 3510 in
1676 3470 1841 3511 carne
1878 3456 2025 3510 venit
2063 3455 2118 3510 in

544 3550 595 3609 in
618 3546 899 3612 Judaeum,
917 3548 1020 3600 hoc
1042 3555 1145 3612 est,
1168 3549 1222 3601 in
1249 3554 1589 3601 sacramenta
1617 3546 1784 3615 ipsius
1807 3546 1957 3616 legis,
1981 3561 2120 3615 quae

544 3637 718 3707 primo
745 3635 966 3690 Iudaeis
994 3636 1117 3689 data
1149 3645 1255 3701 est,
1278 3635 1420 3690 sicut
1459 3636 1536 3689 ait
1572 3635 1861 3705 Apostolus
1887 3653 1899 3689 :
1931 3654 1947 3686 ι
1982 3636 2117 3690 Dum

546 3736 726 3786 autem
751 3727 898 3782 venit
921 3726 1197 3796 plenitudo
1228 3738 1525 3795 temporum
1545 3765 1560 3790 ,
1584 3725 1731 3779 misit
1759 3724 1901 3779 Deus
1925 3724 2117 3779 Filium

543 3833 698 3871 suum
729 3816 927 3871 factum
942 3832 1008 3871 ex
1034 3817 1277 3878 muliere,
1309 3815 1504 3871 factum
1530 3816 1629 3871 sub
1650 3815 1766 3885 lege
1786 3834 1830 3869 ι.
1853 3816 2116 3881 Quoniam

541 3922 673 3967 vero
696 3909 869 3965 noluit
898 3921 1119 3962 manere
1140 3908 1238 3962 sub
1265 3906 1409 3976 lege,
1439 3920 1614 3975 neque
1634 3920 1727 3960 eos
1746 3945 1761 3969 ,
1791 3906 1882 3975 qui
1911 3906 1965 3962 in
1991 3919 2115 3959 eum

541 4002 798 4059 credituri
825 4010 1040 4064 essent,
1064 3999 1285 4077 reliquit
1311 4000 1482 4070 legem
1497 4041 1510 4062 ,
1543 4014 1610 4054 ne
1631 3999 1730 4054 sub
1758 3998 1874 4067 lege
1899 4006 2081 4054 essent
2100 4039 2116 4064 ,

541 4093 636 4148 sed
663 4093 762 4147 sub
788 4092 1002 4163 spiritu.
1032 4090 1097 4151 Et
1118 4092 1222 4145 hoc
1245 4098 1359 4155 est,
1389 4089 1531 4161 quod
1553 4088 1842 4160 Apostolus
1873 4089 1978 4152 ait,
2011 4107 2028 4140 ι
2059 4096 2119 4144 ιιι

539 4168 769 4251 eos,qui
802 4166 903 4239 sub
931 4181 1047 4252 lege
1074 4188 1250 4246 erant,
1275 4180 1564 4233 redimeret
1590 4197 1635 4242 ι,
1661 4180 1765 4235 hoc
1782 4186 1887 4243 est,
1912 4177 1980 4232 de
2004 4190 2115 4234 Ser-

543 4276 711 4331 vitute
734 4274 967 4330 carnalis
996 4273 1130 4343 legis
1156 4273 1208 4325 in
1241 4271 1547 4325 libertatem
1572 4271 1793 4342 spiritus
1817 4277 2113 4325 revocaret.

538 4367 606 4426 Ει
629 4367 731 4422 hoc
755 4374 838 4421 est
859 4383 872 4420 :
896 4364 1022 4420 abiit
1043 4366 1099 4418 in
1120 4363 1433 4418 Galilaeam.

612 4455 894 4526 Oportebat
920 4463 1091 4511 autem
1124 4453 1348 4506 transire
1369 4468 1460 4520 per
1496 4449 1816 4506 Samariam.
1850 4449 1995 4503 Inter
2018 4447 2114 4504 Iu-

540 4545 731 4598 daeam
757 4551 814 4599 et
837 4542 1129 4601 Galilaeam
1159 4540 1405 4596 Samaria
1430 4540 1717 4595 constituta
1746 4545 1858 4603 est,
1890 4540 1991 4593 hoc
2008 4547 2113 4604 est,

541 4634 684 4691 inter
704 4631 875 4701 legem
902 4631 1144 4694 litterae,
1175 4646 1314 4699 quae
1340 4630 1673 4700 signiﬁcatur
1705 4644 1800 4699 per
1823 4629 2079 4684 Iudaeam
2098 4670 2113 4695 ,

543 4728 598 4778 et
622 4728 872 4775 aeternas
894 4719 1104 4774 divinas
1122 4718 1267 4786 leges
1295 4718 1438 4772 circa
1469 4719 1634 4773 Deum
1664 4719 1962 4784 revolutas,
1984 4732 2117 4788 qua-

543 4825 663 4863 rum
698 4808 922 4879 figuram
953 4807 1373 4879 geritGalilaea,
1410 4806 1495 4860 lex
1538 4807 1799 4861 naturalis
1842 4808 1894 4861 in
1939 4805 2117 4862 medio

544 4902 834 4959 constituta
864 4907 964 4955 est.
993 4897 1257 4964 Quoniam
1306 4897 1469 4967 igitur
1510 4897 1758 4953 Christus
1792 4898 1965 4966 primo
2000 4897 2119 4965 qui-

542 4990 663 5046 dem
690 5005 757 5046 cx
779 4989 896 5059 lege
919 4988 1131 5043 litterae
1159 4985 1504 5047 fundamenta
1531 4999 1659 5045 suae
1682 4987 1909 5056 sumpsit
1931 4985 2114 5040 Eccle-
2164 5018 2167 5019 ν

1820 5075 2073 5131 VARIAE
2110 5076 2511 5141 LECTIONES.

2026 5177 2277 5272 NOTAE.

614 5152 632 5189 ³
658 5148 800 5205 Abiit
820 5166 925 5206 om.
947 5151 1092 5215 cod.,
1123 5147 1245 5204 add.
1285 5110 1520 5209 ex'coni,

612 5303 639 5331 ι
664 5287 721 5361 S.
740 5290 1099 5361 Hieronymus
1115 5308 1131 5361 _:
1149 5286 1413 5361 (ἱαιὶιαςεαἐ
1426 5283 1740 5346 volutabilis,
1757 5294 1844 5336 aut
1861 5285 2113 5361 transmi-

540 5360 708 5433 gratio
731 5352 1024 5430 perpetrata
1046 5359 1130 5412 vel
1152 5366 1283 5411 rota.
1308 5356 1357 5411 Ι.
1382 5355 1576 5411 Scotus
1601 5362 1745 5407 recte
1770 5367 1957 5406 vocem
1980 5352 2116 5406 deri-

545 5456 636 5502 vat
675 5464 705 5501 a
739 5433 863 5532 κήξ,
892 5449 1123 5513 uoluere;
1161 5444 1480 5516 interpretio
1518 5441 1908 5510 transmigratio
1946 5441 2120 5510 respi-

551 5551 623 5607 cit
799 5592 813 5613 ,
865 5554 1091 5616 GILGAL,
1118 5552 1280 5605 Josua
1311 5551 1373 5615 V,
1401 5548 1454 5604 9.

634 5655 657 5697 ι)
698 5653 787 5710 Sic
819 5653 874 5707 S.
902 5655 1258 5713 llieronvmus
1285 5672 1296 5706 :
1325 5653 1511 5707 Sichar
1526 5650 1786 5706 conclusio
1805 5652 1907 5706 sive
1922 5666 2115 5706 ramus.

2223 3194 2305 3248 lus
2332 3193 2616 3248 conclusus
2661 3203 2797 3248 erat.
2844 3194 3125 3250 Conclusit
3151 3195 3431 3264 Scriptura
3466 3200 3643 3251 omnia
3694 3198 3794 3252 sub

2220 3295 2463 3355 peccato.
2493 3285 2611 3354 Ipse
2631 3295 2714 3340 est
2736 3301 2921 3340 ramus
2944 3287 3008 3341 de
3033 3286 3266 3345 oleastro
3288 3289 3501 3343 excisus
3521 3297 3571 3342 et
3598 3287 3791 3352 olivae,

2220 3375 2373 3445 cujus
2400 3377 2533 3429 rami
2583 3375 2739 3430 fracti
2764 3386 2914 3441 sunt,
2946 3376 3199 3431 insertus.
3246 3375 3564 3442 Notandum,
3600 3377 3793 3431 Sichar

2221 3480 2319 3534 pro
2358 3466 2586 3536 Sychem
2631 3475 2883 3534 corrupte
2930 3466 3075 3535 poni.
3133 3464 3360 3536 Sychem
3411 3466 3792 3534 interpretatur

2222 3559 2464 3613 numeric
2500 3575 2513 3610 :
2543 3556 2743 3611 electos
2773 3573 2838 3616 ex
2884 3557 3134 3626 gentibus
3164 3564 3468 3615 mmteratos
3494 3554 3790 3624 investiga-

2221 3648 2294 3702 tio
2340 3656 2536 3701 mauet.
2603 3646 2665 3700 Et
2730 3648 2985 3716 quoniam
3037 3647 3151 3715 ipsa
3200 3644 3457 3702 naturalis
3505 3643 3641 3697 ratio
3684 3658 3791 3697 non

2219 3735 2431 3790 aliunde
2460 3735 2648 3805 surgit,
2677 3735 2777 3789 nisi
2807 3752 2835 3789 a
2864 3751 3027 3790 causa
3054 3733 3599 3799 omnium‘bonorum,
3629 3749 3658 3788 a
3685 3733 3794 3787 Deo

2221 3824 2492 3886 videlicet,
2523 3824 2744 3895 pulchre
2773 3826 2968 3879 dicitur
2999 3824 3114 3886 fons
3137 3824 3327 3889 Iacob,
3359 3825 3412 3879 id
3443 3832 3526 3879 est
3552 3823 3690 3878 ratio
3715 3824 3798 3876 in-

2220 3912 2368 3969 ﬁnita
2397 3955 2413 3980 ,
2456 3914 2635 3969 Patris
2683 3915 2967 3970 altitudine
3019 3917 3334 3986 procedens.
3389 3916 3534 3972 Fons
3582 3928 3796 3991 quoque

2219 4006 2386 4062 Iacob
2434 4008 2575 4063 hanc
2621 4008 2990 4063 universitatis
3019 4009 3257 4065 inﬁmam
3286 4016 3495 4078 partem
3523 4048 3538 4073 ,
3578 4007 3679 4061 hoc
3714 4016 3798 4061 est

2219 4101 2398 4153 omnia
2425 4099 2657 4154 visibilia
2706 4099 2846 4159 intra
2890 4098 3049 4167 hujus
3079 4099 3261 4152 nmndi
3314 4096 3584 4152 sensibilis
3614 4097 3800 4150 termi~

2219 4204 2317 4244 nos
2359 4198 2641 4257 coartata,
2696 4204 2802 4244 non
2850 4188 3143 4259 incongrue
3199 4188 3487 4260 signiﬁcat.
3553 4187 3800 4241 Breviter

2218 4290 2349 4345 ergo
2375 4276 2729 4344 colligendum
2761 4295 2772 4328 :
2804 4275 2925 4330 fons
2948 4274 3115 4332 Iacob
3147 4286 3241 4330 aut
3268 4276 3538 4333 sensibilis
3570 4285 3798 4330 naturae

2219 4373 2311 4418 aut
2342 4363 2687 4433 intelligibilis
2722 4364 2942 4418 rationis
2977 4363 3275 4435 symbolum
3304 4374 3405 4419 est.

2288 4451 2444 4507 Iesus
2470 4468 2590 4522 ergo
2624 4453 2875 4522 fatigatus
2914 4470 2978 4507 ea:
3008 4455 3193 4508 itinere
3229 4453 3360 4506 sedit
3395 4453 3469 4506 sic
3496 4468 3651 4521 super
3674 4451 3794 4519 fon-

2218 4552 2338 4595 tem.
2387 4541 2652 4611 Fatigatio
2708 4540 2833 4600 Iesu
2880 4542 3181 4597 incarnatio
3227 4543 3343 4610 ejus
3390 4549 3491 4594 est.
3543 4539 3793 4592 Nostram

2217 4634 2411 4703 quippe
2436 4643 2682 4688 naturam
2714 4634 2907 4688 merito
2939 4633 3214 4705 originalis
3258 4631 3483 4700 peccati,
3514 4629 3789 4691 laboribus

2218 4722 2373 4793 hujus
2400 4724 2584 4781 mundi
2615 4733 2773 4798 atque
2803 4723 3074 4777 aerumnis
3106 4719 3402 4789 fatigatam,
3430 4717 3656 4784 accepit.
3686 4716 3793 4769 lter

2217 4809 2333 4879 cjus
2382 4813 2672 4867 descensus
2724 4810 3017 4864 divinitatis
3074 4821 3244 4871 suae,
3282 4806 3349 4860 ad
3397 4802 3790 4874 suscipiendam

2218 4910 2434 4958 nostrae
2466 4912 2692 4957 naturae
2724 4899 3148 4959 similitudinem.
3185 4897 3401 4978 Absque
3428 4898 3612 4951 labore
3643 4910 3794 4949 crea-

2220 4990 2295 5044 vit
2322 5006 2420 5046 nos
2457 5007 2553 5061 per
2589 4989 2946 5053 divinitatem,
2983 5004 3106 5045 cum
3134 4987 3318 5043 labore
3344 4986 3548 5042 creavit
3577 4999 3675 5041 nos
3698 4999 3795 5055 per

2297 5295 2319 5323 ο
2368 5282 2426 5338 S.
2472 5284 2828 5353 Hieronymus
2878 5299 2891 5334 :
2943 5279 3108 5337 Corru
3147 5289 3196 5333 te
3235 5295 3327 5350 pro
3379 5275 3618 5337 Sic/tem,
3661 5289 3796 5343 quae

2297 5354 2543 5404 msfertur
2562 5354 2617 5404 in
2645 5353 2905 5404 humeros.
2927 5363 2982 5404 ut
3006 5298 3195 5404 ,Ἧι-ἰαι-
3215 5352 3483 5404 (meretur,
3517 5359 3640 5396 usus
3665 5343 3796 5394 att;—

2224 5354 2543 5424 transf_ert_ur
2562 5354 2617 5405 in
2645 5343 2982 5424 [tameros,_u_t
3006 5343 3195 5408 Sir/tur
3215 5343 3483 5424 legeretur,
3517 5359 3640 5424 usus
3665 5343 3797 5424 at“:

2225 5425 2354 5477 nuit.
2375 5410 2428 5476 Ἰ.
2453 5422 2647 5476 Scotus
2663 5423 2857 5490 legisse
2883 5410 3093 5476 videtur
3113 5410 3311 5472 numeri
3327 5430 3424 5484 pro
3438 5414 3672 5473 humeri;
3697 5410 3793 5490 sed

2227 5492 2599 5562 interpretatio
2630 5477 2830 5543 numeri
2848 5505 2953 5562 non
2986 5492 3116 5546 satis
3145 5477 3393 5543 accurata
3415 5496 3526 5551 est;
3565 5497 3686 5535 nam
3709 5477 3794 5533 Si-

2225 5559 2384 5616 chcm
2411 5559 2682 5616 derivatur
2706 5575 2739 5613 a
