4194 6276
948 275 973 281 οι
996 275 1085 284 ι.--

431 325 537 382 353

1440 312 1785 370 COliMliN'i‘.
1827 310 1892 365 ΙΝ
1934 307 2182 365 EVANC.
2225 306 2369 361 SEC.
2411 302 2620 361 JOAN..

3567 299 3675 355 ’ὁδί

434 436 851 494 humanitatem.
879 428 1233 487 Aeternaiiter
1262 427 1313 481 in
1339 441 1396 481 se
1423 429 1535 497 ipso
1560 437 1612 481 et
1640 427 1692 479 in
1722 425 1882 479 Patre
1907 439 2006 478 suo
2030 435 2080 501 Α
2110 429 2228 473 rent
2273 417 2578 487 spirituales
2619 428 2800 474 escas,
2850 413 2965 465 hoc
2990 420 3074 464 est
3107 409 3264 462 ﬁdem
3313 416 3388 501 et‘
3406 408 3675 501 actionem

437 539 667 582 manens
687 534 742 578 et
768 518 1186 580 immntabiliter,
1215 517 1381 570 movit
1404 531 1461 570 se
1484 517 1655 585 ipsum
1682 515 1845 569 veluti
1875 529 2008 583 quo-

440 617 565 669 dam
596 614 785 667 itinere
830 606 1137 678 temporalis
1185 604 1595 675 dispensationis
1628 621 1726 674 per
1765 619 2004 658 carnem.

442 703 584 759 Sedit
624 717 777 771 super
819 699 1032 768 fontem.
1083 696 1268 752 Sessio
1313 696 1513 750 Christi
1557 694 2009 749 incommutabilis

440 792 731 849 divinitatis
756 802 889 844 suae
933 789 986 843 in
1016 796 1198 842 nostra
1242 799 1432 841 natura
1472 785 1759 856 possessio.
1811 783 2008 838 Nostra

438 892 612 936 autem
639 890 832 935 natura
862 880 1059 949 duplex
1088 888 1173 933 est
1205 897 1218 932 :
1251 887 1465 933 constat
1491 879 1687 948 quippe
1716 892 1781 932 ex
1810 876 2007 931 visibili

432 987 659 1042 corpore
698 980 753 1025 et
788 970 1045 1025 invisibili
1079 969 1276 1024 anima.
1309 968 1460 1035 Quae
1487 968 1591 1022 duo
1618 968 1809 1038 duplex
1842 968 2008 1036 ipsius

431 1059 598 1115 fontis
627 1059 1008 1128 interpretatio
1032 1044 1251 1111 indicat.
1281 1055 1620 1110 Praedictum
1645 1071 1878 1125 namque
1903 1062 2007 1119 est,

431 1156 490 1202 et
512 1146 893 1202 rationabilem
922 1146 1156 1201 animam
1186 1155 1240 1200 et
1270 1145 1526 1200 visibilem
1563 1154 1863 1201 creaturam
1896 1145 2011 1201 fon-

436 1248 553 1293 tem
583 1237 863 1306 ligurasse.
904 1234 1165 1303 Quoniam
1200 1250 1329 1291 vero
1353 1235 1657 1290 humanitas
1683 1235 1877 1292 Christi
1904 1252 2009 1291 non

442 1329 621 1384 solum
644 1342 857 1385 omnem
888 1326 1176 1391 visibilem,
1205 1341 1392 1381 verum
1420 1327 1583 1382 etiam
1618 1342 1827 1382 omnem
1856 1325 2013 1382 intel-

443 1417 729 1474 lectualem
771 1426 1067 1472 creaturam
1096 1425 1350 1487 superat,
1384 1417 1543 1470 homo
1567 1417 1709 1470 enim
1738 1415 1932 1471 dicitur
1958 1424 2013 1471 et

442 1507 569 1579 plus
592 1523 749 1578 quam
779 1507 937 1561 homo
958 1547 973 1571 ,
1017 1516 1140 1575 apte
1182 1521 1346 1575 super
1372 1505 1571 1560 fontem
1598 1506 1799 1560 sedisse
1829 1520 2013 1559 narra-

442 1607 552 1662 tur,
601 1598 842 1666 quamvis
886 1612 953 1651 ex
1004 1597 1199 1652 itinere
1230 1597 1501 1668 fatigatus.
1548 1597 2010 1652 lnlirmitasenim

438 1686 793 1742 humanitatis
821 1686 991 1756 ipsius
1018 1686 1164 1741 omni
1195 1695 1441 1741 creatura
1471 1686 1664 1741 fortior
1689 1695 1773 1742 est
1796 1688 2011 1753 merito,

2107 516 2162 564 et
2189 506 2570 576 cognitionem,
2598 504 2793 572 quibus
2820 500 3123 570 spirituales
3151 497 3390 566 magistri
3406 497 3678 554 Ecclesiae

2108 598 2393 653 satiantur.
2436 594 2617 648 Primo
2652 592 2916 662 siquidem
2960 592 3028 645 ab
3076 590 3181 654 his,
3228 589 3424 658 quibus
3470 589 3672 656 praedi.

2108 698 2273 752 cant,
2318 688 2473 742 [idem
2521 684 2827 754 postulant,
2883 682 3076 736 deinde
3126 695 3394 750 congruas
3423 679 3522 748 ipsi
3550 679 3678 733 ﬁdei

2109 779 2379 842 actiones,
2410 784 2682 844 postremo
2725 772 3082 841 cognitionem
3129 769 3409 832 veritatis,
3458 776 3676 838 propter

2107 882 2267 937 quam
2295 876 2349 921 et
2380 866 2510 920 lidcs
2539 864 2881 934 praedicatur
2903 869 2957 915 et
2983 861 3124 915 actio
3148 858 3487 929 scientiaque
3505 851 3677 928 perli-

2107 957 2270 1013 citur.

2180 1049 2317 1102 Dicit
2365 1064 2485 1117 ergo
2538 1047 2583 1101 ei
2635 1046 2823 1099 mulier
2862 1042 3197 1098 Samaritana
3234 1058 3253 1096 :
3284 1040 3558 1106 Quomodo
3598 1048 3677 1106 tu,

2108 1136 2348 1192 Iudaeus
2386 1153 2502 1189 cum
2536 1136 2627 1199 sis,
2666 1152 2698 1188 a
2734 1151 2813 1188 me
2841 1134 3009 1187 bibere
3034 1134 3184 1203 petis,
3221 1133 3345 1185 dum
3370 1132 3468 1185 sim
3495 1130 3683 1184 mulier

2111 1226 2495 1281 Samaritana?
2518 1224 2640 1278 Non
2660 1225 2795 1277 enim
2816 1221 3297 1276 coutunlurludaei
3311 1218 3678 1275 Samaritanis.

2110 1316 2302 1371 Mulier
2346 1315 2433 1369 illa
2482 1316 2817 1371 Samaritana
2845 1353 2860 1379 ,
2905 1328 3042 1382 quae
3068 1321 3246 1384 typum
3274 1310 3549 1367 Ecclesiae
3587 1325 3685 1365 seu

2112 1413 2337 1460 naturae
2380 1405 2666 1474 gestabat,
2716 1403 2944 1458 miratur
2970 1402 3287 1467 Dominum,
3318 1401 3685 1472 quem‘adh‘uc

2112 1493 2424 1564 ignorabat,
2457 1492 2552 1547 sed
2601 1500 2806 1546 tantum
2840 1489 3097 1547 Judaeum
3143 1490 3307 1546 fuisse
3338 1501 3681 1563 cognoverat,

2112 1599 2211 1638 cur
2240 1582 2456 1653 petierit
2484 1581 2552 1635 ab
2583 1595 2643 1636 ea
2670 1582 2875 1645 bibere,
2906 1596 3027 1634 cum
3053 1588 3197 1636 esset
3225 1580 3416 1634 n'mlier
3444 1578 3684 1634 Samari—

2111 1682 2256 1728 tana.
2306 1670 2421 1726 Non
2459 1672 2631 1732 enim,
2673 1680 2732 1724 ut
2764 1671 2871 1735 ait,
2901 1677 3189 1725 coutuntur
3225 1667 3410 1724 Judaei
3444 1667 3686 1723 Samari—

437 1779 565 1850 qnia
590 1780 643 1833 in
672 1780 837 1835 Deum
859 1788 1155 1849 assumpta.
1184 1779 1329 1834 Hora
1354 1789 1464 1833 erat
1487 1781 1636 1851 quasi
1657 1790 1823 1834 sexta.
1850 1778 2013 1835 Sexta
2046 1775 2089 1834 Β
2119 1764 2280 1818 ωηίε·
2322 1761 2423 1817 Ubi
2468 1762 2761 1817 secundum
2807 1761 3042 1815 “ueram
3085 1759 3388 1851 qllaerlml"
3413 1758 3555 1851 illi“
3583 1766 3686 1851 esis

435 1867 571 1924 hora
592 1877 803 1923 sextam
830 1868 1015 1923 mundi
1045 1877 1274 1924 aetatem
1288 1868 1637 1938 praefigurat.
1661 1867 1823 1936 Cujus
1848 1868 2018 1937 prima

439 1966 593 2014 aetas
633 1959 702 2013 ab
734 1959 1050 2028 expulsione
1079 1959 1236 2027 primi
1275 1958 1511 2013 hominis
1546 1957 1614 2012 de
1647 1957 1900 2027 paradiso
1928 1973 2017 2012 us-

439 2061 548 2117 que
581 2049 648 2103 ad
681 2047 870 2113 altare,
897 2050 1041 2118 quod
1082 2046 1192 2103 Noe
1237 2048 1425 2102 exiens
1472 2047 1542 2103 de
1585 2063 1710 2103 arca
1743 2056 1861 2117 post
1885 2047 2020 2102 dilu-

442 2137 590 2191 vium
617 2145 1030 2205 construxerat,
1067 2146 1426 2206 computatur.
1470 2136 1739 2203 Secunda,
1779 2137 1900 2192 inde
1927 2152 2018 2191 us-

444 2241 551 2297 que
577 2228 642 2281 ad
671 2226 864 2294 altare,
894 2229 949 2283 in
987 2243 1094 2299 quo
1120 2229 1392 2284 Abraham
1414 2229 1602 2297 jussus
1627 2245 1657 2283 a
1688 2229 1798 2284 Deo
1827 2229 2021 2284 immo-

446 2317 563 2372 lare
596 2317 764 2373 Isaac.
811 2318 995 2373 Tertia
1020 2358 1038 2384 ,
1080 2319 1269 2374 dehinc
1298 2321 1365 2374 ad
1391 2320 1563 2375 altare
1596 2322 1737 2392 regis
1766 2321 1935 2375 David
1966 2321 2018 2374 in

450 2419 579 2459 area
609 2404 791 2460 Ornan
817 2407 1051 2462 Jebusei.
1090 2408 1289 2465 Deinde
1312 2420 1525 2479 quarta,
1554 2428 1725 2482 usque
1755 2413 1821 2466 ad
1850 2412 2021 2467 altare

445 2494 747 2550 Zorobabcl
772 2496 823 2550 in
851 2497 1050 2567 templo
1076 2499 1431 2555 reaedillcato.
1462 2501 1590 2556 lnde
1614 2506 1825 2572 quinta,
1850 2520 2020 2573 usque

441 2586 514 2638 ad
539 2585 865 2655 baptismum
891 2587 1131 2656 Joannis,
1163 2605 1280 2656 seu,
1312 2600 1372 2644 ut
1402 2592 1584 2647 multis
1610 2608 1714 2647 non
1745 2594 2020 2649 irrationa-

438 2673 627 2728 biliter
653 2675 887 2736 videtur,
928 2691 1100 2745 usque
1144 2678 1209 2731 ad
1247 2694 1435 2732 verum
1472 2679 1663 2746 altare,
1696 2680 1796 2735 hoc
1820 2692 1901 2736 est
1930 2699 2017 2738 us-

438 2779 544 2833 que
571 2764 639 2818 ad
666 2763 866 2819 Christi
904 2781 1151 2831 crucem,
1191 2782 1354 2837 quam
1390 2778 1579 2823 cuncta
1612 2770 1848 2838 praefata
1882 2772 2016 2841 typi-

439 2854 639 2907 cabant
669 2853 879 2909 altaria.
924 2854 1276 2911 ‘Protenditur
1323 2857 1449 2912 hinc
1485 2866 1633 2911 sexta
1671 2867 1818 2912 aetas
1849 2875 2018 2929 usque

436 2932 516 2996 "ad
541 2943 703 2998 linem
724 2945 941 3007 mundi;
970 2961 1115 3001 nunc
1131 2947 1331 3014 agitur.
1360 2945 1597 3015 Septima
1619 2962 1844 3016 namque
1869 2958 2018 3003 aetas

449 3032 507 3085 in
533 3031 639 3085 alia
686 3033 796 3087 vita
818 3034 1097 3103 perficitur
1142 3036 1195 3089 in
1224 3036 1505 3095 animabus
1534 3052 1755 3107 corpore
1784 3038 1972 3093 solutis
1997 3056 2013 3105 ;

2118 1857 2260 1925 quod
2286 1854 2362 1908 ait
2387 1853 2602 1918 femina,
2632 1870 2733 1906 non
2767 1853 2902 1906 enim
2932 1860 3213 1904 contuntur
3232 1848 3424 1903 Judaei
3448 1846 3685 1902 Samari-

2118 1946 2257 1999 tanis
2279 1985 2294 2009 ,
2336 1945 2460 1998 dum
2500 1942 2825 1998 Samaritani
2863 1950 2918 1996 et
2955 1940 3054 1996 sub
3082 1940 3197 2010 lege
3224 1938 3388 2009 Moysi
3417 1937 3690 1992 omnibus-

2117 2046 2224 2101 que
2250 2031 2368 2100 ejus
2399 2034 2701 2102 praeceptis
2736 2041 2790 2086 et
2829 2030 3083 2102 symbolis
3120 2028 3387 2093 vixerint,
3423 2025 3689 2096 simulque

2119 2122 2500 2187 cohabitarint,
2533 2138 2596 2177 ac
2625 2139 2721 2194 per
2759 2106 2891 2189 hoc,
2924 2123 2969 2177 si
2998 2123 3098 2177 sub
3125 2136 3231 2176 una
3262 2120 3379 2193 lege
3413 2119 3687 2180 vivebant.

2121 2214 2174 2268 in
2203 2213 2337 2268 cibis
2366 2213 2530 2268 etiam
2558 2213 2985 2268 communicasse
3023 2212 3457 2267 existimandum.
3502 2210 3559 2263 In
3583 2224 3691 2278 quo

2118 2317 2247 2372 ergo
2274 2317 2382 2356 non
2408 2303 2807 2357 conlabantur?
2836 2303 2915 2357 Ad
2945 2303 3045 2357 boc
3073 2301 3354 2357 dicendum
3389 2318 3401 2353 :
3428 2297 3615 2354 Judaei
3637 2307 3691 2353 et

2121 2393 2477 2456 Samaritani,
2513 2392 2613 2446 sub
2658 2407 2764 2446 una
2808 2391 2922 2461 lege
2968 2392 3251 2462 degentes,
3289 2404 3453 2443 unum
3502 2388 3686 2449 Deum,

2120 2481 2333 2536 Patrem
2367 2481 2618 2536 videlicet
2663 2481 2998 2546 adorabunt,
3048 2481 3142 2535 sed
3184 2480 3250 2534 de
3290 2478 3406 2533 loco
3433 2475 3693 2534 orationis

2118 2572 2526 2628 contendebant.
2567 2571 2753 2627 Judaei
2782 2572 2978 2641 quippe
3014 2571 3069 2624 in
3100 2570 3246 2624 nullo
3297 2568 3401 2622 alio
3446 2568 3566 2624 loco
3595 2568 3692 2622 ad.

2118 2666 2264 2720 orari
2307 2665 2593 2735 putabant,
2629 2664 2730 2718 nisi
2775 2663 2828 2716 in
2870 2661 3260 2731 templo,quod
3302 2668 3417 2714 erat
3445 2660 3691 2714 Hieroso-

2122 2753 2283 2808 limis.
2335 2746 2659 2807 Samaritani
2687 2766 2816 2805 vero
2848 2752 2903 2804 in
2934 2758 3114 2804 monte
3154 2748 3430 2803 Samariae
3449 2786 3465 2812 ,
3504 2748 3558 2801 in
3586 2761 3692 2815 quo

2120 2840 2380 2897 habitavit
2417 2837 2581 2894 Jacob
2607 2879 2623 2906 ,
2670 2839 2836 2893 Deum
2867 2837 3149 2892 colendum
3192 2835 3594 2890 existimabant.
3634 2835 3692 2889 lu

2124 2932 2227 2985 hoc
2256 2945 2386 3000 ergo
2425 2945 2530 2985 non
2560 2928 2936 2991 contebantur,
2964 2926 3032 2980 de
3058 2925 3174 2980 loco
3203 2922 3464 2977 orationis
3489 2921 3693 2978 discre-

2121 3029 2331 3092 pantes.
2381 3021 2438 3075 Si
2485 3018 2626 3073 enim
2677 3018 2758 3071 lex
2800 3015 3021 3073 Judaica
3064 3013 3294 3070 Judaeos
3339 3012 3692 3068 Samaritanis

449 3135 594 3190 quae
625 3130 774 3177 aetas
804 3123 989 3192 incipit
1016 3125 1271 3196 martyrio
1298 3123 1429 3180 Abel
1454 3167 1469 3191 ,
1517 3135 1571 3180 et
1605 3106 1658 3181 in
1697 3128 1803 3182 line
1832 3129 2017 3197 mundi

2124 3108 2266 3170 conti
2288 3114 2615 3183 prohiberet,
2649 3110 2891 3166 fortassis
2915 3109 3163 3165 Christus
3194 3106 3479 3178 figuratum
3505 3114 3690 3175 potum

451 3212 847 3266 resurrectione
919 3214 1153 3266 omnium
1224 3213 1616 3269 terminabitur.
1679 3215 1809 3270 Post
1857 3232 2016 3286 quam

443 3312 633 3357 octava
683 3303 902 3372 incipiet
948 3317 1228 3374 apparere,
1268 3320 1405 3375 quae
1451 3306 1598 3361 nullo
1641 3306 1745 3361 line
1783 3308 2017 3362 circum-

442 3392 728 3447 scribetur.
761 3392 945 3447 Potest
973 3395 1131 3447 etiam
1171 3392 1225 3447 in
1262 3404 1413 3449 sexta
1455 3396 1587 3449 hora
1625 3396 1863 3464 perfecta
1896 3412 2019 3450 cae-

441 3482 591 3538 lestis
615 3485 823 3553 gratiae
851 3484 1093 3551 claritas,
1124 3501 1263 3554 quae
1288 3486 1503 3542 Christo
1532 3488 1883 3543 inhumanato
1910 3490 2020 3559 ple-

441 3572 664 3628 nissime
690 3573 866 3628 illuxit
904 3575 1134 3639 mundo,
1172 3575 1347 3645 typice
1378 3576 1604 3645 figurata
1635 3577 1878 3645 intelligi.
1925 3577 2021 3633 Sc-

444 3663 629 3717 narius
657 3664 922 3732 siquidem
949 3681 1206 3720 numerus
1227 3665 1499 3735 perfectus
1528 3674 1629 3722 est.

520 3754 673 3810 Venit
696 3755 887 3810 mulier
910 3773 975 3811 ea:
1001 3756 1246 3812 Samaria
1267 3759 1479 3813 haurire
1507 3776 1718 3829 aquam.
1751 3760 2018 3823 Samaria,

447 3852 509 3898 ut
532 3845 923 3913 praediximus,
968 3847 1192 3917 ligurum
1241 3848 1479 3921 gentiqu
1526 3850 1783 3919 suggerit.
1834 3848 2023 3902 Mulier

449 3947 670 4000 egressa
696 3933 761 3988 de
789 3933 1031 3988 Samaria
1058 3935 1299 3990 Ecclesia
1346 3946 1432 3990 est
1452 3976 1467 4001 ,
1513 3952 1578 3990 ex
1621 3939 1750 4005 ipsis
1777 3938 2022 4006 gentibus

449 4022 696 4087 collecta,
722 4038 878 4092 quae,
906 4035 1152 4095 suscepta
1181 4024 1286 4080 lide
1308 4026 1575 4090 veritatis,
1599 4025 1799 4079 fontem
1833 4027 2019 4096 ipsius,

448 4114 502 4167 id
529 4122 613 4169 est
642 4114 934 4180 Christum,
976 4117 1191 4171 haurire
1238 4116 1525 4172 desiderat.
1573 4117 1707 4180 Item
1741 4121 1931 4173 mulier
1958 4121 2023 4175 de

448 4202 668 4258 civitate
711 4220 930 4275 egressa
976 4214 1225 4261 naturam
1279 4208 1479 4263 indicat
1526 4209 1843 4273 humanam,
1886 4226 2023 4279 quae

449 4292 772 4347 naturaliter
807 4295 1028 4349 rationis
1064 4294 1268 4352 fontem
1309 4298 1540 4367 appetit,
1568 4299 1708 4352 unde
1747 4300 1832 4352 siti
1874 4314 2018 4360 suae,

454 4380 560 4434 hoc
588 4389 690 4447 est,
720 4381 886 4437 imlito
921 4384 1021 4438 sibi
1048 4401 1207 4442 verae
1235 4388 1554 4457 cognitionis
1581 4389 1837 4457 appetitui
1865 4389 2022 4443 satis-

2121 3224 2152 3263 a
2182 3207 2407 3262 muliere
2436 3219 2540 3259 non
2579 3211 2806 3273 peteret,
2838 3216 2938 3256 nec
2966 3214 3092 3255 suos
3126 3196 3421 3267 discipulos
3450 3196 3601 3252 cibos
3624 3196 3692 3251 ab

2120 3298 2199 3353 eis
2240 3311 2423 3352 emere
2469 3296 2709 3358 sineret,
2747 3308 2878 3348 cum
2928 3289 3294 3346 indubitanter
3349 3301 3455 3341 non
3502 3293 3689 3357 potum

2121 3402 2292 3459 aquae
2318 3386 2630 3457 corporalis,
2663 3385 2756 3440 sed
2785 3392 2970 3453 potum
2997 3380 3119 3436 lidei
3153 3377 3449 3449 spiritualis
3474 3375 3694 3446 petiisse

2122 3477 2447 3534 credendum
2474 3476 2563 3532 sit.

2192 3567 2475 3638 Respondit
2496 3564 2653 3619 Iesus
2673 3573 2721 3617 et
2746 3563 2876 3616 dixit
2906 3561 2953 3615 ei
2979 3576 2996 3614 :
3022 3558 3079 3613 Si
3102 3559 3256 3612 scires
3280 3557 3474 3612 donum
3502 3552 3614 3619 Dei,
3646 3562 3694 3606 et

2122 3656 2236 3729 quis
2278 3665 2385 3722 est,
2419 3654 2508 3724 qui
2548 3653 2672 3705 dicit
2711 3650 2803 3703 tibi
2832 3666 2849 3703 :
2888 3647 2973 3702 Da
3007 3646 3135 3700 mihi
3162 3645 3360 3710 bibere,
3396 3650 3452 3695 tu
3482 3639 3693 3729 petisses

2122 3726 2260 3811 eum,
2301 3754 2348 3798 et
2390 3742 2611 3797 dedisset
2646 3741 2736 3794 tibi
2772 3753 2981 3808 aquam.
3027 3732 3105 3789 Ac
3143 3734 3188 3788 si
3228 3732 3490 3788 dixisset:
3525 3726 3693 3789 Situ,

2124 3835 2334 3899 mulier,
2366 3846 2554 3888 nosses
2580 3846 2687 3895 me,
2714 3837 2768 3884 et
2799 3828 2852 3880 in
2893 3838 2979 3878 me
3004 3820 3244 3893 perfecte
3267 3822 3538 3882 crederes,
3565 3820 3620 3868 et
3647 3813 3693 3866 si

2123 3927 2292 3981 scires
2330 3925 2528 3977 donum
2575 3921 2701 3984 Dei,
2746 3919 2849 3972 hoc
2894 3925 2977 3969 est
3029 3911 3287 3980 Spiritum
3332 3914 3598 3969 sanetum,
3637 3910 3691 3954 tu

2123 4019 2350 4089 petisses
2379 4029 2409 4067 a
2442 4027 2527 4066 me
2550 4011 2755 4075 bibere,
2783 4008 2841 4061 et
2860 4006 3044 4060 darem
3072 4001 3166 4056 tibi
3194 3999 3386 4053 merito
3419 4004 3541 4049 tuae
3568 3994 3693 4050 fdei

2126 4119 2323 4175 aquam
2352 4102 2552 4163 vivam,
2581 4097 2839 4167 Spiritum
2870 4090 3115 4146 videlicet
3141 4094 3405 4175 sanetum.

2195 4192 2332 4246 Dicit
2361 4191 2407 4243 ei
2429 4186 2618 4240 mulier
2639 4199 2658 4237 :
2685 4183 2926 4245 Domine,
2949 4194 3110 4248 neque
3137 4172 3480 4229 ltaurilorium
3514 4168 3690 4233 habes,

2123 4290 2169 4335 et
2210 4288 2390 4349 puteus
2424 4274 2565 4329 altus
2597 4280 2691 4326 est.
2739 4266 3011 4334 Quomodo
3052 4280 3173 4333 ergo
3208 4261 3365 4349 habes
3404 4272 3592 4349 aquam
3621 4258 3695 4310 vi-

2122 4346 2279 4426 vam?
2324 4367 2533 4431 Mulier,
2581 4363 2756 4418 adhuc
2795 4355 3026 4414 carnalis
3071 4362 3128 4408 et
3171 4348 3407 4406 nondum
3443 4346 3688 4410 credens,

455 4468 635 4526 facere
669 4472 875 4539 valeat;
923 4476 1065 4543 Quod
1101 4486 1226 4530 ante
1254 4440 1678 4533 inmarnatione'rn
1707 4480 2020 4546 conditoris,
2052 4459 2099 4516 θ
2127 4458 2406 4531 ignorabat
2450 4456 2613 4546 verba
2653 4445 3065 4546 loquelmsfum
3093 4440 3693 4546 θἾῘΡΪἏῩῗἮἛἯ

452 4559 543 4627 qui
566 4569 651 4614 est
675 4560 795 4616 fons
823 4563 983 4627 vitae,
1010 4564 1304 4634 adimplere
1332 4569 1661 4636 nequiverat.
1686 4569 1908 4624 Bibebat
1940 4577 2020 4624 ta—

450 4664 574 4703 men
601 4650 869 4707 laboriose
894 4669 959 4708 ex
990 4655 1221 4708 naturali
1253 4654 1399 4710 fonte
1429 4659 1654 4713 rationis
1683 4660 1783 4714 sibi
1814 4659 2018 4724 insitae,

451 4747 699 4792 naturam
748 4755 933 4795 rerum
980 4743 1203 4814 physico
1249 4753 1397 4800 motu
1426 4748 1714 4818 vestigans,
1751 4749 2025 4818 ipsiusque

450 4836 679 4882 naturae
719 4840 1022 4887 creatorem
1060 4841 1115 4888 et
1153 4849 1392 4890 causam.
1442 4834 1577 4892 Dicit
1620 4840 1667 4892 ei
1710 4840 1862 4893 Jesus
1893 4854 1912 4891 :
1940 4840 2025 4893 Da

451 4917 578 4970 mihi
604 4919 793 4972 bibere.
826 4920 1078 4992 Discipuli
1100 4925 1236 4978 enim
1260 4926 1375 4995 ejus
1402 4927 1637 4981 abierant
1663 4928 1716 4980 in
1746 4928 2021 4993 civitatem,

454 5012 510 5089 ut
536 5005 675 5089 cibos
695 5016 943 5061 emerent.
982 5008 1138 5064 Jesus
1162 5026 1325 5084 super
1348 5012 1548 5068 fontem
1578 5015 1770 5069 sedens
1795 5015 1927 5082 petit
1957 5013 2025 5069 ab

454 5087 695 5148 Ecclesia
718 5096 1011 5163 primitiva,
1051 5114 1212 5169 quam
1253 5117 1320 5156 ex
1351 5102 1598 5171 gentibus
1635 5103 1891 5173 elegerat,
1926 5116 2024 5173 po-

452 5188 567 5236 tum
598 5184 755 5249 lidei,
796 5201 904 5256 qua
947 5188 999 5241 in
1027 5204 1148 5243 eum
1177 5191 1438 5245 creditur.
1481 5190 1623 5245 Petit
1650 5207 1679 5245 a
1710 5202 1897 5245 natura
1932 5206 2026 5262 po-

454 5282 565 5327 tum
610 5276 836 5332 rationis
863 5318 879 5342 ,
927 5294 1030 5347 qua
1077 5280 1325 5336 conditor
1368 5290 1529 5351 atque
1556 5283 1861 5352 redemptor
1898 5297 2027 5337 suus

453 5362 827 5435 investigatur.
906 5368 1163 5439 Discipuli
1221 5372 1274 5426 in
1324 5371 1592 5426 civitatem
1643 5386 1825 5427 emere
1878 5372 2027 5427 cibos

450 5453 735 5522 abeuntes,
774 5458 1002 5527 apostoli
1032 5469 1159 5514 sunt
1197 5460 1250 5515 in
1290 5462 1546 5517 mundum
1583 5460 1757 5526 missi,
1786 5469 1845 5514 ut
1883 5475 2023 5515 eme-

524 5663 541 5693 ⁸
581 5664 715 5721 Cod.
740 5666 1099 5721 deiectionem.

2126 4524 2216 4606 illa
2248 4552 2312 4604 de
2339 4545 2577 4603 sensibili
2613 4557 2750 4610 aqua
2798 4535 3082 4592 Dominum
3126 4528 3327 4586 dixisse
3351 4567 3365 4593 ,
3416 4539 3540 4580 cum
3579 4524 3692 4592 ipse

2127 4646 2196 4699 de
2226 4639 2543 4710 intelligibili
2575 4639 2849 4690 tractaret.
2885 4627 3084 4682 Puteus
3128 4622 3285 4685 altus,
3323 4626 3385 4672 ut
3419 4614 3688 4710 praedixi-

2129 4751 2268 4799 mus,
2304 4708 2832 4801 aut'profnnditatcm
2865 4723 3128 4776 humanae
3154 4724 3381 4770 naturae
3402 4708 3693 4782 signiﬁcat,

2127 4837 2222 4881 aut
2257 4821 2609 4879 humilitatem
2649 4813 2918 4874 sensibilis
2952 4819 3114 4879 atque
3154 4801 3449 4874 corporalis
3483 4807 3698 4855 creatu-

2128 4932 2238 4978 rae,
2267 4929 2406 4985 quae
2445 4918 2728 4983 propterea
2776 4902 3037 4976 profunda
3070 4898 3286 4960 dicitur,
3314 4892 3440 4962 quia
3482 4888 3613 4944 nihil

2128 4976 2480 5061 universitate
2508 4976 2686 5057 rerum
2723 5004 3027 5052 creatarum
3065 4989 3287 5045 inferius
3319 4991 3405 5039 est
3429 4976 3695 5048 corporali

2130 5102 2343 5148 natura.
2394 5089 2756 5145 Hauritorium
2803 5096 2934 5137 vero
2966 5078 3199 5133 studium
3244 5070 3555 5141 sapientiae,
3587 5080 3695 5135 quo

2129 5182 2332 5238 intimis
2360 5190 2581 5235 naturae
2612 5176 2817 5232 sinibus
2853 5169 3078 5226 rationis
3119 5163 3260 5218 uuda
3306 5159 3695 5230 promulgatur,

2131 5277 2256 5330 dum
2307 5275 2374 5329 de
2432 5273 2665 5327 humana
2726 5261 3025 5320 substantia
3079 5254 3385 5312 scnsibilive
3444 5256 3693 5304 creatura

2131 5366 2350 5437 physica
2403 5370 2601 5418 tractat
2657 5354 3018 5425 investigatio.
3084 5349 3315 5403 Sanctus
3366 5340 3690 5437 Augustinus

2128 5430 2348 5528 puteum
2411 5451 2730 5526 profundum
2793 5443 3196 5503 delectationem
3247 5437 3267 5470 ⁸
3337 5430 3695 5504 corporalium

1717 5571 1974 5632 VARIAE
2006 5568 2402 5629 LECTIONES.
