4194 6276
557 337 661 393 555

1935 351 2217 411 ΙΟᾹΝΝΙΞ
2259 357 2454 416 SCO'I‘l

3714 382 3818 439 336

557 468 761 519 rerum,
792 469 859 509 ex
887 455 1083 525 quibus
1108 461 1162 509 et
1198 456 1251 510 in
1281 454 1475 528 quibus
1500 458 1672 516 instar
1701 477 1873 533 aquae
1909 480 2105 521 manan

2235 468 2807 544 bumanam,naturant
2837 481 3210 551 participantis
3245 483 3469 556 ﬁguram
3496 495 3794 558 praetendit

557 545 626 598 tis
654 545 763 615 ipsa
788 545 1072 601 delectatio
1100 548 1289 617 surgit,
1314 550 1615 621 signiﬁcare
1643 557 1858 622 astruit;
1890 558 2134 613 haurita-

557 634 694 687 rium
729 650 856 689 vero
886 637 1236 704 cupiditatem
1265 642 1496 697 carnalis
1542 645 1782 710 animae,
1822 663 1962 716 quae
1990 664 2132 703 scm-

555 737 652 791 per
679 724 881 794 appetit
912 725 1271 783 delectatione
1309 731 1325 760 ί
1370 734 1741 802 temporalium
1778 745 1833 791 et
1881 753 2134 809 corpora-

551 811 683 866 lium
712 829 892 867 rerum
922 816 1126 870 satiari.
1162 817 1417 888 Sequitur
1444 840 1458 876 :

625 902 896 974 Numquid
929 914 984 958 tu
1009 908 1182 976 major
1215 926 1268 962 es
1290 921 1441 979 patre
1462 925 1635 969 nostro
1668 916 1851 979 Jacob,
1877 921 1967 988 qui
1991 921 2131 974 dedit

549 993 698 1049 nobis
727 1006 974 1064 puteum,
1014 1008 1061 1054 et
1105 1001 1213 1070 ipse
1258 1019 1323 1056 ea:
1358 1020 1417 1057 eo
1454 1006 1687 1073 bibebat,
1727 1022 1775 1063 et
1802 1012 1901 1079 lilii
1937 1015 2042 1077 sui,
2082 1023 2132 1068 et

546 1100 734 1152 pecora
764 1089 901 1142 sua?
936 1088 1125 1145 Mulier
1157 1092 1499 1149 Samaritana
1529 1098 1823 1171 alienigena
1857 1114 2004 1172 erat;
2039 1124 2131 1177 pa-

549 1184 687 1230 trem
730 1187 909 1233 autem
953 1196 1109 1237 suum
1148 1186 1514 1243 vocatJacob.
1548 1190 1657 1246 Nec
1686 1192 1976 1261 immerito,
2003 1200 2127 1267 quia

547 1267 650 1322 sub
682 1269 796 1343 lege
828 1270 992 1342 Moysi
1044 1274 1290 1339 vixerat,
1336 1286 1389 1332 et
1428 1280 1706 1348 praedium
1731 1322 1747 1348 ,
1789 1286 1928 1353 quod
1962 1287 2127 1345 Iacob

545 1359 657 1414 ﬁlio
686 1374 785 1416 suo
813 1360 1009 1432 Joseph
1040 1364 1283 1431 dederat,
1312 1370 1638 1437 possidebat.
1668 1373 1819 1440 Quod
1850 1382 2081 1449 ergoait
2109 1401 2120 1436 :

547 1447 820 1520 Numquid
849 1462 904 1504 tu
932 1455 1102 1523 major
1123 1472 1180 1509 es
1200 1467 1343 1523 patre
1365 1470 1539 1514 nostra
1559 1462 1722 1517 Jacob
1743 1465 1769 1517 Ρ
1793 1447 2003 1523 videtur
2021 1472 2125 1529 hoc

543 1538 699 1603 velle,
732 1555 795 1595 ac
831 1541 874 1595 si
904 1543 1150 1598 diceret:
1180 1545 1447 1616 Numquid
1486 1550 1705 1618 majoris
1737 1560 2022 1622 potestatis
2062 1577 2124 1617 es

543 1637 697 1695 patre
746 1641 929 1684 nostro
974 1630 1142 1687 Jacob
1168 1675 1182 1698 ,
1229 1636 1316 1704 qui
1351 1637 1492 1692 hunc
1535 1650 1751 1708 puteum
1783 1643 2027 1711 foderat,
2068 1658 2123 1704 et

541 1718 897 1793 hauritorium
940 1722 1204 1791 habebat,
1238 1742 1346 1795 quo
1373 1743 1567 1796 aquam
1607 1739 1663 1786 et
1697 1733 1797 1788 sibi
1824 1744 1879 1790 ct
1916 1736 2039 1795 ﬁliis
2066 1749 2121 1796 et

2237 559 2426 615 Mulier
2455 565 2634 635 itaque
2661 578 2745 623 est
2775 571 2952 624 anima
2996 573 3297 639 rationalis,
3328 576 3481 646 cujus
3506 580 3591 634 vir
3616 581 3807 639 intelli-

2233 651 2378 720 gitur
2429 656 2680 723 animus,
2744 661 2835 728 qui
2885 662 3253 732 multipliciter
3296 668 3649 738 nominatur;
3714 673 3802 728 ali-

2233 746 2449 812 quando
2503 750 2649 803 enim
2699 752 3042 820 intellectus,
3109 757 3398 825 aliquando
3462 778 3653 828 mens,
3717 766 3801 821 ali.

2232 836 2448 900 quando
2519 839 2764 904 animus,
2833 857 2994 913 saepe
3055 844 3216 899 etiam
3283 849 3525 917 spiritus.
3576 852 3653 909 De
3708 856 3803 909 hoc

2231 924 2347 979 viro
2396 927 2473 980 ait
2517 928 2810 998 Apostolus
2854 949 2869 986 :
2928 952 2947 984 σ
2994 934 3168 1005 Caput
3212 939 3452 995 mulieris
3485 942 3592 1006 vir,
3647 955 3804 1015 caput

2229 1016 2330 1069 viri
2359 1016 2642 1085 Christus,
2692 1032 2855 1092 caput
2900 1025 3101 1082 Christi
3151 1029 3290 1083 Deus
3323 1048 3385 1095 ις
3439 1048 3503 1088 ac
3539 1035 3583 1089 si
3625 1046 3804 1105 aperte

2230 1103 2433 1161 diceret
2458 1126 2471 1162 :
2497 1109 2724 1164 Animae
2766 1112 3042 1169 rationalis
3067 1125 3231 1187 caput
3261 1129 3344 1173 est
3373 1121 3455 1174 vir
3481 1120 3615 1189 ejus,
3654 1103 3785 1179 intel

2228 1191 2398 1249 lectus
2436 1195 2586 1263 ejus;
2627 1199 2797 1269 ipsius
2827 1217 2955 1257 vero
2991 1205 3293 1264 intellectus
3333 1222 3496 1280 caput
3535 1223 3618 1270 est
3653 1216 3797 1270 Chri-

2227 1291 2362 1338 stus.
2411 1283 2509 1340 llic
2549 1295 2633 1342 est
2682 1290 2823 1345 enim
2868 1294 3129 1350 naturalis
3170 1298 3307 1353 ordo
3354 1299 3622 1357 humanae
3662 1319 3784 1379 crca

2226 1380 2400 1436 turae,
2429 1382 2486 1427 ut
2510 1375 2610 1430 sub
2638 1378 2896 1447 regimine
2924 1384 3119 1438 mentis
3143 1387 3408 1443 subdatur
3432 1391 3631 1455 anima,
3660 1375 3809 1448 mens
3847 1436 3857 1447 .

2224 1469 2405 1516 autem
2438 1464 2538 1518 sub
2563 1463 2815 1531 Christo;
2852 1486 2916 1524 ac
2945 1472 3024 1526 sic.
3053 1480 3198 1529 totus
3226 1478 3387 1531 homo
3416 1494 3511 1547 per
3537 1480 3808 1536 Christum

2215 1547 2458 1621 jungitur
2488 1554 2597 1609 Deo
2630 1563 2683 1610 et
2709 1556 2878 1612 Patri.
2930 1558 3063 1614 Nam
3091 1570 3146 1617 et
3174 1578 3337 1621 sexus
3379 1567 3570 1636 duplex
3589 1609 3609 1634 ,
3640 1570 3809 1625 virilis

2220 1635 2368 1696 sane'
2396 1653 2557 1715 atque
2602 1644 2895 1716 femineus,
2947 1650 3037 1720 qui
3085 1652 3140 1706 in
3170 1653 3284 1708 solo
3311 1670 3540 1725 corpore
3565 1660 3806 1716 exterius

2221 1732 2523 1802 inspicitur,
2580 1738 2865 1796 interiores
2909 1744 3074 1798 animi
3120 1755 3173 1800 et
3212 1747 3424 1802 animae
3463 1749 3805 1807 habitudines

538 1807 823 1875 pecoribus
853 1811 965 1865 suis
994 1812 1370 1869 ministrabat?
1413 1817 1489 1871 Tu
1519 1828 1694 1875 autem
1725 1838 1899 1893 neque
1930 1828 2109 1883 hauri-

2221 1822 2525 1889 praetendit
2551 1825 2593 1875 '.
2627 1824 2884 1880 Ternaria
2913 1828 3109 1898 quippe
3130 1831 3464 1888 rationabilis
3481 1835 3694 1890 animae
3724 1838 3797 1890 di-

539 1897 738 1952 torium
784 1900 992 1968 habes,
1041 1919 1222 1974 neque
1260 1907 1424 1962 ullum
1473 1910 1890 1970 instrumentum
1945 1934 2119 1989 aquae

539 1990 862 2058 trahendae,
890 2003 946 2049 et
975 1996 1101 2050 mihi
1133 1999 1399 2067 promittis.
1426 2002 1553 2055 dare
1580 2004 1799 2072 bibere;
1844 2008 2004 2064 verba
2033 2011 2114 2066 lo-

538 2080 757 2148 quentis
788 2095 971 2137 secum
1002 2086 1177 2140 adhuc
1209 2103 1312 2141 non
1345 2087 1664 2159 intelligens.

610 2188 894 2259 Respondit
916 2191 1069 2248 Jews
1090 2212 1135 2249 et
1161 2198 1293 2251 dixit
1313 2200 1360 2252 ei
1382 2213 1401 2250 .'
1433 2199 1614 2255 Omnis
1634 2206 1723 2272 qui
1743 2204 1865 2260 bibit
1892 2224 1957 2263 ea;
1978 2227 2115 2280 aqua

536 2275 661 2341 Lac,
690 2293 851 2347 quam
881 2282 1097 2339 haurire
1126 2287 1225 2352 vis,
1255 2286 1475 2353 femina,
1507 2300 1562 2346 et
1585 2293 1862 2350 existimas
1887 2314 1972 2351 me
2002 2314 2030 2352 a
2064 2309 2115 2354 te

536 2380 740 2439 petere,
764 2375 905 2428 sitiet
930 2378 1136 2443 iterum,
1163 2382 1508 2450 temporalem
1535 2386 1785 2441 videlicet
1808 2389 1956 2443 sitim
1982 2400 2114 2445 tem-

540 2460 799 2527 poraliter
854 2467 1164 2536 exstinguit.
1221 2470 1544 2543 Quicumque
1594 2485 1767 2530 autem
1817 2479 1998 2534 biberit
2051 2500 2115 2536 ea:

536 2564 698 2616 aqua,
724 2568 880 2612 (mam
910 2572 1000 2623 ego
1025 2557 1159 2612 dabo
1182 2561 1247 2624 ei,
1267 2577 1369 2614 non
1398 2563 1534 2617 sitiet
1562 2565 1615 2617 in
1639 2575 1926 2622 aeternum.
1959 2570 2038 2625 Ac
2065 2572 2110 2627 si

531 2640 777 2695 diceret:
810 2642 1140 2717 Cuicumque
1178 2651 1417 2706 credenti
1463 2655 1514 2708 in
1565 2671 1650 2709 me
1692 2658 1890 2712 donutn
1940 2664 2111 2716 sancti

537 2729 772 2800 Spiritus
817 2749 848 2788 a
896 2735 1055 2793 Patre
1104 2755 1199 2808 per
1240 2756 1327 2795 me
1360 2746 1700 2811 procedentis
1741 2749 1964 2815 dedero,
2004 2768 2109 2806 non

530 2821 679 2876 sitiet
699 2824 751 2877 in
776 2835 1073 2883 aeternum.
1101 2830 1351 2886 Dicturus
1373 2836 1515 2889 enim
1540 2846 1624 2891 est
1644 2853 1769 2892 cum
1786 2839 2066 2896 Psalntista
2094 2864 2106 2897 :

537 2930 557 2962 ι
597 2912 867 2980 Satiabor,
898 2933 1018 2973 cum
1045 2924 1353 2990 apparuerit
1378 2925 1544 2994 gioria
1573 2935 1661 2981 tua
1695 2949 1738 2982 ι.

605 3023 709 3080 Sed
737 3044 896 3097 aqua,
928 3048 1083 3101 quant
1113 3034 1248 3088 dabo
1281 3036 1347 3097 ei,
1383 3037 1470 3103 [iet
1502 3038 1554 3090 in
1588 3056 1648 3093 eo
1687 3041 1804 3109 fons
1829 3061 1997 3112 aquae
2024 3063 2109 3100 aa-

529 3112 700 3168 lientis
730 3117 784 3170 in
824 3119 982 3172 vitam
1013 3131 1297 3177 aeternam.
1332 3125 1482 3194 Aqua
1516 3129 1830 3197 Spiritualis,
1871 3135 1973 3189 hoc
2001 3145 2105 3198 est,

530 3203 727 3257 donum
755 3209 926 3260 sancti
955 3208 1189 3276 Spiritus
1216 3213 1339 3265 salit
1370 3214 1420 3266 in
1449 3216 1610 3269 vitam
1635 3230 1928 3276 aeternam.
1956 3224 2106 3293 Aqua

528 3295 825 3361 corporalis
850 3297 1099 3352 deorsum
1126 3297 1259 3363 ﬁuit,
1289 3317 1425 3370 aqua
1452 3305 1747 3373 spiritualis
1776 3325 1987 3364 sursum
2016 3328 2105 3367 sa-

527 3381 613 3445 lit,
644 3398 705 3438 ac
745 3399 926 3439 secum
957 3401 1080 3448 eos,
1114 3390 1204 3456 qui
1250 3404 1369 3443 eam
1424 3393 1705 3462 imbibunt,
1740 3397 1793 3451 in
1834 3409 2105 3455 aeternam

486 3514 489 3517 η
530 3470 750 3536 gloriam
777 3482 832 3526 et
861 3474 1245 3530 beatitudinem
1271 3480 1540 3536 subvehit.

604 3579 739 3635 Dicit
762 3583 832 3637 ad
858 3601 973 3638 eum
1001 3588 1187 3642 mulier
1206 3604 1224 3641 :
1251 3591 1489 3659 Domine,
1511 3594 1580 3650 da
1604 3598 1729 3652 mihi
1753 3600 1885 3654 lianc
1914 3619 2101 3671 aquam

528 3680 583 3722 nt
609 3688 710 3725 non
737 3674 935 3737 sitiam,
965 3694 1124 3747 neque
1152 3681 1351 3736 veniam
1377 3685 1477 3738 huc
1514 3688 1744 3743 haurire.
1790 3691 1978 3761 Incipit
2005 3711 2098 3748 na-

531 3774 648 3814 tura
685 3779 1011 3833 cognoscere
1042 3771 1372 3827 conditorcm
1416 3790 1607 3842 suum;
1652 3779 1789 3835 inest
1826 3784 1967 3837 enim
2014 3801 2101 3839 ra-

527 3853 767 3909 tio‘nabili
807 3865 1088 3912 creaturae
1136 3864 1408 3930 appetitus
1459 3867 1805 3923 beatitudinis
1851 3881 1904 3924 ct
1946 3889 2105 3929 verae

525 3946 867 4013 cognitionis,
899 3951 1039 4017 quod
1070 3967 1167 4020 per
1196 3953 1591 4012 Samaritanam
1621 3961 1897 4017 mulierem
1942 3980 2102 4034 prae-

528 4034 879 4106 ﬁgurabatur.
907 4040 1099 4111 Incipit
1132 4045 1367 4101 Ecclesia
1399 4048 1581 4115 ﬁdem,
1609 4067 1770 4120 quam
1800 4054 1947 4123 prius
1975 4056 2101 4108 sint-

524 4129 735 4198 pliciter
775 4137 951 4205 coepit
999 4138 1216 4195 haurire
1243 4182 1257 4205 ,
1306 4142 1467 4197 altius
1512 4161 1856 4215 cognoscere,
1888 4148 2012 4203 dum
2047 4150 2100 4204 in

528 4221 854 4295 theologicas
885 4228 1121 4284 rationes
1148 4230 1368 4287 inchoat
1394 4235 1615 4291 intrare.

590 4320 731 4387 Dicit
757 4337 802 4388 ci
823 4337 976 4391 Iesus
1002 4356 1019 4392 :
1057 4338 1215 4406 Vade,
1246 4360 1369 4398 voca
1384 4346 1551 4399 virum
1578 4356 1743 4411 tuum,
1768 4359 1815 4402 et
1837 4352 1951 4403 ueni
1976 4352 2095 4404 huc.

517 4424 597 4477 Ac
628 4424 671 4476 si
702 4425 941 4481 diceret:
967 4428 1113 4485 Petis
1143 4446 1173 4485 a
1200 4448 1285 4487 me
1313 4449 1506 4504 aquam
1544 4437 1820 4492 salientem
1851 4440 1902 4492 in
1933 4440 2096 4494 vitam

2223 1912 2357 1966 visio
2391 1922 2513 1970 est:
2541 1914 2593 1968 in
2626 1916 2884 1981 animum,
2918 1929 2972 1973 et
3012 1922 3299 1987 rationem,
3327 1934 3382 1978 et
3408 1940 3626 1983 sensum
3667 1928 3803 1983 inte-

2222 2001 2438 2057 riorem.
2472 2004 2699 2060 Animus
2731 2022 2944 2076 semper
2988 2011 3130 2065 circa
3165 2013 3332 2067 Deum
3366 2015 3617 2082 volvitur,
3651 2018 3796 2073 ideo-

2221 2106 2321 2160 que
2367 2093 2450 2147 vir
2501 2103 2661 2163 atque
2710 2106 2888 2150 rector
2948 2107 3251 2155 ceterarum
3299 2103 3513 2158 animae
3564 2108 3841 2174 partitun'

2217 2181 2408 2235 merito
2438 2182 2657 2248 dicitur,
2685 2199 2936 2253 quoniam
2988 2187 3131 2242 inter
3176 2190 3351 2260 ipsum
3391 2201 3446 2247 ct
3490 2194 3798 2251 Creatorem

2216 2285 2369 2325 suum
2399 2273 2545 2327 nulla
2579 2274 2681 2328 alia
2716 2275 3033 2346 interposita
3061 2287 3145 2331 est
3179 2289 3448 2334 creatura.
3486 2282 3642 2338 Ratio
3673 2300 3800 2339 vero

2214 2365 2358 2419 circa
2389 2380 2566 2420 rerum
2598 2376 2903 2422 creatarnm
2948 2383 3141 2422 causas
3171 2379 3224 2423 et
3255 2372 3590 2440 cognitiones
3616 2389 3799 2430 versa-

2215 2462 2303 2507 tur
2325 2495 2340 2518 ,
2384 2463 2436 2507 et
2475 2455 2727 2524 quicquid
2764 2457 2978 2511 animus
3014 2472 3045 2510 a
3077 2474 3309 2527 superna
3345 2464 3797 2532 contemplatione

2214 2544 2464 2613 percipit,
2505 2545 2695 2599 rationi
2745 2547 2929 2611 tradit,
2986 2551 3123 2601 ratio
3164 2564 3295 2603 vero
3333 2554 3798 2609 commendatme-

2215 2634 2437 2691 moriae.
2470 2634 2653 2689 Tertia
2695 2651 2823 2705 pars
2855 2638 3065 2692 animae
3092 2649 3175 2695 cst
3205 2657 3394 2697 sensus
3432 2643 3672 2709 interior,
3703 2649 3792 2715 qui

2217 2723 2411 2777 rationi
2443 2725 2709 2789 subditur,
2724 2729 3149 2797 quasisuperiori
3169 2733 3327 2800 parti,
3354 2749 3417 2790 ac
3442 2750 3537 2804 per
3573 2735 3674 2790 hoc
3698 2750 3793 2805 per

2216 2815 2477 2868 rationem
2529 2815 2779 2870 subditur
2824 2806 3012 2872 menii.
3073 2819 3187 2875 Sub
3231 2823 3322 2878 illo
3370 2840 3504 2880 vero
3548 2826 3790 2881 interiori

2213 2917 2373 2957 sensu
2418 2906 2647 2959 naturali
2694 2907 2882 2962 ordine
2932 2924 3125 2966 sensus
3175 2914 3413 2968 exterior
3448 2917 3655 2984 positus
3684 2925 3790 2982 est,

2212 3007 2308 3060 per
2336 3007 2494 3061 quem
2530 3002 2637 3049 tota
2665 2997 2845 3050 anima
2874 2999 3369 3071 quinquepartitum
3399 3007 3643 3074 corporis
3671 3021 3791 3061 sen-

2210 3096 2326 3135 sum
2356 3092 2598 3155 vegetat,
2632 3087 2797 3157 regit,
2826 3098 3103 3160 totumque
3131 3108 3327 3163 corpus
3360 3096 3614 3151 viviﬁcat.
3644 3098 3789 3164 Quo-

2137 3161 2178 3219 C
2213 3174 2353 3232 niam
2388 3176 2571 3246 itaque
2614 3179 2795 3233 anima
2826 3181 3107 3236 rationalis
3143 3183 3218 3236 nil
3247 3185 3311 3239 de
3350 3187 3599 3254 supernis
3637 3189 3791 3243 donis

2208 3265 2485 3335 percipere
2523 3267 2682 3329 valet,
2730 3270 2829 3325 nisi
2868 3286 2964 3339 per
3005 3272 3176 3325 virmn
3226 3290 3405 3340 suum,
3440 3276 3541 3330 hoc
3578 3287 3662 3332 est
3693 3293 3786 3345 per

2208 3354 2468 3419 animum,
2499 3357 2588 3425 qui
2622 3357 2978 3428 principatum
3017 3361 3178 3415 totius
3208 3371 3435 3418 naturae
3464 3371 3629 3428 tenet,
3669 3380 3779 3420 nte-

2209 3444 2312 3498 rito
2334 3445 2555 3514 jubctur
2600 3448 2621 3478 ³
2670 3449 2882 3512 mulier,
2926 3451 3106 3505 anima
3156 3452 3434 3518 videlicet,
3482 3469 3673 3509 vocare
3702 3458 3780 3509 vi-

2208 3549 2325 3589 rum
2353 3551 2529 3600 suum,
2562 3537 2890 3594 intellectum
2922 3556 3098 3605 suum,
3131 3558 3251 3597 eum
3284 3558 3390 3611 quo
3416 3551 3471 3597 et
3498 3558 3595 3612 per
3621 3561 3781 3613 quem

2206 3624 2344 3678 dona
2394 3627 2691 3695 spiritualia
2744 3640 2921 3698 potest
2974 3632 3179 3695 bibere,
3232 3635 3433 3703 absque
3484 3650 3589 3704 quo
3636 3636 3780 3688 nullo

2206 3716 2363 3769 modo
2410 3730 2673 3784 supernae
2721 3720 2931 3789 gratiae
2978 3720 3200 3794 [potest]
3242 3723 3263 3752 "
3303 3739 3423 3778 esse
3489 3727 3775 3796 particeps.

2204 3806 2325 3862 Ideo
2352 3808 2448 3872 ait,
2476 3825 2603 3863 voca
2642 3808 2809 3865 virum
2853 3822 3001 3866 tuum
3043 3824 3090 3867 et
3123 3817 3238 3868 veni
3260 3816 3394 3880 huc;
3436 3818 3638 3887 absque
3664 3817 3781 3870 viro

2205 3903 2295 3950 tuo
2332 3897 2551 3951 minime
2578 3913 2895 3966 praesumas
2922 3902 2989 3956 ad
3020 3918 3105 3957 me
3139 3907 3340 3958 venire.
3381 3904 3617 3961 Abscnte
3645 3921 3779 3975 quo—

2205 4000 2310 4054 que
2357 3986 2652 4051 intellectu,
2698 4005 2858 4045 nemo
2907 3992 3055 4046 novit
3088 3992 3428 4049 altitudinem
3484 3996 3786 4067 theologiae

2203 4076 2514 4139 ascendere,
2545 4093 2644 4132 nec
2674 4080 2811 4133 dona
2840 4082 3139 4149 spiritualia
3171 4085 3512 4153 participare.

2272 4162 2557 4247 Respondit
2593 4166 2779 4219 mulier
2807 4180 2853 4220 et
2878 4169 3011 4222 dixit
3034 4172 3119 4225 ei:
3151 4170 3267 4225 Non
3287 4173 3451 4227 habeo
3472 4174 3656 4227 virum.
3682 4174 3777 4227 Dio

2203 4254 2270 4305 cit
2291 4254 2337 4306 ei
2359 4252 2518 4309 Jesus
2541 4270 2558 4306 :
2580 4255 2719 4309 Bene
2741 4258 2937 4321 dixisti,
2962 4262 3083 4329 quia
3103 4264 3267 4316 virum
3297 4279 3399 4316 non
3428 4264 3605 4318 babes.
3638 4265 3779 4319 Bene

2200 4342 2412 4406 dixisti,
2434 4345 2538 4409 ait;
2582 4345 2758 4410 laudo,
2785 4349 2928 4417 quod
2965 4349 3163 4415 dixisti,
3192 4367 3332 4423 quae
3362 4353 3383 4383 ⁵
3410 4369 3537 4408 vere
3576 4355 3774 4409 dixisti.

2202 4433 2334 4487 Novi
2364 4437 2505 4488 enim
2549 4444 2598 4489 te
2628 4453 2734 4490 non
2772 4438 2972 4493 habere
3015 4440 3213 4506 virum,
3259 4459 3435 4512 neque
3482 4444 3601 4498 ideo
3631 4444 3773 4507 novi,

519 4522 810 4577 aeternam,
841 4516 1113 4585 .Spiritum
1160 4523 1410 4579 videlicet
1452 4534 1716 4590 sanctum,
1763 4529 1915 4595 cujus
1959 4532 2097 4583 dono
2131 4508 2174 4564 υ
2201 4525 2326 4591 quia
2371 4531 2423 4577 ιιι
2463 4524 2665 4590 ditiis“:
2703 4535 2753 4580 ιε
2794 4542 2897 4581 ηθη
2940 4528 3160 4594 habere,
3201 4532 3294 4584 sed
3323 4545 3421 4599 P0P
3448 4547 3536 4584 me
3577 4533 3771 4599 ipsum.

519 4600 681 4654 vitam
721 4612 994 4659 aeternam
1026 4609 1112 4662 do.
1136 4610 1250 4664 Non
1278 4622 1430 4680 potes
1459 4615 1622 4671 talem
1650 4632 1841 4685 aquam
1888 4617 2093 4681 bibere.

518 4688 618 4741 nisi
650 4690 822 4743 virum
857 4700 1003 4747 tuum
1034 4701 1325 4753 vocaveris.
1346 4702 1490 4757 Vade
1515 4719 1661 4773 ergo,
1692 4706 1737 4759 si
1769 4706 1850 4761 vis
1878 4706 2091 4771 bibere,

518 4793 649 4832 voca
693 4781 867 4836 virum
909 4792 1082 4847 tuum,
1123 4799 1178 4841 et
1214 4805 1335 4844 cum
1388 4792 1475 4847 illo
1521 4796 1638 4848 veni
1670 4796 1809 4861 huc;
1850 4799 1950 4853 hoc
1978 4810 2089 4854 est:

514 4870 675 4925 crede
715 4871 768 4924 in
797 4889 900 4937 me,
936 4884 993 4928 ut
1018 4885 1075 4930 et
1104 4888 1178 4942 ttt,
1198 4888 1252 4934 et
1283 4884 1520 4946 tuusvir,
1551 4885 1808 4952 Spiritum
1845 4898 2090 4945 sanctum

512 4957 764 5015 imbihas.
798 4960 854 5015 In
885 4963 984 5017 hoc
1015 4965 1133 5020 loco
1158 4968 1223 5023 de
1252 4984 1449 5038 genere
1480 4973 1532 5026 in
1561 4974 1795 5043 speciem
1835 4981 2091 5033 transitus

515 5046 830 5117 intelligitur
876 5054 1132 5111 theoriae.
1185 5058 1523 5116 Praedictum
1554 5073 1638 5120 cst
1668 5082 1916 5136 namque,
1947 5073 2088 5138 quod

510 5136 850 5201 Samaritana
879 5145 1071 5201 mulier
1093 5157 1145 5203 et
1174 5152 1438 5220 generalis
1454 5154 1724 5211 Ecclesiae
1748 5157 1815 5213 de
1841 5161 2089 5228 gentibus

510 5226 786 5294 collectae,
820 5242 872 5288 et
904 5237 1169 5304 generalis
1216 5239 1480 5297 humanae
1535 5252 1758 5299 naturae
1785 5226 2085 5315 symbolum

505 5314 591 5367 sit.
629 5317 778 5376 Nunc
821 5338 949 5379 vero
989 5325 1175 5381 eadem
1218 5331 1432 5395 mulier,
1469 5341 1525 5385 et
1571 5314 1984 5404 uniuscujusque
2034 5338 2085 5391 itt

505 5405 709 5463 unitate
737 5412 1012 5469 Ecclesiae
1036 5418 1335 5484 constituti,
1353 5430 1407 5475 et
1436 5422 1848 5491 uniuscujusque
1875 5425 2086 5479 animae

2198 4616 2283 4669 cui
2314 4625 2471 4669 vacat
2500 4618 2679 4670 omnia
2712 4634 2890 4674 nosse.

2266 4707 2505 4775 Quinque
2531 4709 2668 4760 enim
2704 4710 2840 4762 viros
2873 4710 3120 4774 habuisti,
3153 4720 3200 4763 et
3231 4727 3368 4764 nunc
3404 4727 3555 4779 quem
3586 4712 3767 4773 habes,

2198 4814 2299 4852 non
2328 4808 2401 4851 est
2433 4810 2553 4851 tuus
2581 4798 2691 4863 vir;
2718 4798 2815 4851 hoc
2852 4815 2968 4853 vere
2998 4798 3199 4854 dixisti.
3229 4801 3300 4854 De
3349 4802 3590 4871 quinque
3636 4802 3768 4856 viris

2198 4890 2451 4960 mysticae
2479 4888 2736 4952 mulieris,
2766 4890 2815 4941 id
2838 4899 2920 4945 cst
2948 4892 3224 4947 rationalis
3249 4892 3462 4948 animae
3486 4894 3769 4948 carnaliter

2198 4977 2426 5031 viventis
2453 5017 2468 5036 ,
2514 4991 2702 5031 sensus
2757 4987 3036 5032 auctorum
3085 4980 3383 5034 variantur.
3433 4981 3662 5049 Quidam
3705 4984 3770 5038 de

2197 5064 2431 5133 quinque
2478 5064 2631 5120 libris
2674 5064 2939 5122 Mosaicae
2992 5068 3126 5138 legis
3175 5070 3477 5140 accipiunt;
3537 5086 3766 5140 quorum

2197 5169 2384 5210 sensus
2432 5165 2715 5226 propterea
2764 5171 2869 5212 non
2924 5159 3206 5227 probatur,
3256 5161 3508 5229 quoniam
3552 5160 3768 5217 Iudaeis

2190 5244 2524 5301 solummodo
2551 5247 2678 5301 data
2708 5256 2790 5301 est
2816 5248 2900 5304 lex
2929 5248 3183 5314 Mosaica,
3213 5250 3347 5307 haec
3372 5261 3552 5306 autem
3580 5251 3770 5306 mulier

2189 5337 2512 5406 generaliter
2569 5353 2786 5393 onmem
2842 5340 3133 5397 humanam
3182 5342 3428 5409 animam
3478 5340 3761 5408 signiﬁcat.

2189 5427 2520 5495 Augustinus
2560 5430 2797 5498 quinque
2842 5444 3031 5485 sensus
3078 5431 3319 5501 corporis
3356 5431 3592 5500 quinque
3620 5429 3763 5483 viros

1826 5555 1906 5607 \‘A
1917 5554 2069 5609 RIAl"
2110 5555 2509 5613 LECTIONES.

580 5626 591 5654 ¹
630 5626 756 5682 Cod.
788 5635 1196 5692 delectationem.

580 5644 591 5654 ε
630 5644 756 5682 unt.
788 5644 1196 5692 delectationem.
1276 5644 1291 5672 ²
1323 5644 1452 5697 Cod.
1485 5645 1845 5711 praetendunt.

502 5696 638 5747 forte
663 5701 783 5747 auia
802 5704 827 5747 ἰ)

520 5710 638 5750 orte
663 5710 783 5768 quia
802 5710 813 5753 Ξ

1925 5647 1945 5678 ³
1966 5647 2094 5702 Cod.
2128 5650 2347 5703 iuvetur.

2425 5649 2445 5679 "
2475 5662 2637 5721 potest
2669 5669 2772 5706 om.
2803 5654 2945 5720 cod,
2991 5656 3112 5709 add.
3137 5673 3201 5709 ex
3227 5657 3368 5726 conj.
3447 5657 3465 5686 ⁵
3497 5654 3584 5708 Sic
3614 5655 3753 5714 cod.,
