4194 6276
402 398 503 456 33,
564 420 571 427 .

1405 394 1757 452 COMMENT.
1797 391 1863 448 IN
1902 391 2153 449 EVANG.
2195 392 2342 449 SEC.
2377 392 2567 450 JOAN.

3550 389 3654 446 338

404 506 689 577 intelligit,
746 505 849 560 sub
897 506 1090 574 quibus
1145 521 1578 575 unamquamque
1634 507 1871 561 animam
1914 504 1931 534 ⁸
1962 544 1978 569 ,
2007 510 2052 567 Α
2084 506 2360 574 pr0posuit
2384 506 2775 574 quaestionem,
2805 520 2869 560 ac
2889 503 2934 559 si
2959 505 3191 560 diceret:
3212 504 3476 571 Quoniam
3500 503 3654 557 vioeo

404 598 718 666 priusquam
748 595 814 648 ad
847 594 1138 663 perfectam
1182 604 1414 649 aetatem
1457 596 1701 659 venerit,
1743 588 1849 665 qua
1890 610 1980 649 ra-

409 687 556 739 tione
584 685 658 738 uti
687 684 873 751 possit,
902 699 1005 739 non
1035 684 1253 743 dubium
1288 693 1373 743 est
1400 686 1601 741 vivere.
1644 686 1805 739 Visus
1832 686 1976 738 enim

409 775 463 827 in
506 772 793 827 infantibus
828 773 1001 841 viget,
1044 773 1296 827 similiter
1332 774 1567 837 auditus,
1601 773 1851 831 olfactus.
1882 789 1979 842 gu-

408 874 538 925 stus,
571 872 762 915 tactus.
813 862 963 919 Ultra
992 864 1092 917 hos
1121 864 1357 919 carnalis
1393 865 1568 918 adhuc
1606 865 1782 917 anima
1813 873 1978 931 atque

405 952 657 1006 infantilis
684 952 817 1005 nihil
850 962 1030 1022 potest
1058 954 1400 1022 participare.
1434 954 1568 1007 Dum
1599 962 1777 1007 autem
1805 967 1975 1006 vene-

402 1042 473 1094 rit
499 1042 566 1094 ad
593 1050 829 1094 aetatem
860 1041 1122 1105 adultam,
1153 1042 1305 1110 quasi
1334 1043 1543 1097 cuidam
1572 1052 1724 1096 sexto
1748 1044 1866 1096 viro
1889 1056 1981 1096 co-

402 1130 641 1199 pulatur,
671 1130 725 1184 id
756 1140 840 1183 est
868 1130 1084 1183 rationi.
1117 1129 1289 1201 Saepe
1320 1143 1495 1187 tamen
1539 1132 1775 1186 carnalis
1803 1133 1980 1186 anima

407 1230 576 1287 atque
626 1218 910 1285 insipiens,
958 1219 1201 1289 neglecto
1246 1220 1550 1274 rationabili
1601 1231 1766 1285 motu,
1815 1221 1979 1275 veluti

409 1308 647 1363 naturali
676 1310 792 1362 viro
817 1309 988 1363 errori
1016 1308 1280 1371 subditur,
1309 1325 1339 1363 a
1371 1325 1477 1379 quo
1501 1320 1554 1365 et
1579 1325 1674 1379 per
1698 1326 1855 1378 quem
1883 1310 1982 1364 fal-

412 1397 563 1461 litur,
594 1405 650 1451 et
677 1412 762 1461 ea,
788 1412 925 1465 quae
949 1407 1134 1453 contra
1161 1407 1408 1453 naturam
1437 1401 1517 1454 sui
1547 1410 1694 1464 sunt,
1722 1401 1987 1477 derelicto

413 1487 648 1541 naturali
694 1488 882 1541 ordine
925 1489 1142 1558 appetit.
1202 1490 1434 1559 Ideoque
1477 1491 1544 1546 de
1592 1507 1659 1547 eo
1688 1492 1979 1556 dicitur,et

412 1595 550 1632 nunc
579 1595 731 1648 quem
766 1578 923 1633 [tabes
955 1595 1055 1632 non
1082 1589 1159 1633 est
1190 1589 1312 1634 tuus
1338 1582 1455 1645 vir;
1494 1594 1641 1636 tuum
1675 1584 1848 1636 virum
1888 1582 1981 1636 de-

407 1670 620 1723 seruisti
649 1678 706 1723 et
727 1669 949 1724 obedire
975 1670 1024 1724 ei
1065 1671 1307 1737 noluisti,
1352 1674 1657 1729 adulterum
1686 1686 1870 1729 secuta
1897 1690 1975 1738 es,

404 1772 469 1813 ac
497 1773 591 1826 per
614 1758 717 1812 hoc
744 1757 987 1813 adultera
1017 1757 1180 1814 facta.
1209 1760 1315 1816 Sed
1342 1763 1385 1815 si
1412 1762 1493 1816 vis
1517 1763 1702 1818 bibere
1730 1765 1795 1817 de
1820 1779 1975 1832 aqua,

2082 607 2134 651 te
2162 605 2218 650 et
2248 596 2613 651 indubitanter
2660 612 2926 666 cognosco
2971 597 3290 665 prophetam
3333 610 3475 658 esse,
3505 593 3654 649 solve

2081 686 2212 740 mihi
2266 687 2671 755 quaestionem,
2718 687 2784 740 de
2832 701 2937 754 qua
2980 682 3167 738 Judaei
3219 692 3273 737 et
3326 681 3650 736 Samaritani

2078 778 2443 840 contendunt,
2486 776 2552 829 de
2594 775 2712 830 loco
2749 775 2999 828 videlicet
3039 771 3296 826 adorandi
3329 772 3515 833 Deum,
3553 785 3655 839 pro

2079 879 2184 932 qua
2226 864 2326 931 ipsi
2354 863 2542 919 Judaei
2572 864 2726 918 nobis
2760 879 2867 917 non
2897 869 3213 925 contuntur,
3240 860 3343 914 hoc
3372 868 3477 924 est,
3506 873 3536 912 a
3565 873 3654 911 no-

2078 951 2162 1005 bis
2191 951 2541 1007 dissentiunt.

2155 1039 2340 1095 Patres
2370 1042 2533 1094 nostri
2575 1041 2631 1094 in
2656 1050 2829 1093 monte
2865 1040 2960 1092 hoc
2989 1038 3302 1092 adorabunt.
3352 1036 3407 1091 Id
3434 1044 3538 1102 est,
3564 1036 3651 1091 Ja-

2078 1133 2200 1195 cob,
2231 1140 2288 1185 et
2316 1132 2406 1184 lilii
2435 1129 2575 1199 ejus,
2614 1139 2667 1186 et
2697 1145 2885 1184 omnes
2913 1128 3259 1191 Samaritani,
3291 1127 3380 1195 qui
3411 1128 3509 1182 sub
3536 1126 3654 1197 lege

2080 1220 2313 1274 Mosaica
2360 1220 2647 1290 degebant,
2673 1227 2728 1273 et
2771 1233 2886 1283 vos,
2915 1216 3122 1276 Judaei,
3167 1216 3368 1280 dicitis,
3415 1216 3540 1285 quia
3596 1216 3649 1268 in

2080 1308 2466 1378 Hierosolymis
2506 1317 2591 1361 est
2615 1307 2783 1370 locus,
2812 1307 2899 1360 ubi
2929 1314 3142 1376 Oportet
3170 1306 3414 1360 adorare.
3468 1306 3521 1358 ln
3550 1306 3653 1360 hoc

2081 1399 2262 1467 itaque
2283 1398 2646 1460 dissentimus,
2673 1397 2727 1450 in
2753 1397 2853 1450 hoc
2878 1396 3205 1450 unanimiter
3226 1410 3331 1449 non
3360 1394 3648 1449 coutimur.

2080 1493 2136 1546 ln
2169 1501 2350 1547 monte
2378 1493 2479 1546 hoc
2506 1492 2785 1545 Samariae
2811 1490 3099 1544 adoramus
3127 1489 3314 1551 Deum,
3344 1489 3431 1541 ubi
3460 1487 3647 1551 Jacob,

2079 1600 2176 1638 vos
2208 1584 2258 1637 in
2295 1582 2490 1651 templo
2527 1579 3015 1635 Hierosolimitano.
3067 1577 3337 1645 Quoniam
3363 1578 3546 1646 itaque
3573 1577 3653 1630 vi-

2082 1676 2182 1730 deo
2213 1684 2264 1729 te
2294 1675 2632 1743 prophetam,
2667 1687 2827 1726 nosse
2873 1671 3053 1725 omnia
3088 1678 3139 1723 te
3184 1685 3289 1724 non
3324 1670 3537 1734 dubito;
3588 1684 3653 1723 ac

2081 1782 2178 1834 per
2207 1768 2309 1819 hoc
2353 1765 2436 1818 fac
2470 1779 2557 1819 me
2593 1772 2798 1818 certam
2837 1762 2902 1816 de
2936 1762 3037 1816 hac
3079 1761 3454 1823 contentione,
3493 1759 3543 1813 id
3570 1768 3653 1813 est

403 1861 564 1915 quam
594 1846 738 1901 dabo
774 1848 891 1913 tibi,
929 1850 1086 1915 vade,
1114 1865 1245 1906 voca
1279 1853 1655 1917 virum‘tuum,
1686 1855 1771 1909 cui
1805 1855 1979 1924 subje-

2079 1867 2259 1912 vestra
2290 1866 2344 1910 et
2365 1865 2571 1920 nostra,
2602 1854 2690 1908 ubi
2720 1853 2947 1906 adorare
2967 1852 3132 1905 Deum
3157 1850 3430 1913 debemus,
3468 1848 3521 1902 in
3548 1848 3651 1902 hoc

402 1947 484 1994 cta
517 1941 685 1998 debes
713 1941 829 1998 ﬁeri
854 1952 912 1997 et
939 1946 1204 2013 spirituali
1232 1944 1484 2015 conjugio
1512 1947 1752 2017 adjungi.
1787 1949 1984 2003 Desere

402 2030 730 2097 adulterum,
772 2049 841 2088 ne
868 2036 945 2090 sis
986 2036 1266 2102 adultera;
1316 2038 1507 2092 desere
1554 2052 1819 2099 errorum,
1873 2053 1984 2107 quo

401 2119 622 2175 seducta
654 2136 742 2185 es;
793 2122 964 2176 virum
1018 2134 1168 2177 tuum
1216 2124 1518 2193 reliquisti,
1576 2134 1633 2180 et
1679 2126 1979 2181 naturalem

403 2208 669 2264 castitatis
697 2218 819 2264 tuae
843 2212 1288 2279 pulchritudinem
1313 2213 1544 2268 violasti.
1570 2213 1844 2268 Hactenus
1867 2216 1979 2268 Au-

409 2299 676 2366 gustinus.
707 2299 971 2355 Maximus
999 2303 1234 2370 quinque
1261 2304 1407 2358 viros
1435 2305 1674 2373 quinque
1706 2304 1853 2374 leges
1885 2306 1982 2357 hu-

409 2402 604 2442 manae
652 2390 865 2443 animae
919 2392 1070 2444 datas
1115 2392 1422 2460 signiﬁcare
1466 2393 1683 2447 asserit.
1739 2395 1978 2459 Quarum

408 2475 588 2544 prima
628 2476 683 2530 in
714 2478 965 2546 paradiso
1007 2488 1132 2533 ante
1162 2490 1439 2549 peccatum
1477 2483 1602 2536 data
1645 2492 1727 2538 est
1752 2483 1977 2549 homini,

406 2564 475 2618 de
504 2564 691 2620 illicito
728 2577 781 2618 et
813 2567 1086 2635 prohibito
1115 2569 1275 2638 ligno.
1304 2568 1550 2624 Secunda
1574 2579 1693 2638 post
1713 2572 1981 2640 praevari-

404 2653 677 2708 cationem
709 2664 764 2709 et
794 2656 1165 2725 expulsionem
1205 2656 1323 2725 ejus
1360 2659 1427 2713 de
1449 2660 1719 2729 paradiso,
1756 2660 1823 2715 de
1848 2660 1982 2714 mul-

406 2740 741 2809 tiplicatione
783 2744 1055 2799 humanae
1105 2747 1438 2815 propaginis.
1488 2739 1669 2803 Tertia
1704 2748 1817 2803 Noe
1851 2760 1979 2805 ante

406 2827 687 2895 diluvium,
711 2832 779 2886 de
800 2847 927 2888 area
953 2832 1289 2890 fabricanda.
1321 2837 1521 2902 Quarta
1550 2847 1670 2905 post
1696 2838 1973 2902 diluvium,

411 2918 858 2977 dedivisionihus
904 2925 1167 2994 gentium.
1211 2925 1408 2991 Quinta
1438 2928 1728 2991 Abraham,
1764 2930 1830 2983 de
1872 2931 1979 2983 cir-

412 3009 746 3065 cumcisione
773 3021 827 3065 et
853 3013 1223 3069 immolatione
1252 3016 1342 3069 lilii
1380 3017 1479 3071 sui.
1515 3016 1610 3071 His
1637 3018 1873 3087 quinque
1900 3019 1978 3073 le-

411 3097 602 3167 gibus,
652 3101 805 3169 quasi
865 3101 1182 3169 quibusdam
1229 3104 1463 3173 quinque
1515 3106 1681 3170 viris,
1736 3107 1971 3160 humana

416 3191 594 3244 anima
614 3192 681 3244 ab
715 3193 868 3246 initio
890 3194 1069 3247 mundi
1088 3210 1251 3263 usque
1270 3195 1339 3250 ad
1359 3196 1525 3264 legem
1546 3195 1712 3267 Moysi
1734 3196 1976 3264 subjecta

411 3289 550 3333 erat.
578 3279 684 3334 Lex
718 3290 897 3335 autem
925 3282 1152 3348 litterae,
1184 3300 1320 3354 quae
1344 3286 1466 3339 data
1497 3296 1583 3343 est
1607 3303 1702 3355 per
1733 3287 1974 3358 Moysen,

407 3380 513 3422 non
542 3368 607 3420 ad
645 3367 975 3424 liberandam
1016 3373 1247 3427 animam
1284 3375 1366 3428 vel
1404 3374 1809 3443 justillcandam
1848 3378 1973 3431 data

403 3466 506 3522 est,
533 3459 626 3512 sed
650 3458 716 3511 ad
753 3461 1200 3529 realargnendam,
1234 3472 1290 3518 et
1315 3466 1635 3535 gravitatem
1663 3484 1973 3522 sacramen-

406 3555 579 3599 torum
630 3549 1062 3616 opprim:-ndam,
1097 3566 1235 3621 quae
1263 3554 1314 3607 ei
1344 3554 1544 3608 nullam
1592 3556 1819 3610 salutem
1849 3572 1977 3617 oon:-

409 3637 663 3703 tulcrant,
696 3640 799 3693 nisi
828 3642 894 3693 ad
926 3642 1154 3709 gratiam
1184 3643 1315 3697 Novi
1347 3644 1675 3720 Testamenti
1702 3645 1975 3716 confuge-

407 3740 508 3784 ret.
536 3729 646 3784 Lex
670 3732 813 3785 enim
843 3733 967 3787 data
997 3743 1100 3799 est,
1127 3744 1185 3788 ut
1206 3736 1379 3804 gratia
1408 3744 1778 3804 quaereretur,
1803 3738 1974 3807 gratia

408 3828 586 3872 autem
610 3820 756 3885 data,
788 3832 847 3875 ut
891 3823 973 3877 lex
1006 3824 1337 3897 impleretur.
1370 3825 1634 3891 Quoniam
1685 3827 1847 3896 igitur
1888 3826 1971 3885 le!

408 3906 621 3961 litterae
645 3909 717 3964 nil
746 3910 1010 3966 humanae
1042 3923 1268 3969 naturae
1306 3915 1598 3969 contulerit
1631 3917 1698 3972 ad
1721 3915 1972 3983 salutem,

407 3995 678 4050 neminem
721 3998 866 4052 enim
910 3999 995 4054 lex
1029 4001 1093 4055 ad
1124 4002 1417 4071 perfectura
1448 4005 1620 4070 duxit,
1651 4007 1743 4061 sed
1778 4008 1847 4061 ad
1888 4024 1975 4062 cu.

403 4086 606 4140 mulum
638 4088 953 4144 delictorum
984 4093 1167 4157 valuit,
1195 4094 1334 4149 sicut
1366 4096 1441 4149 ait
1464 4096 1791 4164 Apostolus:
1825 4100 1973 4153 «Vir-

403 4182 490 4228 tus
512 4178 717 4244 peccati
740 4178 825 4232 lex
859 4203 903 4243 ι,
933 4180 1072 4235 idem
1102 4201 1114 4236 :
1149 4202 1169 4233 ι
1204 4182 1315 4239 Lex
1340 4197 1517 4238 autem
1545 4186 1886 4253 subintravit,
1919 4197 1976 4242 ut

402 4264 1001 4336 abundarctpeccatum
1039 4294 1082 4336 ι,
1134 4274 1357 4342 pulchre
1404 4275 1487 4334 ait
1509 4275 1764 4330 Dominus
1795 4278 1975 4331 Sama-

402 4355 614 4408 ritanae
673 4357 738 4409 Et
767 4376 900 4414 nunc
920 4378 1072 4430 quem
1092 4365 1249 4417 habes
1276 4380 1381 4419 non
1403 4376 1475 4418 est
1501 4376 1620 4419 tuus
1644 4367 1742 4430 vir;
1768 4368 1975 4422 dimitte

399 4444 657 4509 litteram,
691 4463 797 4501 non
829 4459 907 4504 est
944 4460 1066 4505 tuus
1090 4453 1199 4518 vir;
1239 4455 1370 4508 vade
1398 4455 1464 4507 ad
1499 4456 1668 4510 virum
1701 4466 1868 4517 tuum,
1900 4458 1967 4510 ad

2080 1947 2219 2007 loco,
2250 1962 2316 1999 an
2345 1942 2735 1998 Hierosolimis.

2148 2035 2288 2088 Dicit
2315 2034 2362 2086 ei
2400 2032 2557 2086 Jesus
2582 2050 2600 2085 :
2626 2030 2840 2094 Mulier,
2864 2029 3012 2084 crede
3038 2027 3187 2092 mihi,
3215 2027 3337 2097 quia
3366 2025 3497 2079 venit
3522 2024 3652 2078 hora

2078 2125 2288 2194 quando
2311 2139 2470 2192 neque
2493 2122 2546 2174 in
2569 2130 2740 2174 monte
2759 2122 2871 2181 hoc,
2895 2135 3054 2188 neque
3073 2119 3125 2171 in
3160 2116 3523 2171 Hierosolimis
3552 2113 3647 2168 ad-

2081 2213 2292 2269 orabitis
2316 2210 2548 2264 Patrem.
2591 2207 2693 2264 Vos
2726 2210 2979 2272 adoratis,
3008 2207 3145 2278 quod
3169 2206 3399 2269 nescitis,
3437 2221 3528 2259 uos
3549 2204 3651 2259 ad-
3686 2228 3689 2233 ·

2081 2320 2315 2365 oramus,
2337 2302 2473 2371 quod
2495 2301 2708 2354 scimus.
2736 2299 2830 2354 His
2850 2299 3031 2354 verbis
3077 2296 3316 2351 mulieris
3333 2294 3650 2363 jactantiam

2081 2392 2450 2448 Samaritanae
2497 2391 2844 2459 omniumque
2871 2389 3336 2443 Samaritanorum
3361 2386 3644 2456 opprimit.

2080 2481 2402 2537 Samaritani
2428 2480 2623 2550 quippe
2648 2482 2925 2549 putabant,
2957 2495 3016 2535 se
3044 2496 3149 2535 non
3182 2480 3406 2534 minoris
3438 2479 3652 2549 religio.

2077 2575 2165 2630 nis
2213 2573 2397 2639 fuisse,
2426 2588 2586 2641 quam
2614 2572 2823 2628 Judaei.
2854 2574 2932 2627 Ex
2958 2589 3186 2642 persona
3236 2574 3400 2644 igitur
3423 2570 3653 2627 Judaeo-

2078 2680 2197 2718 rum
2241 2663 2499 2731 loquitur,
2546 2678 2651 2715 non
2691 2663 2976 2732 impiorum
3009 2678 3065 2716 se
3118 2677 3222 2715 non
3253 2661 3647 2729 recipientium,

2078 2755 2171 2809 sed
2224 2752 2662 2822 patriarcharum
2708 2761 2764 2805 et
2793 2751 3195 2818 prophetarum,
3233 2759 3525 2814 eteorum,
3558 2752 3648 2820 qui

2079 2844 2131 2897 in
2156 2858 2214 2897 se
2244 2841 2591 2895 crediderunt
2640 2838 2797 2908 paulo
2842 2847 2967 2893 ante
3020 2839 3075 2892 in
3101 2837 3320 2892 Judaea.
3359 2837 3650 2906 Propterea

2077 2936 2190 2989 ait:
2219 2934 2326 2988 Vos
2351 2930 2589 2986 adoratis
2617 2929 2831 2983 Patrem
2873 2943 3031 2997 quem
3061 2927 3303 2993 nescitis,
3348 2942 3447 2981 nos
3472 2936 3649 2980 autem

2076 3025 2365 3080 adoramus
2413 3022 2643 3075 eundem
2693 3020 2910 3075 Patrem
2961 3034 3125 3089 quem
3184 3018 3407 3073 scimus.
3480 3015 3651 3071 Nemo

2079 3114 2223 3167 enim
2268 3119 2442 3183 potest
2488 3111 2712 3164 adorare
2739 3109 2975 3172 Patrem,
3022 3109 3124 3164 nisi
3156 3108 3305 3178 prius
3350 3107 3653 3161 adoraverit

2082 3205 2296 3260 Filium.
2343 3203 2445 3270 Qui
2480 3203 2651 3257 credit
2692 3202 2746 3256 in
2774 3199 2989 3265 Filium,
3021 3200 3135 3268 ipse
3163 3198 3312 3252 novit
3340 3197 3556 3262 Filium,
3586 3212 3650 3252 ac

2080 3310 2176 3364 per
2204 3295 2307 3349 hoc
2336 3293 2486 3346 novit
2510 3300 2563 3344 ct
2590 3291 2822 3345 Patrem.
2851 3289 2942 3344 Ait
2970 3289 3115 3343 enim
3143 3304 3156 3349 ;
3210 3307 3228 3339 ς
3265 3286 3525 3355 Philippe,
3557 3286 3648 3356 qui

2078 3400 2166 3438 me
2193 3384 2362 3448 videt,
2380 3392 2431 3437 et
2461 3382 2677 3435 Patrem
2710 3396 2887 3435 meum
2922 3379 3066 3433 videt
3100 3397 3145 3428 ι.
3184 3376 3261 3429 Tu
3301 3375 3481 3445 igitur,
3535 3390 3649 3428 mu-

2077 3473 2197 3537 lier,
2228 3488 2349 3527 cum
2384 3480 2471 3524 tua
2504 3480 2612 3524 tota
2643 3467 2849 3541 [gente]
2884 3466 3060 3521 nescis
3090 3464 3305 3518 Patrem
3346 3478 3503 3531 quem
3557 3462 3650 3516 ad-

2076 3579 2222 3628 oras,
2267 3562 2393 3631 quia
2424 3561 2596 3616 adhuc
2624 3576 2729 3613 non
2765 3555 3039 3613 credidisti
3065 3555 3118 3629 in
3148 3554 3341 3608 Filium
3388 3554 3524 3623 ejus,
3553 3568 3651 3623 per

2076 3667 2237 3720 quem
2288 3652 2352 3703 ad
2398 3648 2576 3704 Patris
2627 3647 2872 3702 notitiam
2917 3645 3251 3715 pervenitur.
3300 3643 3367 3698 Et
3415 3644 3516 3697 hoc
3567 3651 3650 3697 est

2076 3739 2218 3809 quod
2248 3738 2531 3805 sequitur:
2560 3737 2699 3801 Quia
2738 3735 2881 3789 salus
2916 3751 2979 3788 ex
3000 3733 3242 3787 Judaeis.
3279 3733 3357 3786 Ac
3392 3732 3435 3787 si
3465 3739 3651 3801 aperte

2076 3831 2285 3886 diceret
2311 3849 2323 3883 :
2351 3830 2471 3884 Ideo
2500 3829 2702 3883 scimus
2735 3830 2876 3897 quod
2906 3827 3218 3889 adoramus,
3256 3822 3551 3893 adjungcns
3592 3834 3648 3873 se

2075 3920 2421 3975 credentibus
2460 3919 2719 3983 Judaeis,
2764 3919 2889 3987 quia
2938 3916 3083 3971 salus
3126 3930 3190 3968 ea:
3234 3913 3475 3976 Iudaeis,
3523 3910 3647 3980 quia

2075 4009 2343 4072 Christus,
2377 4009 2467 4076 qui
2497 4018 2578 4061 est
2606 4008 2769 4062 totius
2794 4006 2978 4060 mundi
3009 4005 3172 4066 salus,
3207 4018 3274 4056 ex
3302 4000 3519 4055 Judaeis
3543 4008 3645 4062 est,

2076 4117 2184 4154 non
2231 4100 2403 4154 solum
2455 4099 2663 4168 origine
2698 4098 2894 4159 carnis,
2930 4111 3112 4149 verum
3158 4092 3320 4146 etiam
3356 4089 3648 4157 propagine

2077 4188 2236 4254 ﬁdei;
2272 4202 2341 4241 ex
2371 4187 2451 4241 eis
2497 4188 2642 4241 enim
2687 4196 2803 4240 orta
2832 4193 2916 4240 est
2965 4184 3096 4237 lides
3140 4188 3193 4233 et
3240 4177 3510 4249 primitiva
3538 4176 3644 4232 Ec-

2076 4279 2259 4333 clesia.

2147 4369 2252 4425 Sed
2278 4371 2408 4423 venit
2435 4367 2565 4421 hora
2601 4376 2647 4421 et
2679 4381 2814 4420 nunc
2853 4373 2948 4416 est.
2983 4360 3180 4414 lloram
3223 4358 3351 4413 dicit
3386 4371 3643 4427 praesen-

2077 4460 2203 4513 tiam
2234 4474 2383 4513 suam
2430 4456 2486 4510 in
2528 4470 2711 4510 carne.
2759 4452 2861 4515 Tu,
2910 4450 3102 4519 inquit,
3154 4447 3364 4510 mulier,
3415 4446 3480 4499 de
3523 4445 3643 4499 loco

398 4531 646 4597 spiritum
677 4534 924 4602 litterae;
953 4555 1086 4593 voca
1122 4541 1291 4610 legem
1320 4543 1544 4611 gratiae,
1573 4560 1711 4612 quae
1734 4555 1818 4599 est
1846 4553 1966 4599 tuus
1999 4529 2042 4585 ί)
2068 4548 2326 4602 adorandi
2385 4563 2469 4602 me
2507 4544 2773 4608 consulis;
2822 4543 2939 4596 ideo
2975 4541 3068 4594 tibi
3111 4540 3263 4605 dico,
3310 4538 3455 4592 venit
3486 4539 3639 4602 hora,

396 4620 564 4683 vir,-a
590 4637 699 4690 quo
749 4627 1080 4694 spiritualcm
1116 4630 1372 4684 virtutum
1419 4632 1622 4699 prolem
1669 4634 1961 4702 concipies,

393 4723 516 4762 cum
542 4725 652 4777 quo
680 4713 820 4766 dona
861 4717 1036 4769 sancti
1069 4718 1303 4787 Spiritus
1345 4720 1439 4773 tibi
1489 4721 1646 4784 dabo,
1676 4725 1873 4792 quibus
1909 4740 1962 4778 Ill

395 4810 479 4850 me
515 4800 740 4853 credere
787 4803 1014 4858 valebis.
1072 4806 1370 4875 ltepudiato
1418 4810 1581 4878 igitur
1622 4822 1776 4867 sexto
1825 4814 1962 4878 viro,

395 4888 595 4941 carnali
625 4889 872 4944 videlicet
901 4892 1036 4962 lege,
1061 4894 1284 4963 jubctur
1310 4897 1644 4955 rationabilis
1666 4903 1845 4955 anima
1875 4917 1966 4955 vo-

395 4987 519 5027 care
543 4976 715 5030 virum
742 4995 925 5045 suum,
957 4982 1060 5035 hoc
1084 4993 1168 5036 est
1196 4984 1402 5039 Novum
1436 4987 1859 5053 Testamentum,
1893 4989 1964 5043 le-

393 5078 513 5131 gem
543 5066 771 5134 gratiae,
802 5071 902 5124 sub
924 5087 1028 5141 qua
1070 5074 1181 5128 sola
1220 5076 1419 5131 salvari
1451 5089 1682 5146 poterat.

460 5154 602 5210 Dicit
621 5160 670 5212 ei
693 5159 884 5213 mulier
903 5181 921 5217 :
946 5162 1184 5230 Domine,
1212 5167 1378 5231 video,
1400 5169 1522 5237 quia
1545 5169 1792 5237 propheta
1814 5186 1867 5222 es
1886 5181 1959 5223 tu.

392 5241 463 5298 Ut
487 5248 737 5315 cognovit
767 5249 960 5305 mulier
992 5267 1057 5306 ex
1103 5254 1208 5319 his,
1238 5271 1378 5323 quae
1403 5257 1451 5310 ei
1485 5258 1740 5312 Dominus
1767 5259 1833 5312 de
1863 5277 1963 5314 nu-

393 5348 541 5387 mero
590 5335 832 5390 virorum
885 5356 1127 5406 suorum,
1176 5344 1349 5412 deque
1396 5360 1493 5397 suo
1535 5343 1801 5400 adulterio
1841 5364 1963 5401 cum

394 5423 508 5477 viro
554 5426 753 5491 alieno,
804 5432 946 5499 quod
1006 5431 1120 5500 ipse
1164 5436 1424 5504 propheta
1472 5436 1663 5503 fuerit,
1712 5440 1965 5492 cominu-i

2071 4654 2325 4708 praesens
2360 4654 2499 4701 smn,
2527 4644 2581 4690 et
2626 4651 2765 4689 nunc
2810 4649 2927 4688 sum
2975 4633 3027 4685 in
3073 4647 3255 4686 carne.
3287 4631 3510 4697 Quando
3538 4630 3642 4683 veri

2067 4730 2373 4783 adoratores
2402 4727 2692 4780 adorabunt
2724 4724 2945 4777 Patren!
2982 4723 3036 4777 in
3083 4724 3270 4793 spiritu
3312 4732 3359 4776 et
3405 4722 3637 4774 veritate.

2071 4817 2389 4886 Priusquam
2426 4817 2690 4881 venirem,
2741 4815 3117 4884 nemo‘potuit
3160 4815 3387 4869 adorare
3422 4811 3639 4865 Patrem

2070 4905 2121 4959 in
2149 4905 2337 4975 spiritu
2367 4914 2421 4959 et
2455 4906 2706 4968 veritate,
2729 4911 2946 4973 praeter
2974 4903 3305 4973 patriarchas
3327 4909 3383 4955 et
3408 4899 3640 4971 prophe-

2071 5006 2172 5060 tas,
2204 4995 2401 5066 quibus
2426 4994 2727 5062 praesentia
2759 5009 2875 5048 mea
2903 4994 2953 5046 in
2984 5009 3149 5047 carne
3176 4990 3407 5047 revelata
3435 4997 3519 5041 est
3543 5000 3640 5056 per

2069 5086 2351 5155 Spiritum,
2383 5094 2668 5156 antequam
2689 5087 2925 5140 venirem
2957 5085 3009 5138 in
3052 5084 3327 5137 mundum.
3353 5081 3469 5134 Non
3489 5095 3634 5148 ergo.

2069 5191 2103 5230 0
2140 5176 2352 5241 mulier,
2381 5176 2432 5229 in
2469 5184 2650 5231 monte
2678 5174 2799 5239 hoc,
2837 5188 3011 5240 neque
3037 5171 3092 5223 in
3131 5168 3497 5223 llicrosolimis
3524 5164 3637 5220 veri

2070 5264 2384 5319 adoratores
2413 5265 2713 5319 adorabunt
2743 5277 2827 5315 me
2847 5270 2899 5314 et
2921 5261 3132 5313 Patrem
3158 5271 3357 5318 meum,
3386 5253 3476 5308 sed
3495 5254 3635 5307 inte-

2074 5355 2185 5409 rius
2214 5356 2264 5409 in
2309 5356 2497 5410 intimo
2540 5355 2740 5423 templo
2795 5352 2974 5407 cordis
3018 5351 3098 5404 sui
3147 5344 3638 5415 intelligentiacque

2075 5457 2220 5496 suae.
2244 5442 2567 5514 Purgahitur
2594 5442 2742 5511 prius
2783 5455 2877 5511 per
2921 5439 3099 5503 ﬁdem,
3135 5433 3519 5491 illuminabitur
3543 5449 3639 5506 per

1673 5591 1752 5643 VA
1764 5590 1919 5645 ΜΔΕ
1959 5591 2333 5650 LECTlOiVES

394 5714 403 5741 l
465 5692 480 5720 ³
514 5691 645 5745 Cod.
668 5709 1005 5765 unaquaeque
1032 5706 1229 5754 anima.
