4194 6276
580 283 687 341 559

1952 280 2234 338 JOANNIS
2269 281 2462 335 SCO'l'l

3708 285 3814 340 560

580 394 885 459 scientiam,
919 393 1226 464 perficietur
1271 409 1366 462 per
1407 391 1822 446 deilicationem.
1858 390 1916 444 In
1965 398 2148 445 monte
2177 393 2224 451 Α
2252 390 2465 443 divinae
2488 390 2818 445 substantiae
2843 391 2893 445 in
2916 378 3098 456 carne,
3131 394 3615 466 rcliqnitltydriam
3642 412 3814 465 suam,

586 484 887 555 theologiae
925 483 978 536 in
1023 482 1213 550 spiritu
1258 483 1577 546 adorabunt,
1609 481 1700 549 qui
1735 480 1935 549 Spiritu
1964 490 2151 536 sancto

582 574 868 631 illuminati
891 579 1068 626 erunt.
1098 570 1307 623 Etenim
1340 571 1502 624 Pater
1530 571 1660 623 tales
1684 569 1886 639 quaerit
1924 571 2147 623 adorau.

580 674 655 719 tes
680 682 754 729 se,
781 663 870 734 qui
903 678 1024 717 eum
1070 662 1122 715 in
1155 661 1345 730 spiritu
1375 677 1471 715 suo
1518 670 1573 714 ct
1618 662 1669 713 in
1701 659 1930 714 veritate
1963 661 2137 730 (εί)εηὶ-

582 755 741 808 tionis
766 768 893 808 suae
917 751 1163 806 adorant.
1192 752 1343 818 Quod
1374 752 1641 821 praedixit
1700 751 1907 805 ratione
1935 750 2145 804 conclu-

584 841 679 906 sit,
703 842 887 895 dicens
913 858 926 895 :
1530 842 1535 848 ’

647 929 879 996 Spiritus
905 929 1063 995 Deus,
1089 937 1137 983 et
1176 939 1456 984 adorantes
1477 947 1531 984 se
1570 948 1624 984 m
1650 941 1836 1001 spiritu
1864 940 1909 983 et
1937 931 2148 983 veritate

576 1026 777 1088 oportet
824 1018 1067 1072 adorare.
1108 1017 1185 1073 Ac
1231 1019 1276 1073 si
1319 1019 1521 1091 diceret
1552 1035 1566 1074 :
1599 1020 1651 1073 Si
1680 1022 1819 1075 Deus
1857 1035 2145 1090 corporeus

579 1117 673 1162 aut
701 1122 895 1180 corpus
920 1118 1082 1175 esset,
1112 1110 1359 1165 fortassis
1385 1120 1668 1181 quaereret
1697 1110 1812 1165 loca
1846 1110 2144 1179 corporalia

576 1200 644 1254 ad
695 1214 755 1255 se
802 1199 1154 1255 adorandum.
1224 1199 1341 1255 Jam
1397 1201 1519 1269 quia
1572 1200 1792 1270 spiritus
1839 1199 1856 1231 ⁸
1901 1209 2014 1265 est,
2051 1215 2144 1255 eos

575 1289 807 1360 quaerit,
835 1290 925 1360 qui
958 1289 1010 1344 in
1039 1290 1229 1358 spiritu
1254 1307 1351 1345 suo
1372 1300 1426 1344 et
1448 1291 1499 1344 in
1532 1290 1802 1343 intellectu
1834 1304 1933 1358 per
1963 1304 2142 1343 veram

572 1381 934 1451 cognitionem
958 1396 1018 1435 se
1039 1381 1282 1436 adorent.

644 1468 785 1523 Dicit
805 1470 851 1523 ei
872 1470 1060 1522 mulier
1082 1487 1100 1523 :
1131 1470 1275 1533 Scio,
1300 1486 1423 1539 quia
1460 1468 1680 1522 Messias
1706 1471 1858 1532 renit,
1892 1471 1983 1540 qui
2015 1471 2144 1524 dici-

573 1568 661 1611 tur
679 1556 938 1613 Christus.
985 1558 1246 1624 Quoniam
1285 1559 1556 1629 praedixit
1597 1557 1854 1614 Dominus
1889 1578 1900 1613 :
1941 1580 1959 1611 ι
2000 1561 2146 1616 venit

572 1646 707 1701 hora
738 1656 792 1701 et
814 1661 956 1701 nunc
977 1654 1061 1701 est
1097 1667 1115 1698 ι
1142 1686 1159 1712 ,
1200 1647 1422 1716 putabat
1452 1646 1644 1701 mulier
1676 1644 1753 1701 de
1793 1646 2007 1712 Messia,
2042 1649 2143 1702 hoc

2251 478 2467 548 reliquit
2516 495 2670 533 usum
2717 495 2871 534 suum
2924 484 3221 549 carnalem,
3273 488 3490 558 reliquit
3536 505 3732 561 aquam
3762 500 3817 546 et

2243 567 2484 621 Studium
2511 568 2742 623 carnalis
2768 570 3046 626 scientiae.
3091 609 3106 624 .
3148 610 3162 626 .
3206 613 3221 626 .
3265 611 3281 628 .
3326 613 3340 628 .
3382 613 3398 629 .
3443 616 3456 630 .
3502 615 3517 631 .
3562 615 3577 631 .
3621 614 3638 632 .
3680 615 3697 632 .
3738 615 3754 631 .
3798 618 3811 631 .

2255 692 2441 721 .'..-"’o
2482 694 2497 709 0
2543 696 2557 710 0
2603 696 2615 709 ο
2661 695 2674 710 ο
2719 698 2729 711 ι
2786 697 2798 712 0
2857 697 2872 711 0
2917 699 2931 711 ο
2975 698 2990 713 0
3037 698 3050 713 0
3091 699 3105 714 0
3159 701 3174 715 0
3218 701 3233 717 0
3275 703 3289 717 0
3335 704 3349 718 0
3390 705 3404 719 0
3449 704 3464 720 0
3505 705 3523 722 ο
3562 706 3579 722 ο
3624 705 3641 721 ο
3682 706 3697 722 0
3741 708 3754 722 ο
3797 708 3810 722 ο

2618 814 3052 876 FBAGMEN
3073 817 3249 879 TUM
3306 818 3437 881 ΙΙΙ.

2808 955 2934 1011 CAP.
2965 956 3055 1024 Vl,
3086 952 3241 1013 5-H.

2248 1198 2457 1251 turbam
2488 1200 2554 1252 ad
2581 1212 2638 1252 se
2663 1199 2964 1254 venientem
2993 1200 3177 1256 videre
3204 1217 3310 1255 non
3331 1211 3530 1271 posset,
3558 1204 3601 1258 si
3627 1205 3810 1263 oculos

2245 1304 2372 1344 suos
2402 1305 2507 1344 non
2556 1291 2778 1356 levaret,
2829 1292 2918 1360 qui
2946 1332 2961 1358 ,
3008 1293 3319 1362 priusquam
3363 1295 3517 1349 ﬁeret
3559 1297 3812 1362 mundus,

2244 1378 2423 1431 omnia
2459 1379 2688 1443 viderat,
2740 1394 2915 1448 neque
2956 1395 3191 1449 unquam
3225 1382 3581 1450 corporalium
3627 1383 3812 1438 oculo-

2245 1479 2362 1518 rum
2419 1465 2789 1521 instrumentis
2841 1468 2907 1522 ad
2955 1468 3243 1522 videndum
3290 1470 3581 1540 indigebat.
3628 1472 3816 1527 Elevat
3900 1544 3907 1547 _

2244 1567 2375 1623 ergo
2400 1554 2587 1608 ocuios
2614 1569 2758 1620 suos,
2786 1556 3015 1610 edocens
3060 1557 3238 1610 cordis
3280 1559 3449 1612 nostri
3493 1558 3678 1613 oculos
3705 1559 3815 1614 ele-

2243 1656 2394 1706 vare,
2442 1650 2721 1712 totumque
2750 1645 3003 1698 mundum
3045 1645 3280 1713 undique
3308 1647 3376 1699 ad
3423 1646 3579 1700 tidem
3609 1647 3811 1703 Christi

572 1745 658 1791 est
708 1737 774 1792 de
821 1746 1053 1793 venturo
1102 1738 1340 1803 Christo,
1369 1751 1526 1807 quem
1585 1738 1761 1791 adhuc
1800 1749 2141 1806 praesentem
2176 1730 2218 1788 B
2246 1745 2591 1787 concurrere.
2623 1732 2824 1788 Levare
2846 1737 3006 1789 etiam
3028 1735 3213 1790 oculos
3236 1737 3405 1791 nostri
3429 1737 3607 1792 cordis
3633 1752 3814 1794 exem—

570 1841 677 1879 non
702 1834 1047 1895 cognoverat,
1077 1827 1227 1896 quasi
1247 1827 1312 1881 de
1338 1826 1442 1880 alio
1469 1826 1690 1879 dixisse.
1717 1825 1973 1879 Audierat
1997 1828 2138 1880 enim

568 1928 635 1967 ex
662 1916 937 1985 prophetis
961 1916 1232 1972 Christmn
1255 1925 1557 1972 venturum.
1588 1916 1708 1969 Ideo
1730 1917 1805 1969 ait
1829 1934 1842 1968 :
1871 1916 1992 1969 Scio
2017 1919 2141 1987 quia

571 2000 790 2058 Messias
840 2006 993 2058 venit.
1052 2004 1204 2060 Venit
1245 2006 1398 2071 dixit,
1441 2020 1545 2058 non
1583 2024 1600 2055 ι
1636 2008 1814 2059 veniet
1848 2026 1896 2071 ι,
1931 2016 1991 2061 ut
2042 2023 2137 2061 sua

566 2095 737 2148 verba
769 2096 948 2149 verbis
977 2098 1274 2165 prophetae
1290 2105 1642 2167 compararet,
1674 2112 1793 2151 cum
1821 2111 1927 2166 quo
1959 2097 2140 2166 loque-

567 2184 757 2251 batur;
786 2194 879 2238 aut
899 2186 1292 2254 quodammodo
1317 2186 1613 2239 illumiuala
1639 2200 1666 2238 a
1702 2186 1891 2254 spiritu
1915 2188 2135 2239 venien-

566 2279 675 2327 tem
723 2272 996 2328 Christum
1042 2274 1473 2343 praeseutialitcr
1534 2273 1824 2337 intellexit,
1871 2281 1961 2326 aut
2010 2275 2135 2342 quia

564 2374 696 2416 umis
725 2361 974 2430 loquendi
1001 2372 1102 2427 est,
1136 2372 1193 2417 ut
1216 2363 1281 2417 de
1306 2379 1389 2426 eo,
1419 2364 1507 2432 qui
1535 2373 1618 2417 est
1653 2364 1703 2416 in
1737 2364 1949 2427 itinere,
1984 2366 2133 2428 venit,

564 2465 689 2506 cum
717 2453 892 2507 adlmc
922 2467 1023 2506 non
1055 2452 1281 2515 venerit,
1314 2453 1542 2506 dicatur.
1577 2452 1798 2507 Messias
1824 2453 2134 2506 hehraicnm

563 2556 760 2596 nomen
786 2550 892 2608 est,
922 2541 1061 2610 quod
1091 2557 1283 2612 graece
1324 2542 1711 2610 interpretatur
1739 2541 2006 2607 Christus,
2035 2543 2135 2596 ht-c

560 2640 647 2686 est
670 2642 882 2686 unctus.
907 2630 1038 2686 Cum
1065 2634 1254 2685 venerit
1279 2631 1384 2695 ille,
1413 2632 1740 2685 adnuntiabit
1763 2633 1909 2686 nobis
1934 2634 2130 2686 omnia.

563 2721 756 2776 Adhuc
775 2738 880 2778 non
913 2722 1177 2777 intellexit
1206 2721 1444 2792 perfecte
1473 2730 1809 2790 praesentem
1835 2721 2128 2784 Christum,

557 2810 789 2866 credidit
815 2820 1016 2877 tamen,
1047 2828 1075 2865 a
1100 2810 1377 2881 prophetis
1403 2810 1634 2875 erudita,
1658 2812 1943 2865 adventum
1972 2810 2130 2864 Chri-

557 2900 628 2954 sti
675 2908 732 2955 et
770 2900 1069 2955 doctrinam
1113 2902 1229 2971 ejus
1280 2900 1537 2954 futuram.
1592 2901 1932 2953 Adnuntiabit
1985 2901 2132 2953 nobis

558 2990 755 3056 omnia,
788 3001 980 3046 cuncta
1023 2991 1291 3056 videlicet,
1343 3006 1483 3060 quae
1514 2991 1578 3044 ad
1628 2990 1827 3043 cultum
1877 3005 2031 3044 suum
2076 2998 2133 3044 et

555 3076 735 3133 Patris
766 3081 847 3134 sui
878 3080 1170 3150 pertinent.

626 3168 765 3222 Dicit
805 3170 853 3222 ei
893 3168 1049 3223 Jews
1081 3185 1099 3223 :
1130 3169 1242 3239 Ego
1269 3188 1406 3235 sum,
1447 3171 1534 3240 qui
1579 3168 1764 3237 loquor
1791 3168 1901 3220 tibi.
1948 3166 2130 3220 Primo

554 3259 817 3315 Dominus
852 3259 1180 3315 intellectum
1220 3261 1461 3315 mulieris
1509 3259 1738 3328 aperuit,
1770 3266 1831 3310 ut
1863 3258 2128 3321 crederet,

556 3349 755 3404 deinde
781 3365 839 3405 se
870 3350 1043 3418 ipsum
1085 3351 1133 3404 ei
1174 3351 1553 3405 manifestavit.
1601 3348 1689 3401 Illa
1717 3348 1982 3416 siquidem
2014 3360 2129 3400 cre-

553 3436 693 3492 didit
722 3439 1032 3508 prophetas,
1068 3439 1158 3509 qui
1202 3439 1270 3494 de
1304 3440 1536 3493 adventu
1583 3436 1785 3490 Christi
1842 3436 2127 3506 praedixe-

554 3533 714 3589 runt;
745 3526 971 3597 ideoque
1000 3528 1195 3582 meruit
1220 3529 1362 3597 loqui
1385 3543 1505 3581 cum
1534 3527 1667 3595 ipso,
1693 3541 1852 3595 quem
1884 3524 2123 3578 futurum

552 3615 879 3679 crediderat,
911 3616 1156 3684 quamvis
1182 3614 1357 3670 adhuc
1386 3627 1727 3683 praesentem
1771 3629 1876 3666 non
1927 3627 2118 3682 cogno-

551 3714 724 3759 verat.
774 3706 938 3776 Cujus
981 3708 1103 3762 lidei
1144 3708 1340 3761 merito
1372 3707 1519 3760 venit
1555 3705 1621 3759 ad
1649 3705 2005 3774 cognitionem
2042 3704 2121 3757 lo-

552 3795 769 3862 qu'entis
793 3796 857 3851 de
887 3811 944 3849 se
974 3798 1090 3867 ipso
1119 3797 1318 3850 Christi
1348 3804 1403 3849 et
1422 3793 1652 3849 dicentis
1682 3812 1695 3846 :
1724 3793 1833 3862 Ego
1862 3810 1977 3847 sum
2011 3795 2123 3863 ipse

549 3883 834 3951 Christus;
869 3902 1026 3955 quem
1074 3887 1355 3957 cognoscis
1403 3884 1665 3951 futurum,
1703 3886 1813 3956 jam
1859 3900 2122 3957 cognosce

549 3988 914 4057 praesentenL

619 4068 688 4123 Et
714 4072 959 4128 continuo
988 4082 1226 4128 venerunt
1250 4071 1492 4140 discipuli
1518 4071 1652 4140 ejus,
1684 4080 1730 4124 et
1770 4072 2118 4139 mirabantur,

545 4161 671 4232 quia
716 4178 833 4216 cum
889 4163 1103 4219 muliere
1158 4163 1482 4234 loquebatur.
1533 4163 1713 4230 Quare
1758 4164 2116 4229 mirabantur,

526 4267 670 4308 ‘cum
699 4254 1015 4323 saepissime
1044 4255 1293 4313 Christus
1339 4254 1550 4310 locutus
1591 4262 1674 4309 est
1713 4270 1836 4310 cum
1883 4256 2120 4309 mulieri-

545 4334 681 4407 bus?
728 4343 843 4398 Non
874 4360 1002 4416 ergo
1059 4347 1391 4401 mirabantur
1440 4347 1722 4403 Dominum
1762 4362 1918 4403 suum
1969 4347 2116 4418 loqui

544 4449 668 4489 cum
698 4433 943 4498 muliere,
968 4437 1061 4489 sed
1091 4438 1193 4492 hoc
1217 4438 1388 4493 soluat
1429 4437 1787 4501 mirabantur,
1834 4438 1963 4506 quia
1994 4453 2115 4491 cum

2242 1820 2330 1889 plo
2355 1820 2555 1877 Christi
2585 1823 2958 1889 admonemur,
2988 1835 3070 1889 ut,
3103 1828 3147 1880 si
3179 1825 3336 1891 forte,
3373 1842 3438 1882 eo
3461 1843 3559 1882 nos
3585 1830 3812 1886 docente

2240 1920 2296 1964 et
2340 1912 2564 1967 interius
2628 1912 2993 1980 illuminante,
3060 1916 3396 1971 altitudinem
3466 1918 3694 1973 actionis
3754 1927 3811 1974 et

2239 2004 2518 2065 scientiae,
2546 2018 2752 2058 necnon
2781 2015 2834 2059 et
2873 1990 3169 2075 theologiae
3202 2008 3494 2062 ascendere
3525 2009 3809 2077 permitta-

2241 2104 2378 2153 mur,
2408 2091 2563 2143 turba
2602 2094 2940 2160 sequentium
2970 2095 3267 2148 carnalium
3296 2097 3679 2164 cogitationum
3708 2112 3810 2153 nos

2237 2194 2341 2233 non
2385 2182 2683 2250 perturbet,
2706 2190 2761 2235 et
2789 2198 2815 2235 a
2849 2184 3322 2254 contemplationis
3364 2186 3646 2240 altitudine
3669 2186 3805 2254 deji—

2236 2270 2363 2333 ciat,
2400 2272 2493 2325 sed
2540 2286 2633 2324 eas
2680 2272 3048 2341 spiritualibus
3086 2275 3246 2338 escis,
3282 2282 3540 2344 quantum
3580 2283 3809 2345 possunt

2237 2373 2455 2427 capere,
2487 2359 2868 2415 satisfaciendo
2895 2377 3119 2431 pascere
3163 2378 3539 2431 procuremus.
3570 2364 3709 2419 Dicit
3739 2367 3809 2419 ad

2238 2445 2558 2517 Philippum.
2582 2449 2881 2519 Philippus,
2896 2453 2987 2519 qui
3006 2453 3395 2521 interpretatur
3412 2470 3469 2506 os
3483 2454 3739 2523 lampadis
3755 2467 3808 2521 ι,

2240 2536 2461 2606 llgnram
2493 2539 2635 2609 gerit
2660 2541 3082 2608 praedicantium
3112 2542 3296 2607 tidem,
3319 2542 3513 2612 quibus
3540 2544 3592 2596 in
3624 2541 3807 2598 altitu-

2236 2626 2364 2681 dine
2411 2628 2880 2697 contemplationis
2927 2645 3050 2683 cum
3097 2628 3312 2685 Christo
3357 2632 3694 2698 constitutis,
3738 2633 3807 2688 de

2237 2716 2536 2769 carnalium
2583 2717 2970 2785 cogitationum
3021 2720 3173 2772 turba
3231 2721 3498 2788 pascenda
3548 2721 3807 2776 Dominus

2236 2804 2475 2871 quotidie
2502 2804 2740 2873 loquitur
2764 2824 2777 2858 :
2808 2805 2957 2860 Unde
2978 2823 3203 2860 ememus
3226 2824 3385 2876 panes
3411 2818 3466 2861 ut
3492 2810 3803 2862 manducent

2236 2892 2288 2943 hi
2302 2892 2327 2945 ?
2372 2891 2485 2945 Hoc
2527 2905 2701 2947 autem
2730 2895 2930 2948 dicebat
2963 2904 3165 2948 tentans
3209 2912 3344 2959 eum,
3371 2896 3474 2951 hoc
3512 2907 3595 2951 est
3646 2897 3806 2952 ﬁdem

2237 2980 2406 3049 ipsius
2434 2983 2499 3036 de
2538 2983 2720 3036 futuro
2759 2983 3022 3039 miraculo
3059 2984 3361 3039 consulens.
3388 2986 3531 3040 Deus
3573 2995 3809 3040 tentator
3846 2965 3862 2977 ’

2160 3067 2204 3126 C
2237 3070 2500 3123 malorum
2526 3081 2631 3125 est.
2653 3072 2850 3127 Tentat
2878 3082 3058 3127 autem
3089 3074 3293 3128 electos
3321 3076 3578 3144 probandi
3608 3076 3803 3145 gratia,

2232 3174 2339 3213 non
2367 3161 2765 3228 supplantandi.
2786 3163 3124 3217 Tentationis
3146 3163 3412 3233 siquidem
3441 3165 3575 3220 duae
3597 3165 3809 3233 species

2231 3258 2377 3314 sunt,
2425 3266 2655 3319 quarum
2708 3267 2814 3306 una
2855 3251 3124 3319 justormn
3170 3254 3365 3322 probat
3404 3254 3597 3320 iidem,
3634 3255 3802 3309 altera

2230 3344 2517 3413 impiorum
2548 3347 2803 3415 reprobat
2834 3347 3140 3415 perﬁdiam.

2301 3431 2421 3501 Ipse
2449 3434 2587 3485 enim
2617 3434 2832 3498 sciebat,
2863 3436 2992 3504 quid
3034 3435 3271 3504 futurum
3298 3444 3407 3488 erat
3440 3434 3630 3502 facere.
3661 3434 3799 3491 Pro-

2226 3521 2409 3587 bandi,
2438 3522 2630 3591 inquit,
2655 3524 2826 3592 gratia
2855 3532 3025 3577 tentat
3047 3525 3306 3578 Dominus
3333 3523 3658 3593 Philippum,
3685 3539 3798 3580 non

2226 3614 2489 3679 discendi,
2540 3615 2667 3682 quid
2713 3613 3021 3669 faciendum
3064 3615 3224 3669 foret.
3272 3614 3387 3683 lpse
3424 3615 3565 3668 enim
3617 3616 3795 3680 novit,

2224 3708 2538 3775 priusquam
2583 3707 2737 3760 ﬂeret
2785 3708 3036 3771 mundus,
3084 3708 3265 3762 omnia
3314 3706 3609 3772 miracula,
3657 3723 3797 3777 quae

2223 3796 2466 3850 facturus
2490 3806 2633 3850 esset
2667 3797 2718 3850 in
2756 3796 2977 3851 mundo.
3009 3797 3160 3863 Quod
3192 3799 3335 3851 enim
3366 3798 3474 3863 ait,
3504 3798 3614 3866 ipse
3660 3798 3797 3851 enim

2220 3887 2434 3951 sciebat,
2458 3902 2563 3940 non
2608 3896 2733 3940 ante
2781 3887 2999 3957 aliquod
3051 3898 3283 3956 tempus,
3332 3886 3427 3942 sed
3463 3896 3591 3941 ante
3618 3887 3797 3941 omnia

2223 3984 2464 4046 tempora
2526 3988 2885 4047 cognoverat,
2943 3977 3070 4047 quid
3124 3976 3363 4030 futurum
3426 3976 3474 4029 ei
3540 3984 3661 4029 erat
3716 3974 3796 4027 fa-

2221 4086 2365 4125 cere.

2294 4161 2577 4231 Responatt
2624 4161 2670 4213 ei
2724 4158 2994 4227 Philippus
3028 4172 3045 4208 :
3079 4157 3437 4211 Ducentorum
3457 4156 3797 4210 denariorum

2219 4266 2379 4320 panes
2410 4266 2513 4303 non
2558 4250 2815 4320 suﬁiciunt
2867 4247 2970 4310 his,
3030 4256 3085 4300 ut
3132 4246 3486 4316 unusquisque
3532 4244 3794 4297 modicum

2222 4340 2348 4410 quid
2377 4341 2620 4409 accipiat.
2652 4338 2843 4392 Adhuc
2874 4337 3157 4407 Philippus
3203 4338 3342 4391 lacte
3369 4336 3651 4391 doctrinae
3691 4348 3792 4388 nu-

2226 4432 2403 4494 tritus,
2433 4428 2661 4483 solidum
2703 4443 2864 4483 verae
2893 4427 3016 4482 ﬁdei
3059 4436 3222 4496 atque
3247 4425 3570 4496 cognitionis
3613 4423 3791 4476 cibum

545 4520 905 4589 Samaritana,
934 4524 985 4576 id
1025 4533 1109 4577 est
1158 4528 1455 4597 alienigena
1506 4527 1762 4591 muliere,
1806 4526 2122 4596 ignorantes
2221 4534 2414 4589 capere
2440 4534 2543 4572 non
2573 4519 2780 4581 valens,
2816 4518 2971 4587 juxta
3002 4532 3131 4571 suae
3163 4517 3276 4583 jam
3310 4515 3525 4569 virtutis
3569 4512 3794 4597 faculta-

493 4622 497 4625 ·
544 4609 859 4678 mysterium
915 4611 1188 4667 Ecclesiae
1244 4617 1309 4669 de
1359 4616 1610 4684 gentibus
1664 4616 1893 4671 futurae.
1947 4616 2117 4670 Nemo

543 4707 718 4751 tamen
743 4696 945 4749 dicebat
971 4711 989 4748 :
1021 4696 1161 4761 Quid
1197 4703 1406 4770 quaeris
1441 4714 1531 4755 aut
1573 4705 1699 4774 quid
1739 4704 1964 4776 loqueris
1998 4721 2116 4761 cum

542 4787 645 4848 ea?
668 4784 782 4847 Non
817 4787 960 4841 enim
985 4788 1102 4841 ausi
1129 4800 1255 4843 sunt
1284 4790 1528 4862 discipuli
1565 4795 1902 4866 interrogare
1931 4797 2112 4851 Domi-‘-

540 4892 670 4941 num
697 4892 873 4942 suum,
916 4878 1184 4937 timentes,
1234 4894 1301 4933 ne
1342 4879 1411 4933 ab
1460 4894 1525 4934 eo
1570 4883 2109 4949 reprehenderentur,

540 4968 589 5023 si
642 4969 858 5031 incaute
908 4984 1030 5041 eum
1098 4969 1525 5040 interrogarent,
1581 4972 1814 5027 nondum
1870 4974 2111 5031 valentes

539 5055 756 5120 futurae
776 5057 1047 5115 Ecclesiae
1069 5059 1382 5130 mysterium
1405 5074 1746 5129 cognoscere.

611 5145 837 5219 Reliquit
890 5165 1012 5219 ergo
1066 5150 1308 5219 hydriam
1370 5166 1520 5203 suam
1572 5148 1778 5204 mulier.
1822 5151 2111 5221 Postquam

540 5239 777 5298 Ecclesia
809 5255 903 5298 εστι
945 5242 1178 5299 humana
1228 5250 1419 5294 natura
1461 5240 1710 5311 ceguovit
1749 5246 2107 5312 praesentiam

2220 4618 2329 4663 tem
2376 4608 2672 4677 respondit,
2701 4606 3033 4676 impossibile
3059 4604 3395 4665 existimans,
3430 4608 3629 4653 tantam
3656 4596 3791 4649 mul-

2216 4699 2496 4753 titudinem
2551 4697 2738 4767 paucis
2784 4696 3012 4765 panibus
3058 4693 3206 4747 relici
3255 4704 3430 4760 posse.
3496 4685 3789 4741 Erudiendi

2215 4784 2398 4857 itaque
2422 4785 2594 4856 gratia
2623 4784 2759 4839 ludit
2799 4783 3058 4838 Dominus
3092 4795 3216 4833 cum
3263 4777 3526 4845 Philippo,
3575 4780 3789 4828 tentans

2218 4877 2334 4948 ejus
2361 4878 2481 4932 lidei
2531 4875 2963 4945 simplicitatem,
2998 4880 3056 4925 ut
3082 4886 3179 4940 per
3206 4870 3306 4924 hoc
3351 4868 3582 4921 disceret
3625 4863 3788 4917 altius

2218 4970 2549 5031 ascendere,
2608 4967 2911 5034 nullamque
2964 4950 3490 5018 diﬂicultatem‘Dco
3539 4956 3789 5011 crederet

2219 5060 2416 5114 inesse.
2445 5058 2590 5114 Ordo
2634 5059 2815 5126 itaque
2860 5054 3361 5125 evangelisantium,
3400 5051 3514 5120 qui,
3552 5057 3611 5103 ut
3655 5046 3789 5102 dixi-

2216 5167 2353 5215 mus,
2393 5166 2492 5220 per
2532 5151 2832 5221 Philippum
2893 5149 3069 5220 typice
3111 5148 3440 5211 insinuatur,
3474 5141 3700 5200 tentanti
3731 5154 3790 5194 se

2220 5244 2472 5306 Domino,
2494 5242 2594 5297 hoc
2622 5250 2726 5307 est,
2754 5242 2912 5299 (idem
2944 5241 3154 5297 illorum
3177 5239 3450 5314 probanti,
3474 5252 3537 5292 ac
3565 5250 3661 5308 per
3686 5233 3788 5291 hoc

1824 5360 1956 5416 VAB
1968 5363 2077 5417 lAE
2117 5360 2513 5418 LECTIONES.

2052 5500 2300 5556 NOTAE.

609 5592 633 5631 II.
676 5583 805 5637 Mira
832 5600 962 5641 sane
985 5587 1391 5663 interpretatio;
1425 5589 1671 5651 derivare
1705 5590 1847 5648 enim
1879 5588 2293 5660 videturvocem
2325 5588 2599 5657 Philippus
2623 5604 2650 5641 a
2679 5598 2758 5655 is,
2794 5606 2871 5655 os,
2901 5600 2952 5643 et
2978 5590 3201 5660 λαμπάς.

611 5427 626 5457 ¹
658 5428 839 5494 Corr.,
865 5429 984 5485 cod.
1012 5431 1100 5500 qui
1125 5448 1155 5484 α
1183 5431 1388 5499 spiritu.
