4194 6276
457 376 558 427 541
1529 372 1873 430 COMMENT.
1915 373 1980 428 IN
2014 374 2450 433 EVANG.’SEC.
2487 374 2676 434 JOAN.
3587 377 3694 433 δη

461 489 625 541 etiam
654 484 919 550 laudanti,
946 485 1219 555 respondit
1248 503 1261 539 :
1292 486 1653 541 Ducentorum
1685 489 2026 543 denariorum
2059 494 2102 549 Α
2132 489 2367 544 sibilium
2390 505 2571 545 rerum
2599 488 3082 559 signiﬁcationibus
3128 489 3422 554 nutriatur,
3465 489 3693 557 pulchre

462 590 632 646 panes
658 591 763 630 non
792 573 1075 629 sulliciunt.
1101 574 1454 629 Centenarius
1473 590 1731 630 numerus
1756 572 2029 646 perlectus
2129 582 2388 637 Dominus
2416 583 2661 650 sequenti
2693 597 2753 635 se
2781 580 2970 635 turbae
3006 581 3240 636 ﬁdelium
3287 592 3457 649 panes
3500 577 3690 633 distrié
3718 631 3723 635 ,

463 676 580 732 est;
624 667 800 722 decies
820 666 963 720 enim
994 665 1179 720 decem
1210 680 1334 719 eum
1366 666 1690 731 coniiciunt;
1724 667 1813 735 qui
1842 681 2028 720 nume-
2124 673 2243 726 1min,
2271 672 2586 736 hordaceos,
2612 681 2669 726 ut
2717 671 2869 740 prius
2916 671 3039 725 inde
3091 671 3316 725 satiatos
3338 669 3355 701 ι
3377 708 3392 734 ,
3415 668 3461 723 si
3508 667 3690 731 ﬁdem,

463 773 557 811 rus
582 757 626 810 si
667 755 827 809 fuerit
857 755 1182 825 duplicatus,
1223 753 1427 810 faciunt
1473 756 1767 821 ducentos;
1800 755 2029 825 pulchre
2127 778 2290 831 quam
2319 770 2663 830 acceperant,
2697 760 3050 825 servaverint,
3073 761 3139 815 ad
3166 759 3468 828 spiritualia
3515 766 3569 812 et
3615 758 3695 812 al-

460 847 836 919 perl’ectionem
881 847 1056 902 bonae
1082 848 1311 902 actionis
1332 856 1389 900 et
1412 845 1747 900 rationabilis
1767 847 2028 902 scientiae
2127 852 2263 906 tiora
2291 851 2630 907 rationabilis
2652 862 2935 907 creaturae
2966 851 3219 906 alimenta
3256 850 3533 920 perducat,
3567 849 3691 919 qui-

460 944 636 1006 typum
663 924 881 1005 gerens,
912 950 1052 1006 quae
1080 936 1391 1004 pascendis,
1429 937 1529 990 hoc
1554 945 1638 990 est
1664 937 1944 991 audiendis
1970 937 2025 991 in

454 1023 557 1079 llde
585 1040 691 1079 non
720 1024 1018 1091 sufﬁciunt,
1047 1026 1149 1079 nisi
1177 1026 1257 1081 eis
1284 1025 1512 1080 altitudo
1536 1025 1831 1095 theologiae
1859 1026 2025 1079 adda-

451 1122 559 1167 tur.
590 1113 750 1169 Actio
790 1115 992 1184 quippe
1018 1115 1276 1168 virtutum
1306 1098 1541 1167 ﬁdelium
1572 1114 1779 1168 animas
1825 1114 2025 1169 solum-

449 1204 615 1259 modo
649 1210 871 1275 purgat,
899 1204 1123 1259 scientia
1152 1219 1281 1257 vero
1325 1219 1505 1258 rerum
1550 1213 1854 1258 creatamm
1903 1204 2024 1257 illu-

452 1296 662 1357 minat;
697 1298 792 1350 sed
823 1296 911 1349 illa
939 1297 1189 1367 purgatio
1229 1305 1390 1365 atque
1437 1297 1751 1352 illuminatio
1796 1298 1876 1352 eis
1918 1312 2023 1352 non

455 1386 671 1451 sutlicit,
699 1388 799 1443 nisi
831 1389 1044 1444 habitus
1064 1389 1340 1459 perfectae
1367 1390 1830 1459 contemplationis
1853 1390 2021 1444 adda-

454 1486 567 1544 tur,
592 1480 685 1548 qui
715 1478 858 1533 solus
880 1480 1087 1534 animas
1116 1480 1183 1533 a‘d
1202 1489 1633 1534 consummatam
1661 1478 2021 1549 spiritualium

453 1564 808 1621 relectionum
837 1568 1224 1636 plenitudinem
1255 1570 1516 1638 perducit.

519 1654 663 1708 Dicit
699 1657 748 1719 ei
795 1673 929 1710 unus
979 1657 1355 1727 discipulorum
1398 1659 1510 1726 ejus
1555 1658 1811 1722 Andreas,
1860 1658 2027 1725 frater

446 1740 678 1799 Simonis
702 1744 879 1799 Petri:
903 1746 994 1799 Est
1020 1746 1271 1815 puerulus
1299 1765 1436 1802 unus
1457 1749 1560 1812 hic,
1576 1749 1664 1817 qui
1693 1748 1841 1801 habet
1869 1749 2022 1817 quin-

2125 942 2240 1005 bus,
2258 943 2566 1012 priusquam
2582 956 2869 1010 corporeos
2887 954 3093 1003 sensus,
3113 940 3420 1008 omniaque,
3438 954 3577 1008 quae
3595 950 3696 1008 per

2123 1045 2217 1085 eos
2245 1032 2540 1101 accipiunt,
2597 1031 3001 1093 transcendant,
3045 1028 3237 1083 nutriri
3287 1044 3397 1083 non
3443 1034 3689 1099 possunt.

2124 1119 2279 1185 Quod
2323 1136 2451 1191 ergo
2480 1121 2579 1185 ait,
2600 1120 2690 1174 sed
2713 1121 2808 1173 hoc
2840 1120 2965 1190 quid
2983 1129 3056 1173 cst
3087 1120 3141 1173 in
3163 1128 3331 1172 tantos
3351 1119 3376 1171 .’
3432 1119 3538 1173 tale
3585 1127 3688 1185 est,

2080 1248 2085 1251 -
2125 1228 2189 1266 ac
2216 1214 2259 1266 si
2299 1212 2502 1267 diceret
2535 1230 2547 1265 :
2582 1206 2739 1281 Legis
2766 1211 2940 1265 littera
2965 1226 3062 1266 seu
3107 1210 3352 1279 corporei
3402 1224 3591 1265 sensus
3638 1218 3694 1264 et

2124 1303 2447 1371 corporalia,
2473 1302 2600 1371 quid
2628 1302 2787 1356 sunt?
2827 1302 2954 1371 quid
2979 1311 3202 1372 prosunt
3224 1302 3290 1357 ad
3315 1311 3519 1358 tantam
3554 1300 3691 1356 mul-

2125 1390 2407 1445 titudinem
2456 1391 2712 1457 ﬁdelium,
2745 1391 2836 1460 qui
2865 1391 2915 1444 in
2950 1399 3001 1446 te
3029 1391 3283 1445 credituri
3317 1400 3459 1455 sunt,
3492 1398 3546 1445 et
3579 1388 3691 1459 spi-

2121 1480 2339 1535 ritualia
2389 1479 2643 1534 alimenta
2695 1480 2952 1549 petituri,
2997 1494 3135 1549 quae
3190 1494 3401 1534 omnem
3451 1479 3686 1543 litteram

2122 1584 2442 1639 omnemque
2465 1584 2778 1638 corporeum
2805 1584 3020 1625 sensum
3054 1568 3340 1637 superant?
3363 1587 3381 1618 ί
3411 1566 3519 1621 Nec
3540 1567 3684 1619 enim

2122 1659 2309 1716 oculus
2333 1660 2487 1737 vidit,
2510 1675 2611 1715 nec
2643 1662 2790 1715 auris
2825 1654 3046 1724 audivit,
3084 1674 3182 1713 nec
3224 1660 3276 1712 in
3321 1674 3418 1713 cor
3456 1657 3689 1713 hominis

2123 1746 2387 1816 ascendit,
2416 1765 2553 1819 quae
2582 1750 2923 1819 praeparavit
2949 1748 3094 1803 Deus
3120 1749 3461 1818 diligentibus
3501 1762 3559 1802 se
3602 1766 3647 1801 ι.

441 1850 541 1903 que
558 1851 721 1904 panes
747 1836 1085 1903 hordeaceos,
1122 1847 1170 1891 et
1216 1838 1349 1891 duos
1401 1838 1698 1906 pisciculos,
1749 1839 1839 1892 sed
1890 1839 2017 1893 haec
2049 1832 2092 1891 Β
2190 1839 2327 1892 Dicit
2353 1848 2523 1892 autem,
2547 1838 2702 1892 Iesus
2725 1856 2745 1892 :
2769 1836 2949 1891 Facite
2970 1838 3201 1891 homines
3225 1837 3535 1890 recumbere.
3560 1834 3687 1888 Erat

438 1923 567 2003 quid
595 1933 718 1978 sunt
740 1925 792 1977 in
813 1928 1030 1980 tantos?
1061 1927 1261 1982 Eadem
1291 1928 1661 1998 simplicitate,
1686 1944 1790 1999 qua
1821 1936 1875 1982 et
1896 1926 2021 1982 ΡΙιί-

438 2007 642 2079 lippus,
672 2013 948 2082 respondit
975 2014 1222 2069 Andreas
1250 2016 1421 2069 frater
1468 2015 1705 2071 Simonis
1750 2017 1915 2069 Petri.
1959 2016 2015 2069 In

438 2112 504 2153 ea
538 2106 718 2157 tamen
759 2100 1106 2175 simplicitate
1139 2103 1417 2173 multiplex
1449 2105 1761 2158 continetur
1786 2103 2014 2159 theoria.

436 2186 705 2247 Puerulus
738 2190 859 2257 iste,
890 2193 980 2264 qui
1022 2190 1175 2262 juxta
1213 2194 1371 2248 ﬁdem
1407 2209 1584 2248 rerum
1615 2203 1892 2265 gestarum
1926 2201 2019 2248 aut

442 2293 582 2333 unus
609 2292 678 2343 ex
706 2280 984 2350 discipulis
1008 2281 1350 2352 intelligitur,
1375 2295 1467 2337 aut
1492 2284 1753 2353 puerulus
1796 2284 2015 2352 quidam

445 2379 513 2419 ex
543 2369 721 2436 turba.
742 2384 878 2443 quae
909 2384 1002 2426 eos
1025 2370 1370 2442 sequebatur,
1396 2375 1622 2442 mystice
1647 2374 2015 2444 legislatorem

446 2455 736 2526 signiﬁcat,
765 2457 947 2517 Mosen
988 2461 1364 2528 videlicet,qui
1385 2463 1545 2515 veluti
1568 2462 1787 2530 quidam
1812 2478 2012 2531 pueru-

442 2543 531 2599 lus
558 2559 666 2598 non
691 2540 982 2616 incongrue
1009 2547 1225 2610 dicitur,
1255 2550 1384 2618 quia
1422 2551 1537 2617 ipsa
1587 2550 1671 2602 lex
1691 2591 1705 2613 ,
1737 2566 1873 2618 quae
1920 2564 2016 2620 per

438 2644 565 2685 eum
594 2632 718 2685 data
746 2642 849 2698 est,
885 2636 1154 2692 neminem
1178 2637 1243 2691 ad
1268 2637 1561 2707 perfectam
1594 2637 1839 2703 iustitiae
1868 2648 2016 2693 aeta-

439 2729 547 2776 tem
573 2723 844 2791 perduxit.
879 2724 1029 2780 Unus
1056 2727 1314 2796 puerulus
1347 2728 1545 2781 dicitur
1573 2729 1865 2797 legislator,
1889 2731 2012 2798 quia

436 2811 701 2866 unitatem
748 2811 1029 2869 Ecclesiae
1081 2814 1323 2869 futuram
1383 2814 1779 2886 praetigurabat
1835 2814 2009 2882 factis,

430 2898 707 2975 dictisque
725 2900 1104 2971 prophetabat.
1141 2903 1241 2958 Hie
1269 2905 1429 2969 dixit,
1457 2905 1559 2960 hoc
1600 2915 1680 2959 est
1728 2906 1779 2960 in
1829 2904 2010 2962 Veteri

441 2986 816 3054 Testamento,
848 2992 990 3059 quod
1041 2992 1150 3061 jam
1196 2991 1344 3048 Novo
1389 2994 1717 3048 clarescente
1757 2993 2012 3050 vilescere

440 3080 643 3148 coepit,
673 3080 849 3135 adhuc
873 3091 1050 3135 tamen
1079 3083 1298 3138 omnino
1324 3100 1428 3137 non
1464 3085 1703 3139 recessit.
1734 3083 1836 3148 Qui
1857 3087 2012 3138 habet

2123 1937 2295 1982 autem
2324 1929 2532 1995 foenum
2560 1927 2779 1980 multum
2808 1927 2864 1979 iu
2892 1926 3023 1978 loco.
3044 1924 3285 1979 Foenum
3311 1924 3532 1977 multum
3558 1923 3690 1993 legis

2121 2017 2357 2072 litteram
2385 2016 2826 2088 signiﬁcat,quae
2853 2014 3130 2083 multiplex
3159 2020 3280 2067 erat
3308 2014 3362 2066 in
3393 2011 3651 2084 symbolis
3669 2051 3686 2077 ,

2121 2107 2337 2162 foenum
2390 2121 2603 2177 quoque
2646 2105 2872 2158 multum
2927 2102 3224 2157 carnalium
3275 2100 3684 2171 cogitationum,

2122 2211 2260 2267 quae
2287 2212 2384 2265 per
2426 2208 2714 2264 corporeos
2755 2207 2944 2247 sensus
2993 2191 3207 2244 animae
3251 2189 3587 2259 ingeruntur,
3620 2187 3689 2243 ab

2123 2302 2293 2357 caque
2343 2287 2534 2340 iterum
2586 2283 2845 2339 citissime
2900 2282 3186 2347 labuntur,
3232 2296 3340 2335 non
3396 2280 3691 2347 incongrue

2122 2378 2410 2449 signiﬁcat.
2440 2375 2670 2430 Pulchre
2692 2388 2905 2444 quoque
2934 2371 3178 2442 discipuli
3203 2370 3459 2441 jubentur
3510 2368 3691 2422 facere

2121 2469 2364 2522 homines
2402 2465 2733 2527 recumbere,
2757 2463 3008 2533 quoniam
3034 2460 3276 2533 magistri
3300 2459 3563 2522 veritatis,
3582 2455 3687 2512 nisi

2119 2561 2269 2631 prius
2294 2559 2454 2612 veluti
2479 2558 2530 2611 in
2557 2555 2754 2611 inlimis
2780 2555 2932 2620 locis,
2956 2554 3008 2608 in
3031 2551 3370 2621 simplicitate
3398 2550 3609 2605 litterae
3635 2553 3692 2602 et

2117 2651 2344 2706 visibilis
2375 2657 2654 2703 creaturae
2700 2661 2827 2709 eos,
2878 2659 3014 2713 quos
3060 2642 3420 2703 nutriverant,
3473 2638 3690 2693 erudire

2119 2736 2399 2805 incipiant,
2427 2734 2481 2787 in
2510 2730 2841 2785 altitudinem
2867 2725 3330 2796 contemplationis
3353 2724 3562 2792 erigere
3581 2735 3688 2775 non

2122 2826 2318 2880 valent.
2350 2822 2564 2876 Primus
2600 2820 2793 2888 quippe
2818 2817 3014 2887 gradus
3038 2823 3152 2879 est,
3182 2815 3249 2867 ad
3293 2811 3685 2867 ascendendam

2119 2915 2452 2971 altitudinem
2476 2913 2756 2974 virtutum,
2785 2915 3005 2961 sanctae
3041 2904 3351 2972 Scripturae
3372 2901 3570 2965 littera,
3599 2913 3687 2956 re-

2120 3018 2347 3072 rumque
2374 3000 2661 3055 visibilium
2691 2997 2919 3065 species,
2941 3004 3001 3047 ut
3018 2993 3170 3063 prius
3201 2992 3333 3046 lecta
3365 2991 3568 3055 littera,
3589 3003 3685 3044 seu

2118 3103 2365 3150 creatura
2394 3094 2651 3160 inspecta,
2676 3088 2728 3141 in
2749 3086 2992 3157 spiritum
3016 3084 3245 3148 litterae,
3268 3089 3324 3135 et
3346 3081 3398 3135 in
3419 3081 3685 3134 rationem

439 3168 670 3238 quinque
697 3182 857 3237 panes
890 3170 1239 3235 hordeaceae;
1285 3172 1520 3240 quinque
1563 3187 1729 3241 panes
1756 3173 2007 3228 hordeaci

2116 3190 2420 3243 creaturae,
2450 3188 2629 3232 rectae
2658 3175 2886 3230 rationis
2918 3172 3192 3244 gressibus
3223 3170 3537 3225 ascendant.
3575 3165 3682 3222 Re-

437 3263 566 3331 sunt
594 3256 832 3325 quinque
858 3256 1122 3314 Mosaicae
1151 3260 1282 3329 legis
1310 3259 1453 3324 libri,
1476 3260 1566 3328 qui
1592 3260 1877 3314 hordeacei
1902 3275 2010 3313 non

431 3345 708 3402 immerito
741 3349 1011 3414 dicuntur,
1042 3352 1165 3420 quia
1197 3351 1442 3406 carnales
1479 3352 1726 3406 homines
1767 3350 1874 3405 illis
1913 3367 2012 3421 pa-

426 3438 742 3493 scebantur.
773 3438 1044 3495 Hordeum
1074 3443 1271 3512 quippe
1287 3443 1658 3512 iumentorum
1684 3451 1769 3498 est
1792 3442 2011 3511 proprie

322 3596 327 3599 _
425 3522 764 3592 alimentum,
800 3543 903 3583 non
940 3531 1236 3586 hominum.
1269 3531 1517 3587 Carnalis
1557 3533 1789 3602 populus
1832 3533 2010 3589 adhuc

426 3615 528 3669 sub
566 3615 751 3671 littera
781 3618 1005 3688 degens,
1037 3627 1091 3674 et
1113 3629 1435 3675 vetustatem
1464 3621 1627 3690 primi
1660 3623 1915 3689 hominis,
1943 3624 2008 3678 de

425 3717 533 3773 quo
570 3705 834 3775 scriptum
851 3714 967 3761 est:
1005 3726 1023 3759 ι
1045 3707 1234 3768 Homo.
1250 3725 1371 3764 cum
1399 3711 1451 3763 in
1478 3711 1687 3765 honore
1713 3720 1874 3778 esset,
1899 3728 2005 3766 non

427 3795 710 3863 intellexit,
736 3806 1082 3868 comparatus
1111 3810 1193 3854 est
1217 3798 1477 3869 jumentis
1521 3799 1916 3871 insipientibus,
1953 3812 2008 3858 et

430 3886 624 3941 similis
652 3887 828 3944 factus
866 3898 951 3943 est
993 3890 1096 3945 illis
1130 3910 1177 3955 ι,
1214 3880 1316 3944 non
1364 3889 1646 3957 deserens,
1678 3886 1731 3947 in
1780 3908 2006 3948 numero

422 3973 793 4044 jumentorum
838 3978 1121 4033 br‘utorum
1170 3980 1608 4049 computabatur,
1657 3996 1722 4035 ac
1770 3997 1869 4052 per
1901 3983 2007 4036 hoc

427 4063 541 4118 sola
569 4060 772 4130 littera,
788 4066 939 4136 quasi
962 4068 1191 4137 quodam
1218 4069 1518 4123 hordeaceo
1538 4083 1674 4138 pane
1692 4070 1861 4123 mixto
1880 4083 2002 4122 cum
2038 4132 2051 4147 .

424 4152 605 4225 palea,
636 4170 743 4210 non
772 4165 952 4212 autem
992 4158 1259 4227 spirituali
1301 4159 1534 4216 medulla
1580 4160 1748 4229 ipsius
1793 4159 2004 4215 litterae

425 4247 767 4301 vescebatur.
795 4247 994 4303 Granis
1027 4248 1292 4318 siquidem
1333 4248 1651 4304 bordeaceis
1679 4250 1752 4302 ita
1779 4258 2001 4303 natura-

426 4332 555 4395 liter
580 4336 755 4390 intimi
784 4339 1057 4407 palearum
1088 4338 1310 4393 folliculi
1356 4339 1672 4405 adhaerent,
1706 4349 1765 4393 ut
1808 4340 1898 4394 vix
1933 4339 2002 4394 ab

425 4436 620 4480 eorum
649 4424 880 4509 medulla
922 4427 1192 4497 segregari
1248 4435 1469 4496 queant,
1520 4427 1768 4497 legalium
1818 4443 2001 4484 sacra-

2113 3271 2399 3326 cubuerunt
2447 3283 2568 3336 ergo
2611 3265 2708 3319 viri
2752 3279 2967 3318 numero
3013 3260 3436 3331 quasi.quinque
3491 3256 3681 3311 millia.

2112 3361 2313 3415 Eadem
2364 3359 2575 3412 ratione
2624 3354 2883 3417 tbeoriae,
2938 3352 3073 3406 sicut
3116 3364 3213 3420 per
3249 3350 3484 3418 quinque
3512 3361 3681 3416 panes

2112 3448 2350 3518 quinque
2376 3446 2498 3500 libri
2537 3444 3011 3512 Mosis,quautum
3058 3439 3127 3493 ad
3176 3438 3412 3494 litteram
3460 3436 3676 3502 attinet,

2111 3552 2206 3594 seu
2245 3536 2480 3606 quinque
2510 3533 2751 3603 corporis
2792 3545 2980 3586 sensus
3026 3528 3413 3599 signiﬁcantur,
3460 3528 3534 3581 ita
3581 3538 3681 3603 per

2109 3627 2350 3697 quinque
2374 3624 2539 3679 millia
2563 3622 2846 3677 multitudo
2866 3635 3069 3681 eorum,
3088 3621 3177 3688 qui
3205 3620 3306 3674 sub
3326 3618 3447 3689 “lege
3467 3618 3681 3680 litterae

2107 3719 2377 3781 vixerunt,
2404 3730 2497 3770 seu
2527 3728 2734 3777 eorum,
2762 3712 2852 3781 qui
2882 3711 3186 3765 carnalibus
3212 3709 3460 3764 sensibus
3491 3709 3669 3763 adhuc

2108 3807 2507 3877 subjiciuntur,
2569 3811 2716 3858 recta
2782 3802 2989 3856 ratione
3042 3801 3300 3855 innuitur.
3350 3798 3679 3853 Milleuarius

2107 3897 2304 3965 quippe
2355 3909 2609 3949 numerus
2658 3891 2927 3961 perfectus
2978 3906 3043 3945 ac
3095 3891 3314 3946 cubicus
3351 3898 3454 3944 est.
3487 3889 3676 3943 Decies

2106 3988 2305 4056 quippe
2353 3986 2537 4039 decem
2584 3984 2765 4037 decies
2804 3981 3089 4036 millenarii
3149 3980 3356 4034 numeri
3409 3990 3674 4034 summam

2106 4072 2417 4128 conﬁciunt.
2471 4071 2620 4136 Qui,
2679 4072 2804 4123 dum
2869 4084 2967 4138 per
3025 4068 3331 4135 quinarium
3386 4080 3675 4127 numerum

2106 4160 2510 4229 multiplicatur,
2536 4158 2824 4213 carnaliter
2848 4157 3145 4210 viventium
3170 4150 3555 4224 plenitudinem
3584 4153 3671 4206 iu.

2104 4255 2305 4307 sinuat.
2332 4249 2432 4316 Qui
2463 4263 2612 4311 mox,
2641 4256 2701 4301 ut
2730 4254 2914 4301 sancta
2940 4245 3163 4299 historia
3190 4252 3244 4296 et
3269 4241 3461 4294 visibili
3492 4253 3671 4297 rerum

2104 4339 2387 4412 superﬁcie
2410 4336 2606 4393 eruditi
2642 4336 2874 4395 fuerant,
2926 4333 2993 4387 ad
3037 4330 3374 4385 altitudinem
3413 4328 3668 4397 spiritua-t

2103 4436 2233 4489 lium
2266 4446 2446 4487 rerum
2479 4425 2759 4485 transituri
2793 4433 2936 4479 sunt.

426 4510 737 4573 mentorum
767 4528 972 4571 necnon
1005 4525 1060 4571 et
1081 4527 1494 4588 praeceptorum
1517 4517 1884 4575 dilllcultatem
1908 4520 1994 4573 in-
2024 4510 2072 4569 D
2167 4524 2372 4586 Accepit
2401 4529 2571 4575 autem
2586 4533 2743 4589 panes
2761 4514 2937 4581 Iesus,
2964 4522 3013 4569 et
3053 4512 3249 4584 gratias
3277 4526 3457 4582 agens,
3487 4510 3667 4566 distri-

424 4602 754 4675 telligentiae
795 4606 1183 4678 signiﬁcantes.
1227 4609 1520 4675 Quinarius
1562 4626 1772 4681 quoque
1806 4625 1996 4665 nume-

423 4700 520 4758 rus
546 4695 980 4753 hordeaceoruin
1008 4715 1210 4770 panum
1234 4701 1472 4769 quinque
1498 4704 1784 4771 corporeos
1809 4716 1998 4756 sensus

419 4783 701 4842 insinuare
727 4803 833 4843 non
863 4789 1158 4860 incongrue
1200 4791 1533 4862 intelligitur.
1576 4793 1788 4860 Quanto
1833 4792 1999 4863 siqui-

421 4873 542 4929 dem
570 4876 693 4943 quis
715 4876 952 4931 lidelium
982 4879 1034 4932 in
1065 4878 1172 4942 bis,
1204 4894 1343 4948 quae
1372 4895 1467 4949 per
1495 4882 1994 4951 quinquepertitum

419 4964 662 5031 corporis
690 4979 911 5020 sensum
942 4967 1301 5037 accipiuntur,
1324 4968 1641 5033 delectatur,
1671 4977 1820 5026 tanto
1855 4971 1996 5022 inter

417 5052 578 5109 bruta
648 5057 907 5117 animalia
968 5060 1175 5115 hordeo
1237 5061 1511 5122 vescentia
1573 5060 1990 5128 computabitur.

419 5139 556 5195 Dum
588 5159 718 5201 vero
744 5160 861 5211 eos,
896 5162 1087 5202 sensus
1110 5149 1252 5214 dico,
1282 5149 1511 5208 actionis
1534 5156 1590 5203 et
1616 5148 1873 5204 scientiae
1909 5148 1993 5202 in-

416 5242 697 5289 cremento
723 5236 980 5303 deserens
1019 5238 1282 5306 spirituali
1310 5254 1433 5294 esca
1467 5238 1719 5301 vescitur,
1750 5253 1855 5292 non
1878 5238 1991 5308 jam

415 5317 558 5374 inter
584 5321 771 5387 bruta,
797 5324 892 5378 sed
930 5325 1074 5385 inter
1100 5327 1384 5382 rationalia
1412 5326 1664 5381 animalia
1690 5335 1989 5395 reputatur.

415 5409 680 5480 Quoniam
716 5418 901 5487 itaque
939 5434 1098 5474 nemo
1136 5421 1202 5475 ad
1247 5420 1584 5474 altitudinem
1628 5419 1887 5475 virtutum
1936 5426 1991 5472 et

415 5506 933 5575 contemplationum
965 5510 1162 5564 sinitur
1188 5511 1498 5576 ascendere,
1529 5510 1630 5566 nisi
1679 5508 1828 5580 prius
1850 5508 1993 5561 ‘scn-

2100 4615 2209 4668 buit
2235 4608 2643 4666 recumbentibus
2663 4647 2675 4671 ,
2702 4604 2941 4658 similiter
2965 4611 3012 4657 et
3035 4618 3101 4656 ea:
3142 4602 3366 4673 piscibus
3414 4609 3665 4669 quantum

2095 4703 2350 4757 volebant.
2378 4699 2596 4766 Accepit
2620 4695 2875 4749 Dominus
2898 4695 3223 4765 panes,quia
3247 4693 3360 4764 ipse
3378 4694 3547 4764 legem
3572 4708 3664 4762 per

2097 4794 2283 4847 Mosen
2312 4790 2488 4852 dedit,
2515 4789 2587 4842 ita
2622 4795 2680 4842 ut
2716 4787 2799 4841 lex
2851 4786 2995 4862 illius
3040 4786 3253 4857 proprie
3301 4786 3529 4849 dicatur,
3562 4784 3665 4852 qui

2097 4882 2264 4945 dedit,
2297 4894 2403 4933 non
2438 4879 2608 4953 illius,
2638 4891 2734 4946 per
2761 4890 2920 4946 quem
2965 4875 3127 4931 veluti
3183 4876 3487 4930 ministrum
3539 4874 3663 4935 data

2096 4982 2197 5029 est.
2232 4972 2298 5026 Et
2332 4972 2530 5043 gratias
2570 4984 2745 5040 agens,
2786 4967 3047 5022 distribuit
3090 4966 3533 5028 recumbentibus;
3576 4963 3664 5017 cui

2095 5063 2313 5133 gratias,
2338 5061 2439 5115 nisi
2469 5058 2740 5128 Patri,qni
2771 5057 2851 5112 sic
2878 5056 3065 5111 dilexit
3092 5056 3365 5117 mundum,
3383 5059 3442 5105 ut
3467 5050 3662 5104 Filium

2096 5169 2249 5208 suum
2277 5153 2453 5216 daret,
2481 5164 2577 5220 per
2599 5163 2757 5218 quem
2788 5153 3032 5214 pasceret
3064 5144 3318 5196 tnundum
3362 5139 3663 5193 visibilium

2096 5240 2448 5296 sacramentis
2479 5246 2533 5292 et
2558 5235 2899 5292 sensibilibus
2929 5229 3214 5293 creaturis,
3244 5235 3302 5280 ut
3322 5227 3573 5294 perbaec
3594 5225 3663 5278 ad

2098 5345 2156 5387 se
2192 5328 2621 5398 cognoscendum
2657 5324 2975 5395 perduceret
3028 5327 3186 5386 atque
3230 5314 3498 5370 nutriret?
3544 5312 3660 5366 Duo

2096 5419 2275 5490 pisces
2296 5419 2401 5473 duo
2430 5422 2776 5476 testamenta,
2802 5416 3063 5479 quantum
3093 5406 3160 5459 ad
3195 5400 3467 5458 sensibilia
3509 5415 3659 5473 sym-

2098 5509 2215 5563 bola
2270 5508 2558 5576 pertinent,
2596 5503 2891 5559 insinuant.
2940 5496 3122 5551 Pisces
3161 5492 3361 5565 quippe
3402 5490 3457 5545 in
3519 5504 3661 5562 aqua

1692 5623 1942 5683 VARIAE
1978 5621 2374 5677 LECTIONES.

486 5703 505 5729 ν
538 5687 683 5754 God.
702 5690 905 5749 satiati.
