4194 6276
500 307 505 315 ι
550 272 656 328 543

1930 268 2216 331 JOANNIS
2253 271 2446 335 SCOTI

3689 280 3794 338 3-H

551 391 682 437 sunt
701 381 972 438 sensibilis
999 381 1259 454 symbola,
1278 382 1331 437 in
1347 383 1550 439 carnali
1570 342 1750 440 adhuc
1771 384 1988 455 populo,
2004 400 2126 455 per-
2153 387 2200 443 Δ
2229 384 2328 439 bus
2353 383 2648 452 spiritualia
2676 383 2975 455 fragmenta
3008 385 3312 442 divinorum
3339 386 3704 445 intellectuum
3738 401 3795 445 et

552 470 699 526 tecte
729 480 907 526 tamen
951 473 1133 525 vivere
1183 472 1475 528 inchoanti.
1524 474 1673 539 Quae
1698 475 1962 545 symbola,
1993 476 2120 529 dum

553 561 716 617 altius
737 562 1132 631 quodammodo
1160 561 1386 633 intelligi
1419 564 1768 633 ineipiuntur,
1804 576 1949 620 recte
1983 567 2125 621 desi—

552 650 884 712 derantibus,
922 656 1182 716 quantum
1219 650 1426 714 volunt,
1466 651 1881 707 distribuuntur.
1930 652 2123 706 Distri-

551 738 719 793 huere
748 738 943 807 quippe
968 746 1073 803 est,
1100 739 1331 793 visibilia
1363 740 1601 810 symbola
1651 741 1720 795 ab
1763 742 2123 796 invisibilibus

552 842 740 882 eorum
768 828 1128 884 intellectibus
1161 830 1488 894 discernere,
1519 840 1574 886 et
1601 831 1756 898 juxta
1785 832 2124 901 uniuscujus-

551 931 655 983 que
676 916 1031 986 capacitatem
1058 905 1352 988 dispertiri.
1381 920 1609 986 Quidam
1639 922 1845 985 volunt,
1872 937 1966 991 per
1988 924 2122 978 duos

550 1004 729 1074 pisces
754 1006 887 1061 duas
911 1021 1170 1075 personas
1206 1008 1259 1061 in
1289 1009 1425 1078 lege,
1452 1010 1595 1080 regis
1642 1011 1894 1066 videlicet
1939 1022 1993 1066 et
2038 1029 2122 1067 sa-

551 1096 817 1159 cerdOtis.
847 1098 1087 1166 quidam,
1118 1099 1407 1168 prophetas
1440 1108 1496 1154 et
1527 1100 1763 1169 psalmos
1805 1103 2118 1171 signiﬁcari.

546 1242 547 1245 η
624 1184 690 1239 Ut
717 1198 890 1241 autent
919 1191 1142 1242 saturati
1167 1201 1308 1255 sunt,
1330 1192 1455 1243 dicit
1485 1192 1753 1261 discipulis
1776 1194 1886 1247 suis
1914 1211 1931 1247 :
1961 1192 2124 1247 Colli-

550 1278 676 1344 gite,
696 1291 830 1345 quae
872 1289 1260 1346 superaverunt,
1296 1279 1607 1347 fragmenta,
1648 1296 1709 1334 ne
1754 1281 1878 1342 quid
1922 1293 2116 1352 pereat.

553 1366 792 1436 Simplex
820 1367 1056 1422 ﬁdelium
1082 1370 1234 1423 turba
1260 1370 1372 1422 sola
1396 1370 1596 1435 littera,
1619 1372 1814 1426 visibili
1848 1384 2117 1439 creatura,

551 1470 762 1510 necnon
789 1467 844 1510 et
869 1457 1168 1513 visibilibus
1215 1460 1470 1529 symbolis
1510 1469 1748 1515 saturata
1790 1471 1953 1530 atque
1987 1478 2119 1517 con-

561 1553 741 1608 tenta;
781 1544 994 1600 litterae
1014 1555 1069 1600 et
1089 1556 1372 1602 creaturae
1400 1562 1453 1603 et
1479 1549 1841 1619 symbolorum
1870 1552 2121 1620 spiritua-

550 1632 628 1688 les
680 1634 979 1691 intellectus
1032 1638 1194 1692 veluti
1245 1640 1455 1693 residua
1503 1642 1765 1710 quaedam
1796 1641 2112 1715 fragmenta,

2212 473 2555 543 colliguntur
2580 483 2633 527 et
2662 472 2956 538 salvantur,
2972 488 3039 528 ne
3061 475 3191 542 quid
3214 490 3401 531 eorum
3424 486 3630 545 pereat.
3653 476 3793 533 Idem

2225 576 2483 616 numerus
2510 561 2766 615 dividitur
2794 561 2847 614 in
2875 572 3079 632 septem
3108 570 3162 615 et
3191 562 3450 633 quinque,
3467 565 3558 633 qui
3588 565 3793 620 numeri

2225 651 2465 706 musicae
2491 650 2761 705 humanae
2788 650 2934 704 vocis
2968 651 3353 718 attribuuntur,
3387 651 3795 722 mirabilemun

2225 741 2568 795 concordiam
2599 739 2839 794 omnium
2870 755 3048 793 rerum
3080 741 3145 794 ad
3184 756 3345 794 unum
3384 741 3542 794 ﬁnem
3574 742 3794 796 redeun-

2227 832 2358 885 tium
2388 832 2606 885 indicat.
2632 830 2924 897 Quinarius
2954 829 3213 898 siquidem
3244 830 3294 883 in
3336 845 3394 884 se
3441 831 3559 899 ipso
3603 830 3789 884 multi-

2224 923 2452 990 plicatus
2480 922 2670 987 viginti
2701 921 2940 991 quinque
2979 936 3261 974 numerum
3301 921 3553 989 complet.
3602 919 3790 990 Septe-

2224 1012 2411 1067 narius
2433 1028 2561 1067 vero
2595 1012 2648 1065 in
2678 1012 2783 1066 duo
2810 1010 3049 1065 membra
3081 1009 3593 1077 dividitur,quorum
3617 1008 3787 1077 majus

2224 1102 2605 1172 qualernarius
2639 1109 2741 1166 est,
2772 1101 2950 1155 minus
2985 1099 3273 1155 ternarius.
3307 1097 3365 1152 Si
3399 1099 3577 1167 itaque
3615 1106 3788 1166 septe-

2224 1191 2435 1246 narium
2465 1205 2746 1245 numerum
2776 1205 2874 1259 per
2902 1188 3128 1243 inferius
3159 1187 3457 1241 membrum
3495 1187 3575 1240 sui
3613 1186 3789 1240 multi-

2222 1281 2527 1350 plicaveris,
2582 1280 2768 1351 viginti
2819 1296 2983 1334 unum
3038 1277 3256 1333 cﬂicies.
3315 1277 3413 1333 Cui
3470 1293 3693 1345 numero
3744 1279 3789 1332 si

2225 1370 2398 1439 majus
2454 1368 2754 1423 membrum
2803 1367 3110 1429 addideris,
3153 1366 3258 1419 erit
3306 1364 3556 1420 similiter
3610 1365 3791 1435 viginti

2221 1459 2489 1527 quinque;
2546 1472 2610 1511 ac
2659 1472 2755 1526 per
2794 1457 2897 1513 hoc
2941 1456 3008 1510 ad
3047 1472 3210 1510 unum
3248 1456 3407 1509 tinem
3432 1455 3711 1524 quinarius
3739 1464 3794 1509 et

2221 1546 2560 1615 septenarius
2589 1545 2922 1615 multiplicati
2953 1546 3222 1600 dicuntur.
3257 1542 3581 1614 Spirituales
3629 1544 3792 1613 igitur

2222 1636 2441 1706 c0phini
2475 1645 2621 1702 sunt,
2653 1637 2745 1707 qui
2804 1639 3002 1692 virtute
3045 1637 3273 1692 actionis
3318 1646 3375 1692 et
3422 1637 3679 1691 scientiae
3721 1636 3789 1690 ad

544 1739 688 1792 quae
715 1726 888 1782 adhuc
910 1729 1154 1783 carnales
1188 1744 1293 1783 non
1320 1741 1542 1799 possunt
1568 1747 1842 1789 assumere
1874 1712 2115 1806 magistri

2222 1742 2386 1781 unum
2418 1726 2578 1781 linem
2613 1736 2865 1782 aeternae
2885 1727 3352 1796 contemplationis
3376 1727 3713 1797 perveniunt.

546 1811 820 1868 Ecclesiae
848 1815 1097 1887 colligere
1114 1818 1391 1888 jubentur,
1422 1834 1490 1875 ne
1510 1823 1636 1890 quid
1663 1838 1726 1877 ex
1752 1824 1881 1892 ipsis
1910 1826 2115 1881 intelle-

545 1904 721 1961 ctibus
749 1922 854 1961 non
879 1908 1200 1965 intellectum
1225 1921 1426 1981 pereat,
1445 1916 1537 1970 sed
1568 1931 1631 1970 ex
1655 1918 1735 1971 eis
1757 1920 2113 1986 spiritualium

546 1994 847 2050 animarum
878 1999 1200 2055 rationabile
1228 2002 1549 2058 desiderium
1583 2006 1637 2059 in
1660 2007 1855 2062 divinis
1876 2021 2115 2065 contem-

549 2081 874 2155 plationibus
898 2088 1141 2143 satietur.
1175 2090 1495 2161 Fragmenta
1533 2094 1712 2163 itaque
1734 2105 1860 2150 sunt
1889 2098 2115 2154 hordea-

534 2186 764 2228 .ceorum
794 2190 1012 2243 panum,
1040 2178 1263 2235 subtiles
1299 2195 1364 2234 ac
1393 2181 1633 2237 diﬁiciles
1663 2185 1964 2242 intellectus
1988 2202 2114 2243 san-

548 2271 668 2317 ctae
701 2264 1012 2334 Scripturae
1038 2277 1092 2321 et
1122 2270 1454 2326 sensibilium
1484 2284 2115 2348 sacramentorum,quas

549 2349 799 2405 doctores
826 2353 1097 2410 Ecclesiae
1125 2357 1176 2411 in
1199 2374 1362 2413 unum
1394 2361 1752 2432 coll’gunt,ne
1778 2367 1904 2434 quid
1940 2383 2004 2422 ex
2035 2370 2114 2424 eis

547 2450 748 2508 pereat,
782 2444 883 2499 hoc
909 2454 1008 2509 est,
1038 2463 1104 2502 ne
1138 2449 1340 2519 aliquid
1391 2467 1455 2507 ex
1509 2454 1588 2508 eis
1630 2465 1925 2521 remaneat,
1972 2459 2115 2526 quod

548 2532 838 2599 capacibus
864 2535 1269 2607 intelligibilium
1294 2555 1545 2595 sensuum
1580 2559 1686 2598 non
1735 2546 2111 2601 distribuatur.

618 2618 937 2692 Colligebant
962 2642 1101 2696 ergo,
1131 2638 1179 2681 et
1207 2629 1542 2699 impleverunt
1571 2634 1844 2687 duodecim
1869 2637 2114 2704 cophinos

546 2706 951 2776 fragmentorum
973 2730 1038 2768 ea:
1061 2717 1286 2787 quinque
1306 2720 1525 2786 panibus
1556 2722 1879 2788 Itordeaceis,
1904 2725 1993 2793 qui
2030 2742 2115 2778 su-

544 2806 847 2862 peraverant
868 2801 1320 2860 manducantibus.
1352 2806 1721 2863 Duodenarius
1759 2813 2110 2881 cophinorum

547 2896 805 2938 numerus
834 2891 1187 2956 capacitatem
1218 2894 1521 2962 sapientum
1564 2898 1979 2967 spiritualesque
2028 2899 2113 2952 in-

548 2969 792 3029 tellectus
839 2976 1198 3048 colligentium
1258 2983 1430 3052 typice
1478 2984 1689 3054 ﬁgurat.
1743 2988 2113 3042 Duodenarius

548 3057 744 3127 quippe
766 3078 1020 3118 numerus
1046 3067 1472 3135 perfectissimus
1498 3081 1599 3137 est,
1627 3074 1917 3145 multisque
1941 3076 2113 3132 modis
2141 3047 2183 3107 C

549 3147 939 3215 consideratus,
986 3152 1040 3205 in
1092 3156 1305 3210 actione
1349 3160 1626 3226 virtutum,
1679 3171 1733 3217 et
1784 3164 2113 3223 inscientia

536 3251 753 3303 rerum,
782 3249 837 3293 et
856 3240 910 3294 in
938 3241 1228 3313 theologia,
1245 3262 1385 3316 quae
1406 3251 1549 3305 circa
1575 3253 1754 3307 divina
1780 3255 2115 3311 solummodo

540 3340 821 3396 versatur,
850 3334 1119 3401 praeditos
1147 3337 1449 3393 divinorum
1493 3342 1767 3397 hominum
1813 3346 2115 3402 intellectus

552 3419 838 3487 signiﬁcat.
862 3422 1102 3478 Primum
1123 3428 1339 3495 quidem
1366 3432 1676 3487 duodenarii
1703 3435 1959 3504 perfectio
1987 3453 2115 3492 con-

551 3509 822 3565 sideratur
847 3526 930 3576 eo,
958 3515 1097 3581 quod
1126 3519 1324 3572 senarii
1349 3523 1557 3577 numeri
1595 3523 1785 3592 duplus
1810 3535 1910 3580 est.
1941 3526 2113 3581 Sena-

551 3599 664 3652 rius
693 3607 869 3654 autem
907 3618 1159 3660 numerus
1172 3608 1562 3676 perfectionem
1594 3613 1856 3668 bonorum
1892 3631 2113 3683 operum

550 3690 606 3742 in
633 3689 735 3743 hac
767 3692 876 3745 vita
911 3693 1178 3761 insinuat;
1236 3713 1374 3765 quae
1425 3702 1467 3755 si
1513 3702 1781 3771 duplicata
1826 3704 2010 3772 fuerit,
2058 3709 2111 3762 in

549 3791 824 3839 aeternam
854 3790 1380 3860 contemplationem,
1408 3809 1546 3863 quae
1589 3798 1752 3851 totius
1789 3797 1960 3854 bonae
1989 3816 2115 3869 Ope-

550 3877 777 3933 rationis
806 3878 1012 3935 fructus
1062 3890 1175 3946 est,
1225 3884 1390 3939 veluti
1438 3888 1490 3940 in
1541 3888 1853 3944 duodenarii
1905 3894 2112 3947 numeri

548 3967 905 4035 quantitatem
935 3974 1255 4027 concrescit.
1283 3974 1413 4028 Item
1465 3977 1826 4035 duodenarius
1872 3980 2011 4035 intra
2056 3998 2114 4036 se

552 4057 716 4112 totius
740 4060 977 4117 musicae
996 4062 1061 4116 ha
1072 4064 1305 4118 rmonias
1332 4066 1593 4121 continet.
1625 4067 1797 4124 Habet
1821 4072 1963 4124 enim
1995 4071 2113 4126 dia-

550 4156 792 4204 tessaron
845 4164 871 4193 ι
930 4153 982 4208 in
1033 4157 1382 4224 quaternario
1429 4174 1549 4213 eum
1601 4162 1837 4215 ternario
1884 4163 2110 4228 collato;

550 4239 714 4295 habet
734 4242 985 4311 diapente
1012 4246 1065 4299 in
1095 4250 1329 4302 ternario
1360 4257 1415 4303 et
1442 4249 1686 4315 binario;
1738 4252 1902 4308 habet
1931 4254 2114 4323 diapa-

549 4340 645 4382 son
678 4330 816 4384 inter
862 4335 1093 4403 seipsum
1142 4345 1196 4390 et
1241 4339 1533 4394 senarium.
1585 4339 1726 4395 Intra
1775 4343 2110 4397 octonarium
2144 4376 2191 4435 υ

549 4436 763 4489 quoque
792 4439 1074 4479 numerum
1107 4427 1311 4498 integra
1332 4430 1588 4499 diapason
1610 4440 1712 4485 est.
1736 4431 1907 4486 Habet
1928 4442 2109 4487 tonum

550 4510 694 4563 inter
720 4514 1069 4566 novenarium
1095 4525 1148 4568 et
1169 4520 1528 4574 octonarium.
1557 4519 1657 4586 Qui
1692 4536 1883 4576 omnes
1903 4522 2113 4576 numeri

548 4596 692 4650 intra
727 4601 985 4653 terminos
1011 4600 1322 4658 duodenarii
1355 4607 1716 4662 continentur.
1759 4607 1836 4662 Ac
1876 4624 1972 4677 per
2012 4608 2114 4664 hoc

550 4686 791 4741 omnium
816 4702 992 4742 rerum
1013 4690 1303 4745 visibilium
1342 4704 1399 4748 et
1441 4696 1785 4751 invisibilium
1832 4697 2113 4751 harmonia

552 4793 796 4833 connexa
829 4780 917 4834 tali
950 4795 1174 4835 numero
1203 4780 1481 4852 ﬁguratur.
1502 4784 1652 4850 Quae
1680 4786 1957 4841 harmonia
1987 4787 2117 4841 solis

552 4866 764 4922 divinas
790 4881 877 4921 res
922 4867 1357 4938 latelligentibus,
1389 4879 1644 4940 quantum
1685 4872 1843 4927 datur
1883 4875 2113 4929 homini-

544 4955 675 5019 bus,
700 4965 822 5010 nota
849 4968 903 5010 et
928 4958 1426 5027 comprehensibilis
1447 4969 1547 5014 est.
1590 4961 1956 5017 Duodenarius
1981 4979 2114 5033 quo-

550 5055 658 5111 que
685 5058 939 5102 numerus
961 5047 1015 5100 in
1043 5047 1226 5102 decem
1257 5049 1512 5102 dividitur
1531 5060 1585 5103 et
1607 5050 1730 5103 duo.
1758 5049 2045 5121 Propterea
2062 5063 2115 5108 et

551 5132 722 5204 legem
744 5134 1011 5205 signiﬁcat
1033 5135 1265 5202 litterae,
1300 5151 1440 5205 quae
1483 5138 1701 5193 denaria
1736 5150 1838 5204 est,
1867 5150 1920 5193 et
1968 5142 2111 5195 cari-

552 5225 680 5280 tatis
696 5238 1068 5297 praeceptum,
1097 5229 1241 5297 quod
1267 5228 1321 5282 in
1367 5241 1428 5283 se
1470 5229 1792 5299 geminatur,
1820 5238 1874 5285 et
1924 5230 1977 5284 in
2009 5246 2115 5300 quo

555 5312 639 5367 lex
667 5316 906 5383 pendunt
932 5324 988 5370 et
1018 5317 1327 5385 prophetae.
1360 5317 1590 5385 Ideoque
1633 5319 1724 5386 qui
1752 5318 1922 5386 legem
1951 5333 2108 5386 prae-

555 5414 712 5472 cepto
734 5407 980 5463 caritatis
1024 5407 1352 5478 adimplent,
1380 5408 1481 5477 ipsi
1504 5417 1631 5463 sunt
1652 5408 1891 5478 cophini,
1924 5408 1975 5461 in
2002 5408 2117 5477 qui-

2288 1816 2537 1872 Homines
2572 1834 2690 1888 ergo
2745 1817 2984 1885 uidentes,
3024 1820 3161 1888 quod
3211 1819 3328 1887 fecit
3367 1820 3570 1887 signum
3598 1816 3782 1880 Iesus,

2214 1907 2451 1961 dicebant
2489 1907 2669 1972 :Quia
2698 1908 2804 1976 ipse
2857 1917 2930 1961 est
2972 1925 3085 1962 vere
3129 1909 3395 1977 propheta,
3427 1908 3517 1977 qui
3558 1908 3688 1971 venit
3724 1910 3781 1962 in

2213 1997 2485 2051 mundum.
2517 1996 2713 2051 lterum
2746 1997 3059 2066 imperfecta
3084 2000 3236 2052 turba
3264 1998 3679 2069 redarguiturin
3697 2014 3786 2063 eo,

2213 2086 2353 2152 quod
2382 2094 2597 2153 propter
2632 2086 2840 2155 signum
2869 2086 3098 2151 visibile,
3133 2101 3235 2140 non
3284 2096 3504 2155 propter
3531 2087 3787 2140 virtutem

2215 2175 2593 2245 intelligibilem
2621 2177 2759 2245 signi
2786 2177 3035 2231 dicebant
3064 2196 3078 2229 :
3116 2178 3238 2248 quia
3277 2179 3386 2244 ipse
3436 2186 3509 2230 est
3534 2192 3648 2231 vere
3669 2193 3789 2245 pro-

2210 2264 2383 2333 pheta,
2407 2264 2496 2332 qui
2528 2266 2662 2318 venit
2701 2264 2753 2317 in
2776 2266 3046 2318 mundum.
3079 2266 3134 2319 lu
3164 2266 3270 2319 hoc
3298 2264 3557 2319 miraculo
3599 2264 3789 2331 quina-

2211 2356 2324 2409 riae
2352 2356 2672 2424 quantitatis
2690 2356 3111 2409 hordeaceorum
3142 2372 3341 2424 panum
3372 2367 3475 2408 non
3497 2355 3612 2407 sine
3629 2368 3790 2407 causa

2212 2447 2511 2516 quaeritur,
2540 2447 2666 2514 quid
2690 2445 2821 2509 vult,
2848 2447 2991 2514 quod
3018 2445 3313 2515 fragmenta
3334 2446 3571 2514 quinque
3586 2459 3784 2513 panum

2213 2537 2564 2597 solummodo.
2587 2551 2691 2589 non
2722 2544 2898 2589 autem
2923 2536 3150 2589 duorum
3183 2536 3413 2604 piscium
3445 2534 3787 2603 colligantur,

2213 2642 2277 2682 ex
2309 2627 2503 2695 quibus
2532 2627 2813 2680 duodecim
2849 2626 3061 2693 c0phini
3080 2626 3386 2694 implentur,
3409 2641 3529 2680 cum
3547 2640 3611 2677 ex
3630 2626 3789 2691 quin-

2214 2730 2318 2785 que
2346 2716 2573 2784 pauibus
2599 2724 2654 2769 et
2680 2716 2887 2770 duobus
2911 2717 3147 2784 piscibus
3177 2717 3411 2784 quinque
3433 2715 3596 2768 millia
3616 2714 3789 2768 homi-

2213 2822 2338 2860 num
2363 2815 2602 2860 saturata
2644 2807 2809 2861 fuisse
2848 2806 3193 2876 Evangelium
3220 2815 3424 2861 narret.
3468 2804 3632 2874 Cujus
3674 2819 3791 2874 my—

2212 2897 2613 2951 steriiobseura
2647 2897 2777 2952 mihi
2800 2897 3014 2952 videtur
3040 2896 3399 2965 profunditas,
3427 2905 3486 2949 ut
3522 2898 3611 2949 vix
3645 2896 3792 2950 inve-é

2215 2988 2398 3059 stigari
2423 2995 2603 3055 queat.
2631 2987 2960 3057 Augustinus
2991 2987 3187 3055 quippe
3226 2986 3278 3039 in
3320 2984 3656 3053 expositione
3694 2998 3788 3037 sua

2217 3077 2270 3130 in
2313 3075 2572 3131 Joannem
2605 3075 2679 3130 nil
2730 3076 2850 3129 inde
2894 3084 3107 3138 tractat,
3153 3075 3247 3129 sed
3296 3075 3515 3127 omnino
3555 3081 3791 3142 praeter-

2217 3165 2380 3219 misit.
2419 3164 2753 3232 Quamquam
2785 3163 2968 3217 multis
2995 3162 3238 3217 sullicere
3265 3161 3524 3224 videatur,
3558 3161 3698 3229 quod
3736 3160 3787 3212 in

2216 3254 2399 3310 Marco
2422 3255 2618 3323 legitur
2647 3271 2661 3307 :
2693 3273 2710 3305 ι
2770 3253 3005 3308 tulerunt
3056 3254 3476 3323 fragmentorum
3507 3250 3783 3304 duodecim

2215 3344 2471 3412 cophinos
2493 3342 2697 3412 plenos,
2718 3351 2773 3396 et
2797 3358 2827 3395 a
2872 3342 3111 3410 piscibus
3143 3361 3188 3402 ι,
3221 3348 3281 3395 ιιι
3307 3339 3730 3408 subintelligatur
3768 3353 3784 3391 :

2216 3441 2270 3487 et
2297 3449 2326 3486 a
2347 3434 2581 3503 piscibus
2603 3432 2838 3485 tulerunt
2868 3431 3190 3501 fragmenta,
3205 3438 3298 3483 aut
3319 3429 3444 3492 alia,
3460 3437 3551 3482 aut
3575 3429 3783 3483 eadem.

2216 3523 2321 3579 Sed
2353 3524 2399 3578 si
2427 3523 2549 3587 alia,
2609 3538 2713 3577 non
2749 3538 2848 3586 xu,
2879 3523 2971 3576 sed
3026 3538 3179 3577 xxnu
3206 3521 3422 3590 c0phini
3473 3520 3708 3582 fuerunt,
3734 3519 3781 3573 si

2213 3615 2421 3677 eadem,
2454 3612 2739 3667 suffecerat
2811 3613 2991 3666 dicere
3024 3626 3037 3664 :
3069 3611 3303 3665 tulerunt
3358 3610 3779 3679 fragmentorum

2213 3707 2493 3762 duodecim
2554 3705 2831 3773 cophinos.
2872 3705 3093 3760 Videtur
3127 3719 3231 3758 non
3269 3717 3459 3756 vacare
3489 3700 3768 3769 mysterio,

2212 3796 2352 3866 quod
2381 3794 2545 3849 veluti
2574 3802 2696 3863 post
2725 3794 3022 3863 fragmenta
3052 3794 3206 3863 panis
3226 3791 3451 3847 collecta
3473 3790 3549 3843 ait
3578 3807 3590 3841 :
3621 3807 3639 3839 ι
3668 3797 3724 3843 et
3753 3804 3783 3841 a

2212 3888 2445 3959 piscibus
2476 3905 2524 3949 ι,
2553 3885 2814 3950 absolute,
2843 3885 2916 3938 nil
2945 3886 3168 3939 addens.
3194 3883 3491 3937 Matthaeus
3516 3880 3785 3949 siquidem

2211 3987 2268 4033 ct
2290 3978 2464 4032 Lucas
2495 3976 2787 4031 indiscrete
2809 3975 3107 4046 fragmenta
3121 3981 3566 4036 commemorant,
3592 3971 3644 4023 in
3668 3984 3787 4023 am-

2212 4067 2375 4136 biguo
2398 4065 2717 4134 linquentes,
2746 4073 2926 4119 utrum
2951 4063 3286 4118 solummodo
3300 4077 3518 4130 panum,
3545 4069 3601 4112 ut
3627 4057 3789 4113 Joan-

2213 4170 2327 4218 nes,
2373 4170 2441 4208 an
2487 4169 2684 4223 panum
2718 4152 2878 4207 simul
2920 4161 2976 4206 et
3006 4152 3251 4221 piscium.
3292 4148 3784 4216 Conemuritaque,

2212 4252 2470 4314 quantum
2500 4244 2590 4297 lux
2618 4243 2874 4298 mentium
2902 4242 3131 4306 dederit,
3164 4242 3458 4310 inquirere,
3498 4255 3603 4294 non
3661 4238 3788 4291 alio-

2214 4351 2335 4391 rum
2408 4350 2601 4390 sensus
2670 4332 3110 4404 praejudieando.
3162 4332 3531 4387 Praediximus
3574 4329 3788 4399 quippe,

2214 4426 2451 4495 quinque
2477 4438 2669 4478 sensus
2697 4423 2937 4492 corporis
2963 4437 3056 4477 seu
3075 4422 3312 4491 quinque
3332 4420 3499 4473 libros
3523 4417 3791 4470 Mosaicos

2216 4515 2467 4586 quinario
2497 4529 2694 4584 panum
2725 4528 2952 4568 nurnero
2974 4512 3259 4576 insinuari,
3287 4509 3492 4564 duobus
3521 4521 3649 4559 vero
3676 4504 3786 4571 pis-

2216 4606 2370 4661 cibus
2424 4605 2706 4672 utriusque
2764 4602 3092 4658 Tcslamenti
3146 4597 3403 4673 symbola.
3457 4595 3557 4649 Ubi
3613 4593 3789 4661 primo

2214 4695 2599 4764 quaerendum,
2641 4693 2768 4762 quid
2819 4693 2958 4746 inter
3010 4689 3259 4762 mysteria
3289 4686 3452 4739 distat
3505 4681 3789 4747 utriusque

2214 4784 2372 4855 legis,
2394 4784 2605 4838 litterae
2630 4782 2877 4837 videlicet
2906 4790 2960 4835 et
2977 4780 3203 4850 gratiae,
3226 4785 3278 4829 et
3303 4771 3562 4842 symbola.
3590 4769 3785 4838 Myste-

2217 4874 2296 4928 ria
2338 4874 2522 4942 itaque
2566 4871 2778 4941 proprie
2825 4878 2968 4931 sunt,
3018 4880 3156 4936 quae
3197 4864 3351 4933 juxta
3379 4858 3686 4929 allegoriam
3731 4864 3790 4909 et

2216 4963 2343 5017 facti
2373 4972 2429 5016 et
2450 4960 2574 5015 dicti
2605 4960 2909 5020 traduntur,
2938 4956 3042 5009 hoc
3086 4960 3189 5017 est,
3236 4950 3325 5003 et'
3346 4946 3639 5001 secundum
3696 4957 3791 4996 res

2215 5059 2396 5121 gestas
2420 5048 2560 5103 facta
2583 5055 2707 5102 sunt
2733 5055 2786 5099 et
2808 5044 2969 5106 dicta,
2998 5041 3124 5110 quia
3156 5046 3463 5092 narrantur.
3487 5032 3785 5101 Verbigra-

2221 5141 2293 5196 tia
2326 5139 2618 5195 Mosaicum
2654 5132 3058 5190 tabernaculum
3116 5138 3173 5184 ct
3208 5129 3503 5185 secundum
3550 5139 3665 5177 rem
3700 5134 3789 5191 ge-

2217 5238 2356 5286 stam
2396 5237 2516 5284 erat
2543 5233 2932 5287 constructum,
2959 5231 3015 5277 et
3057 5230 3205 5276 textu
3234 5227 3453 5275 sanctae
3478 5214 3791 5282 Scripturae

2219 5320 2421 5374 dictum
2448 5328 2609 5386 atque
2647 5323 2945 5370 narratum.
2983 5311 3241 5367 Similiter
3272 5312 3605 5363 sacramenta
3641 5300 3783 5367 lcga-

2221 5408 2350 5463 lium
2373 5409 2673 5465 hostiarum
2702 5414 2758 5460 et
2785 5405 3078 5461 secundum
3108 5400 3390 5458 historiam
3445 5392 3584 5448 facta
3639 5396 3791 5449 sunt.

2071 5519 2249 5576 ΝΟΤΑ
2259 5521 2317 5574 E.

631 5598 655 5623 ι
696 5583 935 5647 Respicit
955 5586 1285 5644 Graecorum
1313 5588 1644 5644 harmonias.
