4194 6276
426 350 529 408 535

1482 345 1827 408 conusnr.
1868 344 1937 405 IN
1966 310 2227 405 nunc.
2268 347 2414 405 ssc.
2453 347 2642 404 JOAN.

428 473 485 518 et
506 440 649 518 dicta
680 446 808 518 sunt
856 460 1147 518 secundum
1200 446 1586 514 narrationem.
1632 459 1989 515 Circumcisio
2016 469 2062 525 Α
2094 460 2316 513 multum
2345 457 2540 522 fuerat,
2571 456 2854 511 Dominum
2886 457 3098 511 turbam
3127 457 3357 527 pavisse.
3412 459 3515 517 Ubi
3557 463 3677 528 ait;

429 554 678 608 similiter
700 563 752 607 et
779 553 917 608 facta
944 562 1025 606 est
1065 553 1115 604 in
1143 564 1330 615 carne,
1360 558 1414 603 et
1453 540 1682 603 narrata
1706 558 1791 603 est
1817 550 1871 602 in
1901 549 1988 604 lit-

430 653 566 698 tera.
595 644 649 697 ln
677 642 820 696 Novo
850 654 1062 711 quoque
1087 640 1433 695 Testamento
1484 639 1736 710 mysteria
1787 639 1991 710 baptis-

431 732 609 796 matis,
640 731 896 784 Dominici
921 744 1135 798 quoque
1164 730 1409 799 corporis
1430 740 1493 782 ac
1516 728 1814 798 sanguinis,
1862 743 1989 782 nec-

427 837 533 875 non
558 829 608 876 et
636 820 804 874 sancti
837 820 1151 874 chrismatis
1173 818 1327 886 juxta
1362 832 1449 873 res
1489 826 1669 887 gestas
1693 815 1990 871 conﬁciun-

427 921 528 975 tur,
558 920 609 966 et
630 910 826 963 litteris
854 909 1143 962 traduntur
1172 916 1229 962 et
1261 908 1531 962 dicuntur.
1556 908 1624 960 Et
1654 908 1786 960 haec
1813 907 1997 959 forma

419 1007 877 1054 sacramentorum
905 988 1160 1066 allegoria
1187 996 1313 1051 facti
1345 1006 1398 1052 et
1427 997 1554 1050 dicti
1581 1011 1614 1049 a
1642 996 1843 1051 sanctis
1878 992 1983 1048 Pa;

418 1087 592 1140 tribus
635 1086 1028 1140 rationabiliter
1078 1085 1360 1138 vocitatur.
1410 1084 1592 1138 Altera
1646 1083 1821 1138 forma
1879 1092 1984 1150 est,

416 1193 558 1245 quae
600 1179 818 1246 proprie
855 1174 1079 1244 symboli
1128 1188 1323 1227 nomen
1368 1175 1593 1243 accepit,
1647 1183 1704 1227 et
1729 1173 1981 1241 allegoria

419 1264 574 1328 dicti,
606 1278 712 1317 non
740 1260 923 1315 autem
943 1262 1068 1315 facti
1103 1261 1416 1330 appellatur,
1462 1262 1717 1330 quoniam
1745 1262 1798 1315 in
1828 1261 1985 1315 dictis

422 1351 761 1404 solummodo
785 1350 1077 1418 spiritualis
1106 1350 1402 1414 doctrinae,
1433 1365 1538 1403 non
1592 1359 1768 1404 autem
1800 1352 1855 1404 in
1902 1350 1985 1403 fa-

422 1439 526 1493 ctis
552 1438 896 1492 sensibilibus
915 1438 1279 1491 constituitur.
1310 1437 1566 1507 Mysteria
1602 1439 1781 1508 itaque
1831 1449 1979 1503 sunt,

420 1540 560 1593 quae
592 1526 647 1579 in
675 1534 901 1593 utroque
930 1524 1271 1578 Testamento
1297 1532 1351 1577 et
1373 1528 1667 1579 secundum
1700 1526 1980 1579 historiam

419 1614 561 1667 facta
586 1621 730 1678 sunt,
757 1621 811 1667 et
834 1615 1125 1667 secundum
1156 1613 1390 1667 litteram
1432 1624 1687 1679 narrata;
1739 1615 1983 1685 syntheta

416 1715 563 1766 vero,
606 1716 743 1769 quae
792 1700 1128 1755 solummodo
1174 1717 1282 1756 non
1334 1700 1496 1766 facta,
1522 1704 1616 1757 sed
1653 1704 1805 1771 quasi
1835 1703 1979 1757 facta

2095 568 2113 599 ι
2140 556 2390 602 reversus
2418 547 2473 599 in
2501 546 2739 599 montem
2765 545 2879 613 ipse
2902 546 3048 600 solus
3070 564 3090 597 ι
3116 562 3131 611 ;
3167 554 3224 599 ut
3246 547 3542 603 secundum
3579 564 3668 605 res

2088 643 2267 705 gestas
2295 635 2651 704 accipiamus,
2704 633 2875 688 solum
2904 633 3187 688 Dominum
3236 650 3359 690 cum
3388 635 3668 705 discipulis

2086 726 2198 778 suis
2233 725 2385 794 prius
2408 723 2718 779 ascendisse
2748 725 2805 777 in
2837 734 3101 788 montem,
3135 740 3200 778 ac
3243 724 3437 779 deinde
3464 725 3669 787 iterum

2085 812 2153 865 ad
2200 812 2454 867 inferiora
2499 812 2858 877 descendisse,
2898 813 3268 883 miraculoque
3313 825 3537 883 peracto
3574 830 3665 870 so-

2083 903 2194 958 lum
2243 907 2439 959 iterum
2485 907 2539 959 in
2579 915 2817 960 montem
2865 907 3107 963 rediisse.
3155 907 3293 962 Huic
3332 909 3673 977 multitudini

2085 991 2244 1046 ﬁdem
2290 991 2492 1047 Christi
2518 994 2778 1047 esurienti
2823 1004 3165 1064 apponuntur
3213 996 3453 1065 quinque
3494 1012 3673 1066 panes

2081 1088 2137 1133 et
2165 1081 2270 1134 duo
2295 1082 2489 1150 pisces,
2522 1083 2625 1136 hoc
2649 1093 2733 1136 est
2759 1093 3116 1148 sacramenta,
3157 1098 3293 1152 quae
3336 1094 3394 1140 et
3428 1084 3573 1141 facta
3601 1098 3656 1141 et

2082 1168 2284 1235 scripta
2310 1178 2453 1233 sunt,
2478 1180 2534 1223 et
2582 1170 2821 1240 symbola
2846 1210 2861 1234 ,
2910 1187 3050 1240 quae
3092 1173 3432 1228 solummodo
3479 1176 3654 1241 dicta,

2082 1269 2188 1309 non
2215 1263 2391 1309 autem
2425 1255 2588 1311 facta.
2613 1257 2895 1325 Accipiens
2926 1258 3173 1312 Christus
3214 1274 3381 1329 panes
3421 1261 3652 1332 quinque

2080 1349 2137 1394 et
2159 1342 2294 1397 duos
2328 1344 2526 1411 pisces,
2556 1351 2611 1397 et
2630 1345 2833 1412 gratias
2861 1358 3046 1414 agens,
3074 1346 3222 1401 Patri
3252 1347 3536 1414 videlicet,
3564 1351 3653 1419 qui

2082 1430 2249 1484 voluit
2278 1429 2461 1485 ﬁdeles
2488 1446 2615 1487 suos
2640 1432 2896 1501 symbolis
2920 1448 2984 1487 ac
3011 1437 3364 1490 sacramentis
3391 1452 3616 1507 pascere
3636 1477 3654 1504 ,

2081 1518 2247 1571 tradit
2272 1519 2549 1588 discipulis
2583 1520 2711 1584 suis,
2743 1521 3015 1590 magistris
3031 1522 3144 1577 suis
3162 1562 3178 1586 ,
3222 1524 3484 1579 ministris
3500 1526 3653 1592 suis;

2080 1605 2182 1675 ipsi
2210 1621 2336 1661 vero
2372 1611 2558 1662 turbae
2604 1608 2868 1662 dividunt.
2903 1609 3078 1665 Panes
3112 1612 3399 1667 hordeacei
3428 1628 3459 1666 a
3484 1614 3647 1669 disci-

2080 1694 2220 1762 pulis
2249 1694 2592 1764 franguntur,
2622 1698 2747 1752 dum
2772 1700 2838 1754 ab
2865 1700 2944 1754 eis
2970 1702 3250 1770 utriusque
3287 1704 3423 1773 legis
3451 1713 3654 1774 myste-

410 1790 522 1845 sola
548 1789 791 1845 doctrina
821 1790 1092 1844 dicuntur.
1130 1788 1291 1846 Verbi
1315 1791 1510 1859 gratia,
1557 1791 1609 1844 in
1645 1793 1817 1846 veteri
1865 1793 1980 1863 lege
2009 1792 2055 1851 Β
2084 1784 2163 1837 ria
2201 1784 2254 1838 in
2285 1802 2372 1841 res
2396 1797 2575 1857 8⁸⁸⁸³⁸
2617 1797 2672 1841 ei
2700 1789 2753 1841 in
2782 1796 2966 1845 eam“!
2996 1792 3304 1860 SPil'ilualeS
3349 1793 3654 1851 ίυιθυθείιιε

406 1879 668 1946 scriptum
696 1885 781 1931 est
805 1891 821 1930 :
854 1895 873 1926 ι
910 1876 1028 1932 Non
1057 1891 1255 1947 coques
1275 1878 1502 1932 haedum
1532 1879 1587 1933 in
1626 1879 1769 1935 lacte
1793 1883 1983 1937 matris

407 1981 537 2020 suae
558 1985 604 2018 ι.
636 1965 770 2020 Illud
793 1965 1056 2035 siquidem
1080 1981 1354 2035 nunquam
1376 1969 1679 2022 secundum
1697 1969 1980 2024 historiam

403 2054 598 2125 legitur
622 2054 810 2120 fuisse,
836 2064 973 2110 teste
989 2056 1287 2126 AuguStino
1311 2073 1326 2122 ;
1352 2058 1555 2129 dictum
1587 2067 1674 2112 est
1719 2068 1897 2114 tamen
1920 2068 1982 2116 et

409 2145 690 2215 scriptum,
718 2160 782 2199 ac
807 2145 971 2199 veluti
997 2145 1197 2200 factum
1238 2147 1487 2213 traditur,
1513 2162 1639 2201 cum
1671 2149 1874 2203 veritas
1893 2149 1976 2204 di-

409 2237 563 2289 vinae
590 2236 848 2290 historiae
871 2236 1068 2290 factum
1094 2235 1259 2291 fuisse
1290 2251 1395 2291 non
1425 2238 1699 2292 invenitur
1722 2255 1972 2295 narrare.

408 2324 539 2379 ltem
566 2326 620 2378 in
642 2324 868 2380 Psalmis
897 2343 911 2378 :
957 2344 977 2375 ι
1016 2325 1222 2380 Montes
1250 2327 1629 2382 exultaverunt
1664 2338 1724 2382 ut
1753 2329 1975 2396 arietes,

411 2424 467 2468 et
506 2414 669 2468 colles
720 2416 858 2468 sicut
912 2414 1033 2484 agni
1069 2415 1249 2469 ovium
1282 2434 1327 2469 ι.
1358 2416 1415 2470 In
1445 2418 1530 2471 his
1577 2420 1723 2473 enim
1749 2420 1963 2476 divinae

366 2558 369 2561 η
411 2506 731 2574 Scripturae
757 2505 891 2560 locis
913 2514 968 2559 et
995 2506 1050 2558 in
1076 2506 1259 2560 multis
1285 2507 1548 2562 similibus
1577 2509 1825 2579 allegoria
1860 2513 1975 2570 sola

405 2598 561 2662 dicti,
590 2612 696 2651 non
725 2606 906 2650 autem
939 2594 1067 2650 facti
1096 2604 1153 2650 et
1180 2595 1329 2661 dicti,
1354 2590 1697 2667 intelligitur.
1718 2598 1785 2654 In
1813 2598 1977 2657 ’Νυνο

403 2685 752 2742 Testamento
777 2686 945 2739 multa
974 2694 1283 2750 narrantur,
1313 2702 1453 2755 quae
1477 2690 1769 2743 secundum
1814 2689 1972 2744 ﬁdem

402 2777 661 2831 historiae
714 2791 822 2830 non
878 2783 1001 2830 sunt
1029 2776 1192 2839 facta,
1244 2777 1337 2830 sed
1377 2777 1710 2832 solummodo
1734 2779 1872 2833 dicta
1909 2795 1972 2845 ac

404 2863 567 2917 veluti
595 2862 777 2926 facta;
808 2876 946 2930 quae
974 2862 1219 2931 exémpla
1251 2864 1499 2917 maxime
1512 2863 1563 2917 in
1593 2864 1842 2935 allegoria
1874 2883 1970 2935 pa-

408 2952 716 3006 rabolarum
743 2952 1141 3007 Dominicarum
1186 2954 1548 3022 reperiuntur,
1589 2956 1732 3009 verbi
1770 2959 1966 3025 gratia,

408 3040 667 3107 parabola
692 3039 761 3095 de
784 3041 950 3095 divite
974 3049 1029 3095 et
1063 3042 1264 3097 Lazaro
1290 3058 1524 3112 paupere
1548 3044 1599 3096 in
1629 3045 1747 3099 sinu
1796 3048 1968 3100 Abra-

2084 1873 2414 1929 dividuntur.
2473 1875 2713 1945 Simplici
2758 1878 2981 1932 historia
3032 1888 3324 1948 pascuntur
3369 1883 3652 1952 carnales;

2081 1961 2292 2016 divinos
2337 1963 2505 2032 ipsius
2535 1964 2789 2020 histoniae
2835 1967 3136 2022 intellectus
3184 1971 3339 2038 quasi
3387 1974 3665 2039 quaedam

2078 2048 2377 2118 fragmenta
2427 2053 2685 2123 colligunt
2732 2056 3059 2124 spirituales.
3109 2059 3470 2133 Fragmenta,
3509 2076 3650 2130 quae

2078 2142 2366 2197 comedunt
2402 2143 2649 2197 carnales
2688 2153 2743 2198 et
2778 2154 3092 2203 saturantur
3118 2188 3133 2215 ,
3168 2166 3255 2204 res
3294 2160 3515 2219 gestae;
3542 2152 3663 2215 fras

2077 2220 2335 2300 gmenta,
2387 2249 2525 2301 quae
2566 2236 2854 2290 comedunt
2897 2240 3241 2307 spirituales,
3278 2244 3445 2298 divini
3492 2244 3661 2304 intcl-.
3732 2288 3735 2291 -

2077 2325 2246 2378 lectus
2276 2339 2455 2389 rerum
2502 2336 2774 2396 gestarum
2810 2337 2951 2383 sunt.
2997 2330 3157 2386 Verbi
3186 2335 3357 2401 gratia
3381 2374 3396 2399 ,
3440 2335 3649 2404 legatur

2074 2411 2210 2467 liber
2234 2410 2525 2480 Geneseos,
2554 2428 2619 2469 eo
2643 2416 2770 2482 loci,
2810 2418 2898 2471 ubi
2933 2421 3188 2475 transitus
3218 2424 3454 2478 carnalis
3484 2426 3646 2479 Israel

2072 2519 2168 2572 per
2218 2517 2369 2557 mare
2418 2504 2638 2559 rubrum
2698 2518 2970 2563 narratur.
3026 2508 3263 2579 Simplex
3308 2512 3649 2571 Christianus

2071 2596 2245 2650 adhuc
2271 2634 2285 2660 ,
2320 2596 2484 2651 veluti
2528 2599 2581 2652 in
2629 2598 2785 2654 foeno
2831 2614 3010 2656 rerum
3060 2606 3432 2673 temporalium
3486 2619 3648 2679 atque

2071 2687 2365 2740 carnalium
2381 2689 2718 2753 recumbens,
2735 2691 2844 2744 sola
2864 2693 3098 2760 pascitur
3118 2695 3362 2751 historia.
3375 2699 3644 2769 Quidquid

2071 2777 2217 2830 enim
2256 2777 2328 2830 ibi
2395 2777 2596 2832 factum
2621 2789 2739 2841 est,
2785 2782 3021 2851 quinque
3069 2785 3314 2840 sensibus
3371 2792 3647 2857 corporeis

2050 2866 2251 2919 'notum
2282 2864 2402 2918 fuit.
2427 2863 2561 2917 Nam
2587 2877 2643 2919 et
2670 2868 2766 2920 visi
2790 2877 2917 2921 sunt
2942 2868 3211 2925 lsraelitae
3240 2873 3398 2928 siccis
3417 2877 3645 2944 pedibus

2069 2968 2216 3008 mare
2245 2956 2520 3019 transisse,
2569 2957 2884 3027 Aegyptiaci
2918 2958 3260 3015 vero'necati
3312 2963 3496 3020 fuisse.
3532 2968 3644 3024 lloc

2067 3057 2281 3112 quoque
2307 3058 2337 3096 a
2380 3045 2620 3099 ..nitimis
2647 3036 2893 3115 gentibus
2919 3049 3158 3103 auditum
3183 3060 3284 3117 est,
3314 3057 3455 3109 unda
3483 3059 3645 3111 mari-

406 3130 1392 3200 nam,dequeinterpositochasmate,
1434 3134 1499 3187 de
1520 3131 1756 3198 ﬂamma,
1780 3135 1846 3189 de
1873 3136 1971 3189 lin-
1990 3121 2038 3181 (ἶ
2072 3147 2139 3186 na
2165 3141 2375 3202 gustata
2405 3130 2488 3188 est
2512 3173 2526 3199 ,
2558 3135 2755 3190 Olfacta
2782 3145 2837 3191 et
2888 3146 3048 3192 taeta.
3101 3137 3251 3204 Quae
3295 3151 3488 3197 cuncta
3519 3146 3646 3199 sim-

402 3237 528 3290 gua,
575 3222 642 3277 de
665 3223 851 3292 digito,
876 3237 1012 3291 quae
1041 3223 1218 3277 omnia
1269 3222 1413 3277 nulla
1447 3224 1738 3279 auctoritas
1775 3240 1969 3280 secun-

2069 3221 2188 3289 plex
2220 3222 2395 3276 adhuc
2437 3223 2609 3278 ﬁdelis
2638 3225 2850 3281 animus
2892 3241 3073 3282 secum
3088 3237 3298 3307 tractat
3338 3240 3393 3285 et
3421 3234 3642 3305 cogitat,

396 3312 526 3366 dum
577 3325 668 3365 res
710 3320 892 3380 gestas
933 3310 1098 3366 fuisse
1152 3313 1330 3378 tradit,
1358 3314 1454 3368 sed
1487 3314 1715 3385 ﬁgurate
1744 3318 1969 3375 omnino

2071 3311 2330 3380 indeque,
2368 3312 2531 3367 veluti
2578 3315 2897 3382 quibusdam
2945 3317 3260 3388 fragmentis
3288 3321 3506 3379 divinae
3530 3324 3645 3391 hisg

391 3400 533 3454 dicta
559 3408 706 3455 sunt.
760 3399 909 3466 Quae
958 3399 1130 3455 forma
1181 3402 1234 3456 in
1272 3405 1528 3460 omnibus
1554 3405 1671 3461 fere
1695 3408 1969 3475 parabolis

388 3489 767 3557 cognoscitur,
837 3491 1154 3559 proprieque
1236 3493 1532 3562 symbolica
1613 3497 1962 3564 nominatur;

390 3577 638 3646 quamvis
662 3592 792 3632 usus
819 3579 1033 3634 divinae
1071 3579 1382 3650 Scripturae
1429 3585 1519 3650 sit,
1579 3586 1823 3655 symbola
1869 3601 1968 3656 pro

391 3668 688 3739 mysteriis,
715 3678 770 3722 et
794 3670 1050 3738 mysteria
1076 3684 1175 3739 pro
1203 3673 1464 3743 symbolis
1508 3674 1790 3731 vicinitate
1836 3690 1967 3746 qua-

392 3757 518 3811 dam
546 3766 709 3828 atque
733 3758 1080 3815 similitudine
1093 3775 1311 3831 ponere.
1340 3763 1614 3820 Ponamus
1637 3779 1766 3837 ergo
1797 3783 1969 3836 quan-

397 3847 521 3901 dam
549 3848 970 3917 similitudinem,
1003 3867 1107 3921 qua
1132 3855 1400 3922 possimus
1427 3843 1673 3923 suadere,
1705 3861 1845 3928 quod
1872 3876 1967 3915 vo-

397 3935 578 3991 lumus
628 3953 888 3995 asserere.
931 3940 1236 3996 Carnalinm
1267 3944 1504 4000 lidelium
1554 3948 1781 4017 populus
1811 3960 1867 4004 et
1911 3952 1966 4005 in

398 4028 566 4081 veteri
596 4027 712 4099 lege
736 4032 1028 4098 praecessit
1055 4041 1108 4087 et
1137 4032 1189 4086 in
1224 4049 1380 4089 nova.
1408 4034 1527 4089 Jam
1554 4046 1653 4101 est,
1685 4040 1777 4108 qui
1833 4041 1969 4094 nihil

396 4128 546 4172 extra
575 4117 827 4199 litteram
849 4136 1145 4193 sensusque
1184 4140 1474 4195 corporeos
1524 4130 1797 4186 existimat
1827 4149 1965 4200 esse,

394 4208 659 4279 quoniam
678 4198 836 4266 altius
862 4211 999 4266 ultra
1028 4213 1261 4268 litteram
1286 4216 1616 4286 Scripturae,
1640 4230 1697 4275 et
1722 4237 1806 4287 ea,
1832 4198 1969 4291 quae

395 4311 496 4365 per
524 4310 714 4352 sensus
758 4300 1113 4369 accipiuntur,
1162 4301 1314 4376 [noti]
1366 4307 1381 4338 ¹
1427 4317 1605 4377 potest
1655 4314 1964 4367 ascendere.

397 4383 663 4439 Similiter
682 4388 733 4441 in
761 4391 927 4444 veteri
958 4391 1075 4463 lege
1100 4393 1325 4462 perfecti
1345 4405 1400 4451 et
1422 4399 1693 4467 sapientes
1718 4403 1771 4457 in
1800 4405 1967 4459 actio-

2070 3402 2260 3465 toriae,
2293 3403 2542 3458 satiatur.
2573 3405 2905 3461 Intellectum
2933 3424 3061 3464 vero
3093 3410 3259 3479 ipsius
3286 3413 3498 3471 litterae
3534 3432 3642 3473 non

2067 3500 2244 3559 potest
2280 3507 2493 3562 capere,
2526 3495 2754 3565 ideoque
2799 3497 2867 3551 ab
2895 3498 3019 3562 his,
3070 3500 3161 3569 qui
3210 3502 3510 3572 spiritualia
3558 3521 3643 3561 sa-

2067 3581 2240 3651 piunt,
2269 3583 2557 3653 colligitur,
2596 3600 2663 3638 ne
2699 3598 2887 3655 pereat
2910 3626 2926 3651 ,
2979 3589 3075 3643 sed
3120 3589 3419 3648 valentibus
3448 3595 3642 3650 intelli-

2066 3686 2193 3743 gere
2245 3673 2513 3742 proliciat.
2568 3675 2710 3730 Ecce
2763 3676 3000 3746 quinque
3052 3693 3217 3747 panes
3268 3681 3637 3740 hordeaceos:

2067 3761 2320 3831 mysteria
2350 3762 2595 3817 videlicet
2634 3777 2818 3817 rerum
2863 3775 3173 3836 gestarum,
3228 3770 3282 3824 in
3313 3771 3544 3827 litteram
3587 3784 3644 3828 et

2067 3850 2311 3918 spiritum
2358 3850 2530 3906 divisa
2555 3893 2570 3918 ,
2614 3860 2686 3917 et,
2718 3863 2978 3921 quantum
3021 3856 3200 3911 littera
3240 3871 3343 3926 est,
3392 3861 3635 3916 sensibus

2066 3941 2340 4009 corporeis
2365 3941 2627 4009 quinariis
2655 3945 3029 3999 conveniunt”
3066 3986 3080 3998 .
3159 3986 3174 3999 .
3253 3985 3268 4000 .
3345 3987 3359 4000 .
3436 3989 3450 4004 .
3526 3988 3542 4004 .
3619 3988 3637 4006 .

2143 4135 2162 4166 ι
2180 4117 2452 4170 Abraham
2474 4138 2519 4183 ι,
2536 4120 2726 4188 inquit,
2755 4138 2773 4171 ι
2799 4122 2933 4176 duos
2948 4123 3085 4177 ﬁlios
3112 4124 3318 4186 imbuit,
3339 4122 3501 4181 unum
3528 4132 3642 4198 qui-

2068 4210 2186 4264 dem
2222 4211 2288 4262 de
2322 4211 2540 4276 ancilla,
2575 4214 2805 4266 alterum
2833 4216 2899 4268 de
2927 4214 3096 4268 libera
3129 4235 3174 4267 ι.
3219 4215 3357 4270 Ecce
3386 4218 3639 4275 historiae

2047 4296 2240 4368 'prima
2287 4297 2588 4367 fragmenta
2654 4299 2985 4369 simplicibus
3039 4300 3372 4357 suﬁicientia.
3438 4306 3641 4361 Conse-

2067 4395 2296 4457 quenter
2351 4386 2624 4458 subjungit
2665 4386 2968 4457 fragmenta
3021 4389 3360 4458 spiritualia,
3413 4393 3636 4451 dicens:

394 4487 466 4526 ne
489 4482 544 4555 et
569 4475 789 4531 scientia
814 4450 1171 4547 spiritualium
1215 4450 1602 4555 intellectuiim,
1634 4505 1698 4545 ae
1724 4491 1777 4546 in
1817 4492 1965 4550 Novo

2078 4450 2101 4528 ί
2142 4475 2286 4533 llaec
2314 4450 2493 4532 autem
2538 4450 2664 4533 sunt
2691 4450 2797 4532 nuo
2824 4450 3166 4534 Testamenta
3208 4497 3253 4536 ι.
3290 4481 3641 4552 Apponantur

393 4553 739 4620 Testamento
766 4566 931 4624 fuisse
959 4581 1270 4639 narrantur,
1315 4577 1430 4644 qui,
1478 4553 1641 4634 veluti
1695 4583 1961 4652 discipuli,

389 4650 511 4709 cum
532 4654 750 4713 Christo
762 4658 817 4711 in
835 4659 1168 4717 altitudinem
1200 4667 1685 4737 contemplationis,
1710 4650 1962 4743 tanquam

390 4743 443 4797 in
464 4747 731 4813 quendam
756 4760 996 4806 montem
1041 4756 1359 4822 ascendunt,
1391 4759 1595 4816 relictis
1631 4764 1958 4834 carnalibus,

389 4835 489 4888 sub
514 4835 691 4891 littera
716 4849 772 4892 et
794 4852 954 4894 sensu
978 4841 1031 4895 in
1064 4841 1225 4898 foeno
1254 4860 1433 4900 rerum
1472 4851 1845 4919 temporalium
1876 4870 1963 4910 re-

390 4926 781 4983 cumbentibus.
800 4938 831 4980 ἐ
859 4929 1048 4987 Omnis
1073 4933 1271 5003 quippe
1294 4949 1422 4992 caro
1448 4938 1684 5003 foenum,
1706 4950 1763 4995 et
1787 4945 1963 4998 omnis

391 5013 557 5083 gloria
589 5018 706 5088 ejus
734 5019 834 5097 nos
862 5018 1008 5076 foeni
1033 5040 1078 5074 ι.
1107 5023 1293 5094 Itaque
1344 5027 1643 5096 cogitemus
1668 5031 1743 5084 .in
1782 5033 1964 5087 animo

388 5107 553 5162 veluti
601 5111 997 5167 multitudinem
1040 5117 1305 5183 quandam
1348 5118 1675 5186 simplicium
1706 5121 1963 5188 ﬁdelium,

386 5192 441 5249 in
468 5196 749 5256 lateribus
797 5204 1017 5268 montis,
1046 5219 1140 5259 seu
1168 5205 1223 5259 in
1252 5206 1496 5274 planitie,
1528 5210 1629 5264 hoc
1679 5221 1783 5276 est,
1824 5211 1964 5267 iul'ra
2004 5248 2017 5253 —

386 5285 723 5345 altitudinem
797 5293 1103 5350 divinorum
1183 5298 1549 5352 intellectuum
1615 5302 1960 5357 residentem.

386 5372 518 5429 Nam
547 5394 614 5434 ex
642 5389 791 5436 textu
821 5383 1093 5455 Evangelii
1122 5386 1279 5440 datur
1310 5386 1560 5457 intelligi,
1585 5405 1690 5443 non
1735 5391 1789 5444 in
1818 5407 1965 5445 sum-

386 5467 573 5525 mitate
600 5474 824 5539 montis,
855 5477 950 5529 sed
978 5473 1029 5529 in
1067 5478 1298 5545 quadam
1326 5477 1581 5546 planitie,
1614 5480 1712 5539 .ubi
1744 5480 1959 5536 foenum
2001 5474 2019 5484 ’

2070 4568 2247 4637 pisces
2275 4568 2380 4623 duo
2400 4568 2577 4622 eidem
2607 4567 2956 4635 multitudini,
2998 4571 3101 4625 hoc
3135 4581 3216 4625 est
3239 4573 3352 4627 sola
3393 4577 3643 4644 spirituao

2070 4657 2136 4712 lis
2163 4659 2403 4712 doctrina
2451 4658 2735 4727 allegorice
2763 4658 2891 4713 dicti
2918 4698 2932 4726 ,
2984 4677 3091 4716 non
3138 4672 3316 4720 autem
3344 4670 3639 4725 secundum

2070 4744 2347 4801 historiam
2372 4743 2521 4799 iacti.
2551 4748 2700 4812 Quae
2729 4747 2894 4802 veluti
2941 4750 3150 4805 binario
3205 4769 3429 4810 numero
3466 4761 3640 4814 conti-

2068 4840 2248 4897 netur,
2271 4832 2522 4901 quoniam
2546 4835 2754 4891 duobus
2778 4836 3115 4897 solummodo
3134 4844 3383 4901 sensibus
3415 4847 3642 4916 percipi:
3694 4894 3697 4895 ν

2071 4933 2177 4990 tur,
2215 4924 2335 4978 visu
2374 4925 2620 4981 videlicet
2654 4937 2712 4982 et
2767 4929 2991 4997 auditu,
3047 4935 3241 4988 ceteris
3283 4947 3461 4993 autem
3519 4952 3642 5007 sene

2069 5015 2219 5069 sibus
2247 5014 2449 5084 percipi
2479 5030 2585 5071 non
2617 5026 2811 5086 potest.
2859 5018 3081 5091 Legitur
3117 5023 3263 5078 enim
3308 5024 3478 5079 oculis
3500 5064 3516 5089 ,
3546 5041 3642 5083 au-

2073 5107 2222 5161 ribus
2266 5107 2516 5172 auditur,
2567 5108 2766 5165 olfactu
2816 5125 2946 5165 vero
2994 5126 3089 5165 seu
3143 5123 3301 5180 gustu
3349 5130 3444 5168 seu
3497 5123 3642 5170 tactu

2068 5205 2272 5249 remota
2286 5204 2389 5249 est.
2417 5196 2578 5252 Verbi
2602 5199 2795 5267 gratia,
2818 5199 3092 5254 uteisdem
3115 5209 3332 5253 utamur
3358 5204 3638 5271 exemplis,

2065 5282 2272 5354 legatur
2297 5285 2439 5354 quod
2469 5287 2729 5355 scriptum
2765 5296 2846 5341 est
2872 5287 2926 5340 in
2957 5287 3140 5342 Exodo
3171 5306 3185 5340 :
3225 5307 3242 5338 ‹
3297 5288 3412 5343 Non
3441 5304 3642 5365 coqnes

2068 5363 2299 5429 haedum
2328 5374 2380 5428 in
2433 5376 2573 5432 lacte
2604 5378 2795 5432 matris
2829 5393 2961 5433 suae
2998 5398 3042 5431 ι.
3075 5378 3188 5432 lloc
3236 5382 3534 5448 symbolum
3584 5363 3642 5442 et

2026 5497 2034 5507 ·
2067 5486 2163 5540 per
2190 5471 2373 5526 oculos
2396 5472 2609 5543 legitur,
2635 5483 2688 5528 ct
2716 5488 2811 5543 per
2846 5488 3005 5529 aures
3034 5473 3282 5541 auditur;
3311 5473 3481 5549 frangi
3513 5495 3639 5536 vero

1656 5578 1911 5633 VARIAE
1949 5577 2351 5635 LECTIONES.

454 5654 470 5684 ¹
495 5672 600 5711 non
619 5673 732 5713 om.
757 5660 877 5715 cod.
955 5663 973 5692 ’
1008 5661 1124 5717 Una
1146 5661 1284 5719 linea
1317 5663 1483 5719 deest.

3562 350 3667 409 ωδ
3768 370 3775 377 ,
