4194 6276
546 315 649 371 547

1872 376 1883 383 .
1947 303 2228 364 mancus
2263 299 2460 363 scort

3689 302 3794 365 348

546 442 653 484 non
681 432 894 497 potest,
947 423 1071 496 quia
1092 424 1247 493 juxta
1296 438 1476 479 rerum
1519 428 1792 494 gestarum
1822 420 1980 477 [idem
2010 437 2115 477 non
2146 425 2193 482 Α
2220 421 2600 490 Fragmentum
2627 417 2905 488 spirituale
2937 425 3022 472 est
3047 416 3133 473 his
3153 457 3168 483 ,
3204 417 3298 487 qui
3341 413 3679 481 altitudinem
3713 422 3798 475 di-

545 518 809 588 accipitur
834 556 851 582 ,
895 516 990 571 sed
1039 513 1375 569 solummodo
1421 512 1703 582 allegorice
1766 511 1966 566 dictum
2010 520 2112 566 est.

544 607 613 662 Et
634 606 888 677 quoniam
927 619 1035 658 non
1061 603 1322 658 dividitur
1345 643 1359 666 ,
1401 610 1571 656 totum
1602 600 1897 655 memoriae
1921 615 2116 655 carna-

545 699 679 755 lium
736 696 970 751 ﬁdelium
1025 695 1458 757 commendatur,
1516 699 1579 747 ut
1624 691 1856 747 credant
1899 706 2115 746 sensum

544 786 874 858 spiritualem
912 785 998 838 his
1023 784 1206 838 verbis
1253 784 1449 846 inesse,
1497 782 1741 851 quamvis
1789 796 1896 835 non
1924 781 2119 835 intelli-

544 886 689 948 gant.
743 876 937 928 Totum
992 876 1060 927 ab
1112 872 1217 938 his,
1265 873 1356 941 qui
1419 871 1767 941 spiritualiter
1820 869 2117 940 spiritualia

543 973 890 1035 cognoscunt,
924 962 1212 1033 colligitur.
1250 962 1308 1016 In
1338 962 1595 1032 symbolis
1641 963 1822 1031 itaque
1845 1001 1861 1026 ,
1907 961 2009 1015 hoc
2035 969 2122 1015 est

545 1058 599 1110 in
631 1055 953 1111 dictionibus
975 1054 1273 1123 spiritualis
1302 1054 1579 1109 doctrinae
1606 1093 1620 1116 ,
1651 1066 1787 1123 quas
1834 1052 1947 1106 sola
1981 1052 2118 1105 alle-

544 1146 693 1216 goria
720 1144 873 1211 laeti,
902 1160 1010 1200 non
1037 1154 1212 1198 autem
1240 1144 1392 1208 dicti,
1422 1143 1605 1207 tradit,
1645 1143 1788 1197 nulla
1820 1140 2118 1210 fragmenta

543 1234 903 1304 colliguntur,
959 1232 1211 1301 quoniam
1257 1230 1310 1284 in
1359 1230 1641 1284 historiam
1688 1239 1743 1283 et
1788 1228 2118 1282 intellectum

544 1338 652 1378 non
680 1322 956 1376 dividitur.
984 1320 1143 1376 Solus
1170 1321 1314 1375 enim
1345 1318 1645 1373 intellectus
1666 1318 1720 1371 in
1740 1330 1806 1387 eo
1829 1316 2117 1383 cogitatur,

547 1412 753 1468 nullum
785 1419 964 1465 autem
997 1408 1219 1464 factum.
1244 1409 1375 1461 Item
1407 1409 1459 1460 in
1491 1406 1638 1461 Novo
1667 1406 2032 1470 Testamento,
2061 1413 2121 1459 ut

546 1508 603 1555 et
651 1501 777 1555 inde
816 1498 1123 1570 exemplum
1177 1498 1525 1566 accipiamus,
1572 1509 1769 1563 corpus
1801 1503 1857 1548 et
1903 1493 2122 1563 sanguis

546 1589 759 1645 Domini
815 1588 986 1643 nostri
1044 1596 1100 1644 et
1150 1586 1477 1642 sensibiliter
1501 1588 1792 1639 secundum
1824 1599 1909 1637 res
1939 1591 2121 1653 gestas

547 1678 831 1734 coniicitur
875 1679 1209 1749 mysterium,
1263 1684 1320 1730 et
1365 1675 1655 1729 secundum
1701 1673 1993 1743 spiritualis
2038 1673 2120 1726 iu-

2219 511 2467 566 viuorum
2538 509 2708 579 ipsius
2764 508 3006 578 mysterii
3053 506 3422 563 intellectuum
3468 508 3653 565 valent
3711 525 3799 566 co-

2220 614 2479 669 gnoscere
2503 640 2517 662 ,
2578 599 2807 668 ideoque
2863 596 2933 652 ab
2980 596 3060 651 eis
3110 594 3418 666 colligitur,
3475 614 3545 654 ne
3586 611 3795 670 pereat.

2219 691 2353 746 Nam
2379 690 2696 761 mysterium
2728 704 2791 743 ex
2826 689 3007 744 littera
3034 695 3089 742 et
3111 689 3299 758 spiritu
3331 688 3641 746 confectum
3671 704 3796 761 par-

2219 784 2316 838 tim
2355 784 2517 853 perit,
2566 781 2763 851 partim
2791 780 3136 835 aeternaliter
3184 790 3382 835 manet.
3450 780 3599 835 Perit
3652 782 3797 851 quod

2219 873 2469 937 videtur,
2529 872 2654 941 quia
2700 868 2954 926 sensibile
2998 878 3082 923 est
3129 878 3181 922 et
3234 869 3561 938 temporale;
3612 880 3797 925 manet

2220 964 2361 1033 quod
2392 977 2495 1016 non
2540 962 2756 1016 videtur
2781 1000 2796 1024 ,
2840 959 2966 1028 quia
2997 958 3273 1027 spirituale
3305 968 3387 1014 est
3418 968 3469 1013 et
3497 959 3789 1014 aeternale.

2221 1053 2460 1124 Symboli
2483 1052 2784 1122 exemplum
2813 1051 2939 1104 ﬁat:
2972 1070 2990 1102 ι
3027 1049 3086 1104 In
3111 1050 3375 1118 principio
3395 1060 3511 1103 erat
3531 1050 3791 1115 Verbum,

2221 1150 2276 1196 et
2306 1140 2541 1196 Verbum
2565 1148 2685 1195 erat
2708 1139 2849 1210 apud
2874 1137 3040 1193 Deum
3070 1146 3125 1192 et
3157 1139 3303 1193 Deus
3326 1148 3442 1193 erat
3475 1140 3707 1194 Verbum
3744 1157 3790 1192 ι.

2221 1232 2337 1287 Hoc
2364 1232 2700 1287 solummodo
2737 1230 2961 1293 dictum,
2993 1229 3044 1283 in
3077 1229 3180 1285 hoc
3228 1227 3373 1283 nulla
3408 1243 3497 1284 res
3525 1239 3673 1296 gesta
3701 1243 3793 1282 co-

2222 1323 2529 1394 gnoscitur,
2567 1322 2794 1390 ideoque
2840 1331 2895 1376 et
2931 1330 3098 1376 totum
3137 1319 3456 1388 simpliciter
3498 1336 3530 1373 a
3567 1319 3799 1375 carnali-

2222 1413 2323 1467 bus
2347 1411 2665 1479 accipiatur,
2701 1419 2756 1465 et
2788 1420 2956 1465 totum
2983 1408 3327 1464 uniformiter
3349 1426 3378 1465 a
3406 1408 3795 1479 spiritualibus.

2222 1500 2333 1556 Nec
2369 1502 2440 1555 ibi
2474 1502 2578 1555 ulla
2618 1501 2921 1572 fragmenta
2965 1508 3192 1571 possunt
3240 1500 3379 1566 fieri,
3434 1500 3799 1569 quoniamgnil

2223 1591 2295 1646 ibi
2327 1600 2410 1646 est
2432 1632 2445 1655 ,
2475 1592 2616 1660 quod
2667 1592 2959 1646 secundum
2999 1590 3278 1646 historiam
3314 1589 3670 1660 intelligatur,
3703 1589 3799 1645 sed

2225 1690 2396 1737 totum
2421 1681 2490 1736 ad
2521 1682 2842 1751 theologiam
2864 1720 2880 1745 ,
2935 1695 3075 1748 quae
3124 1692 3339 1734 omnem
3372 1692 3590 1732 sensum
3619 1686 3673 1732 et
3713 1677 3797 1731 in-

546 1766 794 1821 tellectus
820 1767 1176 1836 investigatur
1222 1765 1502 1819 cerebrum
1553 1764 1638 1834 (?).
1692 1763 1844 1831 Quod
1914 1763 2117 1817 extrin-

2225 1769 2493 1823 tellectum
2541 1774 2801 1839 superat,
2834 1767 3089 1824 refertur.
3141 1766 3325 1822 Oculis
3365 1765 3562 1846 legitur
3608 1764 3793 1834 legen-

545 1871 704 1912 secus
728 1856 958 1910 sentitur
986 1862 1042 1909 et
1088 1855 1381 1925 percipitur
1425 1853 1731 1908 carnalibus
1770 1851 2077 1907 hominibus
2101 1890 2116 1916 ,

547 1946 991 2015 quinquepertito
1015 1958 1275 2013 corporeo
1304 1944 1483 1998 sensui
1509 1943 1759 2007 subditis,
1791 1942 2121 1995 hordeaceus

546 2039 706 2107 panis
732 2046 836 2101 est,
865 2039 990 2105 quia
1036 2037 1371 2092 altitudinem
1403 2035 1698 2104 spiritualis
1737 2034 2122 2101 intelligentiae

548 2143 652 2182 non
686 2128 865 2182 valent
897 2128 1225 2193 ascendere;
1255 2141 1319 2182 ac
1360 2127 1527 2181 veluti
1557 2125 1824 2195 quoddam
1854 2123 2123 2192 fragmen-

549 2226 663 2270 tum
688 2226 792 2283 est,
836 2218 1032 2287 quibus
1075 2216 1307 2273 carnalis
1331 2216 1543 2271 illorum
1570 2215 1824 2285 cogitatio
1870 2215 2119 2269 satiatur.

2223 1859 2379 1924 tium,
2407 1859 2628 1914 auribus
2651 1860 2882 1915 sentitur
2908 1859 3237 1913 audientium
3264 1898 3279 1923 ,
3310 1872 3373 1912 ac
3396 1872 3493 1927 per
3525 1856 3629 1912 hoc
3648 1894 3668 1919 ,
3704 1870 3796 1909 ve-

2222 1947 2317 2001 luti
2340 1949 2556 2017 quidam
2597 1948 2706 2002 duo
2731 1949 2925 2017 pisces,
2967 1962 3072 2003 una
3095 1962 3160 2002 ea
3180 1948 3393 2015 lemque
3432 1943 3796 2015 evangelistae

2224 2040 2489 2111 theologia
2521 2041 2784 2108 accipitur
2811 2040 3020 2094 duobus
3064 2040 3314 2097 sensibus
3348 2039 3697 2095 conveniens.
3773 2074 3791 2092 .

2795 2218 2979 2273 Cetera
3017 2218 3225 2273 desunt.

1541 2379 1549 2404 =
1611 2377 2904 2404 :=__.__________

2098 2374 3798 2411 Mm“.

1501 2526 2300 2641 JOANNIS
2372 2527 2886 2642 SCOTI

1125 2770 1368 2960 hc
1473 2764 3303 3019 praehcstinationc

1977 3072 2388 3185 LIBER

554 3297 657 3360 Ad
690 3296 868 3377 ﬁdem
900 3293 1136 3356 codicis
1161 3309 1274 3353 ms.
1308 3289 1375 3351 S.
1409 3288 1704 3351 Germani
1741 3287 1895 3379 ίξξιι
1926 3286 2098 3378 (olim
2115 3288 2271 3377 _631t)
2324 3288 2655 3379 πιεηφναη.
2693 3311 2813 3357 sec.
2852 3312 2919 3371 ι,
2973 3295 3058 3367 lt",
3123 3295 3522 3364 bibliothecae
3581 3300 3804 3379 Regius

1779 3365 2156 3426 Parisiensis
2185 3369 2567 3445 recognitus.

1682 3597 1693 3603 _
1740 3525 1985 3588 Mauguiul
2010 3524 2161 3574 editio
2184 3523 2492 3588 princeps....
2515 3560 2533 3578 .
2565 3527 2631 3580 Π.

1497 3771 1993 3852 MONITUM
2072 3775 2205 3849 AD
2270 3772 2843 3854 LECTOREM.

624 4063 859 4122 Joannes
894 4059 1087 4115 Scotus
1115 4052 1555 4127 periculosiorem
1590 4055 1677 4109 vix
1716 4063 1929 4125 poterat
1972 4056 2305 4124 provinciam
2349 4057 2643 4127 suscipere,
2686 4070 2847 4125 quam
2873 4053 3157 4114 dialecticis
3206 4058 3670 4133 philosOplticisque
3697 4063 3806 4119 suis

555 4160 873 4234 argumentis
901 4154 1268 4226 quaestionem
1297 4151 1651 4221 theologicam
1680 4151 1905 4204 arduam
1935 4152 2483 4222 obscurissiniamque
2525 4173 2543 4204 ε
2582 4155 2647 4209 de
2673 4154 3169 4211 Praedestinatione.
3205 4176 3224 4207 ι
3249 4156 3588 4226 εχρθάίεηὰἰ.
3612 4158 3669 4212 In
3700 4174 3807 4227 quo

554 4274 721 4327 quum
758 4268 946 4326 parum
977 4258 1156 4322 posset
1180 4244 1464 4316 prolicere,
1496 4245 1624 4314 quid
1647 4245 1863 4312 mirum,
1905 4246 2047 4315 quod
2076 4248 2509 4302 adversariorum
2538 4249 2720 4303 omnia
2758 4248 2872 4304 fere
2904 4249 3005 4306 tela
3031 4251 3085 4305 in
3126 4267 3184 4306 se
3212 4252 3497 4307 convertit.
3536 4251 3580 4306 Ε
3613 4254 3808 4322 quibus

558 4352 883 4411 Prudentius
904 4344 1331 4408 Tricassinus,et
1355 4341 1629 4396 Ecclesiae
1641 4340 2014 4410 Lugdunensis
2036 4342 2252 4395 nomine
2272 4342 2463 4398 Florus
2484 4344 2743 4399 diaconus
2767 4343 2915 4399 Secti
2942 4345 3161 4412 librum,
3182 4347 3271 4401 ubi
3302 4348 3533 4419 primum
3557 4349 3609 4403 in
3632 4349 3806 4405 lucem

554 4450 777 4520 prodiit,
808 4441 1280 4499 vehementissime
1307 4439 1708 4507 impugnarunt,
1745 4452 1811 4492 ac
1840 4452 2049 4491 summa
2078 4452 2199 4490 cum
2227 4438 2525 4493 eruditione
2554 4437 2879 4495 refutarunt.
2922 4439 3158 4506 Quorum
3203 4441 3425 4510 scripta,
3450 4457 3591 4509 quae
3614 4443 3667 4497 in
3705 4444 3811 4500 hac

556 4538 863 4607 Patrologia
894 4545 1025 4590 tom.
1053 4533 1192 4589 CXV
1230 4541 1286 4589 et
1312 4532 1478 4587 CXIX
1511 4533 1649 4603 typis
1672 4546 1872 4587 excusa
1901 4540 2049 4595 sunt,
2079 4532 2247 4586 lector
2275 4535 2449 4589 adeat.

629 4632 824 4686 Seotns
854 4630 906 4682 in
934 4642 1000 4681 eo
1026 4626 1363 4694 potissimum
1410 4636 1678 4692 versatur,
1714 4635 1774 4681 ut
1802 4628 2083 4692 ostendat,
2133 4642 2235 4681 nec
2285 4628 2500 4699 duplam
2548 4629 3092 4699 praedestinationem
3138 4642 3237 4683 nec
3285 4626 3554 4695 geminam
3606 4626 3804 4680 rationi

560 4727 693 4783 satis
721 4736 1035 4791 congruere,
1062 4720 1158 4773 sed
1187 4734 1347 4773 unam
1374 4728 1584 4774 tantum
1614 4721 2046 4791 simplicissimae
2077 4721 2292 4777 divinae
2323 4723 2545 4777 unitatis
2572 4736 2693 4779 esse
2716 4722 3280 4791 praedestinationem.
3315 4721 3552 4789 Eamque
3572 4719 3805 4790 probare

558 4822 751 4876 nititur
788 4816 953 4871 variis
991 4815 1348 4885 argumentis,
1379 4830 1412 4869 e
1438 4819 1669 4881 ratione,
1697 4833 1850 4873 saera
1878 4820 2179 4891 Scriptura,
2211 4820 2529 4890 Augustino,
2558 4820 2776 4876 aliunde
2800 4821 3002 4889 petitis.
3031 4819 3142 4875 Nec
3172 4827 3351 4874 tamen
3381 4818 3639 4885 rationes,
3665 4832 3804 4888 quas

559 4917 735 4982 alert,
762 4927 828 4969 ac
854 4912 1130 4968 doctrinae
1148 4925 1272 4965 cum
1292 4911 1520 4965 veritate
1546 4912 1618 4965 ita
1643 4914 1777 4966 satis
1800 4917 2144 4981 conveniunt,
2165 4916 2296 4986 quin
2312 4931 2479 4971 sanae
2493 4916 2688 4970 rationi
2714 4924 2875 4984 atque
2898 4914 3174 4970 doctrinae
3197 4912 3471 4968 Ecclesiae
3490 4913 3807 4983 saepissime

558 5020 745 5083 aperte
758 5014 1071 5079 repugnent.
1090 5008 1254 5063 Docet
1272 5008 1437 5072 enim,
1459 5027 1477 5059 ι
1493 5007 1904 5079 praescientiam
1925 5019 1980 5063 et
1993 5010 2535 5079 praedestinationem
2558 5026 2722 5065 unum
2745 5010 2992 5079 idemque
3013 5024 3153 5075 esse;
3180 5007 3726 5079 praedestinationem
3749 5008 3806 5063 in

560 5105 672 5161 Deo
709 5102 929 5160 relative
953 5101 1067 5156 lleri
1094 5117 1197 5156 non
1221 5116 1407 5173 posse;
1441 5109 1689 5156 naturam
1722 5111 1911 5157 natura
1943 5119 2047 5157 non
2071 5105 2281 5174 puniri;
2316 5114 2585 5171 naturam,
2618 5104 2743 5175 quia
2766 5118 2796 5158 a
2821 5104 2932 5157 Deo
2958 5103 3047 5168 sit,
3073 5118 3173 5158 nec
3198 5117 3444 5173 peccare,
3464 5119 3566 5159 nec
3584 5103 3802 5174 puniri;

559 5217 735 5271 neque
756 5200 808 5255 in
832 5200 1007 5271 primo
1028 5199 1241 5253 homine
1268 5214 1524 5270 peccasse
1551 5210 1771 5255 naturae
1796 5202 2219 5271 generalitatem,
2240 5217 2382 5271 quae
2405 5203 2620 5272 quidem
2649 5209 2864 5267 natura,
2888 5202 2934 5257 si
2961 5202 3292 5271 deliquisset,
3312 5218 3433 5257 cum
3461 5219 3565 5257 una
3591 5204 3679 5268 sil,
3694 5209 3804 5256 tota

558 5296 802 5367 profecto
821 5294 1098 5365 periisset;
1129 5309 1358 5364 peccare
1381 5311 1486 5351 non
1503 5296 1606 5351 nisi
1628 5295 2046 5367 uniuscujusque
2070 5296 2391 5351 individuam
2414 5297 2765 5364 voluntatem,
2785 5297 2964 5367 puniri
2988 5314 3117 5354 vero
3145 5300 3318 5355 solum
3344 5308 3545 5354 motum
3567 5299 3807 5353 volunta-

560 5392 701 5447 rium
734 5392 1075 5447 libidinosum
1101 5407 1116 5457 ;
1144 5399 1307 5444 totam
1335 5392 1545 5446 animae
1577 5399 1819 5447 naturam
1848 5390 2161 5447 voluntatem
2190 5408 2310 5449 esse
2336 5409 2351 5461 ;
2376 5408 2537 5450 omne
2565 5395 2765 5449 malum
2791 5410 2913 5451 esse
2940 5405 3218 5466 peccatum
3248 5404 3300 5451 et
3329 5394 3443 5465 ejus
3469 5408 3694 5464 poenam
3712 5434 3726 5459 ,
3755 5403 3805 5447 et

561 5485 689 5537 haec
714 5484 843 5560 nihil
860 5501 1004 5549 esse;
1024 5499 1235 5539 omnem
1258 5501 1544 5556 perversae
1565 5485 1853 5542 voluntatis
1871 5468 2132 5542 defectum
2152 5488 2235 5543 vel
2251 5489 2604 5559 privationem
2624 5488 2708 5543 vel
2733 5497 3032 5560 peccatum,
3051 5490 3316 5560 ﬁnemque
3326 5489 3442 5559 ejus
3461 5496 3686 5543 mortem
3706 5485 3807 5539 mi—

562 5577 868 5645 seriemque
897 5580 1277 5648 suppliciorum
1316 5591 1656 5638 aeternorum
1694 5584 1901 5638 omnino
1928 5583 2058 5636 nihil
2084 5601 2211 5650 esse,
2244 5601 2308 5640 ac
2332 5600 2430 5655 per
2462 5587 2565 5641 hoc
2593 5599 2685 5640 nec
2718 5588 2970 5656 praesciri
3019 5603 3110 5642 nec
3136 5585 3552 5658 praedestinari;
3582 5589 3807 5652 peccata

559 5684 856 5738 eorumque
886 5672 1145 5741 supplicia
1173 5677 1301 5730 nihil
1329 5695 1437 5732 esse
1463 5696 1483 5744 ;
1532 5693 1629 5733 nec
1666 5694 1787 5735 esse
1816 5677 1963 5733 illum
1992 5678 2171 5749 ignem
2199 5689 2477 5735 aeternum
2515 5693 2743 5749 poenam
2771 5720 2786 5745 ,
2834 5696 3008 5747 neque
3054 5681 3120 5734 ad
3165 5695 3286 5735 eam
3314 5687 3692 5739 praeparatum
3723 5676 3807 5729 vel
