4194 6276
380 297 483 353 διε)
1109 293 1309 350 LIBER
1352 295 1438 350 DE
1477 291 2182 384 PRAEDESTIVNATIONE.
2225 325 2293 335 -
2334 294 2426 349 AD
2476 295 2863 353 meream.
3521 276 3628 366 θέο

375 409 874 479 praedestinatum;
915 406 967 460 in
994 421 1058 460 eo
1104 406 1291 474 procul
1335 405 1498 460 dubio
1548 404 1791 459 habitare
1845 417 1969 458 cum
2012 406 2200 459 beatos
2230 411 2340 456 tum
2387 403 2658 471 miseros;
2713 406 2889 475 ignem
2921 416 3197 466 aeternum
3239 412 3400 468 istum
3449 415 3625 484 ipsum

373 511 630 572 quartmn
667 500 844 552 nnmdi
873 499 1191 553 elementum
1221 513 1359 562 esse,
1395 499 1485 550 ubi
1521 512 1747 565 corpora
1789 507 2099 551 sanctorum
2130 499 2182 550 in
2231 497 2542 551 aetheream
2589 508 2864 553 mutentur
2911 505 3223 572 qualitatem
3250 548 3266 571 ,
3317 509 3623 577 iniquorum

370 611 504 650 vero
541 610 762 662 corpora
795 594 845 646 in
869 609 1078 646 aeream
1117 592 1433 662 qualitatem
1481 592 1587 644 sint
1617 592 1942 657 transitura;
1980 594 2034 645 in
2068 609 2227 662 eoque
2259 602 2572 645 naturarum
2598 595 2737 646 intra
2762 611 2820 650 se
2865 599 3103 652 mirabile
3148 602 3326 669 perfici
3343 604 3621 672 gaudium,

372 689 636 742 malarum
710 701 833 768 vero
878 686 1208 739 voluntatum
1267 683 1533 738 inell‘abile
1583 691 1939 748 tormentum;
1992 692 2046 738 et
2093 685 2164 738 ita
2215 685 2502 754 impiorum
2549 688 2820 752 omnium,
2853 691 3164 759 angelorum
3212 695 3619 767 hominumque,

369 798 589 852 corpora
618 780 873 849 supplicia
907 779 1043 847 ignis
1093 777 1292 830 aeterni
1324 791 1664 846 perpessum,
1707 785 1766 829 ut
1796 778 2105 846 integritate
2132 793 2316 832 eorum
2350 780 2650 833 substantia
2699 781 2846 837 nullo
2896 788 3055 838 modo
3099 787 3342 855 peritura
3365 828 3380 853 ,
3429 805 3620 848 eorum

368 879 760 950 pulchritudine
792 877 937 932 nullo
953 877 1112 929 modo
1130 874 1402 935 defutura,
1430 890 1615 927 eorum
1649 873 1876 926 naturali
1911 874 2279 927 incolumitate
2307 889 2679 943 permansura,
2707 877 2956 933 omnibus
2980 880 3171 934 deinde
3195 892 3419 940 naturae
3461 885 3618 942 bonis

359 977 424 1030 ad
452 975 822 1030 universitatis
863 980 1242 1026 ornamentum
1293 969 1520 1022 mirabili
1567 969 1756 1022 ordine
1803 969 2115 1033 ret'ulsuris,
2175 977 2402 1039 excepta
2459 970 2808 1037 beatitudine,
2864 990 2968 1042 qua
3017 975 3316 1044 priventur,
3369 989 3618 1037 aeternas

354 1071 631 1138 patiantur
659 1081 970 1122 aerumnas.
1023 1065 1190 1117 Deum
1229 1078 1334 1116 non
1373 1077 1492 1116 esse
1521 1071 1816 1124 auctorem,
1849 1062 2104 1116 lactorem
2158 1063 2567 1132 suppliciorum.
2595 1065 2804 1120 Poenas
2835 1069 2974 1121 mala
3002 1084 3144 1135 esse,
3172 1071 3398 1140 ideoque
3423 1089 3454 1127 a
3480 1074 3615 1140 Deo,

355 1178 384 1213 a
416 1179 527 1230 quo
558 1177 667 1215 non
694 1161 766 1214 sit
792 1161 1014 1222 malum,
1047 1175 1151 1212 non
1179 1140 1314 1211 esse.
1348 1158 1511 1210 Deum
1540 1173 1644 1209 non
1671 1157 1879 1224 punire,
1904 1156 2044 1225 quod
2077 1155 2220 1222 fecit,
2255 1172 2352 1212 nec
2387 1159 2454 1212 ab
2479 1160 2580 1228 eis,
2602 1176 2740 1228 quae
2763 1162 2910 1226 fecit,
2946 1164 3209 1218 naturalia
3238 1166 3375 1220 bona
3405 1168 3612 1225 tollere.

357 1256 530 1310 Deum
560 1256 614 1309 in
648 1273 711 1309 ea
741 1265 953 1320 natura,
988 1269 1147 1324 quam
1179 1251 1404 1315 creavit,
1433 1263 1646 1319 semper
1671 1250 1930 1304 habitare.
1961 1251 2140 1319 Ignem
2171 1261 2450 1305 aeternum
2480 1253 2546 1306 ad
2572 1254 2835 1307 urendum
2855 1256 3124 1311 diabolum
3150 1269 3205 1314 et
3231 1262 3446 1332 angelos
3473 1264 3611 1334 ejus,

357 1365 458 1406 nec
492 1351 558 1403 ad
603 1351 848 1404 homines
892 1349 1209 1404 cruciandos
1249 1347 1445 1399 factum
1475 1359 1609 1398 esse.
1640 1343 1878 1408 Diabolo,
1911 1353 2190 1412 postquam
2223 1347 2440 1398 aethere
2469 1346 2716 1400 detrusus
2765 1348 2857 1411 sit,
2894 1348 2982 1402 ubi
3025 1349 3078 1403 in
3109 1353 3360 1408 aethereo
3385 1369 3614 1426 corpore

356 1463 466 1500 non
495 1454 710 1516 poterat
755 1461 952 1515 poenas
981 1446 1205 1508 sentire,
1243 1443 1486 1496 additum
1514 1456 1631 1495 esse
1658 1455 1850 1509 corpus
1880 1442 2110 1506 aerimn,
2139 1442 2190 1494 in
2225 1456 2330 1510 quo
2360 1441 2534 1510 ignem
2565 1443 2790 1496 sentiret
2827 1462 2871 1495 ι.

426 1565 571 1618 Haec
605 1564 792 1631 hisque
817 1563 1011 1616 similia
1043 1577 1207 1630 quum
1233 1560 1282 1614 J.
1315 1559 1508 1614 Scotus
1546 1575 1611 1612 ex
1651 1559 1880 1612 decretis
1908 1574 2035 1612 suae
2059 1559 2428 1628 philosolihiae
2456 1568 2640 1613 contra
2681 1570 2897 1615 sanctae
2922 1562 3192 1618 Ecclesiae
3218 1575 3271 1620 et
3299 1576 3608 1624 sanctarum

349 1658 754 1726 Scripturarum
787 1655 1085 1709 doctrinam
1117 1665 1302 1724 aperte
1341 1653 1670 1724 protulisset,
1699 1653 1825 1720 quid
1855 1653 2070 1715 mirum,
2103 1653 2243 1720 quod
2296 1654 2382 1718 iis,
2429 1655 2518 1721 qui
2550 1653 2723 1722 ipsum
2769 1656 2833 1708 ad
2865 1657 3008 1711 hunc
3038 1659 3230 1714 librum
3271 1663 3609 1719 condendam

345 1753 693 1823 impulerant,
724 1760 943 1806 noceret
973 1751 1143 1818 magis
1173 1765 1332 1818 quam
1372 1750 1688 1818 prodesset?
1714 1748 1822 1804 Nec
1846 1749 1978 1802 satis
2004 1750 2320 1817 intelligitur
2347 1750 2475 1819 quid
2505 1752 2596 1817 sit,
2622 1754 2762 1820 quod
2796 1754 3115 1810 Hincmarus
3143 1760 3600 1831 archiepiscopus,

344 1850 484 1903 inter
509 1847 762 1916 aequales
803 1845 958 1900 facile
1003 1845 1486 1914 prudentissimus,
1545 1843 1804 1896 Joannem
1852 1843 2067 1896 Scotum
2100 1843 2358 1906 evocat-it,
2405 1845 2494 1911 qui
2538 1854 2718 1912 partes
2764 1861 2890 1900 suas
2929 1847 3015 1900 tali
3047 1851 3246 1920 scripto
3277 1854 3606 1913 defenderet.

344 1943 666 1997 Prudentius
693 1958 819 1995 vero
848 1941 914 1994 iis
950 1939 1169 1993 Scotum
1200 1938 1366 1991 armis
1397 1938 1624 1990 adorsus
1650 1946 1753 2000 est,
1779 1938 1975 2005 quibus
2001 1937 2046 1990 is
2071 1938 2323 1991 resistere
2352 1938 2438 1990 vix
2469 1946 2700 2006 poterat,
2740 1942 3146 1999 auctoritatibus
3175 1957 3484 2004 sanctorum
3508 1952 3608 2006 Pa-

346 2045 508 2092 trum.
542 2038 780 2104 Quorum
812 2036 956 2090 locos
988 2035 1296 2087 innumeros
1325 2033 1593 2102 congessit
1619 2072 1632 2094 ,
1685 2031 2014 2099 Scotumque
2051 2032 2283 2085 aulicum
2311 2032 2656 2086 acerbissime
2686 2036 3017 2102 perstrinxit.
3073 2039 3181 2094 Nec
3209 2044 3506 2111 omisimus,
3539 2063 3603 2102 ex

346 2129 618 2184 Prudentii
654 2150 671 2180 ‹
710 2128 1165 2198 Recapitulationc
1198 2146 1244 2193 ι,
1272 2142 1433 2196 quam
1464 2127 1529 2178 ad
1557 2125 1757 2178 calcem
1786 2127 1966 2194 operis
1996 2124 2076 2178 sui
2107 2125 2322 2187 adiecit,
2352 2126 2625 2190 nonnulla,
2671 2127 2863 2196 quibus
2892 2130 3112 2201 singulis
3155 2133 3607 2210 Scoti_erroribus

347 2223 702 2288 mederemur,
740 2239 836 2277 suo
867 2223 980 2275 loco
1006 2221 1146 2275 notis
1173 2221 1388 2275 addere.
1434 2219 1502 2275 Ut
1527 2235 1653 2273 vero
1679 2235 1872 2273 noscas
1917 2235 2092 2283 arma,
2121 2235 2259 2288 quae
2286 2229 2467 2274 noster
2495 2221 2594 2275 hoc
2635 2224 2834 2292 scripto
2878 2225 2930 2278 in
2975 2242 3032 2280 se
3061 2232 3342 2296 convertit,
3375 2235 3604 2288 nonnul-

345 2313 426 2368 los
453 2315 711 2370 librorum
738 2316 1008 2370 Prudentii
1045 2323 1099 2370 et
1123 2315 1270 2368 Flori
1307 2315 1545 2384 integros
1569 2314 1736 2378 locos,
1769 2329 1867 2368 nec
1895 2329 2000 2366 non
2025 2315 2251 2367 duarum
2280 2316 2602 2384 synodorum
2630 2315 2830 2387 judicia
2860 2319 3166 2377 adscribere
3195 2323 3356 2379 lubet.

416 2411 741 2464 Prudentius
771 2411 911 2464 enim
942 2411 994 2464 in
1026 2409 1345 2480 praefatione
1391 2409 1512 2462 libri
1559 2409 1680 2472 sui,
1713 2425 1854 2476 quae
1895 2408 2166 2462 Weniloni
2211 2410 2619 2480 archiepiscopo
2663 2410 2956 2469 Senonensi
2994 2415 3339 2485 inscribitur,
3385 2423 3464 2477 sic
3507 2438 3598 2478 οτ-

343 2511 496 2565 ditur
528 2531 541 2566 :

410 2635 696 2695 Accensus,
725 2639 880 2700 prout
907 2629 1049 2683 decet
1072 2637 1225 2697 atque
1255 2635 1476 2696 oportet,
1501 2626 1608 2681 zelo
1649 2627 1934 2681 catholicae
1957 2627 2079 2694 ﬁdei
2109 2635 2155 2680 et
2183 2643 2332 2680 verae
2377 2629 2614 2682 caritatis
2661 2632 2876 2699 affectu,
2900 2642 3047 2701 pater
3071 2635 3384 2703 beatissime,
3411 2641 3598 2696 misisti

341 2729 466 2781 mihi
496 2727 762 2796 quandam
804 2725 1105 2778 schedulam
1124 2763 1138 2787 ,
1168 2725 1345 2776 decem
1373 2733 1424 2776 et
1451 2739 1625 2776 novem
1665 2722 1893 2791 capitula
1921 2722 2266 2776 continentem
2315 2738 2378 2775 ea:
2403 2721 2534 2774 libro
2565 2723 2842 2791 cujusdam
2879 2725 3021 2779 Scoti
3043 2729 3250 2792 selecta,
3299 2749 3331 2784 a
3376 2745 3551 2787 nostro
3578 2776 3594 2800 ,

247 2825 254 2834 '
342 2833 397 2877 ut
428 2825 526 2884 ais,
554 2839 607 2875 se
641 2821 1024 2890 quodamntodo
1051 2820 1310 2874 intellectu
1354 2820 1677 2880 dirertentia,
1711 2834 1896 2886 rogans
1927 2827 1973 2871 et
2018 2833 2233 2871 monens
2258 2856 2273 2880 ,
2329 2825 2384 2869 ut
2423 2834 2759 2886 quaecunque
2804 2820 2857 2871 in
2894 2820 2968 2872 eis
3015 2837 3047 2873 a
3081 2838 3198 2874 vero
3247 2825 3593 2880 exorbitanlia

342 2917 728 2985 comperissem,
757 2917 1034 2984 unicuique
1062 2916 1125 2967 de
1155 2913 1300 2967 libris
1341 2912 1644 2982 evangelicis
1666 2921 1710 2964 et
1737 2911 2108 2964 catholicorum
2133 2911 2403 2963 doctorum
2431 2910 2827 2963 auctoritatibus
2854 2911 3079 2963 devianti
3108 2913 3333 2981 capitulo
3363 2932 3594 2985 congrua

339 3013 695 3082 depromerem
735 3009 938 3062 abunde
974 3025 1237 3078 responsa.
1279 3008 1476 3074 Quibus
1518 3007 1744 3060 decursis
1791 3005 2109 3076 solliciteque
2139 3005 2437 3074 perspectis,
2462 3006 2624 3072 reperi
2651 3006 2703 3058 in
2733 3007 2806 3060 eis
2852 3005 3167 3076 Pelagianae
3208 3024 3397 3063 venena
3432 3011 3591 3080 perfi-

340 3107 482 3168 diae,
515 3114 562 3158 et
592 3103 864 3173 aliquoties
896 3103 1132 3174 Origenis
1161 3104 1458 3164 amentiam,
1489 3101 2008 3170 Collyrianorumque
2034 3100 2415 3154 haereticorum
2442 3101 2820 3170 furiositatem,
2871 3121 3092 3174 quorum
3132 3105 3318 3158 merito
3357 3125 3388 3159 a
3414 3109 3592 3164 catho-

339 3201 474 3254 licae
508 3200 632 3267 ﬁdei
671 3199 952 3252 cultoribus
981 3215 1043 3251 ac
1079 3196 1572 3266 praepugnatoribus
1610 3194 1948 3246 validissimis
1999 3194 2256 3262 confutati
2285 3210 2602 3264 censuraque
2616 3197 2943 3266 justissimae
2974 3201 3258 3256 severitatis
3279 3203 3442 3258 multo
3470 3215 3590 3262 ante

337 3303 515 3346 nostra
559 3303 790 3360 tempora
834 3293 1070 3346 damnati
1101 3301 1238 3345 sunt.
1267 3291 1545 3352 Intremui,
1579 3290 1765 3357 fateor,
1789 3298 1837 3342 et
1866 3290 2066 3357 expavi,
2101 3299 2173 3342 tot
2208 3289 2333 3342 olim
2358 3307 2579 3354 errores,
2610 3309 2727 3345 cum
2761 3294 2871 3346 suis
2924 3296 3221 3350 auctoribus
3233 3297 3348 3366 jam
3371 3302 3587 3368 sapitos,

335 3389 523 3442 nostris
548 3388 718 3440 denuo
743 3387 1057 3454 temporibus
1081 3385 1339 3454 pullulare
1357 3423 1371 3448 ,
1412 3394 1459 3436 et
1484 3383 1780 3448 deficientes
1809 3382 2075 3451 quondam
2103 3383 2274 3450 fumos
2323 3402 2449 3438 nova
2499 3400 2706 3438 rursum
2735 3387 3036 3441 accensione
3063 3406 3327 3459 erumpere
3349 3433 3364 3456 ,
3407 3397 3589 3465 suique

334 3483 590 3534 noxietate
610 3479 895 3533 multorum
919 3479 1094 3531 oculos
1137 3478 1384 3546 caligare.
1418 3477 1642 3541 Quibus,
1671 3485 1727 3528 ut
1758 3477 2024 3544 jusseras,
2060 3476 2353 3544 refellendis
2401 3495 2516 3531 cum
2547 3481 2779 3534 animum
2819 3498 3058 3549 pararem
3090 3486 3364 3554 appellere,
3390 3488 3585 3544 laboris

336 3574 640 3642 difficultate
665 3575 969 3642 perterritus
1015 3572 1362 3626 deliberabam
1401 3573 1605 3640 penitus
1641 3571 2004 3624 omittendum.
2045 3569 2234 3624 Verum
2283 3574 2536 3627 monentis
2577 3576 2884 3629 auctoritate
2911 3593 3161 3646 perpensa
3207 3581 3337 3636 duxi
3383 3588 3581 3652 satius,

337 3684 451 3721 cum
495 3669 667 3730 fructu
710 3668 1053 3736 obedientiae,
1112 3669 1207 3723 etsi
1244 3669 1416 3722 minus
1465 3669 1616 3735 pleno
1643 3707 1657 3728 ,
1698 3667 2027 3736 aliquatenus
2070 3666 2196 3727 labi,
2223 3683 2380 3736 quam
2421 3677 2669 3736 paternae
2710 3671 3021 3724 reverentiae
3059 3675 3337 3732 timiditate
3375 3681 3586 3750 stupida

337 3766 610 3818 contraire.
647 3765 922 3818 Animatus
947 3767 1120 3834 itaque
1160 3765 1358 3818 meritis
1406 3763 1636 3832 rogantis
1668 3762 2062 3831 orationnmque
2103 3763 2480 3816 instantisstma
2510 3765 2737 3832 puritate
2777 3764 3046 3818 scribentis
3081 3768 3246 3822 visum
3282 3779 3355 3823 est
3395 3771 3585 3826 librum

335 3860 578 3922 eundem,
607 3861 652 3913 si
679 3877 779 3929 qua
806 3860 937 3927 forte
965 3859 1183 3911 inveniri
1205 3867 1394 3926 posset,
1423 3857 1655 3924 diligenti
1685 3857 1985 3909 curiositate
2025 3858 2340 3925 perquirere,
2366 3857 2518 3920 cuius
2554 3857 2683 3911 serie
2729 3857 3020 3914 salebrosas
3046 3869 3309 3916 tantorum
3348 3881 3583 3920 errorum

336 3953 586 4005 tortiones
627 3952 843 4006 valerem
865 3951 1074 4020 facilius
1101 3954 1314 4005 intueri.
1365 3951 1480 4016 Quo
1527 3952 1695 4020 gratia
1739 3949 1852 4014 Dei,
1879 3953 1990 4004 sine
2016 3967 2118 4019 qua
2157 3951 2286 4004 nihil
2328 3968 2442 4004 sum
2476 3963 2523 4004 et
2558 3952 2688 4004 nihil
2721 3967 2950 4020 possum,
2986 3963 3040 4007 ut
3078 3964 3374 4023 optaveram
3397 3997 3411 4022 ,
3442 3975 3584 4013 asse—

335 4053 452 4096 cuto
479 4045 812 4112 deprehendi,
839 4056 1091 4115 quantum
1115 4046 1362 4099 divinitus
1399 4045 1685 4114 inspiratus
1709 4047 1878 4113 potui,
1914 4043 2138 4112 Pelagii,
2161 4041 2423 4105 Caelestii,
2449 4059 2727 4112 eorumque
2760 4045 2992 4114 sequacis
3033 4063 3094 4098 ac
3116 4048 3402 4115 defensoris
3437 4065 3584 4103 acer-

337 4138 472 4198 rimi,
497 4138 830 4207 Juliani,per
843 4140 1018 4191 omnia
1034 4148 1360 4202 sectatorem,
1389 4137 1649 4192 Joannem
1691 4138 1919 4192 videlicet
1947 4137 2182 4200 Scotum,
2213 4119 2359 4189 tanta
2388 4137 2705 4203 impudentia
2736 4139 3054 4191 orthodoxae
3077 4140 3201 4206 ﬁdei
3234 4138 3582 4212 Patribusque

339 4230 609 4283 catholicis
632 4231 992 4297 oblatrantem,
1012 4250 1072 4286 ac
1093 4234 1137 4286 si
1161 4250 1295 4285 unus
1317 4233 1530 4302 spiritus
1546 4233 1820 4286 lulianum
1841 4233 2199 4301 Joannemque
2220 4231 2472 4292 docuerit,
2491 4246 2623 4282 unus
2647 4229 2882 4299 idemque
2903 4232 3113 4298 spiritus
3135 4233 3188 4284 in
3201 4235 3274 4286 eis
3287 4234 3465 4302 fuerit,
3489 4255 3580 4292 nec

339 4316 525 4387 dispar
545 4319 756 4386 spiritus
780 4337 869 4387 per
904 4337 1082 4373 eorum
1104 4321 1312 4389 linguas
1338 4329 1410 4372 tot
1436 4331 1708 4388 tantasque
1733 4320 2168 4392 blasphemiarum
2199 4334 2418 4372 nauseas
2447 4317 2749 4370 evomuerit.
2782 4315 2923 4370 Nam
2953 4327 3000 4370 et
3024 4321 3309 4387 gratuitam
3336 4321 3432 4376 Dei
3457 4341 3580 4391 gra-

338 4411 472 4463 tiam
491 4411 726 4480 pariliter
753 4413 1054 4484 impugnant
1073 4455 1088 4479 ,
1117 4424 1165 4468 et
1195 4414 1294 4467 Dei
1317 4415 1581 4482 justitiam
1602 4415 1842 4470 similiter
1866 4415 2142 4483 denegant,
2172 4424 2220 4468 et
2250 4412 2504 4484 originale
2526 4422 2812 4482 peccatum,
2839 4414 2978 4482 quod
3009 4423 3270 4467 nascentes
3301 4416 3576 4485 trahimus,

336 4523 542 4578 quoque
561 4525 663 4562 non
678 4511 776 4562 nisi
797 4512 1004 4566 caelesti
1021 4514 1192 4581 gratia
1209 4529 1299 4580 per
1316 4514 1614 4582 mysterium
1632 4513 1955 4582 baptismatis
1973 4512 2239 4576 solvimur,
2256 4510 2553 4565 indissimili
2573 4509 2880 4579 garrulitate
2901 4509 3222 4574 dissuadent,
3261 4512 3580 4584 argutiisque

331 4603 614 4657 dialecticis
634 4606 903 4660 simillima
920 4611 1145 4662 vanitate
1161 4609 1437 4676 desipiunt.
1461 4607 1819 4662 Rectissimum
1837 4610 1992 4661 etiam
2012 4618 2312 4662 sanctarum
2327 4606 2716 4671 Scripturarum
2738 4605 3048 4660 intellectum
3062 4605 3383 4678 Patrumque
3397 4606 3578 4662 catho-

333 4695 549 4750 licorum
571 4715 780 4752 sensum
795 4700 1130 4754 sanissimum
1152 4710 1258 4753 tam
1288 4703 1541 4755 concinna
1572 4703 1902 4756 varicositate
1927 4711 2239 4771 pervertunt,
2266 4718 2326 4754 ac
2350 4702 2394 4754 si
2424 4717 2688 4770 nunquam
2709 4700 2956 4755 adversus
2983 4717 3160 4754 eorum
3181 4718 3380 4756 errores
3424 4703 3576 4770 quid-

331 4790 469 4857 piam
487 4793 641 4860 fuerit
663 4794 954 4849 actitatum.
977 4795 1177 4861 Quibus
1202 4813 1319 4849 cum
1339 4815 1371 4850 a
1397 4796 1647 4850 Patribus
1665 4799 2037 4867 praecipueque
2064 4796 2356 4849 beatissimo
2376 4795 2664 4864 Augustino
2703 4797 3164 4865 competentissime
3193 4794 3580 4850 abundantissi-

330 4899 507 4953 meque
553 4903 859 4956 responsum
898 4889 1092 4956 fuerit,
1135 4906 1460 4960 nequaquam
1486 4906 1565 4942 me
1594 4891 2029 4958 praesumptionis
2055 4908 2086 4943 a
2108 4891 2208 4959 piis
2234 4890 2507 4944 lectoribus
2527 4889 2724 4944 credidi
2745 4891 3109 4956 iudicandum,
3137 4891 3184 4944 si
3223 4890 3325 4943 tuis
3368 4890 3578 4943 monitis

328 4980 554 5034 dictante
580 4985 772 5051 pietate
799 4984 1016 5038 libenter
1045 4985 1347 5055 obsequens,
1380 4987 1598 5054 offeram
1623 5001 1716 5053 pro
1760 4984 1849 5037 vili
1867 4986 2100 5052 portione
2126 4987 2178 5039 in
2205 4987 2427 5040 donaria
2448 4985 2771 5039 tabernaculi
2803 4986 3015 5042 Domini
3056 4985 3176 5050 mei,
3199 5001 3332 5056 quae
3358 4983 3576 5052 possim,

328 5072 618 5143 relinquens
640 5077 928 5145 potioribus
953 5095 1014 5130 ac
1035 5078 1374 5141 doctioribus,
1397 5093 1628 5146 quaeque
1655 5075 1839 5130 melius
1870 5078 2119 5132 valuerint
2135 5090 2180 5131 et
2198 5079 2448 5132 voluerint
2471 5079 2757 5146 offerenda.
2785 5079 2898 5132 Nec
2913 5078 3092 5147 posse,
3121 5087 3176 5131 ut
3197 5080 3271 5131 ait
3297 5075 3356 5132 S.
3387 5076 3578 5131 Iliero-
3620 5151 3623 5155 Ι

327 5183 532 5236 ηῃπικε,
556 5171 774 5225 alterius
801 5189 920 5241 opes
943 5173 1160 5226 alterius
1189 5183 1492 5242 paupertate
1517 5172 1741 5240 foedari.
1770 5171 1802 5222 l'
1819 5173 1964 5226 ideas
1987 5175 2150 5242 igitur
2168 5175 2220 5227 in
2243 5175 2354 5242 ejus
2377 5175 2569 5244 gratia,
2593 5191 2695 5243 qua
2719 5173 3100 5242 praevertimur,
3118 5179 3172 5222 ut
3194 5169 3317 5222 bene
3341 5167 3574 5231 velimus,

327 5262 710 5332 subsequimur,
731 5283 794 5320 ne
808 5268 1009 5336 frustra
1029 5269 1260 5331 velimus,
1287 5267 1531 5322 revolutis
1553 5267 1769 5320 Patrum
1796 5269 2034 5321 consonis
2054 5285 2144 5337 per
2154 5271 2326 5322 omnia
2346 5270 2570 5339 paginis,
2590 5269 2714 5338 quid
2729 5268 2943 5337 quisque
2954 5279 3132 5319 eorum
3152 5260 3374 5316 antidoti
3395 5269 3575 5313 contra

326 5359 507 5412 cadent
527 5378 722 5416 venena
745 5365 1045 5433 confecerit,
1062 5365 1332 5435 decerpere
1358 5365 1580 5433 fideliter
1600 5364 1797 5425 curavi,
1825 5365 2057 5432 praefixo
2081 5364 2332 5433 cujusque
2347 5365 2575 5417 doctoris
2598 5363 2822 5425 nomine,
2850 5359 3079 5428 libroque
3099 5355 3295 5424 pariter
3317 5352 3573 5408 ἱηιὶηιαιοο

339 5449 504 5506 Verba
530 5471 733 5525 quoque
758 5458 990 5526 ejusdem
1013 5459 1254 5522 Joannis,
1289 5469 1346 5513 ut
1383 5461 1446 5513 ab
1478 5475 1537 5512 eo
1565 5459 1764 5528 digesta
1799 5468 1943 5522 sunt,
1982 5458 2216 5528 pluribus
2253 5457 2381 5511 locis
2409 5457 2638 5520 inserui,
2665 5455 2959 5525 praeposito
2989 5453 3146 5505 etiam
3187 5447 3389 5503 nomine
3414 5446 3575 5518 ipsius

326 5562 442 5598 cum
466 5551 802 5615 praecedente
828 5551 959 5606 illud
987 5564 1107 5608 nota
1125 5594 1139 5618 ,
1181 5571 1313 5624 quae
1331 5571 1510 5625 graece
1535 5554 1730 5608 dicitur
1757 5554 1906 5615 θῆτα,
1931 5569 2087 5622 quam
2111 5553 2375 5607 sententiis
2405 5547 2710 5618 capitalibus
2755 5544 3174 5600 damnandorum
3219 5541 3380 5612 aliqui
3421 5557 3575 5610 prae-

331 5645 552 5698 scribere
597 5646 852 5701 solebant.
907 5649 966 5703 Si
1005 5649 1183 5704 multis
1227 5652 1364 5705 enim
1408 5667 1508 5704 non
1547 5650 1701 5704 verba
1730 5647 1843 5716 ejus
1891 5649 2206 5711 internosui,
2245 5663 2378 5714 quae
2417 5641 2727 5712 loquacitate
2773 5640 2934 5693 nimia
2975 5637 3257 5707 legentibus
3304 5637 3574 5706 fastidiunt

1855 5867 1929 5888 to."
