4194 6276
585 298 680 354 ssi
1973 281 2257 340 JOANNIS
2292 278 2489 337 soon
3725 281 3833 338 353

586 410 845 479 ingerunt,
875 404 966 459 sed
1010 399 1244 455 sensibus
1276 407 1454 449 eorum
1491 408 1586 463 pro
1631 407 1744 446 meo
1794 402 1947 460 captu
1983 407 2126 445 meae
2151 389 2454 459 pusillitatis
2479 389 2733 443 veraciter
2761 387 2977 442 obviavi.
3024 407 3040 436 ι

656 501 858 556 Deinde
899 498 1072 567 capite
1121 493 1297 561 primo
1340 490 1393 541 in
1428 484 1692 540 Joannem
1723 485 1943 541 Scotum
1976 485 2247 538 invehitur
2270 483 2356 536 his
2388 482 2600 539 verbis:

656 594 1015 663 Blasphemias
1057 599 1195 651 tuas,
1225 586 1483 652 Joannes,
1524 593 1678 650 atque
1725 579 2092 647 impudentius,
2126 576 2311 644 quibus
2338 575 2392 626 in
2422 574 2519 626 Dei
2544 573 2827 641 gratuitam
2854 572 3470 663 gratiarrrjttstitiantque
3496 578 3836 648 inﬂexibilem

587 656 1079 752 procax‘inveheris,
1112 686 1506 745 percursoduae
1558 665 1903 739 perversitatis
1961 664 2113 724 libro,
2153 677 2304 731 quem
2344 660 2438 713 sub
2485 660 2690 712 nomine
2734 659 3009 727 cujusdam
3052 656 3342 713 Cotescalci
3383 664 3629 718 adversus
3662 683 3836 721 omnes

592 776 866 833 :atholieos
890 770 1143 841 eﬁ'urlisti,
1171 785 1229 821 eo
1255 766 1520 821 molestius
1546 760 1740 830 accepi,
1772 774 1875 829 quo
1919 767 1967 810 te
2001 754 2318 824 familiarius
2359 751 2721 820 amplectebar,
2751 751 3064 816 peculiarius
3105 754 3413 823 diligebam;
3441 761 3628 828 quippe
3664 763 3755 829 qm-
3785 760 3837 813 εη

590 882 788 924 tantum
813 867 1054 921 vesaniae
1079 862 1392 933 proruperis,
1417 868 1473 913 ut
1496 856 1854 927 gravissimam
1879 860 2182 905 sanctarum
2212 845 2602 915 Scripturarum
2630 846 2987 897 auctoritatem
3011 846 3113 899 tuis
3133 849 3303 915 pravis
3328 850 3837 920 interpretationibus

591 964 935 1032 detorqueres,
958 972 1208 1024 sensuque
1251 951 1626 1008 catholicorum
1678 948 1900 1000 Patrum
1945 944 2197 1013 perversis
2244 940 2544 994 invertenda
2600 939 2835 992 sensibus
2881 940 3151 1006 educeres,
3203 945 3449 998 nimirum
3498 948 3835 1015 quadrivium

592 1031 847 1126 quoddam
892 1050 1037 1104 nobis
1075 1045 1396 1115 intelligendi
1430 1041 1727 1110 Scripturas
1770 1038 2048 1109 afﬁngens,
2076 1033 2213 1103 quod
2259 1031 2445 1084 Patres
2492 1032 2675 1097 nostri,
2726 1031 2955 1085 videlicet
3001 1050 3178 1086 omnes
3218 1036 3458 1089 catholici
3507 1047 3835 1103 tractatores,

592 1153 762 1206 divina
792 1151 1119 1218 hamanaque
1150 1141 1403 1212 sapientia
1434 1136 1837 1207 praefulgentes,
1880 1149 1998 1185 cum
2038 1129 2204 1183 multa
2233 1128 2578 1181 eruditissime
2625 1127 3129 1197 luculentissimeque
3175 1130 3387 1183 caelitus
3434 1132 3634 1197 imbuti,
3681 1151 3838 1203 expo—

592 1246 783 1309 nenda,
811 1254 963 1313 atque
990 1236 1313 1308 intelligendi
1341 1232 1546 1304 regulas
1568 1231 1846 1298 modosque
1875 1226 2194 1280 locutionum
2219 1223 2529 1290 multiplices
2570 1224 2846 1292 aperiendo
2878 1224 3198 1292 reliquerint,
3235 1226 3287 1278 in
3326 1226 3512 1295 quibus
3540 1227 3734 1281 nullam
3762 1232 3839 1282 tui

591 1338 847 1411 quadrivii
888 1335 1200 1390 mentionem
1226 1331 1407 1399 fecisse
1448 1326 1753 1397 probantur,
1792 1323 1996 1392 penitus
2031 1328 2466 1389 contempserunt,
2496 1328 2836 1388 proponeutes
2883 1320 3026 1372 nobis
3054 1318 3283 1385 videlicet
3314 1329 3360 1372 et
3393 1320 3555 1375 multo
3584 1323 3839 1388 meliores,

591 1435 896 1496 sanctiores,
928 1429 1284 1497 doctioresque
1306 1424 1435 1487 vias,
1475 1435 1698 1491 quarum
1724 1416 2063 1487 opitulatione
2092 1414 2299 1467 subnixi
2328 1422 2375 1466 et
2402 1411 2735 1477 stropharum
2757 1421 2966 1464 tuarum
3006 1410 3347 1479 faeculentiae
3386 1413 3596 1478 evitare,
3625 1423 3671 1468 et
3698 1417 3842 1484 puri-

591 1538 748 1581 tatem
777 1523 1187 1591 simplicissimae
1213 1519 1337 1587 ﬁdei
1363 1514 1665 1570 clarissimis
1692 1527 1753 1565 ac
1774 1510 2093 1564 suavissimis
2131 1507 2358 1577 fontibus
2389 1507 2603 1559 haurire
2629 1515 2677 1559 et
2704 1507 2979 1576 propinare
3017 1504 3073 1560 in
3100 1508 3304 1560 nomine
3332 1514 3379 1558 et
3404 1506 3668 1574 adjutorio
3692 1511 3843 1563 auxi-

591 1618 832 1682 liatricis,
856 1618 960 1669 imo
990 1612 1358 1685 praeventricis
1389 1608 1588 1678 gratiae
1610 1605 1709 1658 Dei
1728 1603 2007 1674 possimus.

668 1708 781 1762 Nec
812 1708 1005 1762 leniter
1041 1718 1163 1757 eum
1195 1702 1385 1756 eodem
1410 1697 1641 1766 capitulo
1667 1694 1825 1764 paulo
1863 1702 1984 1761 post
2016 1692 2094 1747 sic
2125 1692 2368 1760 increpat
2400 1708 2412 1743 :
2522 1767 2533 1771 ρ

664 1800 914 1865 Quamvis
940 1814 1043 1852 non
1072 1798 1390 1866 ignoremus,
1415 1800 1683 1861 praecepto
1711 1788 1921 1842 Domini
1959 1805 2083 1841 vasa
2123 1802 2285 1839 aurea
2324 1795 2476 1855 atque
2502 1793 2764 1854 argentea,
2809 1787 3121 1856 vestiumque
3164 1803 3226 1840 ac
3274 1801 3591 1856 gemmarum
3641 1791 3841 1845 variam

590 1894 1026 1966 pulchritudinem
1069 1890 1132 1943 ab
1153 1888 1414 1958 Aegyptiis
1457 1893 1713 1948 mutuata,
1756 1878 2231 1950 ejustabernaculo
2275 1879 2437 1947 fuisse
2479 1877 2674 1943 oblata,
2723 1888 2771 1931 et
2808 1894 2918 1933 esse
2958 1879 3191 1933 devotius
3231 1880 3531 1948 offerenda;
3564 1899 3736 1936 verum
3761 1886 3840 1948 id,

591 1991 994 2060 quotiescunque
1023 1995 1200 2039 contra
1232 1999 1315 2036 eos
1342 1981 1425 2051 agi
1451 1995 1653 2032 summa
1694 1975 1968 2029 necessitas
2011 1974 2192 2042 coegit,
2238 1974 2325 2042 qui
2355 1971 2544 2024 talibus
2581 1971 2752 2039 inflati
2788 1970 3147 2040 gloriabantur
3184 1973 3239 2025 in
3280 1978 3592 2032 vanitatibus
3630 1981 3759 2044 suis,
3792 1991 3843 2035 et

592 2083 974 2153 simplicitatem
995 2090 1201 2134 nostrae
1225 2079 1348 2147 ﬁdei
1370 2075 1643 2129 stultitiam
1682 2069 2021 2140 deputabunt,
2048 2069 2256 2137 exsequi
2298 2084 2391 2135 pro
2417 2076 2644 2134 tempore
2672 2082 2775 2119 non
2812 2077 2886 2119 est
2912 2066 3209 2130 inhibitum,
3247 2067 3336 2120 sed
3361 2072 3588 2139 ﬁdeliter
3607 2077 3807 2144 pruden

594 2188 772 2248 terque
800 2195 832 2229 a
862 2175 1108 2228 Patribus
1133 2180 1457 2241 usurpatum.
1487 2169 1563 2220 Tu
1596 2177 1767 2219 autem
1794 2183 1824 2217 a
1848 2164 2107 2217 contrario
2135 2161 2198 2215 de
2234 2162 2338 2231 ﬁde
2378 2163 2626 2214 adversus
2669 2160 2865 2228 ﬁdeles,
2909 2160 3065 2214 nullis
3101 2162 3500 2231 sophismatibus
3542 2168 3818 2224 innitentes

594 2272 945 2343 impudentius
972 2268 1218 2332 scribens,
1247 2280 1406 2335 quare
1444 2262 1512 2315 ad
1540 2260 1821 2330 sophistica
1847 2268 1893 2311 te
1921 2256 2259 2310 deliramenta
2286 2255 2534 2309 verteris?
2561 2253 2629 2306 In
2662 2264 2899 2323 promptu
2926 2264 2998 2307 est
3023 2256 3269 2308 nimirum
3291 2257 3584 2325 jactantiae
3606 2264 3842 2327 studens,

593 2379 642 2422 et
670 2385 773 2421 non
786 2368 903 2436 jam
924 2362 1279 2435 philosophus,
1310 2358 1399 2412 sed
1429 2354 1777 2427 philocompos
1811 2351 1974 2405 videri
2005 2360 2265 2419 appetens,
2300 2365 2361 2402 ea
2389 2348 2535 2401 nobis
2567 2348 2796 2416 ingerere
2834 2346 3089 2416 delegisti,
3118 2364 3250 2418 quae
3282 2366 3314 2402 a
3337 2353 3479 2405 nullo
3513 2365 3746 2409 nostrum
3770 2358 3845 2410 vel

595 2459 837 2531 intelligi,
864 2459 938 2513 vel
967 2455 1298 2527 deprehendi,
1322 2451 1398 2506 vel
1427 2459 1560 2504 certe
1581 2447 1841 2515 confutari
1866 2460 2013 2514 posse
2043 2442 2367 2505 credideras;
2391 2451 2437 2494 et
2472 2441 2599 2493 dum
2633 2440 2806 2493 studes
2840 2439 3044 2506 placere
3071 2440 3381 2509 hominibus,
3408 2449 3594 2516 quibus
3621 2452 3675 2505 ίει
3701 2455 3844 2507 card,

594 2571 705 2609 esse
740 2568 972 2616 noveras,
999 2552 1045 2603 si
1073 2560 1246 2602 tamen
1268 2554 1386 2600 sunt
1416 2543 1599 2614 aliqui,
1624 2541 1761 2610 quod
1794 2547 1994 2593 avertat
2023 2537 2210 2591 veritas
2238 2537 2566 2605 sempiterna,
2606 2550 2927 2603 nequaquam
2965 2533 3042 2587 vel
3083 2536 3285 2599 cavisti,
3321 2541 3394 2594 vel
3431 2544 3724 2611 formida“;
3765 2547 3846 2601 5m

596 2647 890 2716 displicere,
927 2650 990 2697 de
1018 2658 1118 2713 quo
1157 2656 1310 2710 super
1350 2638 1542 2692 talibus
1583 2636 1829 2706 propheta
1880 2632 2184 2686 intentando
2219 2630 2490 2701 praedicit.
2533 2629 2793 2696 Quoniam
2842 2628 2982 2684 Deos
3018 2629 3298 2699 dissipavit
3326 2646 3451 2691 ossa
3502 2652 3708 2704 eorum,
3752 2643 3845 2710 qui

502 2798 507 2807 ,
595 2742 905 2798 hominibus
948 2739 1190 2810 placent;
1222 2733 1427 2791 confusi
1448 2740 1593 2796 sunt,
1623 2728 1876 2801 quoniam
1901 2726 2046 2781 Deus
2076 2726 2279 2794 sprevit
2304 2738 2418 2779 eos.
2468 2723 2579 2776 Nec
2620 2723 2847 2776 metuisti
2891 2738 3009 2776 cum
3039 2724 3218 2777 Achan
3266 2741 3481 2783 auream
3521 2731 3755 2801 regulam
3779 2750 3847 2788 ex

598 2836 998 2890 Hiericonthino
1029 2833 1356 2887 anathemate
1379 2838 1556 2883 contra
1584 2825 1859 2879 inhibitum
1880 2822 2066 2876 castris
2089 2821 2375 2875 Dominicis
2409 2819 2623 2887 inferre,
2645 2817 2966 2887 jamjamque
2992 2833 3109 2870 cum
3152 2818 3261 2887 ipso
3296 2832 3602 2878 sententiam
3640 2827 3848 2881 aivinae

595 2929 1083 2990 animadversionis,
1115 2926 1215 2980 nisi
1254 2925 1407 2978 citius
1450 2920 1712 2975 humiliter
1744 2915 2089 2985 resipiscendo
2129 2915 2463 2984 paenitueris,
2500 2916 2681 2967 merito
2703 2913 2989 2970 subiturus.
3023 2910 3334 2988 Quicunque
3362 2919 3497 2972 enim
3524 2921 3845 2988 propheticus

595 3024 671 3079 vel
696 3024 1005 3094 apostolicus
1034 3022 1177 3076 nobis
1206 3020 1405 3073 litteras
1433 3016 1706 3085 diligenter
1740 3012 1958 3075 scrutati
2000 3018 2143 3074 sunt,
2173 3009 2417 3063 vivaciter
2452 3007 2834 3075 intellexerunt,
2878 3010 3102 3078 ﬁdeliter
3130 3012 3441 3075 enodarunt,
3464 3010 3705 3066 abstrusa
3731 3030 3848 3083 ape-

593 3121 806 3185 rientes,
837 3117 995 3188 plana
1033 3122 1359 3174 exornantes,
1390 3109 1734 3163 nodosissima
1771 3105 2119 3170 enucleantes,
2149 3103 2426 3174 allegorica
2470 3103 2782 3173 detegentes,
2813 3106 2907 3159 hoc
2947 3108 3269 3175 potissimum
3311 3116 3627 3176 sategerunt,
3668 3118 3722 3162 ut
3754 3109 3843 3162 illo

592 3213 839 3282 loquendi
868 3225 1049 3282 genere
1076 3223 1231 3278 quam
1259 3206 1490 3258 maxime
1518 3213 1802 3266 uterentur,
1825 3217 1926 3271 quo
1957 3202 2113 3254 etiam
2145 3217 2178 3253 a
2208 3199 2607 3267 simplicioribus
2634 3202 2825 3271 absque
2866 3204 3010 3273 gravi
3047 3202 3380 3272 difﬁcultate,
3421 3218 3553 3272 quae
3586 3201 3662 3257 vel
3694 3204 3849 3257 audi-

595 3318 730 3371 rent,
762 3306 837 3361 vel
865 3306 1456 3375 legerent,caperentur.
1490 3296 1642 3362 Quod
1685 3310 1802 3347 cum
1841 3294 1906 3347 ab
1950 3294 2186 3347 omnibus
2224 3293 2434 3362 provide
2474 3293 2630 3361 fuerit
2667 3294 3017 3359 observatum,
3056 3295 3330 3365 praecipue
3378 3296 3656 3351 beatissimi
3691 3308 3845 3368 atque

594 3399 883 3454 doctissimi
902 3397 1064 3468 patris
1087 3394 1386 3463 Augustini,
1413 3389 1735 3444 venerandae
1778 3389 2057 3441 memoriae
2100 3387 2345 3456 episcopi,
2389 3388 2649 3457 opusculis
2697 3388 2974 3458 specialius
3014 3388 3276 3454 elucescit,
3315 3404 3448 3459 quae
3494 3391 3558 3442 de
3603 3390 3842 3446 doctrina

597 3493 897 3548 Christiana
924 3490 1231 3559 composuit,
1255 3488 1308 3539 in
1335 3484 1521 3557 quibus
1546 3483 1622 3538 vel
1655 3484 1878 3536 maxime
1898 3492 2105 3535 tuorum
2134 3482 2325 3551 tibique
2360 3482 2610 3536 similium
2636 3483 2881 3553 ﬁgmenta
2907 3493 3261 3554 portentorum
3283 3483 3507 3537 cavenda
3530 3493 3575 3537 et
3591 3483 3841 3553 fugienda

595 3587 957 3643 eruditissima
999 3581 1290 3636 humilitate
1314 3578 1705 3642 humillimaque
1724 3577 2015 3630 eruditione
2035 3585 2082 3629 et
2102 3577 2275 3629 sanxit
2297 3586 2345 3629 et
2364 3575 2559 3629 docuit.
2586 3575 2803 3630 Necnon
2832 3579 2885 3630 in
2911 3578 3036 3642 illis,
3071 3594 3199 3647 quos
3223 3576 3577 3647 quaestionum
3605 3578 3680 3631 vel
3703 3579 3845 3632 locu~

596 3684 797 3736 tionum
823 3676 1101 3747 Eptateuci
1125 3673 1350 3729 mirabili
1385 3672 1730 3727 elucidatione
1765 3681 2007 3725 exaratos
2034 3670 2237 3723 nomine
2264 3669 2423 3724 voluit
2450 3672 2767 3740 praenotari.
2797 3669 3140 3726 Beatissimus
3158 3688 3353 3742 quoque
3382 3672 3746 3744 Hieronymus,
3768 3686 3843 3728 tot

596 3775 898 3844 linguarum
920 3780 1073 3840 atque
1094 3768 1343 3821 librorum
1370 3766 1553 3821 litteris
1573 3764 2049 3834 incomparabiliter
2065 3764 2320 3831 eruditus,
2337 3766 2391 3818 in
2411 3764 2669 3830 omnibus,
2691 3776 2797 3818 tam
2818 3766 3148 3836 propheticis,
3168 3783 3324 3836 quam
3352 3770 3643 3837 apostolicis
3663 3770 3844 3839 expla-

598 3866 921 3931 nationibus,
949 3864 1003 3918 id
1030 3864 1471 3929 sibisummopere
1496 3860 1656 3914 studii
1683 3860 1843 3929 fuisse
1870 3859 2099 3913 crebrius
2126 3858 2422 3928 replicando
2452 3860 2700 3924 inculcat,
2731 3860 2886 3915 malle
2920 3879 3012 3930 per
3046 3879 3099 3916 se
3129 3873 3427 3917 sanctarum
3456 3864 3845 3935 Scripturarum

596 3963 737 4033 dicta
758 3961 998 4031 intelligi,
1024 3975 1184 4031 quam
1210 3959 1471 4011 rhetorum
1498 3955 1856 4010 controversiis
1881 3954 2159 4019 inservire._
2179 3954 2474 4009 Instructus
2497 3954 2731 4010 videlicet
2756 3960 3008 4012 tremendi
3040 3959 3240 4029 judicis
3265 3961 3488 4025 verbere,
3515 3978 3617 4032 quo
3642 3972 3848 4032 prapter

598 4055 813 4109 nimiam
855 4053 1118 4109 Ciceronis
1139 4053 1404 4107 lectionem
1428 4050 1685 4104 adductus
1705 4050 1995 4119 acriterque
2018 4065 2199 4102 caesus
2222 4049 2430 4103 tandem
2457 4050 2904 4106 circumstantium
2927 4054 3160 4122 precibus
3191 4055 3457 4118 liberatus,
3486 4056 3755 4124 juraverat
3791 4072 3847 4109 se

597 4146 860 4203 Ciceronis
889 4149 1047 4203 libros
1074 4162 1340 4217 nunquam
1372 4146 1436 4199 de
1473 4155 1636 4198 cetero
1660 4145 2031 4197 meditaturum
2050 4183 2065 4208 ,
2108 4160 2372 4213 nunquam
2417 4144 2689 4211 lecturum,
2729 4148 2855 4217 quin
2888 4149 3106 4216 epistola
3146 4149 3214 4203 ad
3257 4147 3474 4205 Galatas
3501 4157 3844 4217 contemptum

596 4243 757 4313 hujus
786 4242 1153 4314 disputationis
1177 4243 1251 4294 ita
1278 4239 1611 4310 deprompsit,
1640 4239 1816 4293 dicens
1845 4248 1951 4293 cet.

666 4339 852 4408 Capite
881 4340 1038 4393 tertio
1081 4340 1215 4392 haec
1260 4343 1492 4399 exstant,
1527 4335 1722 4405 quibus
1774 4334 2061 4403 colligitur,
2097 4331 2358 4388 Joannem
2404 4334 2621 4391 Scotum
2673 4337 3073 4395 ecclesiasticae
3118 4339 3393 4411 dignitatis
3434 4340 3690 4410 gradibus
3739 4352 3843 4393 non

598 4429 765 4484 fuisse
792 4430 1100 4498 insignitum
1135 4444 1148 4480 :
1189 4425 1319 4491 Quis
1354 4435 1402 4478 te
1435 4426 1737 4490 barbarum,
1795 4435 1841 4477 et
1884 4424 2058 4476 nullus
2086 4423 2461 4479 ecclesiasticae
2503 4428 2770 4497 dignitatis
2800 4430 3048 4499 gradibus
3072 4432 3407 4503 .insignitum,
3437 4448 3529 4485 nec
3563 4449 3791 4502 unquam
3812 4449 3846 4486 a

599 4521 866 4575 catholicis
886 4521 1290 4590 insigniendum,
1305 4520 1551 4573 adversus
1568 4517 1836 4571 Romanae
1850 4518 1992 4570 urbis
2014 4526 2063 4570 et
2083 4517 2396 4587 apostolicae
2413 4521 2547 4574 sedis
2563 4523 2843 4576 antistitem
2858 4521 3232 4594 Gregorium...
3261 4527 3441 4579 audiat
3457 4527 3801 4582 oblatrantem
3823 4530 3845 4581 .'

668 4615 856 4684 Capite
886 4615 1093 4667 decimo
1116 4623 1310 4683 quarto
1333 4615 1655 4669 Prudentius
1680 4629 1802 4668 cum
1831 4614 2178 4669 acerbissima
2208 4614 2381 4669 ironia
2408 4634 2421 4670 :

671 4704 742 4759 Te
771 4704 963 4767 solum,
989 4703 1181 4770 inquit,
1210 4704 1439 4756 omnium
1473 4705 1828 4757 acutissimum
1857 4700 2061 4756 Calliae
2096 4708 2384 4759 transmisit
2411 4704 2681 4771 Hibernia,
2710 4718 2785 4773 ut,
2815 4726 2950 4779 quae
2984 4709 3157 4764 nullus
3182 4709 3373 4778 absque
3393 4719 3444 4764 te
3467 4711 3598 4765 scire
3614 4723 3840 4781 poterat,

598 4795 701 4854 luis
733 4797 1110 4853 eruditionibus
1138 4796 1407 4849 obtineret.
1444 4796 1547 4850 Sed
1576 4798 1727 4859 absit,
1774 4808 1829 4851 ut
1864 4798 2059 4853 Celtica
2087 4800 2378 4870 eloquentia
2404 4812 2477 4856 tot
2503 4806 2760 4873 tantisque
2779 4806 3055 4875 fluviorum
3077 4805 3513 4860 exundationibus
3541 4815 3659 4860 tuas
3689 4809 3842 4860 nubi-

598 4897 817 4950 lationes
849 4893 1123 4957 admittat,
1158 4891 1389 4960 quamvis
1432 4889 1761 4944 Christianae
1802 4893 2111 4947 humilitatis
2149 4896 2429 4952 eminentia
2470 4898 2718 4952 alterutro
2769 4902 3002 4953 caritatis
3043 4901 3205 4970 ofﬁcio
3254 4899 3478 4954 vicissim
3520 4902 3843 4973 suppeditari

598 4990 811 5042 minime
836 4986 1125 5057 prohibeat,
1153 4984 1309 5037 immo
1341 4985 1679 5050 undecunque
1715 4986 2043 5039 commodum
2090 4987 2329 5054 duxerit,
2360 4991 2689 5057 alternatim,
2734 5009 2866 5063 quae
2896 5001 3036 5047 recta
3065 5004 3186 5047 sunt
3209 5033 3225 5054 ,
3255 4993 3488 5049 exhiberi
3516 5005 3836 5065 percenseat.

670 5079 911 5147 Denique
941 5073 1216 5129 Prudentii
1246 5073 1381 5127 liber
1409 5073 1590 5126 ﬁnitur
1615 5073 1700 5127 his
1729 5073 1943 5129 verbis:

672 5173 817 5228 Haec
872 5182 945 5227 est
1001 5179 1179 5224 nostra
1223 5169 1355 5237 ﬁdes
1381 5208 1395 5232 ,
1446 5169 1570 5237 quia
1632 5169 1759 5222 haec
1817 5178 1903 5235 est
1951 5186 2069 5224 vera
2094 5212 2109 5235 ,
2172 5171 2493 5239 prophetica,
2547 5169 2863 5239 apostolica,
2905 5170 3193 5224 orthodoxa
3223 5179 3377 5241 atque
3412 5172 3667 5226 catholica
3692 5173 3841 5241 fides.

604 5270 849 5325 Poteram
906 5266 1114 5338 quidem
1145 5277 1192 5318 et
1259 5265 1368 5333 ipse
1434 5264 1529 5317 tibi
1562 5264 1750 5327 dicere
1798 5266 2075 5318 anathema
2100 5305 2113 5329 ,
2164 5267 2263 5319 nisi
2312 5276 2659 5335 exspectarem
2704 5275 2751 5319 et
2814 5264 3024 5319 mallent
3074 5277 3121 5320 et
3173 5276 3402 5335 optarem
3447 5269 3522 5320 tui
3572 5269 3845 5320 correctio-

599 5381 754 5426 nem,
798 5378 956 5433 quam
1010 5361 1369 5431 perditionem.
1420 5359 1653 5412 Proinde
1713 5359 1941 5413 nondum
1988 5362 2043 5412 in
2102 5370 2152 5412 te
2219 5362 2539 5414 severitatem
2606 5361 2952 5416 anathematis
3009 5361 3261 5430 jaculor,
3325 5362 3571 5430 quoniam
3627 5362 3844 5424 hortor,

601 5475 783 5511 moneo
809 5497 825 5519 ,
879 5466 928 5511 et
975 5456 1094 5508 totis
1146 5455 1318 5509 cordis
1362 5454 1634 5524 affectibus
1679 5471 1843 5523 rogo,
1902 5464 1958 5506 ut
2017 5464 2250 5522 respectu
2300 5471 2556 5524 supernae
2598 5458 2800 5525 gratiae
2848 5457 3161 5526 resipiscas,
3217 5465 3263 5508 et
3307 5471 3339 5506 a
3383 5468 3489 5507 tam
3535 5454 3715 5506 laetali
3764 5469 3847 5505 ve-

602 5560 746 5603 terno
796 5551 1006 5603 tandem
1049 5550 1288 5619 evigiles,
1335 5560 1381 5603 et
1428 5551 1565 5620 quod
1595 5550 1891 5603 Christiana
1920 5551 2122 5618 paritas
2145 5551 2355 5614 sentiat,
2393 5552 2637 5619 exquiras
2685 5552 2980 5616 benevolus,
3033 5552 3243 5604 humilis
3280 5543 3653 5617 apprehendas,
3705 5543 3847 5594 mitis

605 5640 916 5707 acquiescas,
952 5654 1253 5699 mansuetus
1275 5647 1502 5708 secteris,
1531 5645 1742 5698 devotus
1765 5652 1960 5709 teneas,
1980 5652 2027 5698 et
2055 5642 2226 5712 ﬁdelis
2246 5644 2302 5698 in
2324 5642 2561 5699 omnibus
2587 5646 2905 5701 exseauaris.
2963 5644 3211 5700 Relinque
3247 5640 3577 5696 auaarivium
3599 5636 3844 5691 vanitatis
