4194 6276
387 314 500 378 ω
801 277 826 281 ”
1148 314 1350 371 LIBER
1385 312 1475 368 DE
1508 306 2213 366 PBAEDESTINATIONE.
2254 336 2324 348 -
2360 308 2453 363 Αι)
2488 306 2888 364 LECTOREM.
3541 314 3648 370 35.,

387 427 535 503 quod
575 443 794 500 sequens
832 425 1056 483 extorris
1089 426 1200 480 viae
1237 426 1408 493 factus
1453 439 1507 476 es
1542 421 1794 475 veritatis.
1837 419 2048 485 Quanto
2106 420 2290 473 melius
2330 428 2622 489 quantoque
2673 417 2941 472 salubrtus
2994 435 3172 488 ageres
3192 458 3207 484 ,
3255 413 3306 473 si
3354 417 3447 475 uni
3497 438 3648 479 verae

391 525 834 593 sempiternaeque
871 522 983 576 viae
1019 521 1240 574 innitens
1289 518 1550 589 quadriga
1589 517 1731 570 illius
1771 515 1982 568 humilis
2034 515 2190 577 vehi,
2248 531 2405 584 quam
2453 514 2712 584 quadrivii
2752 514 2827 565 tui
2880 515 3095 582 inflatus
3143 516 3299 585 typho
3343 525 3548 583 raptum
3579 519 3647 570 iri

393 621 450 671 in
501 618 704 671 diversa
748 616 1012 687 deligeres.
1061 614 1330 684 Quadi-iga
1379 613 1537 681 hujus
1579 612 1692 665 viae
1733 620 1852 664 sunt
1889 619 2137 679 quattuor
2177 607 2490 678 Evangelia,
2539 623 2643 660 uno
2686 607 2922 675 paradisi
2966 607 3109 674 fonte
3161 609 3469 674 manantia,
3530 611 3649 678 qui-

396 712 494 766 bus
544 711 686 765 nobis
725 711 806 764 via
845 710 1097 779 panditur
1143 708 1415 764 salutaris.
1472 706 1744 774 Quadriga
1782 706 1938 774 hujus
1992 704 2103 757 viae
2131 712 2377 770 quattuor
2418 709 2540 755 sunt
2595 701 2807 755 virtutes
2831 740 2844 765 ,
2896 700 3172 770 prudentia
3197 741 3212 765 ,
3262 705 3602 771 temperantia
3627 743 3643 770 ,

397 806 681 875 fortitudo,
725 805 974 874 justitia,
1021 804 1210 874 quibus
1257 803 1425 856 omnis
1474 817 1677 855 morum
1711 800 1942 869 probitas
1991 806 2312 852 venustatur.
2364 795 2632 864 Quadriga
2680 795 2838 864 hujus
2886 795 2996 849 viae
3017 805 3137 848 sunt
3171 805 3416 866 quattuor
3443 799 3648 853 divino-

395 915 509 952 rum
561 898 882 969 eloquiorum
919 900 1143 968 species,
1191 898 1476 962 historica,
1524 895 1726 958 ethica,
1781 893 2100 962 allegorica,
2153 891 2472 960 anagogica,
2522 890 2709 960 quibus
2757 890 2827 943 ad
2877 906 3080 944 omnem
3126 908 3398 947 sacrarum
3442 895 3644 950 littera-

393 1007 508 1044 rum
550 990 871 1046 intellectum
919 993 1250 1048 illuminante
1301 993 1473 1063 gratia
1528 990 1644 1059 ejus
1700 989 2019 1042 inducimur.
2075 986 2224 1051 Quae
2279 986 2326 1039 si
2377 985 2642 1039 humiliter
2697 985 3019 1054 ﬁdeliterque
3071 988 3258 1040 sectari
3320 990 3605 1045 studuisses
3633 1033 3648 1057 ,

392 1102 656 1157 nunquam
694 1087 753 1141 in
797 1096 950 1144 tanta
995 1105 1232 1142 errorum
1281 1097 1434 1159 atque
1486 1086 1930 1140 abominationum
1952 1122 1968 1148 ,
2025 1085 2183 1136 immo
2243 1082 2680 1152 blasphemiarum
2749 1083 3054 1155 praecipitia
3101 1083 3390 1138 incidisses.
3459 1084 3649 1141 Verum

391 1184 521 1236 dum
602 1182 878 1252 quadrivio
930 1183 1166 1236 varicoso
1235 1190 1382 1236 tanta
1444 1177 1733 1250 pertinacia
1780 1178 2049 1232 inhaesisti
2083 1217 2097 1244 ,
2155 1193 2483 1248 nequaquam
2535 1177 2796 1246 eloquium
2863 1177 2983 1230 libri
3029 1176 3385 1232 Ecclesiastici
3437 1183 3652 1237 evadere

393 1276 642 1340 voluisti,
668 1292 774 1348 quo
801 1275 1036 1330 dicitur:
1067 1274 1168 1342 Qui
1198 1274 1490 1344 sophistice
1523 1273 1778 1343 loquitur,
1810 1272 2026 1327 odibilis
2061 1280 2179 1336 est,
2208 1272 2356 1325 omni
2392 1284 2451 1324 re
2478 1269 2902 1325 defraudahitur.
2932 1270 3046 1325 Non
3074 1272 3216 1327 enim
3242 1275 3366 1329 data
3398 1286 3482 1331 est
3509 1279 3585 1332 illi
3618 1295 3650 1334 a

398 1370 629 1426 Domino
657 1370 848 1441 gratia.
878 1368 1033 1426 Omni
1059 1369 1203 1424 enim
1236 1369 1498 1439 sapientia
1521 1366 1867 1422 defraudatus
1890 1375 1974 1420 est
1997 1367 2094 1435 (a).
2127 1365 2194 1418 Et
2216 1363 2348 1417 illud
2373 1377 2387 1418 :
2411 1363 2467 1417 In
2499 1363 2839 1433 multiloquio
2866 1379 2972 1418 non
2997 1364 3218 1436 eﬂ'ugies
3247 1380 3526 1440 peccatum
3551 1374 3649 1445 (ὁ).

401 1464 604 1528 Quibus
626 1465 672 1518 si
714 1467 944 1536 expediri
975 1465 1259 1530 desideras,
1286 1462 1569 1518 humilitati
1604 1462 2004 1517 sublintissimae
2033 1461 2273 1529 cruciﬁxi
2298 1458 2515 1530 supplex
2557 1468 2912 1528 prosternere,
2945 1468 3001 1512 ut
3029 1475 3145 1512 cum
3191 1463 3435 1532 Apostolo
3481 1467 3653 1524 dicere

399 1559 574 1614 valeas
595 1575 614 1612 :
644 1559 784 1615 Nihil
813 1561 1046 1630 judicavi
1083 1578 1166 1617 me
1196 1562 1338 1616 scire
1366 1561 1508 1614 inter
1539 1575 1635 1615 vos
1663 1560 1764 1614 nisi
1789 1558 2064 1613 Christum
2092 1555 2273 1612 Jesum
2304 1563 2358 1610 et
2390 1558 2533 1610 hunc
2558 1556 2873 1610 cruciﬁxum
2901 1556 2994 1627 (c).
3026 1557 3091 1610 Et
3127 1560 3283 1613 item:
3313 1559 3442 1616 Mihi
3472 1573 3651 1620 autem

399 1653 544 1706 absit
574 1653 793 1725 gloriari
838 1655 943 1711 nisi
984 1656 1043 1710 in
1092 1671 1252 1711 cruce
1293 1655 1509 1711 Domini
1555 1655 1727 1709 nostri
1757 1653 1881 1708 Jesu
1912 1652 2150 1717 Christi,
2181 1666 2280 1723 per
2313 1666 2473 1721 quem
2512 1651 2646 1706 mihi
2688 1651 2922 1706 mundus
2960 1653 3253 1709 cruciﬁxus
3291 1665 3376 1711 est
3402 1697 3417 1722 ,
3461 1667 3516 1713 et
3553 1675 3654 1730 ego

394 1748 594 1801 mundo
637 1748 741 1818 (ά).
791 1748 891 1805 His
938 1752 998 1805 in
1044 1752 1249 1805 nomine
1287 1762 1334 1805 et
1386 1751 1651 1820 adjutorio
1699 1750 1793 1805 Dei
1841 1764 1936 1818 pro
1979 1758 2135 1818 captu
2187 1756 2237 1801 et
2286 1747 2482 1801 viribus
2525 1763 2669 1801 meae
2730 1748 3033 1816 pusillitatis
3073 1751 3236 1818 magis
3279 1751 3456 1805 devote
3495 1769 3655 1821 quam

391 1842 573 1908 docte,
613 1852 736 1898 tuae
765 1861 969 1917 quoque
1016 1849 1350 1902 correctionis
1378 1887 1392 1911 ,
1449 1848 1616 1916 frater
1655 1844 1922 1908 Joannes,
1967 1843 2141 1913 gratia
2171 1843 2437 1907 exaratis,
2481 1840 2602 1896 libet
2648 1858 2807 1912 quam
2847 1843 3065 1896 breviter
3103 1860 3361 1914 quamque
3395 1847 3655 1902 succincte

391 1939 717 2009 capitulatim
767 1943 974 2015 singula
1001 1945 1276 2012 adnotare,
1321 1960 1424 2015 quo
1469 1942 1684 2013 legentis
1727 1941 2090 2011 audientisque
2132 1938 2351 1994 intentio
2381 1939 2515 1993 lecta
2544 1937 2625 1993 vel
2654 1938 2837 1992 audita
2882 1935 3170 1993 memoriae
3209 1941 3440 1996 tenacius
3487 1943 3656 1997 valeat

389 2036 773 2092 commendare.
2917 2087 2925 2097 .

467 2133 530 2187 Et
571 2134 708 2189 haec
750 2134 965 2204 quidem
1007 2150 1039 2190 e
1082 2135 1356 2191 Prudentii
1393 2134 1534 2189 libro
1563 2133 1843 2189 hactenus.
1884 2131 2079 2189 Florus
2124 2131 2536 2204 Lugdunensis,
2583 2132 2671 2200 qui
2720 2132 2935 2186 nomine
2961 2131 3236 2187 Ecclesiae
3274 2130 3647 2202 Lugdunensis

391 2223 588 2281 librum
615 2244 772 2284 suum
797 2231 1054 2297 condidit,
1093 2231 1354 2286 Joannem
1389 2231 1611 2286 Scotum
1637 2227 1934 2285 simillimis
1963 2226 2180 2283 fortiter
2207 2226 2418 2296 impetit
2457 2226 2642 2280 armis.
2665 2225 2714 2281 Is
2741 2227 2883 2282 enim
2910 2226 2988 2281 sic
3009 2226 3222 2281 orditur
3247 2244 3259 2280 :
3304 2223 3559 2281 Venerunt
3587 2225 3660 2280 ad

397 2340 517 2388 nos,
540 2324 594 2376 id
614 2335 687 2378 est
709 2325 776 2378 ad
807 2325 1094 2381 Ecclesium
1119 2326 1537 2397 Lugdunensem,
1567 2325 1848 2395 cujusdam
1869 2321 2136 2393 vaniloqui
2163 2331 2211 2376 et
2237 2321 2438 2392 garruli
2464 2321 2686 2375 hominis
2711 2323 2924 2391 scripta,
2955 2322 3044 2392 qui
3065 2321 3199 2376 velut
3229 2321 3292 2376 de
3311 2323 3657 2391 praescientia

398 2422 450 2469 et
480 2416 947 2484 praedestinatione
974 2421 1148 2475 divina
1170 2422 1416 2474 humanis
1435 2460 1453 2486 ,
1477 2429 1526 2475 et
1545 2458 1564 2485 ,
1594 2427 1651 2473 ut
1685 2419 1795 2490 ipse
1833 2417 2123 2489 gloriatur,
2171 2416 2540 2485 philosophicis
2585 2417 3128 2486 argumentationibus
3163 2417 3468 2487 disputans,
3508 2418 3657 2472 nulla

402 2511 610 2564 ratione
654 2511 888 2579 reddita,
918 2513 1064 2566 nulla
1098 2513 1492 2582 Scripturarum
1531 2514 1637 2567 sive
1675 2521 1976 2566 sanctorum
2004 2509 2230 2564 Patrum
2274 2512 2580 2565 auctoritate
2626 2513 2883 2580 praelata,
2909 2512 3043 2566 velut
3075 2514 3295 2568 tenenda
3320 2524 3368 2568 et
3395 2513 3656 2585 sequenda

397 2603 516 2657 sola
546 2621 646 2658 sua
667 2607 1086 2676 praesumptione
1112 2607 1331 2677 deﬁnire
1358 2622 1522 2662 ausus
1543 2613 1640 2671 est,
1670 2621 1802 2676 quae
1829 2623 1861 2659 a
1890 2605 2127 2674 ﬁdelibus
2153 2614 2202 2660 et
2229 2605 2281 2661 in
2306 2606 2548 2660 doctrina
2572 2623 2726 2661 sacra
2760 2609 3058 2662 eaercitatis
3089 2609 3365 2663 lectoribus
3383 2649 3399 2676 ,
3429 2627 3489 2664 eo
3517 2612 3656 2681 quod

397 2698 501 2752 sint
529 2700 810 2754 vanissima
831 2709 877 2754 et
899 2710 1078 2754 contra
1104 2700 1262 2768 ﬁdem
1290 2717 1354 2754 ac
1375 2702 1641 2754 veritatem
1664 2700 1783 2765 Dei,
1805 2698 1955 2768 plena
1984 2701 2242 2755 mendacii
2272 2710 2318 2755 et
2353 2703 2546 2755 erroris
2565 2743 2578 2765 ,
2604 2701 2711 2757 Deo
2738 2703 3047 2773 opitulante,
3078 2703 3326 2774 facillime
3344 2705 3657 2774 judicantur

399 2805 446 2846 et
479 2804 816 2863 respuuntur,
843 2796 1001 2849 immo
1023 2797 1179 2850 etiam
1205 2797 1525 2866 contemptui
1564 2806 1612 2850 et
1653 2797 1785 2850 risui
1817 2795 2087 2851 habentur.
2119 2795 2222 2852 Sed
2247 2799 2370 2868 quia
2395 2815 2427 2850 a
2453 2796 2630 2851 multis
2652 2837 2668 2864 ,
2695 2808 2750 2853 ut
2777 2800 3070 2854 audivimus
3090 2841 3104 2865 ,
3131 2801 3271 2853 idem
3316 2802 3470 2854 homo
3501 2801 3656 2870 quasi

400 2889 742 2944 scholasticus
772 2901 819 2946 et
858 2891 1092 2946 eruditus
1138 2893 1478 2948 admirationi
1504 2894 1741 2958 habetur,
1786 2903 1834 2947 et
1884 2894 2013 2947 talia
2058 2897 2296 2964 garriens
2327 2896 2434 2950 sive
2457 2894 2684 2949 scribens
2726 2895 2858 2950 alios
2891 2896 2960 2949 ad
2990 2896 3388 2949 haesitationem
3413 2896 3653 2962 deducit,

404 2985 564 3049 alios,
591 2987 743 3055 quasi
767 3003 1013 3057 magnum
1042 2989 1241 3060 aliquid
1273 2990 1446 3055 dicat,
1481 3006 1678 3044 errores
1720 2989 1804 3044 sui
1842 3007 2087 3054 sequaces
2121 2992 2293 3062 efficit,
2337 3008 2512 3046 omnes
2544 3001 2718 3045 tamen
2764 2991 3030 3046 auditores
3075 3002 3123 3046 et
3163 2994 3506 3050 admiratores
3533 3014 3656 3052 suos

405 3081 558 3134 inani
587 3081 893 3136 verbositate
921 3093 968 3137 et
991 3093 1200 3136 ventosa
1229 3085 1538 3154 loquacitate
1559 3085 1997 3154 perniciosissima
2033 3095 2277 3155 occupat,
2311 3096 2365 3140 ut
2391 3103 2495 3140 non
2522 3087 2712 3142 divinis
2757 3087 3075 3158 Scripturis,
3117 3105 3219 3143 non
3258 3093 3659 3148 auctoritatibus

411 3175 653 3230 Paternis
683 3193 738 3230 se
783 3177 1048 3231 humiliter
1070 3179 1407 3245 submittant,
1455 3180 1543 3232 sed
1589 3180 1702 3248 ejus
1747 3181 1918 3249 potius
1959 3181 2287 3250 phantastica
2333 3182 2674 3236 deliramenta
2720 3194 3022 3255 sequantur,
3062 3188 3409 3240 necessarium
3448 3190 3656 3245 omnino

405 3271 675 3335 duximus,
698 3279 756 3324 ut
773 3271 944 3325 studio
965 3273 1198 3326 caritatis
1222 3283 1269 3326 et
1295 3273 1464 3327 debito
1487 3275 1650 3328 nostri
1675 3273 1775 3328 loci
1799 3286 1956 3346 atque
1978 3277 2178 3331 ordinis
2199 3278 2313 3347 ejus
2347 3277 2669 3342 insolentiae,
2696 3289 2909 3332 auctore
2934 3279 3175 3344 Domino,
3209 3282 3655 3352 responderemus,

403 3375 480 3428 ut,
508 3367 801 3436 quicunque
822 3367 946 3420 haec
975 3384 1092 3421 cum
1123 3368 1218 3422 Dei
1244 3369 1427 3423 timore
1452 3380 1498 3422 ct
1531 3387 1659 3423 cura
1683 3371 1870 3425 salutis
1895 3389 2023 3426 suae
2046 3373 2458 3444 ﬁdeliterlegere
2489 3374 2763 3441 voluerint,
2795 3386 3076 3446 agnoscant
3108 3379 3374 3442 veraciter,
3404 3388 3659 3448 quantum

399 3476 604 3514 necesse
624 3461 714 3525 sit,
739 3461 796 3514 in
821 3461 902 3516 his
931 3463 1155 3516 maxime
1182 3463 1632 3531 periculosissimis
1655 3476 1702 3519 et
1720 3467 1963 3520 extremis
1994 3469 2328 3536 temporibus,
2349 3471 2618 3525 inhaerere
2643 3471 2864 3538 firmiter
2892 3469 3198 3542 Scriptarae
3223 3485 3436 3528 sanctae
3464 3476 3653 3530 immo-

400 3556 492 3610 bili
521 3557 744 3621 veritati,
774 3555 980 3612 obedire
998 3557 1262 3612 humiliter
1279 3571 1576 3614 sanctorum
1602 3563 2012 3616 orthodoxorum
2035 3563 2257 3618 Patrum
2283 3565 2684 3635 fundatissimae
2707 3569 3028 3636 auctoritati,
3057 3570 3300 3624 claudere
3319 3581 3364 3624 et
3395 3569 3661 3626 obstruere

402 3653 637 3706 auditum
660 3653 1080 3724 indisciplinatae
1105 3663 1152 3707 et
1175 3654 1484 3707 vanissimae
1511 3656 1833 3721 verbositati,
1854 3666 1900 3709 et
1923 3656 2055 3712 illud
2080 3659 2287 3714 Domini
2316 3662 2511 3716 dictum
2542 3672 2648 3717 tota
2675 3664 2953 3719 intentione
2979 3668 3354 3734 pertimescere,
3387 3666 3526 3736 quod
3536 3668 3656 3736 jam

401 3764 562 3816 paene
608 3748 836 3802 videmus
879 3747 1114 3818 impleri,
1145 3765 1247 3818 quo
1276 3749 1384 3816 ipse
1411 3750 1483 3802 ait
1511 3742 1721 3803 {Putas
1752 3749 1895 3806 ﬁlius
1933 3752 2169 3826 hominis
2215 3756 2438 3812 veniens
2485 3757 2720 3812 inveniet
2768 3759 2926 3814 ﬁdem
2968 3759 3022 3813 in
3075 3763 3251 3816 terra?
3297 3764 3368 3834 (e)
3412 3773 3460 3816 et
3519 3763 3659 3833 quod

406 3843 705 3913 Apostolus,
732 3845 788 3899 in
817 3862 917 3916 quo
947 3845 1085 3900 idem
1115 3844 1369 3899 Dominus
1399 3845 1726 3916 loquebatur,
1769 3846 2069 3902 terribiliter
2108 3850 2380 3905 denuntiat
2419 3854 2637 3908 dicens:
2669 3855 2786 3909 Erit
2818 3857 2965 3911 enim
3014 3864 3258 3930 tempus,
3301 3875 3422 3914 cum
3467 3874 3655 3915 sanam

408 3939 709 3993 doctrinam
740 3955 846 3995 non
874 3940 1244 4005 sus1inebunt,
1276 3939 1372 3996 sed
1410 3940 1478 3995 ad
1510 3955 1605 3995 sua
1652 3941 1922 3998 desideria
1971 3947 2370 4001 coacervabunt
2415 3948 2518 4002 sibi
2571 3950 2859 4021 magistros
2899 3953 3209 4020 prurientes
3253 3957 3504 4022 auribus,
3543 3967 3600 4012 et
3627 3974 3658 4012 a

408 4033 638 4088 veritate
663 4035 878 4103 quidem
905 4035 1142 4090 auditum
1179 4043 1442 4101 avertent,
1489 4035 1557 4090 ad
1604 4034 1812 4092 fabulas
1840 4045 2019 4093 autem
2059 4049 2443 4095 convertentur
2469 4043 2555 4113 (f).
2598 4042 2744 4098 Unde
2789 4056 2839 4100 et
2875 4047 3003 4100 alibi
3027 4050 3122 4102 sub
3159 4065 3381 4116 persona
3407 4047 3583 4103 dilecti
3613 4063 3661 4106 et

403 4127 552 4182 electi
581 4129 823 4198 discipuli
860 4145 1060 4184 omnem
1087 4129 1311 4196 fidelem,
1344 4141 1390 4184 et
1423 4133 1700 4201 praecipue
1728 4132 1964 4186 ordinem
1992 4136 2309 4205 pastoralem
2335 4136 2689 4192 sollertissime
2714 4141 2976 4208 admonet,
3007 4144 3182 4199 dicens
3217 4161 3236 4198 :
3275 4147 3320 4202 Ο
3350 4147 3657 4216 Timotheo,

404 4221 707 4290 depositum
730 4222 960 4292 custodi,
975 4225 1218 4279 devitans
1242 4225 1494 4296 profanas
1523 4242 1715 4282 vocum
1740 4229 2009 4284 novitates
2031 4237 2087 4284 et
2108 4231 2476 4300 oppositiones
2491 4232 2822 4306 ψευδωνὸμου
2846 4239 3104 4310 γνώσεως,
3131 4241 3186 4293 id
3206 4250 3281 4294 est
3295 4240 3417 4308 falsi
3431 4244 3656 4300 nominis

407 4315 697 4381 scientiae,
731 4331 892 4387 quam
915 4319 1132 4390 quidam
1157 4322 1532 4390 promittentes
1559 4323 1707 4378 circa
1735 4324 1894 4380 Iidem
1922 4325 2239 4382 exciderunt
2263 4325 2358 4399 (g).
2389 4326 2679 4399 Propositis
2726 4331 2888 4400 igitur
2928 4333 3122 4398 verbis,
3153 4350 3287 4406 quae
3313 4337 3366 4389 in
3402 4336 3577 4390 decem
3606 4349 3656 4393 et

406 4426 597 4464 novem
625 4412 857 4482 apusculi
883 4413 965 4467 sui
991 4414 1203 4484 digessit
1224 4416 1490 4484 capitulis,
1517 4426 1670 4486 prout
1697 4415 1950 4473 Dominus
1977 4419 2175 4475 donare
2195 4421 2466 4492 dignatur,
2491 4441 2596 4480 non
2629 4437 2806 4481 nostro
2833 4442 3008 4494 sensu,
3051 4429 3142 4483 sed
3178 4440 3477 4486 sanctarum
3509 4431 3659 4489 Scri-

403 4515 684 4574 pturarum
711 4521 756 4560 et
788 4509 1198 4564 (lectissimorum
1229 4511 1603 4566 catholicorum
1633 4510 1853 4568 Patrum
1882 4516 1958 4569 ita
1983 4519 2394 4588 respondendum
2423 4522 2774 4593 aggredimur.

473 4593 894 4701 Acerbissimum
936 4606 1168 4677 denique
1217 4606 1408 4664 Joanni
1458 4609 1622 4667 Scoto
1663 4613 1901 4679 accidit,
1949 4625 2010 4668 ut
2055 4617 2193 4673 duae
2221 4622 2410 4692 synodi
2435 4621 2767 4689 Gallicanae,
2792 4622 3075 4682 Valentina
3113 4643 3203 4682 an.
3233 4627 3339 4684 855
3367 4637 3421 4684 et
3456 4627 3656 4701 Lingo-

403 4693 588 4796 nensis
627 4708 719 4750 an.
750 4695 873 4765 859,
907 4701 1074 4772 ipsius
1102 4703 1298 4760 librum
1323 4715 1378 4761 et
1406 4708 1659 4777 capitula,
1687 4711 1882 4779 quibus
1907 4723 2252 4767 commentum
2289 4716 2484 4769 diaboli
2503 4718 2675 4786 potius
2716 4736 2874 4789 quam
2903 4734 3264 4792 argumentum
3293 4724 3506 4795 aliquod
3530 4693 3660 4796 fidei

400 4787 1221 4894 contineatur-{proscriberenL
1248 4800 1327 4855 Ex
1359 4803 1551 4870 quibus
1579 4804 1751 4860 altera
1780 4805 2002 4877 insuper
2029 4807 2194 4862 aniles
2222 4827 2382 4879 paene
2414 4811 2622 4880 fabulas
2663 4787 3035 4888 scelerumque
3075 4819 3243 4890 pultes
3271 4787 3492 4892 puritati
3530 4787 3658 4894 hdei

404 4895 652 4936 nauseam
694 4885 975 4956 inferentes
1003 4891 1147 4946 haud
1192 4895 1536 4951 mediocriter
1567 4901 1901 4967 perstrinxit.
1944 4902 2146 4973 Synodi
2181 4905 2325 4960 enim
2369 4907 2683 4966 Valentinae
2721 4927 2842 4968 can.
2875 4914 2910 4968 4
2934 4885 3284 4972 ιιθθέθιῑθιιέ
3313 4935 3375 4982 ζ(
3409 4885 3656 4990 Capitula

355 5018 362 5028 .
400 4986 680 5046 quattuor,
706 4997 847 5050 quae
874 5000 905 5039 a
936 4986 1163 5040 concilio
1191 4985 1421 5042 fratrum
1448 5000 1756 5046 nostrorum
1791 4995 1970 5050 minus
1998 5012 2278 5068 prospecte
2303 5013 2553 5075 suscepta
2576 5016 2720 5074 sunt,
2750 5019 2970 5080 propter
2988 5012 3356 5079 inutilitatem,
3384 5015 3469 5070 vel
3486 4985 3654 5074 etiam

405 5073 744 5181 malietatem'
767 5087 824 5132 et
848 5093 1089 5136 errorem
1117 5084 1449 5138 contrarium
1469 5086 1718 5150 veritati;
1746 5091 1838 5141 sed
1866 5100 1913 5142 et
1941 5091 2050 5145 alia
2071 5110 2165 5147 xu:
2186 5073 2497 5167 syllogismis
2527 5073 3135 5171 ineptissime-conclusa,
3161 5119 3209 5162 et
3243 5111 3360 5164 licet
3393 5114 3650 5181 jactetur,

403 5162 552 5217 nulla
565 5166 826 5221 saeculari
841 5169 1134 5225 litteratura
1147 5174 1386 5240 nitentia,
1407 5174 1463 5227 in
1484 5175 1671 5244 quibus
1694 5189 2038 5235 commentum
2058 5162 2256 5238 diaboli
2266 5162 2438 5254 potius
2458 5162 2990 5262 quamuargumentum
3008 5162 3220 5264 aliquod
3231 5162 3358 5265 fidei

400 5259 568 5328 ditur,
593 5279 625 5316 a
653 5261 742 5332 pio
767 5266 954 5320 auditu
973 5267 1210 5336 ﬁdelium
1236 5269 1442 5338 penitus
1470 5270 1814 5362 explodimus,
1842 5285 1890 5328 et
1917 5286 1972 5330 ut
2002 5278 2131 5333 talia
2157 5289 2202 5333 et
2227 5283 2419 5338 similia
2441 5259 2739 5353 caveantur,
2761 5305 2852 5358 per
2871 5290 3046 5342 omnia
3078 5259 3386 5345 auctoritate
3425 5259 3654 5362 spiritus

399 5356 571 5409 sancti
595 5357 991 5427 interdicimus;
1014 5379 1266 5420 novarum
1287 5366 1448 5421 etiam
1469 5355 1646 5422 rerum
1682 5368 2081 5441 introductores,
2125 5392 2188 5430 ne
2218 5379 2504 5435 districtius
2547 5383 2826 5452 feriantur,
2850 5385 3180 5454 castigandos
3203 5401 3311 5440 esse
3333 5403 3651 5446 censemusn.

475 5498 529 5567 (α
597 5501 742 5557 Eccl-
770 5505 1035 5572 XXXVII,
1067 5509 1156 5563 εὖ.
2162 5526 2230 5592 (ε)
2267 5527 2396 5580 an.
2430 5528 2611 5593 XVIII,
2637 5532 2689 5583 s.

475 5499 554 5707 ill
586 5570 854 5707 milia
881 5576 947 5699 ξς
983 5580 1067 5634 ’θ’
1804 5682 1808 5684 .
2162 5595 2234 5707 Ill
2260 5597 2689 5707 ξιιξξξξῑςένίηίενς

472 5570 552 5704 Eb;
586 5570 847 5629 Proverh.
882 5576 947 5641 X,
983 5570 1067 5634 l9.

497 5656 525 5691 c
587 5642 604 5693 ι
630 5643 755 5696 Cor.
790 5644 854 5704 ll,
881 5648 940 5699 9..
1804 5682 1808 5684 ·

2162 5570 2229 5664 ln’
2263 5597 2301 5649 ll
2337 5570 2478 5651 Τίιηῖ
2505 5570 2673 5661 ινῗί
2702 5599 2753 5650 5.

1804 5682 1808 5684 ·
2162 5669 2234 5704 lni
2260 5666 2274 5704 I
2303 5667 2513 5704 'I‘innnth
2569 5667 2627 5704 νι
2674 5667 2746 5704 an

474 5642 547 5707 (ε)
587 5642 604 5693 ι
630 5643 755 5696 Cor.
790 5644 854 5708 ll,
881 5648 940 5699 9..
1804 5682 1808 5684 -

474 5710 557 5781 1d)
595 5711 717 5767 Gal.
759 5712 848 5779 Vl,
881 5717 968 5770 H.

1804 5682 1808 5684 ·
2162 5642 2234 5735 ἰὶί)
2260 5642 2763 5729 ι”ιῆιὶίὗίιὶίῦιῗίῖιζ

688 5799 961 5859 ΡΔτιιοι.
1009 5804 1262 5868 CXXII.

3234 5819 3305 5879 12
