2097 3138
198 178 251 215 8-1

746 186 846 214 LIBER
864 185 908 213 ne
924 176 1277 214 PRAEDESTINATIONE.

1772 191 1824 221 558

200 244 269 272 scite
280 264 287 274 ,
313 251 383 279 quae
404 239 483 272 dubia
494 264 501 276 ,
518 243 633 276 credite,
650 243 735 270 donec
759 247 805 270 aut
837 242 986 277 respuenda
1001 238 1027 272 .(-
1040 242 1119 275 Deus,
1136 248 1162 269 et
1176 243 1314 270 humiliter
1327 243 1436 278 colitur,
1458 248 1485 272 et
1498 245 1693 274 rationabiliter
1714 248 1824 277 investi-

200 296 271 321 csse,
290 293 336 319 aut
351 297 412 315 vera
429 296 498 321 esse,
511 293 556 315 aut
566 295 672 322 semper
686 288 819 315 credenda
833 294 893 315 esse
907 295 985 322 prae-

200 334 283 368 cipiat
298 334 450 360 auctoritas.
475 334 511 360 De
536 334 713 361 conuexionis
729 338 819 360 autem
841 335 984 361 verbormn

200 379 367 406 inhonestate
382 387 433 405 non
450 378 528 406 facile
540 380 624 406 animi
638 380 721 407 vestri
734 379 913 407 constantiam
928 388 985 407 crc-

200 424 310 452 diderint
333 431 392 451 esse
404 426 640 457 commovendam,
657 430 686 452 ut
700 426 773 459 prius
791 426 909 452 taedium
933 433 983 453 au-

197 468 283 496 diendi
301 477 380 496 aures
396 474 502 496 vestras
522 475 711 504 praeoccupet,
726 478 806 504 quam
830 479 905 497 amor
919 478 981 504 per-

196 513 320 540 veniendi
335 513 369 540 ad
384 521 427 545 ea,
444 521 514 548 quae
541 515 653 541 suadere
675 515 839 541 sudavimus.
862 515 934 547 Quae
960 514 982 541 si

193 566 257 587 vera
273 563 348 592 sunt,
363 559 390 586 in
405 560 444 586 eis
454 560 556 594 absque
566 560 706 587 verborum
719 561 933 586 consideratione
946 560 985 587 di-

194 603 351 640 ligendacsl
363 605 470 631 veritas.
483 614 493 630 ί
505 605 638 632 Bonorum
648 605 775 639 siquidem
786 606 949 640 ingeniorum
961 616 982 638 ι,

196 653 227 675 ut
248 649 288 675 ait
301 648 486 684 Augustinus,
500 658 509 675 ι
524 650 634 684 insignis
661 655 700 677 est
724 650 834 682 indoles,
852 651 876 677 in
896 650 985 677 verbis

196 700 292 720 verum
306 701 407 726 amare,
426 702 478 721 non
494 696 587 722 verba.
606 694 675 728 Quid
689 695 759 722 enim
777 696 887 730 prodest
901 695 984 722 clavis

202 747 296 772 aurea,
320 741 341 767 si
369 742 481 775 aperire,
499 739 572 775 quod
595 741 730 774 volumus,
753 749 805 769 non
826 745 923 776 potest,
938 745 984 769 aut

198 784 263 819 quid
273 786 348 813 obest
361 785 457 820 lignea,
472 786 494 813 si
517 787 568 813 hoc
580 791 679 821 potest,
697 787 803 821 quando
818 787 885 814 nihil
902 795 984 822 quae-

196 831 282 861 rimus
290 831 339 857 nisi
350 835 498 866 patescere,
510 832 582 866 quod
595 832 716 860 clausum
734 837 775 860 est
789 843 812 859 ›.
825 832 983 860 Munuscula

197 877 282 911 igitur
304 876 390 903 nostri
406 876 506 912 ingenii
523 877 639 905 libenter
664 878 787 912 accipite,
806 878 865 912 plus
888 886 982 905 eorum

194 922 338 949 utilitatem
350 942 357 954 ,
373 922 395 949 si
410 929 462 957 qua
486 918 528 949 est
539 943 546 955 ,
565 923 759 950 eousideraturi
770 943 777 956 ,
793 931 873 958 quam
900 925 981 951 hone-
995 923 1019 954 Β

192 971 288 994 statcm
304 967 441 1000 dictionis,
457 976 527 1002 quae
549 973 596 995 aut
608 969 663 1001 vix,
676 974 722 996 aut
738 969 808 996 nulla
831 974 881 1001 est,
899 977 983 1003 quae-

192 1012 279 1040 situri.
297 1012 397 1041 Deinde
410 1013 566 1048 suppliciter
580 1019 696 1041 vestram
710 1022 854 1042 exoramus
865 1015 982 1042 clemen-

199 1058 264 1084 tiam
277 1078 283 1089 ,
298 1063 336 1090 ut,
362 1059 572 1094 quotiescrmque
593 1060 600 1075 ¹
626 1060 782 1095 reperiatis,
802 1068 852 1089 nos
881 1061 982 1089 dixisse

191 1102 381 1138 aequalitatem
395 1104 500 1131 divinae
514 1105 709 1139 praescientiae
725 1109 807 1140 atque
829 1107 980 1140 praedesti-

190 1148 319 1179 nationis,
335 1145 468 1183 quantuni
480 1149 512 1176 ad
527 1150 657 1177 unitatem
675 1150 780 1177 divinae
797 1151 979 1183 substantiae,

192 1191 221 1218 in
234 1199 286 1226 qua
300 1199 382 1219 umtm
400 1197 471 1225 sunt,
489 1201 539 1221 nos
563 1195 680 1222 sensisse
693 1195 795 1222 sciatis.
822 1195 888 1222 Item
904 1197 978 1230 quod

193 1236 324 1269 diximus,
339 1243 381 1269 ea,
401 1244 470 1271 quae
485 1245 536 1265 nou
559 1244 632 1271 sunt,
648 1246 697 1266 nec
720 1247 735 1265 a
760 1239 815 1266 Deo
831 1240 903 1271 sciri,
930 1247 980 1268 nec

192 1282 323 1316 praesciri
339 1289 427 1317 posse,
445 1290 497 1309 non
515 1290 545 1310 ea
558 1284 704 1319 pravitate,
718 1291 772 1318 qua
783 1285 890 1319 quidam
904 1293 980 1319 prae-

192 1327 335 1354 scieutiam
353 1328 399 1354 Dei
412 1328 519 1355 auferre
536 1332 675 1359 conantur,
690 1328 792 1356 dixisse
807 1335 857 1356 nos
869 1329 980 1357 arbitre-

191 1372 273 1404 mini;
285 1373 332 1400 sed
345 1380 375 1400 ea
392 1374 504 1406 ratione,
519 1380 571 1408 qua
584 1374 714 1401 docemur
726 1374 832 1405 nesciri,
844 1381 912 1409 quae
927 1380 979 1402 non

194 1422 267 1450 sunt,
282 1423 309 1444 et
335 1418 474 1445 Scientiam
492 1418 538 1446 Dei
563 1426 625 1447 esse
649 1419 835 1451 substantiam,
851 1419 976 1447 substan—

193 1462 258 1488 tiam
272 1466 360 1488 autem
381 1462 440 1496 ejus
454 1471 506 1490 non
520 1464 546 1490 in
563 1463 659 1496 nihilo,
672 1464 718 1490 sed
733 1464 758 1490 in
774 1463 861 1498 aliq’uo
878 1471 938 1491 esse
953 1470 977 1491 ιι.

193 1504 249 1533 Pax
265 1506 366 1534 Christi
382 1507 500 1535 abundet
512 1509 538 1535 in
556 1509 685 1536 cordibus
700 1509 805 1536 vestris.

271 1562 377 1597 Caesare
387 1565 433 1588 sub
444 1563 525 1597 Carolo
534 1565 678 1590 Francorum
690 1566 763 1597 gloria
776 1565 866 1596 pollet,

305 1594 400 1627 Littore
412 1601 457 1627 seu
480 1595 574 1626 l‘elagi,
587 1594 703 1626 piscibus,
713 1594 784 1627 atque
795 1597 845 1621 salo
858 1594 865 1621 Ξ

271 1623 343 1658 secta
355 1626 464 1650 diabohci
475 1623 599 1658 damnatur
610 1623 735 1658 dogmatis,
742 1623 819 1658 atque

297 1652 422 1680 Pastorum
435 1663 491 1681 cura
503 1657 614 1687 splendet
626 1652 805 1682 amoeua'tide's.

464 1721 561 1749 CAPIT
567 1722 660 1749 ULUM
678 1723 698 1750 Ι.

203 1775 345 1810 Quadrima
366 1777 515 1811 regularum
539 1779 618 1805 totius
638 1779 816 1814 philosophiae
835 1785 963 1814 quattuor

365 1820 466 1839 ontnem
480 1814 657 1848 quaestionem
669 1815 732 1841 δοξυί
748 1815 758 1830 ³
772 1815 797 1840 1³.

223 1865 243 1892 Ι.
263 1866 329 1893 Cum
348 1868 437 1894 oumis
452 1868 513 1901 piae
538 1867 728 1903 perfectaeque
751 1869 889 1896 doctrinae
916 1877 975 1896 mo~

192 1911 250 1942 dus,
266 1919 318 1946 quo
329 1913 451 1940 omnium
467 1920 556 1940 rerum
567 1915 636 1941 ratio
647 1918 674 1941 et
687 1915 882 1942 studiosiSsime
892 1922 975 1949 quae-

192 1955 271 1987 ritur,
283 1961 310 1983 et
321 1958 488 1991 apertissime
499 1959 645 1992 invenitur,
658 1960 685 1986 in
698 1967 730 1987 ea
744 1959 893 1995 disciplina,
906 1968 975 1995 quae

191 2009 206 2027 a
221 2001 333 2030 Graecis
352 2004 519 2039 philosophia
535 2005 604 2033 solet
624 2006 727 2038 vocari,
743 2006 778 2033 sit
801 2007 973 2040 constitutus,

189 2048 223 2074 de
238 2048 295 2082 ejus
311 2049 486 2078 divisionibus
499 2059 545 2079 seu
563 2052 753 2086 partitionibus
766 2054 896 2088 quaedam
913 2055 975 2082 bre-

188 2092 259 2120 viter
274 2094 422 2123 edisserere
432 2096 614 2123 necessarium
628 2097 763 2124 duximus.
783 2107 791 2122 ι
809 2098 852 2125 Sic
864 2099 934 2124 enim
950 2109 972 2132 ι,

189 2138 377 2167 utaitsanctus
390 2142 567 2176 Augustinus,
582 2151 590 2167 ‹
601 2143 719 2170 creditur
730 2147 757 2170 et
768 2143 888 2175 docetur,
903 2143 975 2178 quod

187 2188 231 2210 est
254 2183 386 2212 humanae
408 2186 502 2213 salutis
525 2190 615 2221 caput,
632 2194 685 2213 non
700 2187 779 2214 aliam
804 2195 864 2214 esse
888 2188 974 2222 philo-

189 2227 324 2262 sophiam,
339 2229 364 2256 id
377 2236 417 2257 est
427 2232 576 2266 sapientiae
587 2231 718 2266 studium,
734 2237 761 2259 et
773 2233 853 2260 aliam
869 2233 974 2268 religio-

187 2279 260 2304 nem,
278 2280 336 2301 cum
355 2275 392 2307 hi,
410 2283 525 2310 quorum
547 2277 697 2304 doctrinam
712 2286 765 2305 non
779 2280 971 2314 approbannts,

186 2323 557 2349 necsacrameutanobiscum
569 2324 769 2350 communicant
783 2333 791 2348 ι
810 2329 833 2350 ο.
848 2324 917 2357 Quid
931 2328 973 2352 est

186 2362 258 2391 aliud
279 2364 313 2391 de
326 2366 494 2401 philosophia
518 2370 645 2399 tractare,
661 2367 711 2394 nisi
724 2374 805 2394 verae
823 2368 972 2403 religionis,

187 2417 240 2445 qua
263 2419 368 2439 sunnna
393 2417 421 2440 et
435 2412 594 2448 principalis
617 2413 737 2440 omnium
761 2420 852 2441 rerum
877 2421 972 2447 causa,

1038 292 1134 322 gatur,
1151 289 1256 324 regulas
1280 291 1440 324 exponere?
1464 289 1613 320 Conficitur
1638 294 1715 326 inde,
1730 303 1822 323 veram

1037 336 1096 360 esste
1114 334 1309 368 philosophiam
1325 342 1414 362 veram
1432 336 1599 371 religionem,
1615 340 1822 375 convcrsimquc

1036 384 1127 404 veram
1153 379 1309 414 religionem
1324 387 1383 407 esse
1407 388 1498 407 veram
1514 382 1719 417 philosophiam.
1747 384 1823 418 Quae

1036 422 1099 449 dum
1114 423 1298 455 multifariam,
1316 424 1481 460 diversisque
1499 427 1582 454 modis
1605 427 1742 456 dividatur
1756 450 1763 462 ,
1779 429 1822 457 bis

1036 466 1113 494 binas
1129 472 1216 494 tamen
1238 473 1328 503 partes
1341 470 1503 505 principales
1517 471 1547 497 ad
1562 479 1668 499 omnem
1689 475 1822 508 quaestio-

1035 519 1097 539 nem
1123 513 1278 540 solvendam
1306 516 1474 542 necessarias
1497 515 1598 542 habere
1629 516 1818 552 dignoscitur,

1035 564 1103 591 quas
1117 557 1228 585 Graecis
1250 559 1350 593 placuit
1365 560 1503 588 nominare
1521 562 1669 599 διαιρετική,
1692 564 1819 601 opta-nni,

1035 602 1203 635 ἀποδεικτική,
1214 605 1359 638 nimim-imi,
1369 607 1529 642 easdemque
1537 608 1663 636 latialiter
1677 618 1820 645 possumus

1036 647 1125 675 dicere
1152 658 1157 674 :
1175 649 1346 681 divisor-iam,
1365 651 1529 680 deiinitivam
1544 674 1551 686 τ
1567 655 1818 691 demonstrativam,

1035 694 1219 722 resolutivam.
1243 696 1361 729 Quarum
1378 698 1449 725 enim
1473 700 1561 733 prima'
1583 700 1662 728 imum
1688 703 1712 729 in
1737 705 1819 731 multa

1036 739 1178 767 dividendo
1198 746 1330 776 segregat,
1349 743 1464 769 secunda
1479 752 1560 771 unum
1581 746 1613 773 de
1637 747 1727 774 multis
1754 749 1819 775 deti-

1035 785 1133 812 niendo
1146 784 1256 820 colligit,
1273 787 1351 813 tertia
1371 795 1419 822 per
1432 789 1573 816 manifesta
1587 791 1691 818 coenlta
1706 793 1818 820 demon<

1035 831 1145 858 strando
1164 832 1260 866 aperit,
1277 837 1372 866 quarta
1393 834 1541 869 compoSita‘
1556 835 1581 862 in
1597 837 1727 871 simplicia
1741 846 1819 874 sepa-

1035 876 1120 903 rando
1132 876 1251 904 resolvit.

1068 922 1099 949 ll.
1119 923 1219 950 Earum
1239 924 1320 951 etiam
1335 925 1456 959 exempla
1471 926 1496 952 in
1513 933 1639 961 processu
1663 928 1741 964 hujus
1756 937 1819 966 opc<

1033 968 1087 1000 ris,
1102 974 1230 1003 quantum
1252 970 1308 1004 ipsa
1326 970 1381 1003 lux,
1396 979 1465 1006 quae
1480 972 1613 1000 illuminat
1633 974 1642 989 ⁸⁸
1667 983 1713 1002 cor
1734 982 1818 1009 quae-

1031 1014 1148 1041 rentium
1174 1023 1221 1047 se,
1237 1016 1314 1043 nobis
1341 1017 1441 1044 aditum
1469 1026 1575 1050 rerum,
1596 1027 1663 1054 quas
1689 1027 1819 1048 conamur

1032 1060 1150 1094 ingredi,
1164 1062 1314 1096 aperuerit,
1328 1064 1509 1091 ostendemus.
1533 1063 1580 1092 His
1596 1066 1666 1092 enim
1690 1071 1817 1102 tanquam

1031 1105 1089 1132 utili
1116 1106 1242 1140 quodam,
1260 1107 1425 1142 honestoque
1449 1109 1581 1137 humanae
1606 1111 1817 1140 ratiocinationis

1031 1151 1173 1185 quadrivio
1195 1153 1227 1178 ad
1241 1153 1325 1187 ipsam
1338 1154 1487 1188 disputandi
1500 1156 1678 1191 disciplinam,
1694 1167 1762 1193 quae
1777 1164 1817 1187 est

1030 1196 1141 1229 veritas,
1157 1198 1243 1225 omnis
1256 1198 1282 1224 in
1298 1206 1328 1225 ea
1344 1200 1464 1227 eruditus
1477 1202 1611 1234 perveniri
1633 1212 1685 1230 non
1701 1204 1815 1233 dubitat.

1030 1240 1112 1275 Cujus
1134 1242 1291 1276 disciplinae
1314 1244 1413 1279 regulis
1442 1247 1593 1274 necessario
1619 1249 1656 1275 uti
1679 1248 1816 1283 jubcmur,

1030 1285 1093 1312 dum
1107 1286 1236 1314 adversus
1255 1289 1387 1322 quendam
1403 1292 1619 1326 saphrophilnm,
1637 1295 1746 1321 notninc
1764 1295 1817 1323 Go-

1031 1331 1186 1364 tescalcum,
1205 1340 1268 1360 suae
1291 1333 1434 1361 haereseos
1450 1340 1476 1362 et
1499 1337 1665 1364 inventorem
1688 1340 1766 1366 simul
1790 1344 1817 1367 et

1030 1381 1204 1408 assertorem,
1217 1377 1389 1413 fautoresque
1406 1379 1475 1413 ejus,
1489 1381 1510 1408 si
1527 1385 1613 1408 tamen
1625 1388 1697 1414 sunt,
1712 1385 1814 1418 nescio,

1030 1424 1111 1455 atque
1133 1422 1234 1448 utinam
1251 1430 1284 1449 ne
1300 1422 1368 1454 sitit,
1385 1425 1546 1457 respondere
1560 1426 1743 1460 compellimur
1756 1447 1763 1459 ,
1774 1428 1816 1462 ju-

1029 1466 1155 1494 bentibus
1167 1467 1291 1494 videlicet
1313 1468 1461 1496 catholicae
1486 1469 1622 1496 Ecclesiae
1639 1471 1814 1506 vigilantissi-

1029 1511 1081 1537 mis
1103 1512 1266 1545 pastoribus,
1282 1512 1307 1538 in
1322 1520 1436 1546 quorum
1451 1513 1513 1540 ovili
1535 1514 1587 1541 tale
1602 1523 1733 1542 venenum
1759 1524 1816 1543 ser~

1030 1563 1094 1590 pere
1116 1556 1244 1588 molitur,
1261 1561 1394 1584 annuente
1412 1559 1571 1592 praesertim
1589 1560 1815 1590 ottbodoxissimo

991 1595 1013 1625 C
1029 1602 1150 1636 principe
1170 1602 1276 1629 domino
1290 1604 1434 1630 venerabili
1453 1604 1557 1638 Carolo,
1575 1606 1650 1640 cujus
1666 1609 1812 1636 maximum

1030 1646 1148 1673 studimn
1159 1652 1209 1679 est,
1224 1648 1267 1682 pie
1283 1653 1408 1682 recteque
1422 1649 1454 1676 de
1466 1650 1519 1676 Deo
1532 1652 1642 1681 sentire,
1656 1660 1738 1687 prava
1754 1654 1815 1681 hae-

1029 1691 1175 1718 reticorum
1198 1692 1321 1725 dogmata
1346 1693 1415 1720 veris
1434 1694 1590 1728 rationibus,
1607 1702 1815 1733 sanctorumque

1027 1735 1138 1763 Patrum
1168 1738 1329 1764 auctoritate
1345 1738 1477 1772 refellere,
1500 1740 1532 1766 ad
1560 1740 1681 1768 nltimmn
1707 1743 1814 1777 penitus

1028 1782 1176 1809 eradicare.

1062 1827 1104 1854 lll.
1126 1827 1164 1855 Nc
1190 1828 1270 1863 igitur
1294 1829 1448 1857 defensores
1471 1831 1593 1858 veritatis
1617 1833 1735 1861 inermes
1751 1842 1812 1862 cum

1026 1873 1205 1900 asscrtoribus
1220 1873 1343 1901 falsitatis
1366 1874 1508 1910 confligere
1529 1877 1680 1911 videamur,
1697 1887 1749 1907 non
1772 1880 1812 1906 in‘-

1026 1922 1143 1952 congrue
1168 1917 1266 1952 regulis
1290 1919 1482 1953 disputator-iac
1513 1921 1578 1948 artis
1603 1926 1718 1950 utemur.
1744 1923 1811 1951 Cum

1026 1962 1096 1988 enim
1118 1969 1166 1996 per
1179 1967 1264 1989 artem
1285 1964 1448 1991 rhetoricam
1474 1969 1500 1992 ct
1516 1973 1577 1993 vera
1599 1969 1763 1995 suadeanlur
1785 1973 1813 1997 et

1025 2005 1104 2039 falsa,
1121 2007 1180 2041 quis
1204 2009 1302 2035 audeat
1325 2009 1426 2042 dicere,
1442 2011 1571 2038 adversus
1587 2013 1756 2040 mendacium
1784 2015 1811 2042 in

1025 2051 1211 2080 defensoribus
1225 2054 1281 2081 suis
1302 2055 1430 2083 inermem
1454 2057 1551 2085 debere
1567 2060 1715 2086 consistere
1740 2062 1812 2089 veri-

1026 2101 1119 2129 tatem,
1136 2101 1164 2124 ut
1189 2098 1311 2126 videlicet
1336 2101 1373 2127 illi
1388 2121 1395 2133 ,
1410 2101 1453 2135 qui
1480 2109 1522 2129 res
1542 2103 1624 2130 falsas
1646 2106 1812 2139 persuadere

1025 2145 1166 2175 conantur,
1183 2144 1305 2171 noverint
1321 2145 1471 2173 auditorem
1489 2147 1529 2174 vel
1547 2148 1708 2176 benevolum
1725 2150 1751 2183 ⁵,
1769 2153 1809 2179 vel

1025 2187 1168 2221 intentum,
1184 2188 1223 2215 vel
1244 2189 1356 2216 docilem
1376 2192 1512 2224 prooemio
1528 2192 1537 2206 ⁶
1552 2191 1651 2226 facere,
1664 2194 1707 2221 isti
1722 2200 1811 2224 autem

1028 2241 1081 2261 non
1096 2235 1234 2267 noverint;
1254 2235 1292 2262 illi
1309 2235 1377 2263 falsa
1400 2237 1527 2271 breviter,
1550 2243 1641 2273 aperte
1654 2260 1661 2273 ,
1678 2242 1811 2269 verisimi-

1027 2278 1099 2311 liter,
1117 2283 1144 2306 et
1159 2279 1201 2306 isti
1212 2287 1274 2307 vera
1289 2281 1328 2308 sic
1343 2287 1464 2315 narrem,
1480 2288 1508 2309 ut
1525 2283 1616 2310 audire
1639 2286 1754 2319 taedeat,
1772 2288 1812 2315 in-

1028 2325 1145 2360 telligere
1170 2333 1222 2353 non
1240 2331 1340 2360 pateat,
1354 2327 1462 2354 (πρόαγε
1477 2334 1613 2363 postremo
1636 2340 1688 2359 nou
1711 2333 1810 2368 libeat;

1026 2370 1064 2396 illi
1076 2370 1214 2398 fallacibus
1229 2373 1395 2406 argumentis
1409 2375 1548 2402 veritatem
1563 2383 1726 2413 oppugnent,
1740 2388 1812 2408 asse-

1027 2420 1089 2443 rant
1110 2416 1265 2451 falsitatem,
1282 2418 1326 2446 isti
1348 2426 1397 2447 nec
1416 2427 1478 2447 vera
1502 2422 1655 2456 defendere,
1672 2432 1720 2452 nec
1744 2426 1811 2454 falsa

829 2471 957 2498 VARIAE
976 2471 1176 2501 LECTIUNES.

224 2512 235 2550 ξ
248 2512 312 2550 C_od.
325 2515 557 2550 quotienscunque.

620 2515 631 2530 ¹
643 2514 710 2543 Cod.
724 2515 878 2550 quadruvio,
894 2515 932 2542 sic
943 2516 1051 2550 ubique.

1105 2518 1114 2534 ³
1129 2518 1233 2547 Titulus
1255 2519 1282 2547 in
1297 2520 1357 2548 cod.
1372 2520 1463 2554 deest;
1485 2523 1574 2551 addidi
1597 2532 1630 2552 ex
1654 2525 1809 2555 Prudentia.

186 2546 200 2563 ⁸
213 2546 279 2575 Cod.
293 2546 445 2582 inluminat,
457 2550 496 2577 sic
505 2546 616 2585 ubique.
655 2550 666 2567 ⁸
679 2546 745 2577 Cod.
770 2549 925 2576 benivolum.
964 2550 974 2565 ⁶
988 2546 1053 2579 Cod.
1068 2554 1195 2589 proymio.

944 2604 1068 2639 NOTAE.

221 2647 235 2662 ι
250 2641 308 2679 ipse
313 2642 338 2669 Ι.
347 2642 445 2679 Scotus
452 2644 553 2672 sentire
559 2644 676 2676 videtur,
682 2651 725 2679 ea,
735 2651 804 2679 quae
810 2644 837 2671 in
844 2644 896 2672 hoc
902 2644 972 2673 libro

183 2677 277 2719 docuit
285 2677 321 2718 de_
326 2678 491 2719 aequalitate
496 2679 602 2719 divinae
611 2677 807 2719 praescierjtiae
818 2684 845 2707 et
859 2680 973 2719 praede.

182 2712 348 2745 stinationis,
357 2712 408 2740 nec
414 2714 509 2741 nonde
515 2712 724 2742 divinainscitia
730 2722 835 2747 eorum,
842 2712 911 2750 qiiae
919 2712 972 2749 non

183 2752 256 2778 sunt,
264 2756 317 2782 quo
329 2753 481 2783 peccatum,
490 2757 574 2781 mors,
582 2757 696 2783 poenae,
706 2750 803 2777 malum
812 2750 845 2777 ab
858 2751 916 2784 ipso
923 2753 976 2777 MF

184 2787 358 2815 merantur,a
374 2785 510 2811 communi
527 2792 607 2811 sensu
621 2785 731 2811 omnino
744 2785 880 2813 recedere.
895 2785 974 2812 ideo-

185 2824 249 2850 que,
266 2826 299 2845 ne
312 2818 510 2847 catholicorum
526 2819 610 2846 animi
622 2820 702 2847 nimis
713 2820 894 2852 offendautur,
907 2820 974 2847 haec

185 2858 353 2888 praemonet.
368 2854 473 2888 Reapse
488 2859 577 2881 autem
591 2854 647 2888 ejus
655 2855 803 2881 d0etrinam
813 2856 838 2882 in
852 2855 973 2888 hiscapi-

184 2885 255 2916 tibus
261 2895 276 2914 a
283 2889 395 2916 veritate
402 2885 480 2924 longe
489 2885 623 2924 recedere,
631 2897 664 2917 ex
671 2889 738 2917 libro
745 2890 802 2925 ipso
809 2890 885 2918 facile
891 2885 973 2927 patet.

1062 2648 1075 2688 Ρ
1090 2648 1131 2675 Ad
1146 2648 1216 2688 haec
1225 2649 1387 2688 Prudentius
1400 2660 1406 2678 :
1419 2651 1476 2679 Nec
1493 2652 1559 2679 illud
1569 2654 1751 2688 quadrivittm,
1766 2663 1812 2684 nec

1026 2682 1094 2724 ultas
1109 2684 1259 2724 mundanae
1273 2687 1416 2724 sapiegtt‘ae
1437 2688 1532 2724 spectes
1550 2682 1584 2715 rut
1603 2696 1705 2724 miluom
1729 2682 1811 2724 quae;

1025 2719 1135 2745 stionem
1149 2719 1424 2760 soteendam'suﬂicere
1436 2722 1531 2756 absque
1547 2723 1634 2760 gratia
1649 2723 1697 2750 Dei
1707 2719 1810 2760 et'ﬁde,

1024 2761 1091 2787 quae
1104 2762 1149 2788 per
1159 2754 1321 2782 dilectionem
1335 2754 1464 2789 operatur,
1475 2754 1505 2783 ac
1517 2754 1601 2783 veraci
1616 2760 1703 2788 studio
1714 2767 1736 2788 et
1744 2754 1811 2790 ’θηηί

1026 2793 1127 2815 clarum
1142 2789 1248 2816 scientia
1265 2790 1471 2823 Scripturarum.

1064 2828 1074 2842 ε
1091 2823 1236 2858 Augustin.
1252 2824 1283 2851 de
1298 2832 1358 2850 vero
1370 2824 1443 2858 relig.
1459 2825 1526 2852 cfs.
