4194 6276
551 324 663 387 559

1911 311 2197 370 JOANNIS
2235 311 2430 370 SCOTI

3696 314 3806 372 560

557 432 772 506 valeant
799 406 1064 493 refutare;
1095 427 1172 482 illi
1195 427 1405 481 animos
1436 426 1767 481 audientium
1795 425 1851 479 in
1879 436 2121 478 errorem
2147 425 2202 482 Α
2224 436 2399 489 neque
2426 421 2495 476 ad
2522 421 2684 478 ﬁnem
2724 422 2861 492 ejus,
2895 423 3061 477 vitam
3093 421 3344 477 videlicet
3360 429 3665 491 aeternam,
3690 422 3813 494 pos'

561 531 868 584 moventes,
917 517 1355 588 impellentesque
1398 516 1629 572 dicendo
1673 520 1953 578 terreant,
2000 526 2130 567 con-

559 615 777 669 tristent
802 650 817 674 ,
846 607 1148 664 exhilarent
1185 606 1235 673 ί,
1278 608 1635 662 exhortantur
1698 605 1986 667 ardenter,
2040 601 2132 657 isti

556 722 658 775 pro
709 701 936 756 veritate
993 698 1124 753 lenti
1186 695 1473 773 frigidique
1514 694 1843 752 dormitent?
1879 693 2011 760 Quis
2056 693 2132 748 ita

557 795 803 863 desipiat,
832 799 891 845 ut
922 792 1028 844 hoc
1053 788 1267 859 sapiat?
1312 788 1418 844 Sed
1446 788 1702 857 quoniam
1740 785 2021 841 verissime
2050 784 2131 839 di-

560 892 849 959 ctumvcst,
879 890 1080 952 oportet
1125 879 1317 934 multas
1369 879 1607 933 haereses
1646 894 1788 942 esse,
1831 887 1887 930 ut
1928 874 2134 945 probati

561 973 824 1044 manifesti
846 973 977 1040 ﬁant
1006 972 1141 1026 inter
1160 986 1249 1025 vos
1275 983 1322 1031 α,
1353 977 1566 1024 utamur
1590 968 1754 1022 etiam
1784 967 1890 1022 isto
1918 965 2134 1035 divinae

558 1062 931 1135 providentiae
969 1057 1249 1115 beneﬁcio.
1272 1058 1363 1131 Ex
1396 1057 1479 1111 his
1504 1058 1646 1111 enim
1672 1055 1981 1109 hominibus
2004 1053 2135 1107 hae-

558 1152 711 1209 retici
743 1152 905 1216 ﬁunt,
932 1149 1022 1219 qui
1074 1148 1259 1215 etiam,
1291 1149 1335 1202 si
1365 1153 1546 1202 essent
1571 1146 1625 1199 iu
1653 1143 1914 1209 Ecclesia,
1944 1142 2135 1197 nihilo-

560 1245 749 1300 minus
784 1248 1051 1297 errarent.
1088 1239 1222 1294 Cum
1272 1246 1452 1292 autem
1490 1235 1622 1291 foris
1669 1243 1814 1300 sunt,
1846 1233 2135 1307 plurimum

559 1342 810 1408 prosunt,
838 1349 942 1390 non
968 1346 1154 1387 verum
1184 1329 1448 1394 docendo,
1476 1327 1619 1397 quod
1650 1326 1917 1389 nesciunt,
1944 1323 2036 1379 sed
2069 1322 2137 1403 ad

560 1439 750 1479 verum
779 1421 1146 1493 quaerendum
1176 1418 1440 1483 carnales,
1468 1426 1523 1472 et
1558 1417 1623 1472 ad
1652 1430 1838 1471 verum
1890 1413 2136 1483 aperien-

564 1516 691 1570 dum
732 1508 1042 1584 spii-ituales
1088 1508 1384 1565 catholicos
1435 1505 1739 1561 excitando.
1796 1501 1935 1557 Sunt
1981 1501 2127 1556 enim

563 1604 990 1661 innumerabiles
1019 1603 1073 1657 in
1111 1609 1297 1657 sancta
1327 1599 1568 1654 Ecclesia
1613 1596 1724 1651 Deo
1751 1594 1962 1665 probati
1990 1592 2092 1646 viri
2116 1607 2132 1658 ;

555 1697 666 1752 °sed
694 1695 965 1751 manifesti
996 1693 1096 1750 viri
1124 1708 1230 1748 non
1261 1692 1396 1745 ﬁunt
1422 1691 1563 1744 inter
1602 1703 1717 1750 nos,
1751 1686 2007 1758 quamdiu
2040 1686 2136 1738 im-

563 1785 794 1858 peritiae
808 1790 1023 1840 nostrae
1049 1780 1284 1838 tenebris
1295 1779 1542 1835 delectati
1566 1777 1800 1833 dormire
1816 1774 2082 1830 malumus
2101 1775 2143 1838 ',
2173 1767 2225 1829 Β

568 1890 730 1945 quam
756 1872 932 1928 lucem
956 1870 1203 1927 veritatis
1252 1868 1467 1923 intueri.
1501 1868 1840 1938 Quapropter
1871 1864 2043 1929 multi,
2078 1871 2140 1919 ut
2206 1862 2211 1866 ’

567 1944 709 2019 diem
757 1961 851 2017 Dei
898 1961 1118 2015 videant
1159 1967 1214 2012 et
1261 1959 1548 2029 gaudeant,
1574 1968 1672 2027 per
1720 1944 2043 2009 haereticos
2073 1952 2141 2007 de

572 2068 766 2109 somno
811 2051 1135 2106 excitantur.
1187 2048 1410 2104 Utamur
1438 2061 1567 2117 ergo
1615 2044 1779 2100 etiam
1832 2042 2139 2107 haereticis,

568 2157 676 2200 non
720 2151 780 2197 ut
805 2156 990 2195 eorum
1033 2141 1389 2211 approbemus
1426 2152 1658 2201 errores,
1689 2135 1781 2191 sed
1810 2143 1867 2188 ut
1921 2131 2142 2215 eatholi:

568 2248 689 2287 cam
720 2231 1056 2301 disciplinam
1078 2229 1335 2309 adversus
1360 2242 1545 2282 eorum
1569 2226 1792 2280 insidias
1814 2232 2141 2309 asserentes,

2229 514 2299 566 sit
2327 512 2630 580 pervenire,
2659 527 2851 577 nemo,
2880 513 2988 568 nisi
3033 513 3258 569 alterius
3301 514 3626 571 necessitate
3666 515 3808 572 fati"

2229 615 2331 658 nec
2355 602 2409 656 in
2450 602 2700 658 meritum
2746 602 3073 673 impietatis,
3115 620 3215 661 nec
3245 605 3298 658 in
3341 605 3461 675 ejus
3496 606 3811 676 terminum,

2231 701 2511 749 aeternum
2569 694 2785 763 quidem
2814 694 3153 765 supplicium,
3192 695 3547 765 compellatur
3596 698 3810 755 cadere.

2231 783 2380 850 Quae
2430 783 2746 838 stultissima
2801 785 3280 854 crudelissimaque
3352 785 3564 841 insania
3635 789 3815 857 primo

2231 873 2556 928 auctoritate
2604 874 2783 929 divina
2813 874 3099 943 refellitur,
3144 876 3337 933 deinde
3379 891 3540 933 verae
3582 880 3815 936 rationis

2232 963 2434 1041 regulis
2459 963 2789 1019 annullatur.
2830 963 2971 1032 Quid
3009 967 3190 1020 enim?
3238 967 3497 1036 numquid
3535 982 3632 1037 per
3688 985 3813 1040 proo

2231 1057 2451 1127 pbetam
2481 1058 2719 1113 dicitur:
2754 1057 3035 1115 Universae
3066 1061 3182 1115 uiae
3208 1060 3416 1116 Domini
3451 1064 3813 1119 misericordia

2232 1156 2283 1202 et
2305 1149 2530 1203 veritasc
2549 1149 2573 1202 ?
2595 1147 2757 1225 Quod
2775 1151 3014 1218 apertius
3045 1150 3173 1207 alibi
3211 1152 3484 1220 aperitur:
3517 1152 3813 1208 Misericor-

2234 1237 2378 1293 diam
2406 1247 2455 1295 et
2475 1238 2738 1307 judicium
2775 1239 2999 1295 cantabo
3027 1240 3119 1294 tibi
3140 1240 3363 1296 Domine
3382 1240 3433 1294 ά.
3463 1240 3669 1309 Quibus
3690 1259 3813 1299 ver-

2235 1326 2320 1384 bis
2346 1327 2675 1383 lucidissime
2712 1334 2769 1382 et
2794 1328 3058 1385 donorum
3087 1329 3187 1385 Dei
3211 1328 3465 1402 largitas,
3495 1339 3554 1386 et
3577 1329 3821 1402 iustitiae

2236 1419 2353 1493 ejus
2384 1420 2634 1490 aequitas
2662 1420 3094 1476 commendatur.

2787 1556 3186 1615 CAPITULUM
3217 1557 3281 1614 ll.

2237 1672 2556 1743 Argumenta
2584 1668 2905 1743 necessitatis
2930 1668 3192 1743 colligitur
3238 1668 3373 1724 duas
3391 1667 3826 1740 praedestinatio-

2755 1755 2845 1794 nes
2867 1739 3118 1810 ﬁeri‘noa
3144 1752 3313 1810 posse.

2312 1875 2352 1931 Ι.
2387 1873 2488 1930 Ubi
2530 1881 2657 1930 sunt
2705 1887 2857 1945 ergo,
2908 1871 3293 1945 G[otescalce].
3346 1871 3569 1927 duarum
3596 1873 3822 1942 praede-

2241 1965 2588 2022 stinationum
2631 1973 2841 2019 tuarum
2879 1963 3346 2018 necessitudines?
3385 1963 3621 2019 Tuarum
3665 1965 3821 2033 dico,

2241 2070 2347 2110 non
2372 2056 2694 2109 divinarum.
2729 2054 2840 2107 Tua
2869 2054 3069 2108 etenim
3095 2067 3189 2107 eas
3217 2054 3545 2123 perversitas
3576 2053 3747 2119 ﬁnxit,
3768 2065 3826 2111 et

2223 2143 2362 2213 ideo
2397 2159 2503 2197 non
2552 2151 2697 2208 sunt,
2740 2156 2841 2197 nee
2884 2142 3001 2196 ﬁeri
3048 2150 3296 2212 possunt.
3364 2141 3645 2209 Quomodo
3680 2148 3823 2201 enim

2242 2241 2418 2304 potest
2450 2246 2588 2296 esse,
2615 2230 2761 2301 quod
2809 2239 3039 2286 conatur
3071 2229 3309 2297 auferre,
3362 2231 3507 2302 quod
3538 2234 3668 2287 est?
3721 2232 3824 2288 Ubi

568 2318 941 2393 vigilantiores
968 2328 1023 2376 et
1063 2304 1332 2375 cautiores
1358 2317 1546 2383 simus,
1578 2313 1789 2371 etiamsi
1835 2328 1928 2369 eos
1958 2311 2024 2367 ad
2054 2298 2143 2368 sa;
2242 2298 2423 2375 autem
2453 2328 2535 2375 est
2564 2298 2892 2383 necessitas,
2921 2318 2994 2373 ibi
3023 2332 3129 2373 non
3165 2326 3251 2373 est
3277 2298 3545 2376 voluntas.
3577 2320 3741 2392 Atqui
3771 2321 3827 2376 in

570 2411 739 2466 lutem
770 2425 1027 2466 revocare
1056 2424 1162 2464 non
1192 2407 1482 2479 possimus.
2136 2468 2139 2471 γ
2246 2411 2358 2467 Deo
2384 2419 2469 2467 est
2515 2410 2783 2464 voluntas.
2838 2408 2898 2462 In
2952 2424 3017 2465 eo
3044 2409 3208 2481 igitur
3236 2424 3343 2464 non
3380 2419 3465 2465 est
3516 2411 3826 2466 necessitas.

646 2500 737 2556 ιν.
784 2500 1047 2569 Quoniam
1090 2499 1257 2570 igitur
1316 2496 1523 2567 antiqui
1573 2495 1742 2551 hostis
1785 2493 2002 2550 miseria
2048 2491 2149 2547 hu-
2248 2501 2393 2557 Deus
2411 2501 2628 2571 quidem
2658 2499 2861 2566 omnia,
2892 2514 3032 2570 quae
3077 2497 3230 2565 fecit,
3281 2514 3379 2555 sua
3408 2502 3624 2571 propria
3648 2501 3831 2557 νοιυη-

573 2607 769 2648 manae
795 2591 1110 2648 beatitudini
1143 2603 1355 2660 semper
1379 2589 1601 2652 invidet,
1633 2587 1857 2642 insidias
1887 2586 1908 2617 ³
1934 2594 2150 2642 nostrae
2231 2602 2388 2660 tate,
2418 2592 2561 2648 nulla
2586 2606 2713 2648 vero
2737 2591 3060 2647 necessitate
3097 2590 3245 2646 fecit.
3279 2590 3418 2659 Quid
3444 2593 3587 2647 enim
3615 2602 3833 2665 cogeret

573 2683 733 2739 saluti
760 2696 1086 2753 praeparare
1114 2696 1218 2735 non
1246 2688 1438 2734 cessat.
1482 2678 1640 2734 Salus
1664 2686 1843 2733 autem
1870 2687 2055 2733 nostra
2082 2690 2150 2732 ex
2252 2684 2442 2763 Deum,
2467 2691 2525 2735 ut
2552 2680 2754 2751 aliquid
2781 2678 3026 2735 faceret?
3070 2680 3270 2748 Quodsi
3298 2681 3477 2751 aliqua
3506 2697 3629 2737 eum
3664 2696 3828 2737 causa

574 2774 681 2829 ﬁde
726 2774 961 2831 inchoat.
989 2772 1175 2828 Fidem
1204 2771 1369 2841 igitur
1415 2770 1693 2826 destruere
1719 2768 1950 2836 laborat,
1981 2782 2150 2838 quae-
2253 2773 2599 2844 compelleret
2654 2771 2720 2825 ad
2770 2769 3100 2837 faciendum,
3153 2786 3218 2826 ea
3266 2771 3462 2827 merito
3503 2769 3674 2839 major
3713 2787 3831 2827 me-

576 2881 704 2922 rens
734 2881 861 2921 vasa
890 2864 991 2921 sibi
1020 2863 1420 2929 convenientia,
1451 2863 1645 2932 quibus
1674 2874 1738 2916 ea
1769 2874 1993 2926 venena,
2016 2873 2155 2929 quae
2256 2863 2467 2941 liorque
2513 2876 2578 2918 eo
2612 2861 2960 2927 crederetur;
3010 2876 3073 2917 ac
3115 2876 3211 2932 per
3254 2862 3360 2918 hoc
3388 2861 3530 2932 ipsa,
3559 2877 3667 2918 non
3692 2862 3829 2933 ipse,

577 2959 697 3029 ejus
727 2964 1103 3028 argumentosa
1132 2956 1334 3012 malitia
1365 2955 1590 3009 interius
1629 2954 1885 3026 exagitat,
1916 2954 1969 3009 in
1997 2968 2156 3009 aures

579 3051 936 3116 credentium,
987 3050 1352 3119 impetumque
1390 3048 1618 3102 astutiae
1647 3062 1777 3103 suae
1805 3062 1999 3102 cavere
2047 3061 2153 3102 non

578 3144 869 3199 valentium
896 3140 1135 3219 exterius
1173 3138 1441 3193 infundat.
1475 3138 1578 3194 Sed
1613 3138 1738 3209 quia
1778 3139 1945 3209 ipsius
1973 3154 2159 3194 omnes

585 3224 1030 3297 adiuventiones,
1095 3229 1291 3299 quibus
1348 3229 1608 3284 unitatem
1663 3228 1971 3284 Catholicae
2037 3229 2162 3285 ﬁdei

582 3341 756 3395 usque
778 3324 938 3380 modo
972 3329 1199 3377 conatus
1239 3327 1323 3376 est
1348 3320 1613 3386 scindere,
1668 3330 1927 3390 operante
1982 3319 2160 3375 divina

584 3417 759 3488 gratia
779 3429 877 3486 per
904 3427 1020 3477 eos,
1051 3412 1144 3481 qui
1169 3410 1313 3467 beati
1360 3420 1416 3464 et
1453 3409 1778 3464 immaculati
1806 3410 1860 3465 in
1910 3410 1997 3464 via
2029 3410 2160 3481 legis

587 3507 802 3563 divinae
849 3502 1277 3567 ambulaverunt,
1328 3511 1384 3555 et
1414 3490 1719 3555 testimonia
1766 3501 1884 3571 ejus
1940 3502 2166 3557 scrutati

589 3605 739 3663 sunt,
765 3594 1005 3650 funditus
1038 3592 1287 3663 explosae
1318 3590 1487 3665 [sunt]
1517 3593 1539 3623 ⁵
1557 3631 1573 3659 ,
1602 3606 1669 3647 ne
1699 3592 1864 3647 ullum
1891 3592 2167 3663 nequitiae

587 3702 723 3763 suae
778 3692 1158 3757 argumentum
1203 3691 1550 3755 praetereat,
1602 3699 1741 3738 novo
1800 3698 1943 3739 nunc
1984 3684 2006 3715 ⁵
2053 3699 2167 3739 ma-

589 3780 937 3851 chinamento
984 3791 1195 3832 murum
1241 3776 1479 3830 munitae
1508 3774 1629 3830 ﬁdei
1666 3775 1873 3831 solvere
1902 3782 2164 3845 temptat;

590 3885 695 3945 per
763 3866 1067 3922 ministrum
1116 3881 1350 3936 namque
1401 3881 1573 3929 suum,
1625 3864 1829 3921 scilicet
1873 3863 2170 3937 G[oteseal-

580 3958 747 4039 eum]
778 3959 821 4024 °,
880 3958 1012 4014 duas
1045 3956 1559 4027 praedestinationes
1587 3955 1640 4009 in
1669 3956 1777 4011 Deo
1803 3970 1925 4012 esse
1955 3956 2169 4019 asserit,

578 4052 798 4123 quibus
846 4059 902 4105 et
957 4047 1277 4118 aequissima
1319 4045 1558 4114 justitiae
1608 4047 1820 4112 merita,
1878 4055 1935 4100 et
1963 4046 2173 4101 miseri-

595 4141 914 4196 cordissima
944 4139 1149 4211 gratiae
1180 4138 1316 4192 dona
1347 4136 1538 4191 nititur
1575 4136 1805 4191 auferre.
1860 4137 1993 4192 Cum
2025 4139 2169 4191 enim

592 4246 766 4303 genus
790 4232 1083 4286 humanum
1106 4227 1377 4282 dividatur
1418 4227 1469 4279 in
1499 4226 1668 4283 bonos
1717 4226 1990 4295 malosque
2014 4242 2028 4292 ;
2056 4242 2171 4280 om-

592 4323 683 4379 nis
700 4310 941 4391 namque
970 4318 1130 4376 homo
1169 4325 1262 4371 aut
1290 4316 1481 4380 bonus,
1528 4324 1619 4369 aut
1654 4317 1826 4370 inalus
1855 4326 1957 4382 est;
2009 4316 2172 4369 mulo-

595 4430 714 4469 rum
734 4420 937 4476 autem,
960 4417 1019 4464 ut
1044 4410 1120 4464 ait
1142 4406 1373 4471 Veritas,
1405 4406 1528 4474 ﬁnis
1552 4416 1627 4460 est
1656 4405 1968 4476 supplicium
1994 4415 2166 4460 aeter-

597 4519 743 4567 num,
767 4502 1021 4555 bonorum
1041 4514 1157 4552 vero
1185 4497 1288 4552 vita
1310 4506 1518 4551 aeterna
1539 4496 1567 4535 ιι
1593 4511 1607 4548 :
1640 4495 1730 4564 qui
1763 4503 1889 4550 sunt
1917 4494 2040 4549 mali
2069 4496 2171 4551 nisi

598 4589 774 4658 impii,
805 4597 861 4644 et
906 4588 1032 4642 boni
1061 4586 1161 4641 nisi
1183 4585 1355 4655 justi?
1386 4584 1662 4642 Justorum
1683 4586 1945 4652 omnium,
1975 4594 2035 4640 ut
2059 4587 2173 4656 ipse

601 4680 870 4744 adstruit,
915 4675 1240 4731 inevitabilis
1285 4673 1637 4743 ell‘ectivaque
1683 4690 1844 4730 causa
1874 4676 2170 4732 constituta

600 4779 686 4825 est
713 4771 764 4823 in
793 4764 1279 4838 praedestinatione
1308 4778 1412 4817 una
1439 4752 1471 4828 ;’
1508 4764 1792 4833 impiorum
1827 4779 1956 4822 vero
1981 4765 2173 4822 simili-

604 4875 688 4918 ter
715 4862 767 4915 in
795 4860 987 4914 altera.
1043 4856 1161 4913 Una
1199 4844 1417 4924 quippe,
1447 4863 1503 4908 ut
1532 4855 1629 4919 ait,
1652 4853 1921 4921 justorum
1945 4866 2051 4923 est,
2096 4857 2174 4911 al-

604 4962 722 5007 tera
757 4949 1082 5020 impiorum;
1122 4946 1176 5001 in
1205 4953 1431 5009 tantum,
1468 4953 1527 4998 ut
1564 4958 1723 4999 nemo
1744 4983 1760 5009 ,
1810 4945 1912 5001 nisi
1944 4948 2181 5003 necessi-

581 5052 716 5100 ‘tate
736 5039 1051 5098 immutabili
1079 5038 1261 5105 unius,
1289 5050 1464 5107 neque
1490 5038 1557 5093 ad
1603 5036 1847 5108 iustitiae
1901 5038 2174 5104 meritum,

2195 4453 2253 4517 D

2260 2969 2467 3010 summa
2517 2953 2760 3009 omnium
2788 2967 2951 3008 causa
2997 2952 3248 3023 Deusque
3274 2953 3564 3010 coleretur.
3608 2952 3668 3009 Si
3704 2968 3834 3011 vero

2262 3060 2370 3099 una
2391 3053 2446 3098 et
2473 3042 2787 3113 principalis
2816 3045 2980 3099 totius
3006 3043 3376 3101 universitatis
3401 3058 3563 3100 causa
3587 3044 3836 3100 voluntas

2266 3136 2362 3191 Dei
2389 3143 2443 3191 et
2463 3135 2550 3204 pie
2597 3133 2853 3199 creditur,
2884 3143 2940 3189 et
2991 3142 3139 3190 recte
3166 3134 3502 3205 intelligitur,
3530 3134 3730 3192 frustra
3779 3135 3836 3191 in

2265 3230 2402 3299 ipsa,
2440 3229 2523 3283 vel
2549 3236 2674 3283 ante
2710 3228 2880 3299 ipsam
2922 3228 3220 3284 necessitas
3264 3228 3505 3301 ﬁngitur.
3548 3229 3664 3299 Age
3682 3230 3831 3300 jam!

2265 3322 2325 3378 Si
2352 3337 2531 3386 omne,
2561 3323 2700 3391 quod
2740 3320 2795 3375 in
2817 3321 2927 3376 Deo
2950 3329 3057 3386 est,
3084 3322 3224 3376 Deus
3247 3330 3331 3377 est
3352 3339 3366 3376 :
3394 3320 3639 3377 voluntas
3655 3330 3837 3376 autem

2264 3414 2360 3471 Dei
2384 3414 2438 3468 in
2466 3414 2576 3468 Deo
2603 3420 2717 3468 est:
2769 3411 2912 3467 Deus
2939 3419 3024 3467 est
3063 3412 3230 3484 igitur
3259 3412 3354 3469 Dei
3400 3411 3665 3468 voluntas.
3720 3410 3835 3466 Non

2264 3508 2408 3563 enim
2457 3505 2600 3560 aliud
2630 3513 2713 3560 est
2741 3504 2790 3559 ei
2820 3518 2940 3560 esse
2967 3511 3023 3559 et
3057 3503 3193 3558 velle
3213 3542 3229 3568 ,
3263 3504 3358 3559 sed
3381 3503 3523 3573 quod
3569 3510 3652 3557 est
3694 3516 3836 3565 esse,

2266 3596 2370 3651 hoc
2390 3604 2474 3651 est
2493 3604 2550 3650 et
2584 3593 3002 3651 velle.’Proinde
3032 3594 3078 3649 si
3122 3578 3366 3649 voluntas
3410 3592 3505 3648 Dei
3532 3592 3699 3647 libera
3720 3603 3836 3655 est;

2268 3687 2424 3743 aliter
2453 3686 2599 3741 enim
2629 3686 2851 3741 credere
2882 3685 3108 3756 impium
3140 3693 3223 3741 est
3249 3702 3265 3738 :
3296 3683 3460 3739 libera
3492 3697 3617 3739 vero
3652 3681 3842 3737 volun-

2271 3785 2355 3833 tas
2387 3776 2536 3831 omni
2563 3784 2714 3830 caret
2751 3775 3112 3832 necessitate:
3162 3774 3327 3847 igitur
3351 3772 3499 3828 nulla
3549 3771 3843 3827 necessitas

2253 3867 2595 3932 voluntatem
2616 3864 2709 3920 Dei
2735 3866 2989 3935 possidet.
3035 3865 3197 3934 Atqui
3227 3863 3484 3934 quicquid
3516 3863 3538 3895 ⁸
3576 3862 3642 3918 de
3667 3862 3844 3916 divina

2256 3957 2544 4035 voluntate
2573 3971 2701 4013 sane
2729 3955 3080 4027 intelligitur,
3134 3955 3199 4010 de
3240 3954 3355 4023 ejus
3378 3968 3593 4025 quoque
3626 3951 3847 4023 praede-

2254 4047 2557 4111 _stinatione
2584 4060 2806 4100 necesse
2826 4052 2910 4100 est
2946 4044 3195 4099 similiter
3222 4044 3569 4115 intelligatur.
3618 4040 3847 4111 Expulra

2258 4146 2355 4215 [est
2377 4147 2554 4191 autem
2584 4136 2760 4191 omnis
2784 4135 3076 4191 necessitas
3104 4150 3134 4188 a
3158 4134 3335 4188 divina
3358 4134 3653 4191 voluntate.
3686 4131 3852 4204 Igitur

2271 4227 2494 4296 expulsa
2525 4234 2608 4282 est
2637 4227 2705 4280 ab
2735 4226 2852 4297 ejus
2875 4224 3384 4296 praedestinatione.

2256 4372 2261 4377 .
2344 4318 2403 4372 ll.
2433 4318 2514 4371 An
2547 4316 2684 4373 forte
2729 4315 2885 4383 dicis,
2915 4316 3210 4381 haeretice,
3255 4315 3322 4369 ad
3353 4314 3709 4371 substantiam
3758 4309 3855 4365 Dei

2273 4410 2604 4465 voluntatem
2668 4423 2838 4475 suam,
2902 4423 3010 4464 nou
3075 4417 3255 4463 autem
3308 4389 3856 4477 praedestinationem

2277 4519 2428 4559 suam
2457 4502 2753 4572 pertinere,
2774 4500 2849 4556 ita
2872 4508 2933 4554 ut
2950 4515 3054 4555 non
3081 4498 3227 4552 aliud
3259 4498 3331 4552 sit
3353 4496 3465 4553 Deo
3484 4510 3604 4551 esse
3625 4504 3679 4548 et
3698 4493 3853 4556 velle,

2277 4593 2421 4649 aliud
2448 4608 2576 4649 vero
2600 4606 2721 4649 esse
2745 4601 2802 4649 et
2813 4589 3255 4663 praedestinare?
3283 4587 3388 4647 Sed
3419 4588 3523 4641 hoc
3553 4583 3707 4638 facile
3726 4595 3823 4652 pos
3840 4608 3855 4621 -

2256 4700 2466 4753 sumus
2508 4682 2755 4738 refellere
2787 4689 3123 4753 argumento,
3172 4677 3315 4748 quod
3340 4675 3572 4731 sumitur
3600 4688 3633 4727 a
3660 4669 3856 4726 deﬁni-

2256 4775 2441 4851 .tione.
2472 4793 2492 4826 ς
2512 4773 2765 4829 Estenim
2779 4773 2956 4829 divina
2976 4766 3397 4840 praedestinatio
3423 4785 3467 4831 ι,
3492 4773 3554 4820 ut
3577 4764 3654 4819 ait
3670 4762 3855 4851 Augu-

2279 4866 2473 4931 stinus,
2498 4883 2517 4917 r
2537 4864 2802 4928 omnium,
2819 4877 2958 4931 quae
2970 4861 3113 4915 Deus
3131 4859 3377 4914 facturus
3401 4864 3504 4924 est,
3535 4862 3657 4909 ante
3675 4850 3860 4907 secula

2282 4959 2627 5030 praeparatio
2653 4966 2817 5027 atque
2841 4954 3121 5023 dispositio
3151 4971 3170 5006 ι
3203 4963 3249 5007 ε.
3284 4951 3343 5009 Si
3365 4967 3495 5024 ergo
3524 4959 3650 5005 ante
3678 4946 3862 5003 secula

2282 5048 2418 5103 nihil
2478 5047 2715 5103 creditur
2754 5053 2811 5101 et
2861 5042 3179 5115 intelligitur
3209 5050 3429 5115 praeter
3474 5040 3645 5097 solum
3690 5037 3863 5093 Deum

1874 5150 2130 5210 VARIAE
2167 5157 2574 5218 ItECTlONES.

672 5266 865 5347 1(1sz
880 5263 1157 5347 ηίέανθβξ·
1231 5263 1253 5294 ²
1281 5259 1542 5347 δίέξθδνο
1668 5261 1912 5347 ηπίξιαξιεο,
1968 5263 1990 5296 ³
2297 5271 2699 5347 Μέρεείηξίρἰβ,
2774 5270 2798 5303 δ
2828 5278 2951 5326 sunt
2975 5284 3085 5326 om.
3113 5270 3234 5347 cod.
3310 5269 3334 5303 '
3363 5270 3453 5325 Sic
3480 5266 3622 5334 cod.,
3654 5265 3862 5321 nm.

574 5378 577 5381 ‹
608 5339 634 5372 ⁸
660 5339 795 5397 Cod.
825 5334 914 5403 (ιλ,
944 5335 1023 5392 sic
1044 5333 1260 5404 ubique.
1334 5333 1355 5367 '
1381 5333 1629 5399 Emend.,
1652 5332 1773 5390 eod.
1807 5332 1933 5405 fari.
2007 5335 2031 5368 ⁸
2059 5334 2150 5393 Sic
2173 5332 2317 5407 cod.,
2345 5342 2416 5397 Μ.
2441 5342 2717 5412 quidquid.
3146 5346 3149 5349 “

576 5512 585 5517 ’
682 5539 907 5595 clear.
942 5539 1028 5601 χι,
1062 5539 1115 5594 9.

695 5610 725 5650 ι’
766 5610 920 5664 Rom.
952 5608 1153 5669 νηί.

691 5691 714 5718 ο
753 5677 896 5735 Psal.
927 5675 1117 5741 xxw,
1150 5676 1237 5741 to,

2129 5444 2381 5509 NOTAE.

2364 5544 2393 5582 ἀ
2430 5539 2574 5595 Psal.
2604 5540 2667 5604 C,
2698 5541 2748 5594 l.
3366 5570 3373 5575 -

2372 5622 2395 5650 ο
2431 5610 2712 5682 Augustin.
2743 5610 2809 5664 de
2829 5610 2969 5665 dono
3001 5624 3256 5680 persever.
3282 5623 3332 5664 ο.
3354 5608 3443 5666 l7.
