4194 6276
331 451 433 510 561

1427 449 1626 509 LIBER
1665 455 1751 510 DE
1792 449 2494 510 PRAEDESTINATIONE.

3476 453 3581 514 362

335 566 546 622 fuisse:
592 567 1126 638 praedestinationem
1173 574 1351 622 autem
1388 567 1478 620 Dei
1520 578 1643 622 ante
1689 566 1904 622 omnem
1929 570 1984 631 Α
2007 551 2264 632 mentum,
2298 569 2437 637 quod
2461 568 2526 621 ab
2555 567 2832 621 cﬂ'ecliblts
2855 565 2920 621 ad
2945 582 3161 623 causam
3191 569 3439 634 sumitur,
3474 587 3580 626 non

335 663 642 710 creaturam
688 671 805 710 esse
858 656 1036 710 nullus
1081 672 1246 711 sanus
1301 658 1559 727 ambigit:
1613 659 1901 728 colligitur,

336 747 875 814 praedestinationem
921 748 1015 803 Dei
1063 749 1235 818 ipsum
1261 749 1427 805 Deum
1458 765 1596 811 esse,
1631 760 1789 818 atque
1839 751 1908 805 ad

337 843 582 890 natumut
608 836 722 906 ejus
749 837 1042 906 pertinere.
1067 839 1173 894 Sed
1199 855 1266 895 ne
1290 839 1429 894 forte
1453 826 1638 896 dicas:
1664 840 1812 906 Quae
1840 841 1906 895 dc

335 923 446 980 Deo
478 933 603 980 ante
631 927 890 982 mundum
923 928 1195 993 dicuntur,
1240 945 1346 984 non
1374 930 1556 1000 utique
1586 945 1797 1000 semper
1825 945 1907 986 se-

333 1015 568 1071 cundum
599 1019 960 1073 substantiam
991 1021 1259 1076 dicuntur.
1289 1021 1561 1088 Quaedam
1589 1025 1730 1079 enim
1753 1039 1908 1092 prae-

331 1104 590 1161 dicantur
640 1109 1101 1175 substantialiter,
1160 1113 1417 1180 quaedam
1482 1130 1612 1170 vero
1667 1099 1907 1170 relative.

333 1191 454 1249 Non
484 1197 634 1250 enim
657 1199 951 1252 secundum
975 1200 1362 1268 substantiam,‘
1388 1204 1480 1258 sed
1509 1205 1799 1258 secundum
1826 1220 1913 1259 re-

334 1285 601 1342 lationem
626 1289 824 1343 dicitur
843 1289 1022 1354 Pater,
1050 1292 1245 1346 dicitur
1272 1293 1458 1357 Filius,
1497 1295 1691 1348 dicitur
1734 1294 1913 1348 Domi-

340 1390 468 1430 nus.
521 1377 784 1434 Similiter
836 1381 1255 1448 praedestinatio
1309 1385 1424 1453 ejus
1471 1383 1688 1439 relative
1731 1386 1909 1450 adea,

341 1478 484 1532 quae
514 1468 904 1535 praedestinata
933 1478 1074 1532 sunt,
1105 1470 1392 1538 profertur.
1419 1471 1554 1525 Audi
1581 1471 1914 1540 Scripturam

343 1555 411 1608 de
447 1554 660 1611 Christo
715 1558 1015 1612 dicentem:
1053 1559 1121 1613 In
1157 1578 1260 1630 quo
1301 1572 1422 1615 sunt
1468 1579 1642 1615 omnes
1686 1562 1918 1616 thesauri

340 1647 604 1709 scientiae,
636 1655 683 1699 et
707 1648 987 1715 sapientiae
1005 1649 1294 1704 absconditi
1324 1663 1370 1704 ιι.
1397 1650 1514 1714 Dic,
1541 1667 1760 1721 quaeso,
1790 1651 1920 1720 quid

338 1737 391 1790 in
419 1735 501 1790 his
529 1737 707 1791 verbis
737 1737 1036 1808 intelligere
1065 1742 1324 1794 conaris?
1350 1740 1430 1793 An
1466 1741 1604 1794 forte
1638 1741 1918 1813 scientiam

335 1834 391 1879 et
443 1826 761 1895 sapientiam
790 1826 992 1882 Christi
1024 1843 1144 1884 esse
1185 1829 1396 1900 judicas
1449 1827 1769 1894 accidentia,
1811 1844 1916 1883 non

2009 657 2382 724 incongruum,
2411 658 2454 709 si
2481 655 2639 724 paulo
2667 655 2824 710 latius
2851 656 3142 725 aperiatur.

2074 747 2161 800 lll.
2191 746 2245 800 Si
2277 761 2404 815 ergo
2431 746 2659 801 virtutes
2685 747 2870 811 animi,
2913 763 3052 816 quae
3097 763 3224 804 vere
3269 748 3403 805 nihil
3437 751 3584 809 aliud

2007 823 2154 898 sunt,
2206 834 2308 888 nisi
2367 833 2587 889 eﬂ'ectus
2641 837 2799 890 unius
2847 837 3013 905 ipsius
3058 853 3301 896 summae
3339 841 3581 896 omnium

2006 939 2220 987 causae,
2249 923 2460 978 divinae
2485 923 2690 979 scilicet
2733 925 3039 990 voluntatis,
3087 926 3160 981 ita
3189 928 3581 1000 intelligantur,

2005 1022 2065 1066 ut
2085 1029 2209 1068 cum
2231 1013 2340 1068 sint
2365 1013 2586 1079 multae,
2618 1014 2776 1068 simul
2798 1024 2975 1070 tamen
3000 1017 3429 1086 inseparabiliter
3451 1019 3582 1086 sint,

2007 1105 2134 1174 quia
2169 1102 2406 1171 ejusdem
2434 1114 2658 1160 naturae
2682 1115 2806 1160 sunt
2827 1137 2898 1147 —
2917 1121 3144 1176 quarum
3171 1110 3315 1163 enim
3339 1126 3446 1164 una
3472 1111 3587 1167 eol-

2009 1194 2193 1266 ligitur
2218 1211 2404 1262 causa,
2449 1197 2730 1251 conﬁcitur
2756 1199 2940 1252 eadem
2973 1213 3091 1254 esse
3134 1209 3366 1266 natura;
3415 1203 3469 1256 in
3520 1217 3587 1260 eo

2011 1301 2242 1354 namque
2265 1286 2308 1348 ¹,
2357 1287 2412 1340 in
2440 1301 2545 1355 quo
2591 1303 2695 1340 una
2725 1303 2849 1343 vera
2884 1290 3056 1344 virtus
3079 1290 3367 1356 invenitur,
3397 1306 3588 1348 omnes

2010 1373 2238 1429 virtutes
2267 1375 2382 1429 ﬁeri
2418 1377 2808 1432 rationabiliter
2829 1379 3586 1450 probantur—appellationi-

2012 1464 2113 1517 bus
2143 1473 2319 1520 tamen
2354 1465 2519 1520 variis
2566 1466 2878 1536 signiﬁcari,
2925 1469 2977 1522 in
3005 1483 3220 1536 genera,
3275 1469 3591 1539 formasque

2016 1553 2149 1622 ejus,
2199 1569 2368 1623 usque
2397 1555 2464 1610 ad
2500 1557 2703 1625 species
2740 1559 3044 1614 individuas
3093 1559 3256 1614 dividi
3289 1561 3587 1629 patiuntur,

2016 1642 2220 1707 deinch
2247 1643 2298 1696 in
2339 1658 2592 1699 numeros
2620 1646 2963 1714 multiplicari
2983 1677 3054 1688 —
3080 1656 3159 1702 tot
3193 1649 3335 1704 enim
3363 1650 3591 1704 virtutes

2017 1744 2136 1784 esse
2156 1731 2426 1795 dicuntur,
2453 1742 2585 1802 quot
2617 1745 2741 1789 sunt
2777 1736 2829 1790 bi
2850 1738 2892 1802 ',
2916 1738 3110 1806 quibus
3131 1739 3395 1793 donantur
3419 1757 3431 1793 ε
3461 1739 3589 1808 quid

2020 1821 2213 1874 mirum
2243 1823 2308 1875 de
2337 1823 2448 1892 ipsa
2489 1823 2740 1879 ineffabili
2773 1842 2931 1882 causa
2975 1830 3239 1894 omnium,
3284 1844 3421 1899 quae
3461 1831 3588 1884 dum

335 1922 514 1969 autem
577 1914 692 1983 ejus
735 1917 1030 1972 secundum
1078 1899 1230 1973 suam
1292 1918 1629 1972 divinitatem
1662 1899 2324 1982 substau-Bgcneribus,
2373 1915 2580 1979 formis,
2633 1917 2953 1986 individuis,
3001 1923 3343 1990 numerisque
3383 1934 3588 1990 careat,

335 1995 505 2060 (iam?
555 2006 707 2074 Quod
753 2009 1140 2065 absurdissime
1193 2010 1466 2075 creditur,
1519 2011 1574 2065 et
1627 2009 1917 2064 falsissime

336 2094 591 2149 suadetur
620 2095 670 2149 ι’.
717 2095 969 2151 Summus
1016 2099 1160 2152 enim
1211 2098 1300 2152 ille
1341 2099 1663 2164 intellectus,
1718 2097 1773 2152 in
1805 2111 1916 2167 quo

336 2193 459 2239 sunt
488 2187 760 2251 universa,
786 2188 950 2244 immo
976 2189 1089 2259 ipse
1117 2198 1200 2243 est
1233 2191 1481 2245 universa
1510 2231 1523 2255 ,
1557 2190 1806 2260 quamvis
1835 2189 1916 2243 di-

337 2276 509 2330 versis
539 2277 1016 2346 signiﬁcationibus
1063 2280 1339 2334 nominum
1389 2282 1456 2334 ab
1498 2281 1611 2349 ipsa
1661 2281 1914 2335 rationali

340 2373 552 2431 natura,
581 2382 718 2434 quae
747 2369 810 2422 ad
836 2369 1213 2437 inquirendum
1242 2386 1364 2425 eum
1387 2380 1569 2425 creata
1593 2380 1696 2436 est,
1737 2373 1918 2441 appel-

343 2449 502 2514 letur,
552 2453 665 2521 ipse
692 2462 867 2508 tamen
896 2455 948 2508 in
986 2471 1042 2510 se
1094 2457 1208 2525 ipso
1239 2474 1377 2512 unus
1423 2468 1584 2527 atque
1627 2460 1768 2513 idem
1812 2469 1914 2524 est,

342 2554 468 2594 cum
501 2542 572 2596 sit
593 2543 833 2597 omnium
874 2553 1188 2599 naturarum
1214 2561 1375 2600 causa
1400 2547 1624 2616 simplex
1660 2557 1712 2600 et
1741 2547 1916 2601 multi-

339 2632 482 2702 plex.
527 2633 679 2701 Quod
703 2643 784 2690 est
806 2651 937 2705 ergo
967 2635 1075 2692 Deo
1123 2651 1267 2702 esse,
1301 2640 1405 2693 hoc
1439 2648 1520 2693 est
1543 2640 1591 2692 ei
1626 2655 1831 2708 sapere.
1865 2648 1921 2694 et

339 2725 480 2794 quod
506 2735 589 2780 est
623 2728 670 2780 ei
697 2741 907 2796 sapere,
954 2729 1057 2783 hoc
1081 2739 1166 2785 est
1195 2731 1366 2794 scire,
1397 2741 1448 2785 et
1479 2733 1619 2800 quod
1650 2741 1732 2784 est
1757 2733 1913 2798 scire,

341 2814 442 2869 hoc
472 2823 554 2869 est
583 2815 874 2870 destinare.
929 2817 1061 2872 Cum
1090 2820 1236 2872 enim
1271 2821 1448 2874 omnis
1497 2819 1928 2890 praedestinatio

340 2906 720 2974 praescientia,
736 2908 1032 2963 non'autem
1051 2912 1229 2963 omnis
1250 2913 1600 2980 praescientia
1616 2913 1911 2981 praedesti-

345 2995 494 3048 natio
515 2995 727 3050 dicatur
758 3007 807 3059 ο,
855 3013 960 3052 non
1005 3007 1180 3054 tamen
1225 3016 1290 3054 eo
1321 3003 1477 3056 modo
1506 3003 1750 3066 dicimus,
1798 3019 1916 3057 om-

347 3098 474 3137 nem
539 3086 1078 3154 pracdestinationem
1131 3105 1252 3145 esse
1301 3093 1708 3159 praescientiam
1736 3133 1752 3157 ,
1806 3109 1914 3148 non

344 3189 561 3229 omnem
595 3193 722 3233 vero
759 3181 1160 3248 praescientiam
1203 3197 1322 3236 esse
1349 3184 1913 3254 praedestinationem,

345 3279 452 3333 quo
476 3265 710 3321 solemus
731 3269 908 3323 dicere
946 3271 998 3323 in
1045 3272 1328 3340 generibus
1356 3288 1652 3344 eorumque
1701 3276 1910 3343 formis,

340 3355 490 3409 verbi
530 3371 694 3411 causa
727 3357 780 3412 in
810 3359 1126 3425 virtutibus,
1161 3364 1359 3431 quibus
1408 3366 1588 3420 anima
1635 3368 1913 3425 rationalis

335 3457 582 3513 ornatur,
612 3451 789 3504 omnis
819 3453 1100 3520 prudentia
1130 3455 1301 3510 virtus
1331 3464 1432 3521 est,
1459 3471 1566 3511 non
1596 3466 1775 3514 autem
1797 3474 1912 3512 om.

338 3537 423 3590 nis
448 3539 618 3594 virtus
649 3541 973 3610 prudentia;
1010 3545 1104 3599 sed
1129 3546 1270 3601 sicut
1297 3557 1442 3602 recte
1487 3549 1736 3612 dicimus,
1769 3551 1914 3619 quod

339 3637 422 3682 est
446 3629 614 3685 virtus
641 3669 657 3694 ,
711 3632 815 3687 hoc
855 3644 940 3688 est
966 3636 1272 3704 prudentia,
1306 3647 1361 3693 et
1395 3640 1539 3708 quod
1569 3648 1652 3694 est
1677 3641 1914 3710 pruden-

343 3717 436 3781 tia,
465 3719 569 3773 hoc
609 3727 692 3774 est
729 3721 919 3778 virtus.
962 3723 1079 3780 Non
1105 3727 1247 3780 enim
1278 3727 1381 3782 hoc
1410 3715 1567 3784 m'odo
1609 3730 1914 3799 generalem

341 3808 614 3875 virtutem,
658 3821 714 3866 et
756 3811 986 3870 formam
1015 3817 1132 3885 ejus
1184 3818 1566 3888 signiﬁcamus,
1618 3821 1710 3875 sed
1743 3821 1914 3876 solam

343 3900 610 3955 unitatem
632 3912 852 3961 naturae
872 3905 1098 3964 'virtutis
1117 3917 1170 3964 et
1195 3911 1512 3979 prudentiae
1543 3913 1909 3980 exprimimus.

341 3989 512 4046 Recte
555 4008 682 4064 ergo
704 3995 896 4052 dicitur
940 4003 1115 4054 omnis
1168 4002 1586 4070 praedestinatio
1616 4004 1917 4072 praescien-

341 4082 438 4147 tia,
470 4100 576 4138 non
605 4087 781 4141 omnis
811 4090 1163 4156 praescientia
1190 4092 1640 4160 praedestinatio,
1671 4101 1731 4146 ut
1756 4083 1934 4146 intel-'

337 4172 591 4244 ligamus,
617 4179 761 4245 quod
786 4187 870 4234 est
915 4181 1190 4250 praescire
1208 4221 1222 4245 ,
1252 4183 1356 4236 hoc
1380 4191 1465 4236 est
1498 4182 1915 4250 praedestinare,

338 4271 399 4318 et
427 4267 568 4333 quod
587 4276 666 4320 est
694 4269 1119 4337 praedestinare,
1149 4271 1249 4326 hoc
1273 4280 1356 4325 est
1373 4271 1692 4342 ‘praescired
1717 4288 1732 4333 ξ
1757 4273 1916 4327 unius

344 4352 497 4406 enim
523 4353 864 4427 ejusdemque
886 4360 1220 4415 substantiae
1248 4371 1390 4424 sunt,
1423 4360 1634 4416 divinae
1668 4360 1918 4415 videlicet

337 4451 596 4498 naturae.
653 4445 761 4501 Nec
810 4456 984 4504 tamen
1032 4445 1213 4516 omne,
1255 4450 1397 4519 quod
1423 4450 1787 4521 intelligimus,
1819 4465 1914 4504 au-

337 4531 560 4588 dientes
620 4535 712 4591 Dei
780 4541 1232 4608 praescientiam,
1305 4541 1544 4612 cogimur
1594 4540 1914 4609 intelligere,

337 4625 624 4682 audientes
643 4627 761 4697 ejus
795 4633 1378 4700 praedestinationem;
1423 4632 1560 4686 sicut
1584 4649 1689 4687 non
1727 4646 1908 4697 omne,

337 4713 487 4783 quod
544 4720 858 4785 quaerimus
919 4721 1188 4776 audiendo
1251 4721 1526 4784 virtutem,
1578 4734 1796 4776 necesse
1841 4721 1912 4776 sit

334 4816 668 4874 quaeramus
697 4810 966 4867 audiendo
1008 4810 1370 4880 prudentiam.
1401 4810 1514 4866 Hoc
1543 4818 1721 4866 autem
1749 4826 1913 4881 argu-

2017 2002 2086 2055 ab
2113 2017 2177 2054 ea
2210 2011 2384 2056 tamen
2418 2013 2499 2059 est
2538 2020 2696 2061 omne
2745 2024 2930 2078 genus,
2985 2011 3161 2065 omnis
3194 2009 3388 2078 forma,
3430 2028 3590 2068 omne

2017 2096 2212 2154 totum,
2235 2092 2413 2146 omnis
2439 2107 2710 2159 numerus,
2737 2099 2992 2164 quoniam
3021 2099 3134 2168 ipsa
3157 2110 3240 2154 est
3267 2102 3440 2169 prima
3468 2104 3582 2155 uni-

2018 2180 2289 2234 versitatis
2333 2183 2586 2235 essentia.
2629 2183 2800 2240 Omne
2845 2188 3060 2257 quippe,
3111 2189 3252 2257 quod
3298 2199 3400 2256 est,
3429 2191 3495 2244 ab
3525 2205 3589 2244 ea

2019 2271 2123 2325 hoc
2150 2279 2249 2335 est,
2277 2280 2336 2325 ut
2362 2273 2452 2338 sit;
2483 2274 2592 2340 ipsa
2615 2284 2697 2328 est
2727 2275 2896 2330 forma
2928 2278 3165 2332 omnium
3192 2295 3419 2333 summa.
3452 2279 3592 2345 Quid

2019 2362 2161 2415 enim
2189 2364 2391 2431 appetit
2421 2364 2520 2418 nisi
2551 2379 2668 2418 eam
2697 2380 2875 2432 omne,
2935 2370 3076 2438 quod
3115 2370 3333 2438 appetit,
3386 2371 3594 2440 princi-

2017 2453 2165 2521 pium
2197 2455 2456 2520 omnium,
2488 2455 2599 2510 sive
2625 2458 2821 2523 sciens,
2854 2460 2964 2514 sive
2996 2461 3242 2516 nesciens
3266 2463 3289 2515 ?
3315 2463 3395 2516 Ab
3418 2477 3479 2516 ea
3509 2474 3595 2517 est

2020 2552 2178 2599 omne
2209 2554 2399 2611 totum,
2425 2562 2562 2616 quae
2593 2549 2645 2601 in
2672 2564 2729 2603 se
2756 2550 2864 2618 ipsa
2912 2552 3107 2620 ubique
3141 2560 3251 2607 tota
3282 2563 3382 2608 est.
3415 2554 3496 2607 Ab
3524 2570 3589 2610 ea

2019 2636 2194 2690 omnis
2230 2652 2502 2703 numerus,
2536 2639 2659 2707 quia
2685 2641 2736 2693 in
2782 2655 2838 2694 se
2881 2641 2995 2710 ipsa
3025 2651 3108 2697 cst
3152 2643 3428 2713 multiplex
3477 2646 3596 2698 sine

2020 2725 2149 2791 fine,
2193 2727 2310 2781 sine
2355 2743 2578 2782 numero
2616 2744 2886 2784 numerus.
2921 2730 3053 2784 Cum
3083 2732 3243 2800 igitur
3266 2734 3379 2800 ipsa
3409 2733 3584 2786 divina

2019 2816 2339 2881 substantia,
2392 2817 2474 2872 vel
2521 2818 2788 2879 essentia,
2843 2821 2923 2873 vel
2983 2829 3191 2884 natura,
3243 2819 3325 2874 vel
3352 2835 3592 2889 quoquo—

2020 2908 2179 2961 modo
2208 2908 2309 2962 diei
2339 2917 2536 2977 potest,
2569 2909 2621 2962 iu
2663 2923 2720 2963 se
2747 2910 2856 2977 ipsa
2891 2926 3076 2974 unum,
3122 2911 3476 2976 individuum,
3511 2912 3587 2965 iu-

2019 2999 2425 3069 separabileque
2480 3001 2568 3064 sil,
2628 3001 2806 3054 unitas
2856 3002 2996 3055 enim
3041 3001 3265 3070 simplex
3299 3011 3378 3057 est
3428 3011 3591 3072 atque

2021 3090 2508 3156 incommutabilis,
2552 3093 2715 3148 variis
2759 3101 2936 3148 tamen
2986 3095 3272 3148 verborum
3324 3095 3592 3164 significa-

2025 3182 2259 3238 tionibus
2314 3184 2621 3238 nominatur
2680 3186 2972 3240 secundum
3035 3183 3256 3240 affectus
3326 3187 3593 3241 humanae

2022 3274 2240 3337 mentis,
2284 3273 2479 3342 quibus
2510 3275 2574 3328 ad
2618 3274 2860 3328 notitiam
2892 3274 3164 3330 Creatoris
3192 3275 3273 3328 sui
3313 3276 3484 3330 redire
3513 3276 3593 3329 ui-

2019 3361 2169 3415 titur.
2199 3360 2369 3416 Homo
2419 3377 2647 3431 namque
2687 3363 2824 3417 male
2861 3374 3016 3417 utens
3045 3362 3212 3418 libero
3238 3364 3461 3418 arbitrio
3487 3366 3589 3430 sui,

2018 3452 2084 3506 ad
2111 3467 2253 3518 eum,
2281 3467 2438 3522 quem
2470 3453 2588 3508 sine
2639 3454 2820 3509 labore
2859 3455 3188 3518 deseruerat,
3224 3456 3338 3510 sine
3389 3455 3602 3512 laboris

2017 3541 2194 3596 studio
2250 3551 2304 3596 et
2347 3544 2686 3612 cooperantis
2714 3544 2920 3614 gratiae
2971 3544 3111 3600 dono
3151 3545 3436 3613 pervenire
3482 3561 3589 3602 non

2017 3638 2193 3698 potest
2221 3641 2265 3682 ο.

2016 3749 2026 3771 ι
2088 3721 2176 3776 IV.
2232 3719 2462 3778 Proinde
2510 3723 2742 3778 humana
2795 3725 2933 3780 ratio
2975 3726 3108 3780 duce
3151 3725 3374 3782 veritate
3421 3727 3590 3780 Deum

2017 3825 2175 3866 suum
2239 3812 2608 3881 multipliciter
2655 3814 2958 3883 intelligens
2993 3856 3008 3882 ,
3064 3815 3236 3885 ipsum
3298 3817 3587 3872 secundum

2019 3898 2206 3953 modos
2235 3915 2362 3954 suae
2390 3900 2775 3970 intelligentiae
2800 3903 3027 3958 diversis
3051 3905 3391 3958 vacationum
3423 3905 3590 3973 signis

2018 3987 2268 4057 appellat.
2330 3989 2400 4043 Ut
2432 3990 2597 4056 enim,
2639 3990 2866 4060 exempli
2898 4007 3078 4056 causa,
3115 4006 3285 4060 pauca
3314 3993 3380 4046 de
3408 3993 3589 4044 multis

1973 4088 1990 4109 ⁸
2018 4093 2300 4146 ponamus.
2332 4077 2465 4133 Cum
2502 4087 2781 4134 aeternum
2812 4081 3164 4145 intellectum,
3213 4081 3266 4132 in
3319 4095 3424 4148 quo
3463 4090 3587 4132 sunt

2017 4171 2219 4237 omnia,
2251 4171 2351 4225 hoc
2371 4179 2472 4234 est,
2500 4171 2673 4239 ipsum
2701 4173 2890 4234 Deum,
2923 4171 3146 4224 rationis
3174 4169 3398 4224 intuitus
3427 4170 3588 4222 attin-

2018 4264 2113 4333 git,
2144 4262 2280 4315 utin
2307 4259 2382 4316 eo
2405 4261 2650 4330 aspiciat,
2693 4260 2835 4329 quod
2875 4262 2986 4330 ipse
3028 4261 3237 4314 divinus
3286 4258 3587 4313 intellectus

2019 4362 2268 4410 aeternae
2295 4368 2422 4408 suae
2468 4352 2920 4420 immutabilisque
2966 4350 3296 4406 substantiae
3334 4350 3584 4420 plenissi-

2017 4461 2160 4500 mam
2223 4444 2774 4514 perfectissimamque
2838 4443 3031 4497 habeat
3075 4441 3388 4508 notionem,
3446 4455 3587 4509 quae

2018 4549 2231 4589 omnem
2258 4542 2542 4603 exsuperat
2567 4533 2891 4588 intellectum
2919 4540 3215 4596 creaturae,
3263 4533 3378 4603 ipsa
3407 4530 3586 4586 divina

2018 4626 2184 4690 notio,
2212 4641 2316 4694 qua
2345 4625 2687 4693 semetipsum
2712 4624 2851 4677 Deus
2876 4622 3140 4694 intelligit,
3167 4623 3428 4692 sapientia
3457 4635 3585 4690 pro-

2018 4716 2137 4784 prie
2177 4725 2419 4770 vocatur.
2471 4714 2604 4769 Cum
2651 4723 2832 4769 autem
2856 4715 3040 4769 eadem
3075 4713 3211 4768 ratio
3255 4723 3475 4769 aeterno
3507 4712 3588 4765 in—

2021 4805 2255 4862 tellectui
2285 4806 2584 4876 copulatur,
2609 4807 2742 4863 utin
2771 4821 2837 4863 eo
2875 4807 3056 4862 videat
3079 4819 3198 4864 esse
3219 4807 3458 4863 omnium
3486 4819 3585 4857 na-

1617 4960 1870 5016 VARIAE
1907 4959 2304 5020 LECTIONES.

413 5071 433 5106 ¹
453 5070 586 5130 Cod.
615 5089 844 5146 name,
869 5074 950 5131 sic
972 5086 1202 5146 semper.
1279 5074 1302 5108 ⁸
1329 5071 1424 5130 Sic
1453 5072 1599 5139 cod.,
1638 5087 1736 5143 pro
1769 5073 1824 5127 hi
1845 5072 1914 5127 M.
1940 5073 2016 5128 in.

371 5195 375 5198 ·
1801 5184 2048 5242 NOTAE.

408 5316 439 5347 ι
474 5301 589 5359 Col.
623 5303 691 5369 11,
715 5303 773 5360 3.

407 5375 438 5449 _l>
478 5373 804 5449 Prudentius
842 5373 1256 5449 animadvertit,
1278 5369 1907 5449 sapientiqmmeritatem,

329 5445 652 5522 uoluntatem
675 5445 732 5496 in
752 5445 862 5498 Deo
875 5444 1216 5522 essentiuliter
1232 5439 1556 5522 praedicari,
1570 5439 1918 5522 praedes-tina-

335 5518 533 5569 tionem
557 5531 674 5568 vero
704 5525 752 5568 et
782 5515 1182 5584 praescientiam
1211 5507 1438 5574 relative,
1487 5507 1712 5578 idecque
1757 5507 1910 5564 (ησυ-

333 5586 567 5640 rentiam
600 5585 812 5638 adesse.

409 5665 433 5728 ξ
469 5655 560 5728 _Cf_.
591 5653 877 5728 Augustin.
903 5653 1263 5728 de_Prag_d_est:
1289 5657 1455 5704 sanet.
1486 5665 1535 5728 c.
1566 5647 1652 5703 10.
1795 5715 1808 5728 ο

406 5722 436 5762 (ι
462 5723 509 5778 ι.
528 5719 724 5778 Scottis
740 5724 944 5793 pariter
957 5723 1086 5791 Cap.
1105 5721 1219 5785 XV,
1237 5721 1291 5787 4,
1305 5719 1587 5793 etpassim.
1603 5719 1912 5793 praescien-

336 5795 469 5850 tiam
494 5804 548 5849 et
569 5787 1118 5866 praedestinationem
1140 5807 1302 5848 unum
1331 5787 1576 5857 idemque
1598 5803 1720 5844 esse
1764 5787 1912 5840 amr-

2012 5308 2140 5356 mat.
2195 5298 2303 5355 Sed
2333 5313 2521 5368 reapse
2545 5311 2641 5354 eae
2666 5293 2961 5368 plurimum
3004 5290 3144 5345 inter
3181 5302 3240 5342 se
3282 5284 3565 5368 diderunt;

2010 5371 2267 5440 quoniam
2288 5357 2448 5423 multa
2473 5357 2864 5440 praesci'untur,
2892 5377 3028 5430 quae
3051 5375 3153 5439 non
3174 5357 3578 5440 praedestinan-

2013 5434 2121 5503 t'ur,
2170 5439 2310 5493 nulla
2347 5434 2488 5492 vcro'
2520 5435 2999 5507 praedestinantur,
3041 5434 3144 5482 nisi
3185 5434 3573 5496 praesciantnr.

2012 5507 2499 5640 ϐίορῦῗὲξὲ
2524 5572 2790 5630 neminem
2813 5567 3030 5625 omnino
3050 5566 3151 5640 nisi
3177 5565 3577 5640 praevenientis

2019 5649 2114 5705 Dei
2166 5650 2370 5728 gratiae
2421 5637 2782 5714 adspiratione
2833 5639 3020 5693 saltem
3076 5637 3276 5694 laboris
3339 5638 3573 5692 studium

2015 5734 2174 5790 posse
2223 5731 2522 5784 conetpere.
