4194 6276
576 309 681 363 563

1948 306 2228 361 JOANNIS
2263 305 2457 362 SCOTI

3724 306 3826 361 56s

580 436 845 487 turarnm,
872 436 1010 491 quae
1032 422 1100 475 ab
1131 434 1197 475 eo
1221 428 1439 475 creatae
1463 429 1606 487 sunt,
1638 421 2157 492 incompreliensibi—
2186 426 2235 487 Α
2261 421 2541 490 sapientia.
2566 418 2743 474 divina
2766 417 3081 482 substantia,
3102 415 3281 472 divina
3302 417 3571 473 voluntas.
3589 419 3686 475 Die
3708 434 3837 491 ergo

576 498 681 566 lem
710 512 1014 575 notionem;
1062 509 1175 578 ipsa
1223 524 1346 564 mox
1382 511 1616 581 appellat
1662 512 1964 577 scientiam,
2013 526 2151 582 quae

576 603 772 656 iterum
802 609 929 652 tunc
956 596 1107 666 quasi
1136 599 1351 667 proprie
1374 600 1594 653 scientia
1632 610 1871 665 vocatur,
1895 615 2015 654 cum
2045 615 2149 654 non

577 691 747 746 solum
777 690 1017 745 cernitur
1044 689 1099 743 in
1129 690 1379 743 omnibus
1411 690 1586 754 bonis,
1618 706 1755 758 quae
1796 690 1938 746 Deus
1967 691 2034 745 de
2055 706 2151 747 sua

574 788 628 836 et
658 781 709 834 in
737 793 829 833 sua
858 779 1107 850 universa
1142 788 1388 833 creatura
1426 778 1664 834 facienda
1693 795 1830 843 esse,
1864 791 2150 850 antequam

575 870 763 945 ﬁerent
793 869 992 934 omnia,
1022 868 1316 937 diSposuit,
1350 870 1443 925 sed
1485 871 1645 925 etiam
1676 872 1728 925 in
1757 873 2007 927 omnibus
2037 888 2152 929 ma-

572 959 655 1023 lis,
704 974 840 1031 quae
888 973 1143 1029 perverso
1188 966 1332 1010 motu
1383 958 1511 1011 ﬁunt
1557 959 1830 1015 rationalis
1871 970 2151 1017 creaturae

572 1030 709 1103 male
736 1047 951 1118 quidem
984 1047 1153 1101 libero
1189 1047 1387 1102 utentis
1413 1048 1655 1112 arbitrio,
1687 1050 1786 1103 lioc
1839 1059 1917 1103 est
1961 1051 2147 1104 condi-

569 1149 740 1195 torem
772 1157 924 1194 suum
952 1141 1267 1203 deserentis,
1300 1150 1352 1194 et
1390 1141 1441 1193 in
1478 1128 1655 1195 rerum
1701 1141 2028 1208 inﬁmarum,
2081 1142 2150 1199 ab

569 1247 634 1286 eo
680 1241 854 1286 tamen
904 1240 1202 1286 creatarum
1249 1230 1585 1286 libidinosam
1637 1232 1981 1302 cupiditatem
2024 1248 2148 1287 cor-

572 1324 796 1378 ruentis.

640 1417 705 1473 ν.
758 1416 875 1487 Ipsa
913 1418 1096 1488 igitur,
1128 1425 1184 1470 ut
1218 1417 1417 1471 dictum
1445 1424 1527 1470 est
1551 1455 1566 1480 ,
1595 1414 1833 1468 omnium
1883 1414 2148 1469 bonorum

570 1508 665 1564 Dei
713 1508 1085 1578 malorumque
1106 1522 1390 1577 perversae
1415 1513 1698 1560 creaturae
1723 1504 1898 1559 divina
1926 1513 1979 1559 et
2016 1520 2148 1574 quo-

570 1598 855 1655 dammodo
903 1598 1172 1669 generalis
1216 1596 1497 1667 praenotio
1548 1594 1905 1665 praescientia
1953 1595 2149 1649 meruit

568 1695 769 1750 vocari.
820 1695 897 1749 Ac
936 1710 1034 1764 per
1063 1694 1165 1749 hoc
1190 1692 1331 1765 Deus
1361 1691 1560 1746 dicitur
1595 1689 1870 1759 praescire
1896 1690 2067 1744 bonos
2095 1697 2150 1745 et

2252 508 2634 581 G[otescalce],
2664 510 2751 563 ubi
2784 517 3008 578 possunt
3046 508 3273 581 inveniri
3313 508 3452 569 duae
3476 512 3839 585 praedestina-

2251 602 2424 654 tiones
2465 609 2608 664 tuae,
2646 616 2781 669 quas
2818 598 3051 653 astruis?
3098 597 3204 663 Eas
3242 597 3386 652 enim
3431 615 3559 655 vera
3599 604 3739 657 ratio
3776 602 3831 677 in

2252 692 2361 746 Deo
2379 706 2498 747 esse
2522 708 2624 745 non
2652 691 2802 755 sinit,
2830 691 3065 771 maxime
3087 698 3305 775 propter
3332 692 3437 745 vim
3471 694 3833 773 necessitatis,

2250 798 2407 852 quam
2447 783 2622 836 inesse
2653 782 2783 852 ipsis
2821 781 3037 845 asseris.
3078 780 3289 851 Clamat
3319 784 3466 847 enim
3502 777 3831 863 Scriptura

2252 872 2446 941 Magna
2479 890 2633 949 opera
2683 872 2912 945 Domini,
2957 873 3209 945 exquisita
3236 874 3289 927 in
3316 890 3491 933 omnes
3541 875 3835 955 voluntate,

2250 960 2362 1030 ejus
2382 961 2433 1027 Β,
2475 970 2531 1015 et
2569 961 2692 1015 alibi
2729 978 2740 1014 :
2776 959 2964 1041 Omnia
3000 978 3334 1038 quaecunque
3357 961 3536 1029 voluit,
3574 965 3833 1048 Domiti”

2250 1052 2369 1122 fecit
2394 1063 2440 1105 ε.
2485 1052 2598 1106 Non
2627 1052 2761 1106 dixit
2790 1052 2841 1105 in
2874 1067 3065 1107 omnes
3094 1052 3445 1121 necessitates
3476 1055 3613 1125 ejus,
3643 1056 3735 1111 sed

2249 1158 2438 1196 omnes
2492 1142 2817 1206 voluntates,
2872 1159 3013 1215 quae
3061 1144 3209 1197 omni
3257 1154 3447 1198 carent
3491 1148 3827 1217 necessitate.

2250 1230 2586 1300 Quamquam
2636 1233 2779 1285 enim
2827 1232 3025 1297 omnia,
3071 1246 3425 1302 quaecunque
3455 1232 3603 1288 .Deus
3645 1234 3830 1313 voluit,

2249 1340 2471 1379 necesse
2508 1325 2600 1389 sit,
2635 1334 2693 1378 ut
2738 1325 2866 1389 sint,
2911 1325 3052 1378 nulla
3102 1334 3279 1379 tamen
3324 1326 3617 1380 necessitas
3644 1327 3833 1389 volun-

2253 1423 2417 1469 tatem
2442 1416 2579 1484 ejus,
2604 1423 2695 1468 aut
2719 1415 2783 1468 ad
2811 1415 3010 1485 aliquid
3044 1406 3346 1467 faciendum
3380 1416 3624 1485 impellit,
3654 1424 3745 1473 aut
3767 1416 3832 1475 ab

2252 1504 2431 1573 aliquo
2476 1502 2722 1559 faciendo
2764 1506 3011 1559 retrahit.
3051 1504 3321 1558 Voluntati
3369 1506 3511 1559 enim
3553 1505 3667 1574 ejus
3713 1506 3833 1576 quis

2251 1594 2495 1649 resistit?
2543 1594 2647 1651 Sed
2692 1612 2757 1653 eo
2801 1597 2959 1651 modo
3004 1596 3253 1673 dicimus,
3299 1606 3653 1665 quaecunque
3693 1598 3833 1655 Deus

2251 1686 2422 1740 voluit
2456 1688 2590 1750 ﬁeri,
2628 1703 2850 1743 necesse
2879 1696 2982 1753 est,
3016 1698 3073 1742 ut
3102 1689 3229 1753 sint,
3262 1703 3366 1757 quo
3393 1689 3650 1744 debemus
3677 1692 3833 1765 intel-

568 1786 761 1849 malos,
790 1785 836 1838 si
872 1793 1052 1837 tamen
1095 1781 1234 1838 mala
1279 1780 1535 1850 praesciri
1564 1786 1809 1850 possunt,
1839 1779 1928 1847 qui
1956 1778 2145 1834 modus
2178 1775 2220 1833 Β
2252 1773 2437 1846 ligere,
2477 1791 2658 1840 omne,
2691 1777 2832 1844 quod
2856 1776 3025 1830 νοιιιὶι
3049 1778 3190 1832 Deus
3216 1776 3357 1841 ﬁeri.
3387 1792 3604 1833 necesse
3637 1789 3738 1843 εει,
3771 1789 3831 1839 ut

566 1874 856 1931 locutionis
884 1874 936 1929 in
966 1873 1313 1943 sequentibus
1337 1871 1663 1927 ostendetur.
1714 1869 1912 1924 Eadem
1966 1876 2146 1925 autem

570 1966 791 2021 scientia
828 1966 892 2018 ad
917 1963 1296 2019 discretionem
1329 1961 1538 2017 scilicet
1563 1967 1617 2015 et
1653 1960 1669 1990 ¹
1698 1957 2145 2029 signiﬁcationem

568 2054 986 2125 praedestinatio
1016 2069 1273 2122 expresse
1304 2052 1611 2106 nominatur
1636 2091 1650 2116 ,
1684 2050 1809 2105 dum
1848 2050 1901 2104 in
1951 2049 2146 2113 divinis

570 2160 775 2207 tantum
802 2148 1055 2221 Operibus
1077 2149 1426 2220 conspicitur.
1461 2147 1716 2218 Operatio
1740 2146 1936 2215 quippe
1964 2146 2144 2202 divina

569 2259 671 2297 non
718 2241 888 2296 solum
918 2241 971 2294 in
1001 2241 1293 2296 condendis
1319 2240 1566 2295 onmibus
1611 2237 1874 2294 creaturis
1913 2236 2142 2293 dinosci-

570 2344 673 2398 tur,
724 2332 818 2387 sed
854 2332 1019 2386 etiam
1062 2332 1113 2384 in
1148 2330 1249 2394 his,
1286 2345 1420 2399 quos
1450 2328 1597 2395 Deus
1622 2344 1718 2398 per
1770 2341 1897 2382 suae
1938 2328 2146 2399 gratiae

567 2423 898 2494 propositum
946 2422 1013 2476 ad
1054 2422 1218 2475 vitam
1264 2420 1603 2491 praeparavit
1641 2430 1936 2483 aeternam;
1972 2420 2029 2472 in
2080 2434 2145 2474 ea

565 2529 778 2582 quoque
818 2511 1179 2567 occultissima
1207 2513 1533 2582 Operatioue,
1573 2527 1675 2579 qua
1710 2512 1775 2564 de
1808 2509 1961 2564 malis
1988 2510 2145 2564 moti-

566 2607 665 2661 bus
695 2605 1065 2674 reproborum,
1093 2618 1227 2673 quos
1268 2604 1411 2674 juste
1451 2603 1670 2667 deserit,
1704 2603 1769 2656 ad
1797 2600 2145 2656 exercitatio-

564 2712 685 2750 nem
708 2695 946 2766 justitiae
966 2694 1427 2757 cousuliteorum,
1471 2710 1607 2766 quos
1636 2709 1733 2751 sua
1777 2693 2145 2763 praedestina-

564 2789 709 2843 tione
737 2787 983 2853 vocavit;
1016 2787 1068 2842 in
1100 2786 1227 2857 ipsis
1257 2786 1419 2841 etiam
1451 2785 1798 2856 qualitatibus
1844 2784 2140 2839 elemento—

565 2896 682 2934 rum
724 2880 767 2944 ',
792 2894 929 2949 quae
956 2880 1080 2935 dum
1126 2886 1317 2932 natura
1356 2878 1439 2933 sui
1483 2878 1622 2935 bona
1669 2891 1785 2931 esse
1832 2876 2138 2941 videantur,

561 2969 813 3038 quoniam
841 2986 871 3023 a
897 2982 1108 3024 summo
1134 2968 1274 3023 bono
1303 2975 1447 3031 sunt,
1484 2966 1781 3036 poenaliter
1808 2974 1988 3023 tamen
2015 2981 2140 3021 sen-

563 3062 766 3117 tiuntur
808 3063 874 3117 ab
910 3062 1011 3125 eis,
1042 3061 1236 3130 quibus
1272 3059 1437 3127 judex
1477 3059 1658 3130 justus
1686 3060 1882 3115 merito
1906 3072 2036 3115 suae
2055 3059 2142 3127 ju-

2254 1866 2563 1930 nonaliter,
2602 1882 2760 1936 quam
2794 1867 2907 1934 ipse
2938 1867 3121 1929 voluit,
3164 1869 3253 1921 sit.
3293 1869 3438 1931 Quae
3478 1869 3620 1923 enim
3660 1869 3831 1945 voluit

2249 1971 2391 2018 esse,
2416 1967 2558 2021 sunt,
2596 1966 2650 2013 et
2677 1958 2795 2011 ideo
2826 1965 2971 2021 sunt,
2995 1958 3118 2027 quia
3144 1960 3257 2028 ipse
3287 1957 3452 2013 voluit
3483 1975 3543 2014 ea
3574 1959 3714 2013 ﬁeri.
3746 1961 3829 2031 Ac

2249 2059 2347 2114 per
2372 2046 2471 2099 hoc
2501 2045 2635 2101 bene
2671 2045 2979 2100 videntibus
3020 2045 3152 2107 nihil
3194 2045 3337 2100 aliud
3367 2047 3605 2102 occurrit
3642 2048 3828 2115 volun,-

2249 2136 2377 2189 tatis
2410 2136 2622 2190 divinae
2647 2136 2960 2198 necessitas,
2996 2135 3100 2190 nisi
3132 2150 3191 2189 ea
3222 2136 3336 2206 ipsa
3370 2136 3634 2192 voluntas.
3674 2137 3830 2195 Sicut

2249 2228 2431 2298 itaque
2455 2229 2728 2285 voluntate
2760 2228 2852 2282 Dei
2902 2228 3058 2291 ﬁunt,
3087 2244 3226 2297 quae
3257 2228 3411 2291 ﬁunt,
3442 2228 3513 2283 ita
3554 2228 3827 2282 voluntate

2246 2316 2361 2386 ejus
2386 2333 2491 2371 non
2528 2318 2686 2372 aliter
2718 2318 2869 2382 ﬁunt,
2912 2316 3013 2371 nisi
3053 2316 3192 2369 sicut
3230 2315 3343 2384 ipsa
3392 2317 3577 2369 voluit.
3614 2316 3743 2370 Nam
3778 2316 3828 2381 si

2244 2410 2485 2464 omnium
2519 2421 2836 2464 naturarum
2874 2419 2958 2463 est
2979 2407 3277 2463 necessitas
3303 2408 3394 2462 Dei
3424 2407 3691 2471 voluntas,
3724 2407 3829 2465 erit

2247 2503 2340 2558 Dei
2379 2502 2624 2557 voluntas
2665 2509 2979 2556 naturarum
3024 2499 3338 2555 necessitas.
3386 2500 3479 2554 Est
3512 2509 3692 2557 autem
3728 2498 3821 2555 Dei

2246 2593 2492 2647 voluntas
2520 2601 2857 2656 naturarum,
2894 2605 3029 2660 quas
3048 2589 3093 2620 "
3122 2590 3235 2660 ipsa
3265 2593 3487 2655 creavit,
3510 2591 3824 2647 necessitas.

2246 2684 2364 2738 Erit
2426 2684 2589 2757 igitur
2649 2682 2942 2738 necessitas
2988 2689 3380 2747 creaturarum,
3426 2698 3567 2752 quas
3590 2682 3631 2711 ⁶⁶
3682 2682 3824 2741 Deus

2244 2772 2472 2836 creavit,
2504 2772 2599 2826 Dei
2633 2770 2903 2826 voluntas.
2947 2769 3232 2840 Colligitur
3274 2770 3366 2825 Dei
3411 2771 3664 2825 voluntas
3706 2771 3823 2840 ipsa

2246 2874 2330 2917 est
2364 2864 2384 2896 ⁷
2424 2863 2739 2927 necessitas,
2763 2870 2817 2917 et
2844 2860 3138 2916 necessitas
3169 2861 3282 2929 ipsa
3310 2869 3393 2919 est
3431 2860 3527 2916 Dei
3552 2861 3821 2917 voluntas.

2251 2954 2519 3023 Quicquid
2542 2963 2719 3008 autem
2753 2954 2820 3009 de
2845 2953 3025 3008 divina
3059 2952 3332 3007 voluntate
3359 2952 3729 3024 intelligimus,
3758 2953 3825 3009 de

2243 3047 2733 3116 praedestinatione
2779 3061 2992 3118 quoque
3055 3045 3149 3100 Dei
3200 3045 3420 3101 omnino
3480 3046 3680 3102 sentire
3730 3045 3822 3101 de-

561 3154 740 3210 stitiac
767 3159 1033 3207 tormenta
1061 3151 1404 3221 praeparavit
1443 3159 1685 3215 aeterna,
1726 3149 1955 3217 ideoque
1998 3147 2137 3202 mala
2168 3146 2212 3208 C
2247 3137 2458 3203 bemus-

562 3245 832 3306 dicuntur,
879 3256 999 3295 cum
1058 3240 1167 3295 sint
1218 3238 1534 3295 naturaliter
1581 3240 1741 3303 bona.
1788 3237 1959 3307 Hujus
2011 3254 2141 3309 ergo

566 3333 994 3395 ratiocinationis
1060 3332 1393 3400 cqunexione
1438 3331 1458 3363 ³
1488 3331 1798 3395 conﬁcitur,
1844 3331 2142 3401 praedesti-

561 3424 831 3479 nationem
876 3422 929 3477 in
975 3422 1084 3476 Deo
1120 3423 1417 3491 secundum
1447 3420 1803 3489 substantiam
1830 3436 1972 3487 esse,
2003 3420 2143 3476 rela—

561 3514 669 3569 tive
712 3520 891 3567 autem
938 3511 1052 3568 ﬁeri
1088 3526 1194 3585 non
1234 3525 1393 3581 posse
1432 3526 1485 3564 ιι.

631 3601 718 3657 Vl.
759 3600 1116 3672 Quapropter
1144 3602 1188 3655 si
1235 3616 1396 3655 unam
1441 3599 1463 3631 ⁸
1509 3600 2004 3656 incommutabilem
2042 3600 2157 3675 Dei!

562 3693 874 3754 essentiam,
916 3691 1401 3761 indivisibilemque
1444 3690 1562 3761 ejus
1602 3691 2006 3761 simplicitatem
2038 3706 2137 3756 no-

560 3786 704 3840 mine
725 3783 1039 3854 sapientiae,
1062 3785 1279 3855 nomine
1310 3784 1593 3849 sciputiae,
1636 3782 1935 3852 ceterisque
1962 3782 2138 3845 nomi-

559 3878 739 3943 nibus,
776 3876 918 3933 sicut
960 3876 1196 3942 virtutis,
1235 3875 1540 3946 pateatntis,
1576 3874 1843 3945 iustitiae,
1875 3873 2138 3940 veritatis,

557 3969 1274 4040 aetemitatis,operationis,
1290 3968 1661 4043 Manisque
1684 3982 1790 4025 non
1812 3967 2140 4038 incongrue!

557 4060 964 4131 signiﬁcamus:
994 4061 1299 4123 necessario
1334 4061 1601 4132 sequitur,
1630 4060 2139 4132 praedestinationis

557 4165 770 4223 quoque
823 4151 1085 4221 vocabulo
1152 4151 1391 4220 ejusdem
1444 4151 1822 4223 inseparabilis
1864 4153 2139 4215 essentia

557 4250 808 4298 naturam
853 4241 1362 4305 convenientissime
1399 4241 1683 4311 malumsi.
1704 4241 1915 4299 Deinde
1944 4241 1993 4299 si
2030 4242 2137 4303 im-

555 4334 705 4403 pium
749 4342 853 4398 est,
901 4334 1037 4397 duas
1070 4334 1343 4397 ,essentias
1388 4334 1440 4388 in
1474 4333 1824 4399 Deedoceri,
1866 4333 1955 4391 se]
2001 4335 2135 4394 duas

558 4425 886 4491 sapientias,
928 4424 1216 4489 scientias,
1264 4424 1515 4499 virtutes,
1554 4432 1847 4493 ceteraque
1878 4424 2060 4481 omnia
2082 4424 2127 4492 ἒ,

2770 3225 3164 3284 CAPITULUM
3202 3225 3287 3282 lll.

2243 3319 2321 3375 De
2344 3337 2402 3374 eo
2422 3320 2559 3391 quod
2580 3320 2712 3375 duas
2732 3317 3228 3391 praedestinaljoner
3255 3318 3388 3371 ratio
3411 3332 3517 3372 non
3546 3317 3670 3371 sinit
3685 3331 3816 3385 esse.

2314 3429 2355 3493 ι.
2396 3430 2514 3487 Jam
2547 3445 2690 3483 nunc
2716 3429 2955 3483 breviter
2992 3428 3189 3491 omnia,
3226 3440 3364 3496 quae
3405 3425 3676 3496 praedicta
3705 3423 3818 3481 col-

2243 3521 2373 3591 legit
2399 3519 2759 3581 ratiocinatio,
2783 3528 3107 3588 repetamus.
3133 3517 3312 3573 Primo
3335 3518 3496 3589 igitur
3521 3533 3647 3572 vera
3674 3518 3815 3576 ratio

2245 3612 2438 3676 suasit,
2481 3611 2717 3665 divinam
2755 3610 3081 3667 voluntatem
3118 3624 3405 3674 summam,
3438 3608 3814 3680 principalem,

2245 3703 2524 3771 solamque
2545 3715 2665 3757 esse
2702 3716 2918 3759 causam
2947 3702 3207 3766 onmium,
3240 3715 3378 3770 quae
3402 3699 3562 3755 Pater
3588 3715 3685 3770 per
3716 3714 3814 3756 vo-

2244 3793 2457 3848 ritatem
2484 3806 2635 3846 suam
2665 3790 2808 3853 fecit,
2835 3791 3115 3860 ipsamque
3145 3789 3477 3846 voluntatem
3503 3789 3815 3847 omnimodo

2243 3893 2435 3941 cuncta
2467 3884 2793 3939 necessitate
2829 3898 3037 3949 carere,
3064 3897 3204 3952 quae
3227 3882 3309 3936 vel
3333 3897 3453 3937 eam
3495 3881 3814 3952 impelleret,

2241 3976 2326 4031 vel
2352 3977 2403 4032 ei
2438 3975 2742 4046 impediret,
2779 3977 2873 4031 sed
2911 3976 3025 4046 ipsa
3071 3984 3155 4030 est
3194 3990 3292 4029 sua
3334 3975 3648 4040 necessitas,
3700 3981 3813 4029 tota

2242 4068 2407 4138 igitur
2443 4074 2527 4122 est
2569 4058 2839 4122 voluntas.
2880 4065 3086 4122 Deinde
3129 4065 3577 4134 quemadmodum
3618 4063 3811 4119 rectis-

2241 4158 2376 4215 sime
2400 4157 2466 4212 de
2488 4156 2597 4213 Deo
2618 4156 2911 4211 secundum
2938 4155 3292 4211 substantiam
3318 4153 3565 4209 voluntas
3589 4153 3808 4220 dicitur,

2239 4245 2524 4303 sanissimo
2556 4244 2981 4312 .praedestinatio
3022 4242 3392 4313 praedicatur.
3438 4241 3594 4311 Quod
3634 4250 3813 4313 potest

2236 4337 2453 4408 probari
2474 4346 2794 4407 argumento
2827 4335 3200 4405 sapientiaeet
3221 4334 3484 4405 scientiae
3512 4332 3756 4389 veritatis
3782 4332 3811 4381 β

2238 4427 2560 4495 ceterisque,
2606 4441 2744 4496 quae
2778 4425 3203 4483 substantialitcr
3239 4425 3305 4483 de
3356 4423 3467 4479 Deo
3506 4419 3810 4491 praedicari

555 4527 696 4579 quae
723 4512 789 4567 de
818 4512 927 4567 Deo
961 4514 1232 4578 dicuntur,
1274 4493 1560 4583 geminari.
1602 4514 1690 4571 .vel
1732 4514 2012 4585 triplicari,
2040 4515 2127 4572 .vel
2154 4493 2208 4567 ιθ
2234 4517 2413 4573 nullus
2442 4493 2685 4574 ﬁdelium
2715 4515 2942 4570 dubitat.
2972 4515 3206 4573 Proinde
3240 4514 3287 4569 si
3310 4513 3488 4567 omnis
3512 4511 3811 4567 necessitas

556 4618 898 4672 quacumque
935 4603 1212 4672 multiplici
1258 4605 1439 4673 specie
1488 4606 1773 4671 cumulari,
1816 4607 2129 4677 quicunque

556 4694 691 4749 duas
726 4694 779 4748 in
815 4693 924 4747 Deo
954 4696 1474 4762 praedestinatioues
1501 4713 1743 4755 asserere
1771 4699 2125 4764 convincitur,

2232 4607 2411 4663 divina
2454 4607 2658 4663 tollitur
2702 4606 3010 4672 voluntate,
3060 4605 3361 4663 cestiSSime
3406 4603 3623 4667 tolletur
3659 4602 3684 4656 Ρ
3732 4602 3813 4655 di-

2232 4699 2356 4753 vina
2383 4697 2894 4769 praedestinatione.
2919 4696 3035 4753 Non
3062 4696 3207 4753 enim
3234 4692 3348 4749 Deo
3370 4692 3515 4749 aliud
3534 4700 3625 4759 est
3649 4688 3807 4757 velle,

558 4797 711 4842 reatu
760 4786 1055 4855 impietatis
1084 4786 1306 4855 ligatur.
1349 4788 1746 4851 Unaestenim
1776 4791 1953 4846 divina
1979 4805 2130 4860 prae-
2232 4790 2376 4847 aliud
2433 4790 2869 4860 praedestinare,
2920 4788 3175 4859 quoniam
3216 4798 3398 4849 omne.
3445 4784 3589 4855 quod
3650 4783 3807 4850 θεων

557 4876 866 4943 destinatio,
916 4877 1056 4931 sicut
1102 4892 1204 4931 una
1252 4886 1337 4932 est
1387 4878 1565 4932 divina
1624 4882 1889 4949 operatio,
1948 4880 2125 4935 divina

2229 4881 2679 4959 praedestinando
2708 4879 2895 4944 voluit,
2936 4887 2991 4935 et
3035 4878 3262 4934 volendo
3301 4875 3723 4948 praedestinavit
3752 4872 3805 4929 ιι.

1845 4971 2098 5026 VARIAE
2136 4970 2536 5030 LECTIONES.

627 5063 642 5092 ⁸
672 5059 765 5132 Sic
782 5061 925 5127 cod.,
947 5072 994 5115 et
1010 5075 1118 5115 om.
1138 5059 1228 5132 M,
1268 5061 1294 5132 ξ
1316 5060 1446 5116 Cod.
1466 5059 1845 5115 alimentorum.
1918 5063 1938 5095 ³
1958 5062 2087 5119 Cod.
2105 5064 2406 5120 conexione.
2481 5066 2505 5097 δ
2528 5063 2620 5119 Sic
2644 5062 2790 5126 cod.,
2808 5057 2906 5132 pro
2922 5062 2966 5132 si
2990 5072 3174 5126 unum,
3198 5059 3575 5132 aiam,

3654 5053 3804 5117 τεὴ.

555 5132 700 5205 cod.,
721 5130 788 5185 Μ.
816 5132 1135 5205 incongruis.
1213 5130 1233 5205 °_
1261 5130 1525 5205 Sic‘codq
1555 5131 1957 5205 οηιηὶςι-οηιηΜ.
2013 5136 2054 5166 θ’
2079 5135 2260 5200 Corn,
2285 5136 2406 5199 cod.
2436 5144 2494 5190 et
2526 5133 2597 5188 Μ.
2628 5148 2781 5205 quae.
2809 5126 2824 5132 ’
2859 5133 2879 5165 ⁷
2912 5130 3006 5187 Sic
3024 5131 3169 5197 cod.,
3201 5130 3272 5185 Μ.
3305 5147 3434 5185 esse.
3510 5129 3531 5161 ⁸
3560 5126 3806 5191 Siccod..

554 5201 623 5276 M.
652 5204 909 5259 scientiae
934 5200 985 5255 ei
1018 5201 1285 5257 veritatis.
1361 5201 1382 5233 ’
1410 5201 1498 5255 Sic
1527 5203 1672 5265 cod.,
1699 5200 1766 5254 Μ.
1796 5201 2015 5260 tollitur.

2059 5294 2311 5353 NOTAE.

629 5399 655 5428 ει
694 5384 1018 5456 Prudentius
1064 5384 1466 5456 animadvertit,
1510 5384 2028 5456 praedestinatiouem
2072 5387 2125 5456 in

550 5453 663 5524 Deo
696 5472 899 5524 semper
925 5455 1137 5511 relative
1169 5456 1291 5509 dici.
1331 5455 1483 5520 Esse,
1512 5453 1714 5524 inquit,
1746 5455 1878 5507 enim
1906 5455 1975 5508 ad
1995 5454 2126 5509 nihil

553 5523 716 5598 atiud_
745 5526 984 5598 refertur,
1018 5526 1406 5595 praedestinare
1443 5542 1557 5581 vero
1601 5540 1865 5598 nunquam
1896 5525 1996 5581 nisi
2052 5526 2122 5581 ad

552 5591 753 5661 aliquid
778 5591 880 5647 dici
904 5591 1084 5661 potest.

632 5664 659 5703 δ
697 5662 838 5716 Psal.
857 5665 969 5724 CX,
997 5666 1051 5717 2.

634 5743 657 5775 ο
697 5732 837 5791 1’59"
872 5734 1049 5796 CXill,
1080 5736 1131 5791 5.

2304 5385 2330 5425 ἀ
2361 5385 2517 5441 Falso
2540 5386 2796 5454 disputat.
2821 5380 3079 5452 Quamvis
3103 5383 3245 5438 enim
3271 5395 3429 5443 nemo
3455 5380 3559 5454 nisi
3580 5381 3806 5454 volenth

2234 5456 2435 5525 aliquid
2487 5443 2871 5527 praedestinet',
2928 5464 3108 5527 tamen
3166 5454 3314 5507 aliud
3340 5450 3608 5527 esturelte,
3663 5443 3812 5519 aliud

2229 5514 2638 5596 praedestinare.
2675 5514 2998 5579 Prudentius
3024 5524 3295 5596 observat,
3342 5514 3665 5596 velleLadr‘s‘e
3693 5514 3811 5573 (an;

2229 5590 2339 5650 tum
2373 5597 2498 5653 dici.
2547 5596 2926 5666 praedestinari
2958 5611 3072 5649 vero
3105 5595 3290 5665 referri
3324 5594 3393 5650 ad
3430 5591 3557 5659 alia,
3594 5590 3813 5665 ideoque

2232 5682 2334 5741 non
2360 5682 2519 5729 unum
2547 5664 2785 5739 idemque
2810 5681 2936 5720 esse.
