4194 6276
427 393 548 448 365-

1515 399 1713 454 LlBER
1755 401 1842 456 DE
1877 402 2012 456 PRA
2023 401 2584 458 EDESTINATIONE.

3493 433 3510 440 -
3573 397 3680 452 366.

431 507 770 564 Multimodas
793 507 956 582 etiam
985 521 1158 572 voces,
1203 508 1397 578 quibus
1439 511 1600 566 Deum
1631 527 1786 566 suum
1831 514 1999 568 ratio-
2029 519 2072 576 Λ
2103 515 2410 580 beatitudo;
2459 515 2626 574 altera
2665 529 2812 578 vero,
2854 529 2990 583 quae
3036 531 3132 585 per
3177 515 3354 568 omnia
3405 517 3680 568 contraria

431 597 572 654 nalis
597 597 774 652 anima
795 597 1098 670 significare
1125 599 1345 668 appetit,
1380 615 1542 666 unum
1575 610 1735 670 atque
1763 603 1902 670 idem
1921 605 2002 658 iu-

433 703 618 752 nuere,
649 689 746 742 hoc
781 697 882 750 cst,
935 689 1102 758 ipsam
1131 688 1460 746 ineffabilem
1507 691 1782 748 Creatoris
1810 709 1997 748 essen-

437 777 586 840 tiam,
615 778 856 846 quamvis
885 779 1160 834 nominum
1193 777 1456 848 quaedam
1483 782 1700 836 relative
1724 783 1998 840 dicantur.

433 863 599 934 Motus
643 865 838 946 ctenim
901 867 1118 936 hutnani
1170 870 1354 938 animi,
1402 885 1506 944 quo
1549 871 1878 942 principium
1915 873 2002 928 sui

431 959 634 1036 repetit,
681 949 950 1032 gradatim
989 962 1288 1030 ascendere
1331 963 1539 1028 nititur,
1587 965 1816 1034 ideoque
1846 964 2000 1032 juxta

427 1050 612 1122 modos
646 1051 1014 1128 ascensionis‘
1045 1068 1175 1108 suae
1205 1055 1354 1124 signa
1383 1056 1532 1110 vocis
1553 1057 1776 1122 invenit,
1807 1059 2002 1126 quibus

422 1153 508 1204 ea,
539 1156 681 1209 quae
709 1143 858 1202 intus
887 1143 1160 1212 intelligit,
1194 1160 1386 1216 sensus
1409 1162 1590 1202 secum
1633 1151 2002 1204 conscenden-

425 1233 584 1296 tium,
609 1233 694 1288 vel
715 1235 1086 1290 conscendere
1107 1235 1421 1302 volentium,
1455 1238 1670 1293 caritati
1697 1240 1951 1294 obediens
1983 1241 2006 1282 ’-

426 1325 628 1376 erudit.
673 1322 876 1380 Deinde
914 1327 1220 1380 contexitur
1262 1345 1274 1379 :
1307 1328 1352 1380 si
1381 1330 1583 1392 omnia,
1613 1345 1752 1399 quae
1789 1331 1854 1386 de
1891 1330 2002 1386 Deo

427 1415 838 1482 praedicantur,
867 1434 1029 1472 unum
1073 1427 1221 1484 sunt,
1253 1419 1386 1474 nihil
1423 1431 1600 1476 autem
1627 1431 1683 1475 et
1735 1423 1916 1477 verius
1950 1431 2006 1478 et

429 1505 712 1560 honestius
740 1507 804 1560 de
837 1507 944 1562 Deo
982 1508 1195 1572 dicitur,
1230 1525 1390 1578 quam
1419 1512 1834 1578 praedestinatio
1861 1531 1872 1566 :
1899 1529 2004 1568 una

429 1603 514 1672 est
535 1594 714 1664 igitur.
737 1593 907 1662 Quam
931 1605 986 1650 et
1007 1599 1240 1664 errando
1255 1609 1491 1668 separat.
1513 1609 1566 1654 et
1585 1601 2004 1671 blasphemando

425 1693 608 1766 negat,
635 1695 795 1756 atque
834 1702 933 1758 pro
969 1703 1034 1742 eo
1077 1689 1210 1752 duas
1241 1707 1268 1752 _a
1299 1705 1358 1752 se
1403 1691 1519 1760 ipso
1543 1693 1720 1756 finxit,
1769 1709 2002 1764 quarum

422 1787 520 1848 nec
548 1790 674 1840 una,
699 1791 799 1830 nec
823 1777 994 1832 altera
1023 1787 1170 1834 stare
1199 1781 1403 1850 nequit.
1441 1781 1569 1840 Jure
1597 1783 1760 1852 igitur
1787 1786 2002 1854 penitus

2102 617 2184 664 est
2215 608 2540 676 praedictae,
2569 608 2681 677 ipsa
2709 610 2854 662 enim
2877 625 2908 662 e
2929 603 3144 664 diverso
3163 624 3270 662 non
3297 608 3470 662 solum
3497 605 3680 672 eﬂicit,

2103 699 2194 764 sed
2217 698 2382 754 etiam
2409 701 2550 767 cogit
2571 707 2874 766 peccatum,
2905 699 3047 766 quod
3077 707 3158 752 est
3187 715 3290 750 non
3318 713 3460 760 esse,
3489 697 3681 750 deinde

2105 791 2292 848 mortis
2341 791 2642 858 interitum,
2705 805 2866 858 quem
2921 791 3227 844 necessario
3287 791 3532 858 sequitur
3579 789 3652 841 mi

2103 880 2283 934 seria:
2321 882 2470 948 ipsae
2513 879 2677 949 igitur
2723 880 2936 934 sibimet
2965 880 3359 934 contradicunt.
3413 878 3466 932 Si
3501 887 3682 932 autem

2103 972 2281 1026 divina
2327 980 2540 1032 natura,
2583 987 2795 1026 summa
2841 973 3105 1034 omnium,
3145 985 3286 1040 quae
3331 978 3474 1033 sunt,
3521 983 3684 1024 causa

2105 1059 2404 1128 multiplex,
2435 1075 2554 1112 cum
2587 1060 2656 1112 sit
2685 1059 2990 1130 simplex-et
3031 1075 3155 1124 una,
3184 1059 3536 1113 saluberrime
3566 1073 3685 1113 cre-

2101 1141 2268 1210 ditur,
2299 1157 2694 1216 consequenter
2731 1165 2954 1204 necesse
2997 1161 3098 1214 est,
3141 1149 3342 1204 nullam
3385 1151 3438 1202 in
3473 1165 3529 1202 se
3569 1150 3684 1216 ipsa

2104 1239 2528 1292 controversiam
2561 1239 2800 1306 recipere
2843 1240 3116 1292 credatur.
3161 1238 3504 1306 Relinquitur
3531 1253 3682 1306 ergo,

2105 1327 2159 1381 in
2203 1329 2310 1382 Deo
2336 1330 2469 1382 duas
2497 1345 2600 1384 non
2636 1345 2751 1382 esse
2777 1332 3315 1398 praedestinationes,
3363 1345 3501 1398 quae
3546 1330 3686 1384 inter

2107 1433 2166 1472 se
2212 1419 2575 1472 discordantia
2629 1429 2684 1472 ct
2733 1421 2986 1482 efficiant,
3043 1430 3096 1476 et
3145 1421 3258 1476 fieri
3307 1429 3522 1490 cogant.
3553 1418 3687 1476 _Nec

2105 1525 2292 1563 earum
2321 1509 2426 1562 ulla
2469 1509 2582 1563 ﬁeri
2625 1517 2824 1578 potest.
2868 1510 3146 1576 Quomodo
3184 1513 3324 1564 enim
3357 1513 3595 1565 creditur
3629 1511 3686 1564 in

2107 1603 2201 1655 Dei
2257 1613 2450 1656 natura
2503 1620 2663 1657 causa
2708 1606 3015 1658 necessario
3063 1606 3266 1674 aliquid
3319 1621 3535 1674 cogens,
3593 1603 3687 1672 qui

2106 1692 2309 1755 omnia,
2348 1709 2486 1762 quae
2527 1695 2674 1758 fecit,
2719 1695 2960 1750 bonitate
2999 1697 3307 1759 voluntatis,
3335 1705 3387 1751 et
3415 1697 3688 1750 voluntate

2105 1781 2362 1834 bonitatis
2402 1797 2532 1836 suae
2577 1781 2738 1836 fecit?
2771 1781 2921 1852 cujus
2951 1786 3160 1838 bonitas
3191 1801 3284 1840 sua
3312 1794 3388 1840 est
3419 1785 3684 1852 voluntas,

421 1879 526 1928 (Ion
553 1868 846 1936 sunt,quia
877 1883 1052 1936 neque
1075 1885 1252 1934 verae,
1273 1887 1446 1942 neque
1469 1871 1636 1928 falsae
1657 1883 1803 1928 sunt.
1835 1873 2000 1930 Verae
2029 1867 2076 1924 Β
2106 1881 2159 1926 et
2204 1873 2450 1928 voluntas
2481 1890 2576 1926 sua
2623 1884 2706 1930 est
2741 1875 2968 1929 bonitas.

421 1955 636 2034 quidem
667 1971 774 2010 non
801 1967 944 2020 sunt,
977 1960 1232 2032 quoniam
1264 1975 1444 2026 omne,
1469 1964 1610 2030 quod
1638 1964 1852 2018 veritati
1875 1980 2002 2018 con-

423 2045 662 2112 tradicit,
694 2061 723 2100 a
769 2049 996 2122 veritate
1025 2063 1138 2104 non
1166 2057 1265 2104 est.
1307 2048 1496 2116 Omne,
1523 2053 1668 2120 quod
1713 2068 1744 2106 a
1775 2055 2003 2110 veritate

421 2145 519 2200 est,
549 2151 734 2210 verum
759 2153 878 2194 esse
905 2154 1122 2196 necesse
1145 2150 1258 2206 est;
1287 2157 1445 2198 Omne
1475 2142 1666 2212 igitur,
1693 2146 1839 2214 quod
1865 2147 2005 2200 veri-

425 2230 540 2282 tati.
560 2232 903 2294 contradicit,
936 2248 1122 2288 verum
1155 2249 1259 2288 non
1297 2249 1417 2288 esse
1451 2250 1674 2290 necesse
1703 2246 1808 2292 est.
1855 2237 2005 2294 Duae

427 2332 634 2390 autem,
665 2323 1044 2397 G[otescalce],
1077 2329 1594 2395 praedestinationes
1627 2331 1844 2384 veritati
1873 2347 2005 2386 con-

433 2414 731 2479 tradicunt;
781 2431 938 2472 verae
967 2417 1126 2484 igitur
1165 2433 1268 2472 non
1300 2426 1444 2474 sunt.
1483 2419 1673 2474 Falsae
1708 2437 1812 2474 non
1857 2429 2002 2476 sunt.

433 2504 608 2560 Omne
647 2508 788 2560 enim
833 2508 1028 2562 falsum
1079 2511 1178 2564 sub
1225 2513 1456 2579 quadam
1499 2513 1848 2568 similitudine
1895 2514 2004 2568 veri

431 2597 645 2665 appetit
690 2613 828 2663 esse,
889 2601 1032 2668 quod
1089 2617 1192 2656 non
1237 2612 1340 2656 est.
1394 2602 1562 2672 Cujus
1604 2605 1906 2672 exemplum
1953 2607 2004 2658 in

431 2695 626 2752 natura
665 2704 842 2744 rerum
869 2701 952 2746 est
1000 2692 1146 2746 vocis
1175 2695 1375 2763 imago,
1411 2710 1552 2762 (piae
1593 2709 1624 2747 a
1651 2693 1872 2750 Graecis
1891 2699 2008 2767 ἠχώ

435 2787 678 2844 vocatur,
713 2779 1012 2850 umbraque
1044 2797 1354 2850 corporum,
1385 2783 1438 2836 in
1464 2795 1581 2836 arte
1619 2799 1746 2838 vero
1775 2785 2006 2850 pictura-

433 2883 550 2922 rum
605 2867 808 2939 figurae
858 2870 909 2934 ³,
971 2881 1260 2940 ceterat‘jue
1319 2873 1366 2926 id
1443 2889 1630 2943 genus.
1703 2873 2007 2932 Similitudo

439 2959 660 3022 etenim,
689 2960 786 3014 sed
813 2977 920 3020 non
953 2963 1154 3026 omnis,
1177 2963 1428 3016 falsitatis
1457 2979 1614 3022 causa
1638 2980 1754 3020 esse
1779 2967 2002 3026 videtur.

439 3048 522 3108 Ac
562 3061 658 3116 per
701 3048 804 3104 hoc
849 3065 1027 3116 omne,
1077 3053 1220 3119 quod
1267 3052 1610 3106 similitudine
1662 3051 1834 3120 aliqua
1894 3055 2006 3108 veri

440 3151 622 3210 vacat,
635 3158 740 3198 non
751 3155 836 3200 est
847 3144 1055 3200 falsum.
1073 3146 1608 3211 Pmedestinationes,
1625 3147 2004 3220 Glotescalce],

443 3233 644 3290 nullam
693 3236 807 3290 veri
871 3235 1270 3294 similitudine-ni
1317 3238 1526 3294 habere
1577 3239 2002 3303 convincuntur;
2038 3213 2082 3274 C

437 3323 607 3380 falsae
631 3325 798 3394 igitur
821 3342 930 3380 non
959 3339 1100 3382 sunt.
1139 3327 1244 3382 Sed
1279 3329 1406 3398 quid
1435 3329 1567 3393 sint,
1607 3345 1714 3384 non
1751 3331 2004 3388 invenio:

435 3413 570 3468 nihil
599 3415 740 3468 enim
771 3423 898 3474 sunt
925 3433 939 3470 :
971 3417 1090 3485 quis
1128 3428 1308 3478 autem
1353 3427 1533 3486 potest
1558 3420 1802 3474 invenire
1829 3420 2012 3476 nihil?

432 3503 730 3562 Fabulosae
773 3521 902 3576 ergo
949 3519 1214 3578 repertae.
1270 3509 1595 3565 Fabulosum
1635 3525 1870 3579 namque
1897 3519 2009 3576 est,

437 3599 578 3667 quod
607 3613 706 3654 nec
725 3616 942 3666 verum,
970 3617 1070 3658 nec
1091 3604 1410 3670 verisimile,
1443 3613 1502 3658 ut
1531 3605 1743 3661 volatus
1771 3605 2009 3671 Daedali,

437 3689 526 3756 qui
561 3703 834 3758 nunquam
859 3690 980 3756 fuit,
1007 3708 1106 3748 nec
1131 3693 1246 3750 fieri
1277 3695 1466 3763 patuit.

511 3777 572 3832 ll.
613 3780 708 3836 Est
738 3783 902 3838 etiam
930 3783 1076 3842 aliud
1113 3795 1514 3853 argumentum,
1543 3786 1686 3854 quod
1720 3786 1917 3844 dicitur
1943 3788 2014 3846 ab

443 3866 724 3928 effectibus
769 3875 838 3928 ad
871 3889 1118 3940 causam,
1165 3891 1272 3944 quo
1316 3875 1624 3938 coniicitur,
1679 3877 1814 3958 duas
1853 3893 2016 3945 prae-

446 3961 829 4020 destinationes
849 3966 944 4022 Dei
963 3983 1070 4022 non
1097 3983 1238 4022 esse.
1261 3967 1425 4036 Cujus
1451 3971 1754 4038 argumenti
1781 3971 2016 4026 maxima

440 4053 738 4121 propositio
757 4063 870 4112 est:
893 4058 1154 4122 omnium,
1177 4073 1318 4127 quae
1333 4067 1464 4113 sunt
1479 4059 1621 4113 inter
1642 4075 1698 4114 se
1716 4063 2014 4127 contraria,

443 4160 666 4202 necesse
693 4158 778 4204 est
819 4165 1004 4204 eorum
1029 4165 1224 4206 causas
1265 4151 1407 4217 inter
1439 4167 1499 4206 se
1545 4151 1662 4206 ﬁeri
1691 4153 2014 4208 contrarias.

439 4235 620 4290 Unam
667 4239 810 4294 enim
853 4241 1188 4310 eandemque
1240 4257 1458 4296 causam
1499 4242 1712 4296 diversa
1772 4243 1914 4296 inter
1963 4258 2021 4300 se

441 4331 718 4386 contraria
763 4331 972 4390 edicere
1019 4337 1160 4392 ratio
1207 4337 1477 4407 prohibet.
1531 4337 1672 4404 Quid
1720 4346 1897 4393 autem
1935 4349 2019 4394 est

439 4423 782 4478 cmtrarium
805 4427 1092 4492 essentiae,
1119 4428 1220 4482 nisi
1246 4444 1350 4482 non
1375 4429 1530 4482 esse?
1557 4429 1698 4494 Quid
1717 4430 1881 4493 vitae,
1907 4430 2013 4484 nisi

441 4511 710 4568 interire?
743 4513 878 4582 Quid
899 4515 1162 4585 iustitiae,
1191 4518 1294 4572 nisi
1331 4519 1649 4587 peccatum?
1677 4519 1816 4585 Quid
1851 4519 2023 4574 beati—

2175 1961 2260 2016 lll.
2305 1961 2416 2018 Non
2451 1972 2532 2016 est
2565 1963 2728 2032 igitur
2771 1964 2858 2018 illa
2901 1965 3338 2034 praedestinatio,
3365 1981 3501 2034 quae
3531 1971 3688 2035 cogat

2108 2054 2404 2108 iuevitabili
2446 2057 2767 2110 necessitate
2803 2072 2898 2112 sua
2927 2057 3114 2122 vitam,
3141 2056 3428 2126 justitiam,
3457 2057 3688 2112 beatitu-

2108 2142 2310 2210 dinem,
2337 2159 2438 2200 nec
2461 2144 2571 2210 illa,
2598 2161 2736 2216 quae
2762 2157 2980 2218 cogeret
3001 2149 3398 2218 praedictorum
3423 2149 3688 2204 bonorum

2111 2235 2399 2298 contraria,
2457 2237 2703 2291 videlicet
2744 2247 2996 2303 mortem,
3041 2247 3342 2308 peccatum,
3391 2240 3684 2292 miseriam.

2111 2324 2259 2390 Quae
2299 2325 2436 2380 ratio
2465 2325 2881 2396 enthymematis
2919 2327 2941 2357 "
2973 2337 3290 2400 argumento
3326 2327 3688 2392 concluditur,

2112 2417 2254 2484 quod
2279 2431 2493 2486 semper
2515 2425 2597 2470 est
2625 2431 2654 2470 a
2679 2419 2966 2472 contrario.
2996 2417 3160 2486 Cujus
3183 2419 3474 2488 propositio
3511 2417 3532 2448 ⁵
3567 2417 3690 2472 talis

2113 2515 2214 2562 cst.
2265 2504 2380 2560 Non
2433 2515 2486 2560 et
2533 2507 2670 2562 Deus
2713 2523 2922 2562 smnma
2970 2509 3202 2582 essentia
3250 2509 3342 2574 sit,
3403 2517 3458 2561 et
3501 2523 3689 2562 eorum

2117 2605 2340 2668 tantum,
2375 2613 2510 2666 quae
2539 2599 2604 2654 ab
2634 2615 2697 2653 eo
2731 2608 2872 2662 sunt,
2919 2615 3078 2674 causa
3123 2616 3226 2653 non
3257 2601 3343 2654 sit.
3384 2600 3478 2654 Est
3509 2608 3688 2652 autem

2117 2691 2258 2744 Dens
2302 2707 2509 2746 suumn
2560 2692 2810 2746 essentia.
2867 2691 2965 2748 Est
2999 2692 3164 2770 igitur
3215 2708 3398 2746 eormn
3459 2698 3686 2752 tantum,

2108 2797 2253 2852 quae
2289 2781 2356 2834 ab
2383 2798 2445 2838 eo
2473 2790 2613 2846 sunt,
2656 2797 2838 2836 causa.
2872 2782 3182 2844 Peccatum,
3213 2795 3380 2844 mors,
3409 2779 3626 2832 miseria
3657 2794 3690 2832 ει

2115 2873 2225 2926 Deo
2273 2887 2378 2924 non
2425 2879 2566 2924 sunt.
2624 2869 2817 2922 Eorum
2853 2869 3014 2938 igitur
3057 2884 3215 2946 causa
3265 2870 3406 2922 Deus
3437 2883 3542 2920 non
3585 2877 3688 2920 cst.

2115 2962 2258 3024 Idem
2302 2977 2511 3027 quoque
2559 2960 2898 3030 syllogismus
2937 2960 3036 3014 hoc
3085 2959 3242 3012 modo
3283 2957 3618 3011 connectitur
3650 2957 3690 3010 ⁸.

2115 3053 2231 3108 Non
2263 3062 2318 3106 et
2349 3055 2486 3122 Deus
2513 3070 2724 3124 eorum,
2754 3069 2888 3122 quae
2915 3061 3064 3122 sunt,
3095 3068 3255 3116 causa
3287 3053 3373 3116 sit,
3404 3059 3690 3114 eteorum,

2118 3159 2256 3214 quae
2287 3143 2418 3198 nihil
2461 3155 2602 3209 sunt,
2633 3160 2792 3198 causa
2839 3146 2928 3198 sit.
2975 3143 3066 3200 Est
3105 3152 3284 3212 autem
3321 3143 3460 3196 Deus
3503 3157 3691 3196 eorum

2117 3251 2308 3301 causa,
2339 3251 2476 3306 quae
2497 3244 2642 3290 sunt.
2675 3236 2842 3306 Igitur
2871 3251 2977 3292 non
3017 3244 3098 3300 est
3129 3251 3288 3290 causa
3319 3249 3527 3297 eorum,
3555 3245 3694 3302 quae

2115 3345 2225 3386 non
2252 3339 2390 3384 sunt.
2413 3329 2721 3392 Peccatum,
2745 3327 2964 3398 ejusque
2989 3325 3226 3392 effectus,
3257 3343 3402 3383 mors
3429 3323 3693 3396 profecto,

2118 3419 2204 3480 cui
2251 3419 2506 3474 adhaeret
2533 3419 2768 3482 miseria,
2802 3433 2904 3472 non
2951 3427 3094 3472 sunt.
3143 3417 3340 3490 Eorum
3389 3416 3550 3486 igitur
3593 3426 3695 3468 nec

2119 3510 2286 3576 Deus,
2315 3527 2414 3566 nec
2463 3510 2575 3577 ejus
2603 3509 3042 3580 praedestinatio,
3079 3524 3217 3580 quae
3261 3517 3361 3576 est,
3405 3507 3548 3580 quod
3579 3507 3695 3576 ipse

2111 3607 2222 3664 est,
2255 3615 2416 3666 causa
2445 3615 2564 3656 esse
2585 3609 2778 3670 potest.

2189 3690 2278 3744 Ν.
2328 3688 2434 3744 Sed
2469 3691 2615 3758 quia,
2661 3691 2948 3752 baeretice,
2982 3688 3094 3756 jam
3122 3690 3186 3746 de
3224 3699 3312 3744 tua
3355 3689 3528 3759 prima
3564 3703 3695 3744 con-

2113 3783 2421 3862 gressione,
2473 3797 2576 3858 qua
2619 3780 2751 3836 duas
2795 3782 3312 3851 praedestinationcs
3358 3791 3411 3835 et
3455 3795 3700 3838 asserere

2121 3873 2375 3930 mendose
2401 3873 2624 3944 coepisti
2645 3874 2907 3936 incautus,
2931 3881 2984 3926 ct
3003 3873 3287 3928 defendere
3317 3871 3704 3926 contumeliose

2115 3967 2326 4032 eudasti
2365 3968 2644 4036 superbus,
2679 3975 2730 4020 et
2769 3965 2976 4020 modica
3013 3967 3031 3994 ⁷
3064 3966 3342 4019 convictus
3381 3965 3700 4018 auctoritate

2121 4057 2324 4126 fugisti,
2349 4063 2402 4109 et
2427 4055 2762 4124 apertissima
2789 4056 3013 4108 veritate
3047 4061 3348 4120 prostratus
3377 4051 3700 4115 occubuisti,

2123 4147 2490 4202 occumbendo
2541 4146 2752 4210 siluisti,
2813 4145 3016 4199 silendo
3081 4144 3378 4212 posteriora
3429 4141 3702 4210 prioribus

2125 4239 2307 4311 pejora
2358 4237 2695 4306 excogitasti,
2755 4244 2810 4288 ut
2865 4237 2918 4288 in
2969 4244 3017 4290 lc
3069 4236 3354 4303 impiorum
3399 4233 3702 4286 convicium

2125 4327 2429 4398 impleatur,
2481 4326 2620 4395 quod
2653 4325 2910 4394 scriptum
2965 4331 3090 4378 est:
3131 4323 3198 4376 Et
3249 4321 3345 4376 erit
3392 4320 3701 4374 novissimus

2129 4437 2276 4476 error
2299 4419 2446 4490 pejor
2473 4419 2645 4488 priore
2668 4425 2828 4470 a—ut
2853 4415 2993 4470 enim
3019 4431 3124 4470 nou
3159 4423 3208 4468 te
3231 4413 3376 4484 piget
3399 4425 3616 4481 negare,
3649 4419 3704 4465 te

2129 4512 2473 4584 praedicasse
2535 4512 2672 4566 duas
2723 4506 3258 4578 praedestinationes.
3327 4505 3468 4574 quod
3524 4513 3704 4558 tamen

443 4607 666 4671 tudinis,
696 4609 799 4664 nisi
839 4611 1098 4666 miseria?
1138 4609 1194 4665 Si
1245 4627 1370 4680 ergo
1408 4613 1542 4668 haec
1581 4613 1762 4667 omnia
1793 4613 1936 4666 inter
1957 4627 2020 4668 se
2051 4589 2102 4648 D
2129 4605 2328 4661 dixisse
2356 4620 2385 4658 a
2411 4601 2591 4658 multis
2618 4599 2970 4662 convinceris,
2999 4599 3070 4654 ita
3102 4613 3207 4652 non
3243 4607 3294 4651 te
3323 4596 3484 4664 pudet
3511 4596 3706 4652 iterum

441 4702 716 4756 contraria
771 4718 892 4758 esse
945 4703 1291 4759 manifestum
1344 4711 1446 4768 est,
1515 4705 1775 4774 sequitur,
1831 4719 2020 4758 eorum

441 4805 658 4864 quoque
695 4810 891 4850 causas
935 4797 1078 4851 inter
1101 4811 1160 4851 se
1207 4795 1325 4850 ﬁeri
1365 4798 1682 4851 contrarias.
1717 4795 1834 4851 Non
1875 4797 2022 4851 enim

441 4891 540 4936 aut
559 4885 632 4938 ab
657 4901 766 4940 una
787 4901 973 4950 causa,
999 4895 1094 4941 aut
1125 4887 1332 4941 duabus
1359 4886 1602 4954 ejusdem
1631 4889 1843 4958 generis
1871 4887 2023 4944 nasci

443 4981 692 5038 possunt.
719 4974 908 5047 igitur,
933 4987 994 5032 ut
1019 4977 1324 5032 haereticus
1353 4978 1567 5042 asserit,
1601 4980 1648 5030 si
1687 4979 1824 5032 duae
1863 4991 2022 5046 prae-

443 5065 836 5122 destinationes
861 5070 974 5123 sint
1003 5069 1060 5122 in
1104 5068 1236 5132 Deo,
1267 5081 1498 5138 quarum
1529 5082 1654 5129 una,
1697 5075 1754 5118 ut
1789 5067 1884 5130 ait,
1916 5081 2022 5120 non

443 5155 624 5210 solum
661 5156 845 5225 eﬁcit,
891 5161 988 5215 sed
1023 5161 1190 5215 etiam
1229 5159 1484 5214 violentia
1529 5159 1608 5212 sui
1653 5159 1798 5228 cogit
1837 5157 2022 5220 vitam,

443 5247 590 5314 quod
639 5257 724 5303 est
778 5265 920 5318 esse,
981 5251 1172 5306 deinde
1218 5249 1510 5318 justitiam,
1566 5263 1726 5318 quam
1785 5247 2029 5318 sequitur

2130 4697 2396 4768 proferre,
2445 4710 2606 4750 unam
2636 4709 2775 4758 esse,
2821 4694 2914 4748 sed
2945 4691 3158 4760 duplam
3195 4707 3208 4756 ;
3254 4690 3446 4744 scribis
3473 4687 3616 4742 enim
3647 4687 3705 4741 in

2133 4785 2500 4844 deliramentis
2541 4784 2958 4850 confessionum,
2999 4785 3164 4838 immo
3203 4783 3548 4852 perfidiarum
3592 4787 3709 4834 tua-

2133 4892 2278 4942 rum,
2303 4885 2558 4944 tanquam
2577 4876 2841 4946 originem
2867 4874 3068 4930 erroris
3093 4874 3164 4928 tui
3190 4865 3478 4928 defendere
3501 4868 3706 4934 volens,

2127 4969 2462 5028 sententiam
2491 4968 2739 5024 videlicet
2757 4967 2943 5022 lsidori
2975 4986 2986 5020 :
3010 4984 3030 5016 ί
3049 4965 3272 5020 Gemina
3301 4971 3383 5017 est
3408 4956 3706 5028 praedesti-

2135 5063 2282 5118 natio
2309 5045 2425 5116 sive
2445 5060 2738 5116 electorum
2763 5059 2828 5112 ad
2851 5056 3114 5125 requiem,
3137 5055 3252 5108 sive
3274 5053 3620 5121 reproborum
3637 5047 3708 5101 ad

2135 5162 2366 5208 mortem
2389 5153 2659 5222 o,bquatu
2679 5151 2756 5206 sic
2775 5149 3002 5216 exponis
3029 5163 3041 5198 :
3075 5165 3090 5196 ι
3111 5160 3218 5198 non
3244 5143 3408 5204 enim,
3442 5141 3537 5202 ait,
3571 5138 3708 5192 duae

2137 5255 2278 5308 sunt,
2295 5245 2420 5314 quia
2447 5257 2551 5296 non
2567 5250 2706 5304 sunt,
2725 5241 2817 5295 sed
2831 5237 3062 5309 gemina,
3080 5234 3130 5288 id
3146 5229 3490 5297 estbipertita
3501 5247 3520 5279 ι
3541 5238 3562 5265 ε
3574 5255 3638 5265 -
3651 5233 3713 5280 ut

1730 5357 1986 5414 VARIAE
2029 5354 2430 5410 LEC'I‘IONES.

520 5454 538 5484 ¹
569 5452 664 5509 Sic
689 5454 836 5518 cod.,
868 5455 938 5510 Μ.
967 5455 1300 5511 astant-iouis.

441 5523 472 5560 ⁸
499 5523 594 5586 Sit‘
623 5524 784 5588 Cod"
815 5526 888 5582 Μ.
913 5528 1188 5598 expositio.

1378 5455 1398 5486 ’
1427 5453 1560 5508 Cod.
1593 5451 1890 5514 oboediens,
1933 5450 2016 5506 sic
2058 5450 2277 5517 ubique.

1265 5526 1286 5556 ⁸
1315 5523 1446 5582 Cod.
1479 5525 1786 5580 conectitur.
1815 5524 1893 5578 sic
1927 5520 2145 5588 ubique.

2358 5449 2379 5478 ³
2423 5447 2512 5500 Sic
2555 5445 2698 5509 cod.,
2745 5441 2816 5494 Μ.
2849 5441 3042 5508 ﬁgura.
3119 5436 3140 5464 ⁸
3169 5433 3302 5490 Cod.
3332 5430 3712 5486 'entimematis.

2223 5521 2240 5549 ⁷
2277 5519 2454 5582 Cornu,
2497 5519 2617 5570 cod.
2649 5513 2855 5567 nodica.

1991 5632 2220 5698 NOTAE

523 5745 548 5772 ι
589 5731 785 5788 Matth.
816 5730 1032 5800 XXVII,
1065 5731 1154 5786 64.

522 5803 552 5848 δ
589 5803 783 5862 Isidor.
816 5799 1050 5862 Sentent.
1081 5801 1176 5858 lib.
1209 5816 1266 5864 tt,
1299 5799 1352 5858 6.

2221 5734 2242 5762 ο
2282 5720 2362 5776 Cf.
2393 5720 2626 5788 Confess.
2661 5714 2786 5769 mai.
2822 5710 3130 5770 Gotescalci.
