4194 6276
533 397 638 456 567

1899 396 2184 456 JOANNIS
2221 398 2418 458 SCOTI

3668 370 3783 449 ses

535 503 684 588 quid,
704 514 1164 587 impudentissime
1188 514 1454 581 ',debilis,
1478 514 1939 581 enervatus,omni
1966 515 2107 568 veri-
2134 521 2182 580 Α
2208 526 2324 580 εει,
2373 529 2494 569 cum
2522 493 2732 569 'horum
2783 511 3023 567 omnium
3061 523 3224 567 causa
3264 496 3389 576 sit,
3423 507 3499 563 ita
3538 507 3776 562 omnium

539 611 665 665 tatis
691 609 891 664 auxilio
920 607 1182 670 desertus,
1232 606 1353 661 lites
1381 618 1630 670 renovas,
1673 604 1869 675 quibus
1894 604 2110 660 conaris
2209 606 2472 677 partium,
2496 606 2693 675 quibus
2725 612 2894 658 totum
2919 602 3227 668 coniicitur,
3263 616 3386 657 cum
3413 587 3780 655 omnis‘totius

540 708 593 754 te
625 715 655 752 a
687 698 859 767 prima
884 706 974 749 tua
999 696 1020 726 ³
1044 694 1130 749 illa
1158 695 1487 764 impudentia
1518 694 1749 749 latenter
1769 694 2109 760 subtrahere,

539 797 795 855 tanquam
830 783 1163 839 tolerabilius
1190 784 1280 850 sit,
1308 794 1364 839 et
1400 785 1577 838 minus
1611 784 1826 839 veritati
1870 784 2109 850 resistat,

538 876 825 946 geminam,
862 872 915 928 id
958 882 1061 939 est,
1097 874 1405 943 bipertitam
1443 874 1536 929 Dei
1566 874 2113 945 praedestinationem

538 963 876 1034 praedicare,
921 978 1083 1033 quam
1116 963 1284 1018 duas?
1328 962 1500 1029 Quam
1544 962 1985 1032 geminationem,
2028 963 2114 1018 vel

538 1053 940 1124 bipertitionem
975 1052 996 1085 ³
1021 1052 1270 1123 exemplo
1294 1053 1538 1108 caritatis
1563 1054 1793 1121 probare
1813 1053 2112 1109 contendis.

546 1162 565 1195 ι
588 1141 716 1196 Tale
728 1143 871 1197 enim
894 1162 942 1207 ι,
960 1142 1158 1212 inquis,
1180 1159 1199 1192 ε
1221 1150 1323 1205 εει,
1339 1141 2118 1211 quoddiciturpraedestinatio

546 1234 783 1304 gemina,
831 1234 884 1287 in
913 1232 1114 1288 electos
1160 1231 1407 1287 videlicet
1450 1240 1503 1285 ει
1554 1230 1808 1300 reprobus
1841 1230 2116 1299 bipertita,

543 1336 667 1378 cum
699 1324 770 1377 sit
802 1337 931 1389 una,
960 1322 1089 1377 licet
1116 1322 1187 1376 sit
1213 1320 1393 1390 dupla,
1421 1319 1578 1388 quale
1609 1318 1884 1387 est,rquod
1922 1316 2121 1373 dicitur

546 1415 748 1470 caritas
778 1414 863 1469 vel
904 1412 1120 1469 dilectio
1173 1412 1408 1482 gemina,
1452 1426 1572 1465 cum
1620 1409 1807 1478 utique
1855 1423 1962 1463 non
2013 1409 2124 1462 sint

552 1507 713 1570 duae,
745 1506 837 1560 sed
891 1520 1020 1570 una,
1072 1503 1200 1559 licet
1249 1502 1322 1559 sit
1369 1501 1531 1556 etiam
1580 1508 1801 1572 propter
1849 1497 2019 1554 Deum
2067 1505 2124 1552 et

549 1598 858 1666 proximum
885 1596 1043 1667 dupla
1079 1615 1099 1649 ι
1124 1607 1173 1649 ι.

548 1721 553 1727 ’
628 1708 690 1764 V.
728 1709 773 1765 Ο
805 1724 966 1778 quam
1015 1722 1142 1763 vere
1187 1707 1252 1763 de
1298 1715 1350 1761 te
1398 1705 1601 1760 dictum
1651 1709 1768 1759 est:
1798 1701 1879 1759 De
1923 1700 2127 1756 locusta

2212 706 2402 751 auctor
2424 697 2517 763 sit,
2556 696 2928 767 compactione
2951 701 3118 749 caret.
3167 691 3321 760 Quali
3370 693 3553 762 itaque
3608 691 3783 759 impu-

2214 776 2399 843 dentia
2424 803 2531 842 non
2562 788 2775 843 dubitas
2818 785 3172 858 pronuntiare
3213 782 3784 854 praedestinationem,

2214 892 2354 948 quae
2374 877 2514 933 Deus
2541 886 2646 943 est,
2680 887 2736 933 et
2761 877 3042 932 caritatem
3068 873 3367 943 bipertitas,
3399 872 3583 928 addita
3615 885 3786 940 expo-

2216 968 2434 1033 sitione,
2463 966 2519 1021 id
2568 976 2651 1022 est
2680 962 3157 1036 duplasiproinde
3175 963 3315 1020 sicut
3337 961 3513 1016 nullus
3542 959 3782 1015 ﬁdelium

2217 1059 2378 1113 audet
2406 1058 2586 1113 dicere
2604 1058 2909 1128 geminum,
2930 1057 3044 1111 sive
3068 1054 3403 1126 bipertitum,
3427 1053 3539 1108 sive
3562 1052 3778 1123 duplum

2216 1147 2409 1212 Deum,
2441 1146 2566 1217 quia
2589 1145 2811 1217 impium
2833 1156 2936 1212 est,
2960 1146 3033 1200 ita
3057 1145 3221 1199 etiam
3242 1143 3782 1213 praedestinationem

2218 1245 2271 1291 et
2305 1237 2591 1292 caritatem
2618 1236 2916 1309 geminare,
2945 1235 3032 1290 vel
3058 1234 3357 1304 duplicare,
3411 1232 3497 1288 vel
3543 1231 3785 1303 hipertiri

2220 1327 2540 1399 sacrilegum
2566 1337 2669 1382 est.
2699 1326 2966 1397 Quicquid
2991 1325 3137 1380 enim
3165 1326 3231 1379 de
3261 1323 3373 1378 Deo
3401 1322 3661 1388 creditur,
3690 1336 3787 1375 ne-

2222 1433 2373 1474 cesse
2403 1427 2487 1474 est
2511 1419 2579 1474 de
2598 1408 2718 1490 ejus
2739 1430 2952 1488 quoque
2974 1415 3467 1486 praedestinatione
3490 1422 3546 1469 et
3565 1412 3791 1470 caritate

2221 1510 2493 1567 credatur.

2296 1599 2387 1656 Vl.
2425 1599 2470 1655 Ο
2494 1608 2717 1656 aeterna
2760 1598 2982 1665 caritas,
3010 1607 3223 1669 'quanta
3252 1596 3517 1653 caecitate
3553 1593 3793 1665 percussi

2224 1702 2372 1758 sunt,
2396 1693 2489 1763 qui
2516 1700 2569 1747 te
2594 1692 2808 1762 duplam
2831 1706 2951 1747 esse
2975 1691 3307 1762 praedicant,
3331 1703 3453 1743 cum
3485 1687 3792 1751 inveniunt,

553 1801 845 1871 egredietur
870 1799 1094 1855 bruchus
1121 1798 1163 1852 ‘.
1207 1799 1283 1853 De
1318 1795 1650 1867 blasphemia
1677 1805 1766 1849 tua
1816 1794 1869 1848 in
1892 1793 2124 1862 praede-
2153 1862 2196 1871 _
2226 1798 2526 1852 praecones
2555 1792 2678 1839 tuos
2702 1784 3070 1852 pronuntiare,
3103 1791 3155 1836 te
3198 1796 3317 1836 esse
3344 1779 3632 1850 geminam,
3684 1792 3792 1832 non

550 1862 895 1949 stimtionem
924 1907 1143 1965 egressa
1164 1900 1247 1947 est
1270 1862 1605 1961 blasphemia
1629 1898 1720 1941 tua
1739 1887 1794 1941 in
1815 1885 2121 1952 caritatem,
2153 1862 2202 1922 Β
2231 1875 2474 1931 valentes
2502 1876 2812 1931 discernere
2842 1873 3185 1929 intellectuali
3215 1872 3440 1936 visione,
3467 1870 3596 1939 quid
3626 1870 3793 1924 inter-

556 1984 629 2038 ita
661 1992 719 2038 ut
759 1983 955 2055 prioris
982 1983 1186 2054 peccati
1233 1997 1408 2052 poena
1456 1981 1527 2035 sit
1560 1992 1791 2047 sequens
1817 1983 2119 2046 peccatum.

557 2077 794 2131 Eandem
825 2076 1007 2145 itaque
1052 2075 1210 2129 fidem
1261 2073 1459 2129 videris
1505 2072 1705 2127 habere
1754 2068 1821 2124 de
1873 2066 2123 2130 caritate,

553 2183 715 2238 quam
761 2168 1033 2237 proﬁteris
1088 2168 1153 2222 de
1200 2164 1736 2237 praedestinatione;
1788 2172 2073 2229 utramque
2100 2158 2124 2190 ⁸

554 2259 822 2330 siquidem
873 2258 1088 2329 duplam
1119 2257 1318 2313 asseris
1357 2271 1495 2311 esse.
1525 2250 1807 2316 Concedis,
1851 2252 1907 2305 ni
1946 2247 2123 2314 fallor,

559 2351 607 2407 si
635 2365 741 2405 non
772 2349 994 2414 insanis,
1025 2350 1191 2403 Deum
1221 2361 1340 2402 esse
1362 2345 1665 2407 caritatem,
1698 2339 1976 2409 Scriptura
2003 2351 2127 2408 per-

557 2439 797 2504 bibente,
828 2453 964 2507 quae
988 2439 1061 2493 ait
1085 2456 1097 2493 :
1131 2437 1271 2491 Deus
1293 2446 1365 2491 est
1388 2437 1581 2489 caritas
1592 2432 1642 2486 ιι.
1661 2432 1776 2487 Non
1804 2444 2002 2500 negare
2027 2442 2125 2483 au-

559 2546 653 2587 sus
678 2544 757 2597 cs,
788 2529 1333 2604 praedestinationem
1363 2529 1528 2583 Deum
1551 2540 1691 2590 esse,
1718 2524 1858 2595 quod
1883 2529 2131 2593 patenter

560 2621 615 2679 in
640 2620 1066 2676 confessionibus
1087 2621 1194 2675 tuis
1218 2618 1490 2689 professus
1521 2631 1601 2671 es.
1649 2614 1760 2670 Deo
1787 2614 1931 2668 enim
1973 2624 2132 2682 prae-

560 2714 979 2770 destinationem
1000 2728 1152 2769 suam
1197 2723 1539 2767 coaeternam
1570 2723 1691 2765 esse
1709 2706 2008 2778 scripsisti;
2050 2712 2132 2758 at-

560 2818 666 2872 que
690 2803 893 2858 utinam
947 2804 1234 2859 veritatem
1268 2800 1578 2858 consuleres
1628 2800 1682 2854 in
1729 2797 1945 2860 ceteris,
1994 2807 2133 2865 quae

564 2892 745 2948 dixisti
768 2893 835 2949 de
866 2892 1380 2964 praedestinatioue,
1403 2893 1544 2948 sicut
1566 2890 1621 2945 in
1643 2890 1760 2960 ejus
1781 2889 1888 2942 Deo
1916 2886 1937 2918 ⁸
1970 2898 2133 2941 coae-

563 2983 837 3039 ternitate.
897 2981 1160 3041 Convenit
1203 2982 1386 3052 itaque
1417 2982 1556 3035 inter
1588 2993 1688 3034 uos
1713 2977 1778 3032 de
1824 2976 2051 3032 caritate
2080 2980 2136 3028 ct

564 3072 632 3125 de
658 3072 1146 3141 praedestinatione
1166 3069 1222 3124 in
1248 3084 1347 3136 eo,
1387 3068 1528 3137 quod
1559 3076 1610 3122 et
1646 3064 1846 3122 caritas
1889 3065 2050 3128 Deus,
2081 3068 2137 3116 et

565 3164 989 3232 praedestinatio
1006 3163 1170 3227 Deus,
1198 3168 1254 3217 et
1278 3176 1415 3216 unus
1458 3161 1619 3222 Deus,
1664 3172 1770 3211 una
1795 3156 2028 3211 essentia
2057 3155 2139 3211 di-

564 3257 714 3319 vina,
750 3263 991 3317 acterna,
1019 3249 1495 3306 incommutabilis.
1525 3245 1760 3302 Proinde
1786 3245 1831 3299 si
1858 3245 2060 3299 caritas
2083 3252 2138 3300 et

568 3344 986 3415 praedestinatio
1002 3341 1367 3398 essentialiter
1391 3340 1456 3393 de
1483 3339 1591 3392 Deo
1613 3335 2023 3407 praedicantur;
2056 3351 2141 3390 es-

564 3438 735 3495 sentia
769 3446 945 3491 autem
972 3436 1153 3491 divina
1175 3434 1323 3490 nullo
1343 3432 1623 3488 Calholico
1652 3431 1931 3486 dubitante
1956 3429 2138 3485 unitas

566 3536 670 3591 est,
700 3542 908 3580 summa
954 3536 1009 3581 et
1044 3540 1169 3580 vera
1195 3524 1431 3580 caritas:
1462 3524 1640 3589 itaque
1673 3529 1729 3575 et
1765 3518 2139 3590 praedestina-

558 3618 834 3676 tionuitas
859 3627 941 3672 est
965 3617 1008 3670 '.
1040 3616 1211 3685 Quae,
1242 3616 1287 3670 si
1317 3630 1438 3676 una,
1469 3623 1524 3668 et
1551 3612 1661 3667 sola
1709 3619 1794 3666 est
1834 3612 2139 3667 incommu-

572 3711 774 3774 tabilis,
807 3725 1031 3765 numero
1058 3723 1246 3765 carere
1275 3720 1499 3762 necesse
1543 3714 1645 3768 est,
1676 3718 1798 3759 cum
1829 3702 1897 3757 ab
1945 3717 2006 3758 ea
2030 3703 2140 3758 sint

564 3813 753 3857 omnes
802 3799 1051 3864 numeri;
1080 3796 1245 3868 quod,
1296 3796 1340 3851 si
1372 3792 1856 3850 commutabilitate
1878 3792 1901 3825 ⁸
1932 3800 2137 3859 careat,

566 3889 913 3959 multiplicari
937 3904 1043 3945 non
1100 3895 1299 3958 potest.
1328 3886 1543 3940 Primus
1596 3883 1877 3954 multiplex
1906 3891 1992 3939 est
2043 3883 2142 3938 du-

565 3984 716 4053 plus;
771 3981 929 4052 dupla
986 3981 1148 4051 igitur
1177 3995 1282 4034 non
1321 3984 1404 4032 est
1446 3977 1648 4039 unitas,
1679 3988 1822 4044 quae
1847 3982 1933 4030 est
1954 3973 2141 4028 divina

564 4072 888 4128 substantia.
923 4069 1348 4125 Praedestinatio
1376 4065 1739 4121 essentialiter
1759 4064 1827 4119 de
1851 4065 1963 4119 Deo
1987 4076 2142 4133 prae-

565 4162 734 4218 dicari
766 4177 869 4216 non
892 4170 977 4216 est
997 4160 1238 4215 dubium.
1269 4158 1518 4213 Essenlia
1544 4165 1723 4211 autem
1748 4156 1945 4210 unitas.
1969 4153 2136 4209 Prae-

563 4252 851 4308 destinatio
881 4251 1045 4322 igitur
1074 4249 1275 4305 unitas.
1309 4246 1502 4302 Uuitas
1528 4246 1686 4316 dupla
1712 4259 1819 4298 nou
1848 4252 1951 4298 est.
1977 4241 2141 4298 Prae-

567 4343 857 4400 destinalio
884 4343 1067 4413 itaque
1088 4340 1248 4410 dupla
1276 4355 1386 4395 non
1425 4348 1531 4394 est.
1553 4337 1632 4391 Ac
1661 4352 1757 4407 per
1785 4336 1889 4390 hoc
1914 4348 2018 4390 nec
2050 4347 2142 4402 ge—

564 4438 730 4491 mina.
777 4435 1058 4501 Quomodo
1088 4434 1230 4489 enim
1262 4433 1332 4487 sit
1356 4430 1669 4504 geminatio,
1699 4428 1788 4482 ubi
1817 4441 1924 4484 non
1950 4427 2021 4480 sit
2043 4441 2143 4479 nu-

569 4540 753 4579 merus
803 4524 1200 4591 etpluralitas?
1229 4521 1419 4575 Divina
1456 4519 1636 4574 unitas
1656 4530 1942 4570 numerosa
1992 4521 2141 4569 caret

569 4600 897 4681 phiralitatc.
925 4611 1089 4665 Caret
1108 4609 1270 4678 igitur
1296 4610 1631 4679 duplicitate.
1664 4604 1872 4662 Similis
1900 4604 2042 4659 ratio
2070 4604 2138 4659 de

565 4698 912 4769 bipertitione
934 4698 979 4750 ⁹.
1014 4697 1071 4750 Si
1106 4698 1527 4765 praedestinatio
1562 4697 1630 4751 de
1657 4694 1865 4749 unitate
1917 4692 2138 4748 divinae

568 4790 903 4844 substantiae
954 4788 1256 4843 rectissime
1288 4787 1653 4856 praedicatur,
1702 4795 1757 4838 et
1796 4784 1976 4841 omnis
2009 4796 2138 4838 vera

568 4878 751 4934 unitas
778 4877 1014 4948 partium
1044 4877 1113 4931 sit
1148 4889 1360 4943 expers,
1391 4873 1812 4943 praedestinatio
1847 4875 2029 4943 itaque
2056 4873 2140 4929 bi-

566 4971 764 5039 pertita
800 4969 842 5001 ¹⁰
874 4985 978 5025 nou
1009 4975 1111 5032 est,
1134 4965 1258 5036 quia
1284 4963 1532 5036 partibus
1564 4962 1858 5030 composita
1897 4977 2003 5017 non
2028 4970 2133 5017 est.

575 5058 730 5116 Sicut
754 5063 897 5115 enim
922 5058 1099 5113 divina
1119 5064 1308 5111 natura
1329 5067 1606 5126 generum,
1627 5065 1919 5122 eorumque
1938 5049 2138 5106 forma-

571 5166 716 5222 rum,
745 5149 1195 5215 diii'erentiarum,
1222 5159 1571 5203 numerorum
1595 5157 1811 5214 quoque
1833 5156 2004 5213 capax
2028 5156 2136 5198 non

2227 1965 2300 2021 sit
2327 1965 2469 2019 inter
2500 1975 2554 2018 te
2602 1972 2656 2017 ει
2679 1971 3025 2033 praeceptum
3056 1962 3163 2016 tui!
3228 1960 3582 2030 Praeceptum
3635 1966 3787 2012 tuum

2227 2053 2558 2109 dominatrix
2597 2051 2969 2122 potentissima
2994 2049 3256 2120 geminari
3288 2049 3502 2114 dicitur,
3527 2046 3785 2117 quoniam

2225 2144 2293 2199 ad
2321 2153 2375 2198 te
2397 2144 2567 2214 ipsam
2596 2143 2792 2213 primo,
2817 2156 2957 2211 quae
2976 2142 3117 2196 Deus
3162 2156 3245 2206 es,
3276 2140 3523 2210 dirigitur
3546 2179 3562 2204 ,
3598 2137 3789 2193 deinde

2227 2237 2295 2291 ad
2322 2235 2650 2304 proximum,
2679 2249 2801 2287 cum
2823 2242 2877 2287 et
2898 2240 2952 2287 tu
2973 2232 3214 2302 diligeris
3244 2232 3298 2285 in
3327 2230 3434 2284 illo.
3472 2228 3613 2283 Nihil
3642 2228 3790 2282 enim

2227 2334 2439 2382 amatur
2459 2326 2513 2379 in
2538 2325 2806 2389 omnibus,
2836 2324 2941 2378 nisi
2969 2322 3203 2388 dilectio,
3227 2336 3364 2390 quae
3378 2328 3433 2374 tu
3456 2335 3516 2374 es
3538 2316 3788 2386 simplex,

2229 2416 2528 2482 individua,
2560 2412 3124 2481 incommutabilisque
3188 2410 3510 2473 substantia,
3567 2416 3623 2461 ει
3666 2404 3802 2460 nihil

2231 2505 2477 2578 perfecte
2525 2503 2716 2574 diligit,
2769 2502 2871 2557 nisi
2922 2509 2998 2566 tu,
3048 2499 3324 2554 vinculum
3361 2498 3665 2561 insolubile,
3695 2510 3801 2565 quo

2234 2594 2580 2650 continentur
2627 2590 2830 2646 omnia.
2863 2589 2940 2645 Tu
2969 2589 3153 2659 itaque
3178 2587 3374 2658 diligis,
3429 2596 3483 2641 tu
3534 2585 3799 2656 diligeris;

2233 2686 2465 2755 ideoque
2492 2691 2839 2755 praeceptum
2880 2689 3027 2736 tuum
3057 2682 3329 2752 geminum
3357 2680 3570 2735 dicitur.
3600 2678 3799 2732 Partim

2235 2778 2500 2848 siquidem
2519 2776 2698 2845 iubes,
2730 2784 2789 2829 ut
2812 2773 2956 2829 nulla
2981 2772 3293 2842 interposita
3321 2779 3511 2826 natura
3559 2769 3802 2841 diligaris

2235 2871 2292 2925 in
2322 2870 2601 2940 temetipsa
2642 2868 2708 2934 “,
2731 2866 2928 2938 partim
2955 2865 3268 2936 interposita
3292 2873 3469 2918 creata
3494 2869 3683 2915 natura
3713 2859 3798 2915 di-

2238 2959 2424 3032 ligaris
2444 2959 2497 3013 in
2523 2957 2789 3029 proximo.
2830 2954 3080 3024 Nunquid
3124 2960 3343 3022 propter
3383 2949 3508 3017 hoc,
3532 2948 3804 3003 individua

2239 3050 2441 3110 unitas,
2465 3046 2722 3102 debemus
2753 3053 2804 3097 te
2829 3041 3055 3099 credere
3072 3055 3192 3099 esse
3217 3038 3484 3110 geminam
3503 3038 3529 3091 ?
3555 3034 3804 3105 Nunquid

2241 3148 2426 3197 noster
2449 3153 2605 3193 amor
2627 3132 3066 3204 multiplicabitur
3094 3130 3391 3186 secundum
3407 3143 3691 3184 numerum
3721 3142 3804 3181 re-

2244 3248 2385 3298 rum,
2410 3246 2548 3302 quas
2569 3226 2852 3284 amamus?
2880 3222 3068 3280 Nonne
3091 3223 3281 3279 eodem
3313 3235 3495 3276 amore
3533 3219 3805 3290 diligimus

2240 3322 2443 3388 omnia,
2471 3335 2611 3391 quae
2640 3318 2927 3390 diligimus,
2953 3329 3074 3370 cum
3105 3327 3242 3368 unus
3266 3320 3426 3382 atque
3473 3309 3614 3364 idem
3644 3322 3798 3363 amor

2240 3428 2349 3469 non
2379 3411 2676 3481 aequaliter
2725 3407 2975 3463 omnibus
3017 3403 3375 3466 distribuitur,
3423 3399 3544 3454 aliis
3608 3398 3804 3469 quippe

2238 3504 2378 3576 plus,
2410 3502 2533 3557 aliis
2556 3501 2732 3555 minus
2753 3498 3210 3561 accommodatur,
3256 3493 3374 3563 ipso
3417 3500 3596 3545 tamen
3639 3489 3693 3543 in
3742 3502 3803 3543 se

2241 3595 2358 3665 ipso
2390 3593 2505 3648 sine
2531 3598 2840 3661 augmento,
2867 3589 2986 3644 sine
3015 3586 3340 3641 detrimento
3368 3588 3540 3636 status
3570 3579 3652 3635 sui
3683 3591 3800 3631 ma-

2241 3694 2424 3743 neute.
2484 3685 2601 3740 Non
2663 3681 2807 3739 enim
2866 3681 2970 3737 alio
3028 3693 3214 3735 amore
3280 3676 3529 3747 iubemur
3582 3671 3806 3743 diligere

2243 3779 2435 3843 Deum,
2458 3786 2515 3832 et
2546 3776 2652 3831 alio
2674 3775 2900 3846 diligere
2924 3772 3267 3843 proximum;
3319 3780 3490 3837 neque
3512 3774 3664 3836 parte
3692 3777 3800 3816 una

2240 3870 2399 3925 unius
2428 3867 2627 3923 amoris
2654 3865 3011 3937 praecipimur
3028 3863 3322 3918 adhaerere
3349 3855 3621 3920 Creatori,
3649 3861 3804 3925 parte

2241 3961 2409 4017 altera
2440 3959 2736 4014 adhaerere
2756 3963 3041 4012 creaturae
3068 3971 3083 4008 :
3118 3954 3341 4008 seduno
3368 3949 3669 4018 eodemque
3691 3952 3801 3999 toto

2242 4062 2298 4109 et
2323 4052 2493 4108 Deum
2515 4060 2570 4106 et
2613 4049 2916 4120 proximum
2969 4046 3228 4101 debemus
3277 4039 3548 4110 amplecti.
3582 4036 3811 4091 Praece-

2240 4152 2390 4216 ptum
2416 4143 2580 4215 igitur
2601 4140 2843 4196 caritatis
2869 4146 2955 4193 est
2971 4137 3261 4208 geminum,
3287 4148 3393 4189 non
3421 4132 3534 4202 ipsa
3561 4130 3760 4184 caritas
3785 4165 3801 4193 ,

2240 4246 2297 4292 et
2324 4236 2446 4291 ideo
2498 4233 2790 4304 geminum,
2835 4228 2959 4299 quia
2986 4228 3107 4282 talis
3131 4223 3431 4282 ditl‘erentia
3457 4230 3541 4277 est
3567 4219 3620 4273 in
3648 4231 3811 4287 prae-

2240 4333 2417 4396 cepto,
2453 4333 2514 4379 ut
2535 4324 2677 4378 Deus
2703 4322 2954 4392 diligatur
2981 4326 3200 4390 propter
3228 4315 3600 4385 semetipsum,
3628 4308 3812 4380 proxi-

2241 4430 2363 4469 mus
2415 4429 2546 4469 vero
2591 4429 2696 4469 non
2751 4419 2975 4482 propter
3019 4409 3391 4478 semetipsum,
3451 4403 3543 4460 sed
3592 4409 3814 4471 propter

2245 4507 2435 4563 Deum.
2463 4504 2675 4561 Caritas
2698 4504 2863 4575 igitur
2903 4504 2957 4557 in
2981 4501 3231 4558 omnibus
3274 4498 3463 4560 Deum,
3508 4495 3561 4549 id
3594 4502 3698 4559 est,
3751 4505 3812 4546 se

2246 4599 2419 4669 ipsam
2443 4595 2634 4667 diligit,
2665 4603 2720 4650 et
2764 4595 2821 4649 iu
2844 4607 2909 4652 ea
2938 4590 3083 4648 nulla
3125 4587 3415 4662 geminatio
3441 4593 3542 4650 est,
3590 4597 3656 4636 ac
3709 4595 3809 4650 per

2245 4689 2352 4744 hoc
2399 4687 2542 4743 nulla
2573 4686 2885 4758 duplicatio.

2321 4778 2431 4835 VII.
2472 4777 2786 4833 Confectum
2832 4782 2919 4831 est
2960 4774 3144 4843 itaque
3170 4773 3487 4839 argumento
3533 4761 3807 4829 caritatis,

2245 4869 2374 4941 quid
2419 4870 2662 4938 accipere
2687 4866 2946 4921 debemus
2967 4865 3034 4920 de
3059 4860 3422 4934 geminatione
3442 4855 3809 4928 praedestina-

2247 4961 2432 5028 tionis,
2456 4974 2598 5031 quae
2621 4956 2872 5014 similiter
2898 4956 2953 5010 in
2983 4952 3273 5021 semetipsa
3299 4964 3401 5005 uec
3445 4948 3682 5019 gemina,
3711 4958 3812 4999 nec

2242 5053 2517 5124 bipertita,
2573 5065 2673 5107 nec
2716 5047 2875 5119 dupla
2912 5055 3019 5112 est,
3059 5041 3308 5115 quamvis
3335 5040 3584 5097 videatur
3634 5036 3813 5107 aliqua

2242 5141 2545 5197 differentia
2572 5141 2627 5197 in
2655 5136 2936 5196 effectibus
2956 5134 3072 5206 ejus
3111 5133 3408 5192 secundum
3438 5130 3677 5187 rationes
3706 5124 3812 5181 mi-

1831 5254 2089 5313 VARIAE
2125 5254 2524 5315 LECTIONES.

643 5388 664 5420 ί
692 5387 786 5443 Sic
831 5382 951 5442 cod.
975 5424 990 5449 ,
1043 5380 1115 5437 ll.
1161 5377 1631 5451 imprudentissme.

1748 5378 1769 5409 '
1810 5377 1901 5434 Sic
1946 5378 2105 5442 cod.,
2158 5384 2251 5431 tua
2299 5391 2408 5431 om.
2446 5373 2517 5429 Μ.

2618 5371 2639 5404 ³
2679 5370 2772 5427 Stc
2825 5371 2945 5426 cod.
3052 5368 3074 5401 δ
3109 5346 3501 5422 Οοᾶίῡηιεκε.
3624 5360 3646 5392 ⁸
3681 5357 3813 5413 Cod.

570 5426 956 5524 amabis}?
975 5426 1262 5524 ubique?"
1271 5426 1708 5524 "wSii'ch‘ot-ljibeo
1719 5426 1932 5524 omni].
1951 5426 2984 5524 jTCbnichdipr-Eedesﬁnaucrinitas
3009 5447 3150 5522 sunt,
3178 5434 3248 5490 Μ.
3272 5450 3408 5524 μιᾳ.
3432 5433 3531 5524 εὔιε.
3594 5429 3617 5462 ⁸

574 5496 1262 5578 ὅδὶιῗὲἷῗόιῖἧιιὶὶῖὰῖὲἦῖἱιιε
1319 5496 1670 5583 Τεῖῐεῐόεῐζ
1682 5496 2482 5588 Μῗὶὶἑρῐιῖιίοηεῗ’ἲῖέίῖῒὲὲέ
2496 5496 2707 5580 ubique
2729 5512 2848 5565 cod.
2871 5496 3146 5581 bipertita;
3178 5496 3299 5561 raro
3324 5501 3587 5573 ιᾱρανιίια.
3662 5498 3702 5530 ιι
3724 5496 3819 5554 Sic

572 5594 717 5659 cod.,
747 5593 817 5646 M.
839 5593 959 5645 item
1003 5602 1051 5645 et
1078 5593 1213 5660 ipsa.

2094 5673 2342 5732 NOTAE.

651 5807 677 5837 ι
714 5791 1000 5852 Confessio
1020 5792 1324 5849 Gotescalci
1352 5794 1386 5847 Ι.

2304 5791 2335 5833 δ
2367 5789 2522 5846 Joan.
2555 5788 2643 5853 IV,
2672 5786 2755 5841 16.
