4194 6276
419 375 526 437 369

1512 365 1711 421 LIBEll
1753 360 1839 418 DE
1875 355 2594 419 PRAEDESTINATIONE.

3579 367 3685 426 570

426 493 759 554 sericordiae
787 498 948 561 atque
969 485 1230 557 justitiae.
1263 485 1377 540 Ilna
1408 484 1672 554 siquidem
1696 484 1997 551 eademque
2027 485 2076 545 Α
2107 480 2254 534 tabili
2282 480 2302 511 "
2342 489 2559 533 aeterna
2599 477 3090 547 praedestinatione
3130 479 3346 536 divinae
3388 485 3683 540 voluntatis

428 584 924 660 praedestinatione
964 596 1064 639 sua
1093 581 1234 633 Deus
1257 577 1434 646 justus
1460 585 1514 630 et
1539 575 1871 638 misericors,
1899 589 1997 643 po-

430 690 555 735 tens
577 679 628 732 in
659 674 922 736 onmibus,
945 672 1010 724 de
1032 684 1207 723 massa
1255 667 1471 722 humani
1501 667 1733 736 generis,
1762 665 2000 734 origina-

431 768 556 823 liter
589 767 638 820 in
666 762 889 824 cunctis,
946 768 1175 829 excepto
1207 757 1446 822 Christo,
1479 757 1689 819 vitiata,
1737 755 2002 825 quosdam

369 910 372 912 .
431 857 604 927 elegit,
631 852 825 923 quibus
853 850 1078 904 daturus
1103 847 1300 912 fuerat,
1329 846 1473 915 quod
1503 862 1530 899 a
1561 845 1868 916 semetipsis
1892 860 1999 898 non

430 943 687 1008 habituri,
721 941 775 995 id
825 949 929 1004 est,
982 941 1122 994 dona
1152 954 1270 1003 sua,
1309 938 1504 1007 quibus
1535 945 1714 991 essent
1772 935 2001 998 victuri;

424 1034 687 1108 quosdam
723 1031 947 1101 reliquit
977 1030 1018 1094 ¹,
1053 1027 1143 1097 qui
1181 1044 1212 1082 a
1256 1028 1560 1097 semetipsis
1590 1027 1858 1081 inventuri
1881 1019 2006 1097 pec;

423 1137 543 1183 cata
591 1142 710 1188 sua,
760 1123 958 1192 quibus
983 1128 1165 1176 essent
1209 1120 1455 1190 perituri.
1499 1119 1606 1173 Illis
1663 1119 1833 1183 dedit,
1866 1117 2007 1172 unde
2058 1120 2061 1123 ’

425 1216 712 1272 beatitudo
739 1220 886 1267 esset
913 1210 1116 1273 futura,
1143 1209 1262 1262 istis
1296 1225 1402 1263 non
1432 1209 1597 1272 dedit,
1626 1209 1718 1262 sed
1743 1207 2006 1277 permisit,

429 1308 579 1361 unde
623 1304 845 1358 miseria
866 1314 1051 1355 eorum
1096 1314 1298 1370 poenas
1329 1314 1550 1369 passura
1585 1300 1626 1352 ’.
1655 1299 1762 1354 Illis
1784 1315 1888 1352 non
1915 1298 2008 1363 illi,

433 1398 532 1454 sed
557 1397 674 1466 ipse
703 1392 1050 1464 praeparavit
1086 1391 1272 1453 vitam,
1300 1390 1420 1444 istis
1452 1406 1551 1444 non
1599 1391 1731 1460 ipse,
1767 1389 1862 1444 sed
1909 1389 2010 1458 ipsi

437 1490 906 1556 praeparaverunt
932 1488 1175 1536 mortem.
1206 1479 1317 1534 Illis
1339 1479 1479 1534 illius
1505 1481 1811 1534 misericors
1844 1479 2004 1534 boni-

441 1590 527 1636 tas
555 1592 717 1632 causa
749 1575 847 1628 fuit
872 1570 1146 1642 regnandi,
1198 1570 1318 1626 istis
1362 1586 1457 1625 sua
1492 1572 1710 1640 propria
1761 1569 2012 1640 superbia

438 1683 602 1724 causa
654 1663 754 1718 fuit
797 1672 850 1718 et
920 1661 1148 1716 effectus
1203 1661 1501 1715 cruciandi.
1560 1660 1750 1714 Cetera
1799 1673 2014 1729 quoque

435 1754 703 1824 exempla,
731 1767 871 1822 quae
890 1751 956 1805 ad
988 1745 1417 1820 complicaudam
1450 1749 1837 1804 absurdissime
1859 1763 2015 1818 prae-

2104 570 2683 638 onmipotentissimae,
2707 584 2846 638 quae
2877 587 3146 640 nunquam
3173 588 3544 642 nusquamque
3574 572 3682 630 fal;

2103 663 2253 726 litur,
2298 661 2538 715 tractari.
2586 659 2690 714 Sed
2742 661 2808 714 de
2864 663 3193 731 proprietate
3223 662 3366 716 illius
3419 663 3680 731 haeresis,

2105 767 2244 821 quae
2267 767 2383 806 eam
2413 751 2636 816 lacerat,
2665 751 2814 820 prius
2840 751 3146 807 dicendum.
3176 753 3321 810 Haec
3348 755 3511 826 igitur
3551 758 3682 812 bae-

2105 844 2241 898 resis
2265 842 2675 907 Gotescalcana,
2708 843 2751 896 si
2783 842 2872 896 tali
2905 844 3122 898 nomine
3150 854 3326 914 potest
3369 849 3571 914 vocari,
3605 849 3686 903 in-

2109 940 2192 986 ter
2214 932 2348 986 duas
2378 931 2511 986 alias
2543 931 2826 998 haereses,
2882 932 2982 987 sibi
3025 933 3253 988 invicem
3307 935 3682 1005 adversantes,

2108 1026 2414 1079 medietatis
2432 1025 2552 1079 loco
2574 1027 2863 1080 constituta
2886 1036 2990 1093 est,
3010 1029 3151 1083 inter
3172 1028 3317 1084 illam
3341 1031 3519 1100 plane,
3543 1049 3684 1103 quae

2109 1116 2306 1171 dicitur
2329 1116 2636 1186 Pelagiana,
2666 1129 2722 1174 et
2747 1119 2908 1184 illam,
2941 1137 3078 1190 quae
3115 1123 3166 1177 ei
3212 1136 3502 1195 repugnat;
3548 1144 3685 1199 qua-

2112 1222 2228 1260 rum
2261 1222 2366 1259 una
2399 1207 2540 1261 dono
2570 1207 2783 1262 divinae
2818 1211 3024 1280 gratiae
3053 1213 3295 1282 derogat,
3326 1215 3496 1270 altera
3523 1217 3687 1273 liber-

2113 1305 2277 1350 tatem
2305 1295 2512 1350 arbitrii
2539 1299 2882 1354 condemnat.
2917 1299 3205 1372 Pelagiana
3228 1305 3490 1374 siquidem
3532 1317 3682 1364 secta

2111 1387 2416 1442 libertatem
2449 1389 2661 1442 arbitrii
2682 1391 2960 1446 rationalis
2986 1401 3214 1450 naturae
3234 1396 3290 1450 in
3319 1405 3526 1452 tantum
3542 1415 3692 1454 com-

2114 1479 2348 1543 mendat,
2384 1488 2441 1532 ut
2475 1479 2590 1533 sine
2615 1481 2756 1536 dono
2787 1483 2993 1550 gratiae
3014 1485 3082 1538 ad
3105 1486 3488 1555 perﬁciendam
3514 1490 3689 1545 homi-

2116 1568 2198 1621 nis
2220 1566 2486 1635 justitiam
2520 1569 2763 1624 sulliciat.
2788 1570 2920 1638 Eius
2945 1589 3074 1628 vero
3096 1584 3242 1629 secta
3270 1578 3541 1632 contraria
3569 1594 3691 1649 gra-

2117 1660 2282 1713 tuitae
2311 1661 2520 1729 gratiae
2543 1660 2740 1716 donum
2759 1663 3068 1730 conﬁrmat,
3096 1674 3154 1720 ut
3179 1667 3376 1724 eomlo
3401 1667 3452 1721 in
3476 1669 3691 1724 homine

2117 1757 2398 1818 operante,
2448 1751 2594 1804 omni
2647 1760 2841 1805 conatu
2899 1752 3052 1808 liberi
3106 1754 3316 1808 arbitrii
3355 1764 3689 1826 contempto,

433 1843 855 1901 destinationem
905 1840 1170 1903 cumulas,
1217 1839 1338 1908 plus
1388 1839 1691 1894 dementiae
1743 1849 1866 1892 tuae
1892 1846 2016 1893 sunt
2045 1834 2090 1895 B
2119 1840 2297 1894 omnis
2323 1839 2494 1894 ﬁdelis
2538 1839 2812 1912 fastigium
2837 1842 3079 1912 justitiae
3108 1845 3406 1913 contingat.
3441 1844 3554 1901 Una
3587 1844 3691 1916 igi-

435 1935 656 1996 indicia,
683 1946 846 2003 quam
871 1930 1072 1985 erroris
1093 1929 1188 1982 tui.
1218 1929 1333 1994 Dic,
1363 1943 1562 1996 quaeso
1594 1928 1648 1993 ³,
1679 1943 1784 1997 qua
1815 1928 2021 1983 ratione

436 2023 715 2096 sumpsisti
745 2031 1119 2094 argumentum
1174 2020 1244 2074 ab
1293 2034 1455 2090 opere
1505 2019 1598 2074 Dei
1643 2020 1897 2090 bipertito
1953 2021 2020 2074 ad

438 2116 769 2174 suadendam
807 2110 1320 2182 praedestinationis
1371 2120 1426 2164 et
1453 2111 1702 2166 caritatis
1749 2110 2019 2181 duplicem

439 2207 931 2279 complicationem,
962 2219 1084 2258 cum
1111 2219 1247 2274 opus
1269 2203 1364 2257 Dei
1395 2204 1466 2257 sit
1494 2219 1867 2268 numerosum,
1889 2204 2019 2274 quia

442 2311 683 2356 creatum
743 2306 843 2363 est,
874 2295 1300 2368 praedestinatio
1323 2309 1453 2351 vero
1505 2301 1562 2350 et
1602 2296 1826 2362 caritas,
1877 2296 2022 2350 sicut

447 2393 775 2465 pluralitate,
807 2391 880 2443 ita
903 2389 1068 2442 etiam
1093 2387 1484 2442 numerositate
1515 2388 1724 2441 carent?
1766 2385 2022 2456 Nunquid

448 2482 574 2552 quia
615 2496 750 2549 opus
778 2479 1041 2542 divinum,
1072 2478 1125 2532 id
1151 2486 1236 2532 est
1273 2477 1596 2531 universitas
1628 2489 2018 2543 creaturarum,

448 2572 598 2626 verbi
651 2569 822 2640 gratia
861 2568 915 2621 in
947 2567 1082 2622 duas
1103 2565 1257 2636 quasi
1283 2565 1608 2636 principales
1628 2568 1838 2635 species
1883 2567 2022 2620 divi-

445 2661 612 2726 ditur,
643 2656 976 2730 spiritualem
1007 2655 1260 2709 videlicet
1283 2662 1340 2708 et
1363 2654 1719 2724 corporalem,
1745 2663 2022 2725 propterea

445 2763 702 2820 cogemur
755 2744 1330 2816 praedestinationem,
1387 2758 1492 2811 qua
1530 2743 1672 2797 Deus
1734 2759 1895 2813 opera
1928 2759 2021 2798 sua

448 2847 626 2901 futura
659 2843 943 2914 disposuit,
973 2841 1292 2910 duplicare?
1327 2839 1480 2906 Quod
1533 2840 1576 2894 si
1614 2840 1872 2910 cogimur,
1923 2855 2021 2894 ne-

449 2938 688 2994 cessario
727 2946 782 2992 et
806 2933 1162 3004 quadruplam
1193 2932 1415 2987 credere
1441 2931 1851 3001 compellemur,
1887 2948 2022 3002 quo-

452 3031 600 3085 niam
624 3028 956 3098 Augustinus
976 3026 1030 3079 in
1055 3024 1329 3094 opusculis
1356 3023 1499 3078 suis:
1531 3043 1549 3074 σ
1581 3022 1752 3092 Opera
1781 3024 2018 3090 divinat,

452 3122 648 3192 inquit,
683 3137 702 3171 ι
737 3134 876 3189 quae
925 3116 1104 3171 secula
1152 3114 1355 3170 creavit
1402 3122 1456 3168 et
1483 3115 1764 3184 gubernat,
1803 3115 2021 3186 quadri-

2124 1938 2228 1995 tur,
2263 1939 2324 1984 ut
2348 1930 2548 1984 dictum
2574 1939 2676 1996 est,
2729 1933 2926 1986 donum
2949 1935 3152 2003 gratiae
3179 1935 3496 1998 contemnit,
3524 1935 3694 1991 altera

2122 2023 2321 2077 donum
2378 2023 2643 2079 libertatis
2692 2025 2930 2092 arbitrii;
2963 2026 3152 2081 ambae
3209 2027 3484 2098 impietate
3511 2041 3692 2098 pares,

2121 2121 2268 2168 secta
2290 2128 2422 2168 vero
2447 2114 2704 2183 dispares.
2739 2115 2886 2170 Haec
2915 2126 3114 2182 autem,
3171 2117 3237 2173 de
3265 2133 3369 2188 qua
3401 2133 3543 2172 nunc
3572 2118 3692 2188 agi-

2122 2213 2229 2270 tur,
2264 2205 2343 2260 sic
2371 2215 2456 2260 est
2481 2207 2532 2260 in
2564 2207 2738 2261 medio
2766 2209 2906 2262 inter
2932 2219 3186 2278 utrasque
3241 2210 3546 2278 praedictas
3576 2218 3695 2265 tan-

2121 2311 2284 2366 quam
2315 2298 2687 2353 extremitates
2719 2300 2857 2352 inter
2879 2313 2936 2353 se
2957 2299 3258 2354 contrarias
3288 2300 3598 2368 conjuncta,
3630 2306 3693 2354 ut

2120 2387 2254 2456 ipsis
2291 2389 2486 2456 partim
2545 2380 2866 2452 consentiat,
2915 2389 3112 2458 partim
3158 2389 3514 2454 contradicat,
3565 2405 3694 2460 pro-

2120 2481 2407 2550 priumque
2465 2480 2565 2534 sibi
2611 2481 2848 2536 vindicet
2882 2481 2936 2547 ',
2985 2483 3126 2551 quod
3160 2482 3304 2553 ipsas
3341 2500 3446 2539 non
3497 2484 3697 2538 habere

2122 2571 2428 2626 contendat.
2484 2570 2618 2625 Dum
2672 2573 2815 2625 enim
2875 2574 3114 2626 omnium
3167 2575 3450 2639 virtutum,
3502 2575 3698 2644 quibus

2119 2661 2433 2730 pervenitur
2476 2661 2542 2715 ad
2570 2661 2979 2726 beatitudinem,
3039 2665 3388 2734 omniumque
3417 2665 3698 2732 vitiorum,

2121 2753 2318 2821 quibus
2351 2752 2737 2822 praecipitatur
2759 2755 2822 2807 ad
2850 2755 3146 2819 miseriam,
3174 2755 3228 2808 in
3253 2757 3700 2824 praedestinatio-

2120 2843 2280 2898 nibus
2303 2844 2521 2906 divinis,
2547 2855 2606 2898 ut
2627 2845 2742 2914 ipsa
2773 2845 2942 2915 ﬁngit,
2974 2847 3311 2900 necessarias
3333 2847 3435 2900 inc'
3459 2846 3698 2900 itabilcs-

2121 2949 2227 3003 que
2253 2950 2446 2990 causas
2477 2944 2704 2990 conatur
2733 2937 3086 3002 constituere,
3140 2937 3269 3006 quid
3321 2938 3464 2991 aliud
3492 2937 3702 2992 videtur

2122 3019 2366 3088 sua—dere,
2393 3026 2496 3080 nisi
2521 3027 2616 3080 Dei
2650 3027 2807 3089 dona,
2853 3028 2955 3082 hoc
2983 3038 3084 3092 est,
3132 3028 3359 3083 liberum
3406 3030 3702 3087 voluntatis

2125 3117 2432 3182 arbitrium,
2481 3126 2537 3170 et
2587 3119 2791 3188 gratiae
2839 3120 3097 3175 auxilium
3151 3123 3452 3189 destruere,
3505 3125 3701 3194 quibus

452 3179 613 3270 for-Ini
635 3179 646 3187 '
665 3179 875 3264 ratione
900 3206 1248 3278 distinguitur
1277 3226 1320 3258 ι.
1375 3205 1560 3259 Virtus
1603 3221 1816 3275 quoque
1865 3222 2016 3260 com-
2047 3179 2092 3241 α
2125 3209 2335 3263 duobus
2354 3209 2598 3278 profecto
2620 3211 2896 3280 plenitudo
2907 3211 3150 3284 justitiae
3164 3215 3398 3271 hominis
3417 3218 3702 3273 etinchoa-

450 3301 650 3362 munis,
674 3313 776 3367 qua
805 3296 981 3352 omnis
1004 3296 1181 3349 anima
1218 3295 1428 3364 sapiens
1461 3295 1748 3361 formatur,
1781 3297 2018 3366 quadru-

443 3392 756 3462 plicabitur,
792 3388 1046 3458 quoniam
1085 3387 1136 3440 in
1183 3395 1437 3456 quattuor
1464 3387 1487 3417 ⁸
1531 3388 1760 3442 virtutes
1805 3388 2020 3443 habitus

445 3483 608 3538 animi
634 3483 701 3536 de
725 3481 845 3549 ipsa
873 3479 1216 3550 exprimitur.
1247 3478 1409 3544 Quasi
1443 3479 1628 3532 unitas
1652 3480 1776 3534 dum
1804 3480 1874 3533 sit
1905 3495 2020 3533 om-

447 3575 591 3628 nium
622 3573 926 3642 specierum
974 3569 1316 3640 partiumque
1365 3584 1582 3639 expers,
1635 3571 1704 3624 ab
1747 3585 1810 3625 ea
1840 3579 2018 3626 tamen

446 3665 620 3720 omnis
648 3663 878 3733 species,
917 3677 1214 3731 omnesque
1239 3670 1421 3731 partes
1466 3678 1572 3718 non
1600 3663 1882 3717 oriantur!
1915 3664 2022 3718 Aut

454 3767 706 3825 tanquam
739 3756 805 3811 de
837 3755 1189 3823 impressione
1216 3753 1376 3808 unius
1398 3753 1541 3808 anuli
1575 3754 1597 3786 ⁵
1651 3754 1816 3809 multa
1859 3756 2020 3810 vesti-

454 3848 541 3916 gia
561 3847 615 3900 in
644 3860 766 3901 cera
803 3845 917 3899 ﬁeri
945 3844 1317 3914 nonpossint!
1351 3843 1488 3910 Quid
1511 3853 1613 3910 est,
1659 3845 1802 3914 quod
1837 3845 2020 3902 dixisti

455 3937 523 3989 de
552 3936 750 3989 mundo
779 3933 1202 4004 quadripertito?
1238 3931 1282 3987 0
1337 3933 1644 4003 plumbeum
1694 3935 2015 4005 pugionem!

451 4028 534 4081 An
561 4024 702 4080 forte
729 4026 996 4090 aestimas,
1043 4025 1591 4094 praedestinationem
1639 4027 1848 4082 duabus
1892 4044 2022 4084 con-

451 4127 597 4175 stare
617 4118 886 4188 partibus,
917 4116 1366 4186 quemadmodum
1396 4116 1626 4172 mundus
1641 4125 1897 4187 quattuor
1914 4118 2024 4174 ele-

450 4211 650 4266 mentis
675 4207 1105 4279 componitur“,
1142 4224 1264 4264 cum
1313 4209 1384 4264 sit
1420 4209 1603 4265 unus?
1640 4210 1813 4265 Simili
1865 4211 2022 4266 modo

453 4302 522 4356 de
541 4299 755 4371 gemina
783 4301 974 4355 arbore
996 4297 1125 4368 quid
1151 4297 1386 4353 deliras?
1407 4299 1488 4352 An
1522 4299 1657 4355 forte
1689 4309 1846 4371 putas
1871 4316 2026 4372 prae-

455 4390 836 4448 destinationis
862 4390 1263 4460 simplicitatem
1318 4391 1738 4460 comparandam
1785 4407 1906 4447 esse
1940 4408 2026 4447 ra-

457 4480 565 4535 mis
609 4479 907 4536 arborum?
933 4479 1080 4534 Inter
1123 4479 1234 4545 illa,
1269 4489 1330 4534 ut
1357 4481 1532 4546 video,
1555 4481 1717 4548 dolia,
1745 4498 1886 4552 quae
1928 4484 2022 4539 tibi

453 4571 768 4640 praeparari
803 4571 980 4642 jubes,
1033 4569 1142 4639 jam
1169 4571 1438 4628 involutus
1482 4570 1781 4627 suffocaris.
1835 4572 2026 4628 Merito

453 4659 652 4728 quippe
674 4659 726 4713 in
777 4658 898 4714 oleo
919 4667 1081 4727 atque
1109 4659 1229 4729 pice
1258 4659 1450 4714 ardere
1471 4661 1722 4726 debuisti,
1753 4661 1842 4731 qui
1869 4671 1926 4716 et
1952 4661 2032 4716 lu-

456 4763 578 4804 men
611 4749 884 4814 caritatis,
928 4758 982 4804 et
1005 4749 1321 4820 mysterium
1351 4751 1860 4819 praedestinationis
1899 4768 2033 4820 per-

453 4854 640 4911 peram
666 4840 865 4896 docere
891 4856 997 4895 non
1025 4841 1255 4895 timuisti
1287 4853 1334 4894 α.

984 4971 1506 5048 (ιΑΡιΤυιυΜ ιν.

601 5083 678 5140 De
704 5103 837 5153 una,
867 5101 1008 5154 vera,
1039 5087 1253 5160 solaque
1275 5089 1375 5144 Dei
1397 5090 1891 5161 praedestinatione.

2054 4525 2108 4586 D

2122 3309 2231 3364 tur,
2259 3307 2313 3354 et
2329 3301 2632 3370 perﬁcitur.

2189 3387 2248 3442 ll.
2299 3389 2440 3444 llaec
2465 3391 2628 3461 igitur
2658 3408 2792 3447 nova
2815 3401 2960 3450 secta
2988 3393 3310 3466 Pelagianae
3337 3400 3604 3455 consentit
3645 3401 3698 3458 in

2121 3480 2366 3548 eo,quod
2395 3483 2594 3536 donum
2623 3486 2829 3552 gratiae
2857 3489 3125 3556 gratuitae
3156 3490 3288 3545 nihil
3333 3491 3538 3566 homini
3572 3509 3698 3562 pro-

2122 3569 2277 3625 desse
2299 3573 2574 3628 asseritad
2600 3574 2900 3631 faciendam
2924 3577 3212 3647 justitiam,
3239 3583 3332 3638 sed
3349 3583 3517 3638 solam
3542 3597 3698 3654 prae-

2122 3661 2498 3718 destinationis
2526 3666 2936 3733 necessitatem;
2981 3671 3048 3724 ab
3087 3686 3147 3724 ea
3181 3687 3310 3726 vero
3333 3673 3580 3728 dissentit
3612 3688 3700 3738 co,

2122 3753 2263 3819 quod
2288 3753 2430 3808 vires
2469 3753 2621 3808 liberi
2663 3756 2868 3810 arbitrii
2921 3759 3139 3827 penitus
3167 3763 3470 3822 evacuavit.
3528 3777 3703 3831 neque

2123 3843 2187 3897 ad
2211 3843 2346 3898 bene
2372 3845 2571 3912 facere,
2599 3863 2773 3918 neque
2795 3851 2861 3904 ad
2888 3853 3024 3907 mala
3048 3857 3389 3910 committere
3425 3857 3447 3888 ⁹
3478 3871 3704 3926 praeva-

2122 3933 2256 3997 lere,
2301 3938 2478 3990 omnia
2534 3939 2668 3992 haec
2721 3941 2773 3994 in
2808 3944 3132 3998 necessitate
3190 3946 3706 4014 praedestinationis

2122 4024 2584 4092 impudentissime
2600 4029 2642 4059 ¹⁰
2660 4032 2922 4099 ponendo.
2941 4033 3040 4086 Ast
3070 4035 3123 4087 in
3139 4049 3225 4098 eo,
3245 4034 3386 4102 quod
3406 4037 3700 4103 appetitum

2124 4112 2277 4166 liberi
2305 4115 2516 4171 arbitrii
2579 4118 2788 4174 laborat
2840 4121 3078 4184 auferre,
3107 4123 3518 4178 adversantibus
3548 4122 3702 4176 Pela-

2125 4204 2316 4274 gianae
2369 4207 2410 4236 “
2440 4209 2653 4262 videtur
2701 4212 3029 4275 consentire,
3081 4214 3165 4266 cui
3218 4215 3411 4267 iterum
3462 4213 3706 4280 resultat,

2127 4296 2251 4351 dum
2301 4298 2439 4352 dona
2499 4299 2712 4354 divinae
2741 4302 2950 4370 gratiae
3002 4303 3136 4356 nihil
3190 4299 3392 4358 homini
3443 4308 3706 4374 prolicere

2127 4387 2487 4442 commendat.
2521 4388 2704 4460 Neque
2723 4391 2868 4457 enim
2891 4391 3026 4446 dona
3056 4402 3202 4459 sunt,
3229 4409 3368 4464 quae
3391 4411 3491 4450 non
3519 4396 3708 4451 volun-

2132 4469 2264 4542 tate,
2293 4480 2387 4533 sed
2418 4481 2740 4536 necessitate
2757 4481 2921 4547 liunt,
2949 4498 3074 4538 cum
3094 4485 3346 4542 omnibus
3375 4486 3712 4558 sapientibus

2133 4575 2189 4620 et
2211 4567 2583 4636 insipientibus
2609 4571 2950 4626 notissimum
2974 4574 3063 4636 sit,
3091 4575 3296 4641 omnia,
3326 4587 3467 4646 quae
3507 4578 3714 4633 donan-

2137 4664 2244 4721 tur,
2279 4666 2334 4712 et
2363 4659 2642 4715 voluntate
2669 4663 2923 4718 donantis
2951 4664 3155 4734 largiri,
3177 4675 3234 4722 et
3260 4669 3539 4725 voluntate
3569 4671 3712 4726 acci-

2133 4746 2329 4816 pientis
2361 4748 2582 4819 percipi.
2613 4749 2901 4822 Proprium
2931 4769 3063 4812 vero
3092 4757 3254 4826 huius
3274 4751 3582 4826 haereseos,
3605 4777 3714 4832 quo

2135 4837 2302 4906 ipsae,
2353 4839 2494 4892 inter
2543 4857 2680 4911 quas
2727 4844 3037 4902 medietatis
3083 4847 3200 4904 loco
3243 4852 3480 4919 ponitur,
3525 4868 3716 4907 carere

2135 4931 2449 5000 probantur.
2481 4932 2766 5006 Pelagiana
2810 4939 2955 4994 enim
3008 4941 3152 4996 vires
3177 4941 3330 4998 liberi
3360 4942 3568 4999 arbitrii
3597 4943 3716 4998 sine

2140 5021 2406 5092 adjutorio
2431 5025 2642 5080 divinae
2661 5029 2886 5096 gratiae,
2916 5031 3032 5101 ejus
3051 5047 3180 5089 vero
3201 5034 3494 5089 adversans
3513 5032 3714 5088 donum

2142 5117 2478 5173 solummodo
2531 5121 2737 5190 gratiae
2763 5125 2966 5192 absque
3025 5124 3177 5180 liberi
3221 5125 3434 5180 arbitrii
3477 5125 3596 5180 nisu
3645 5125 3714 5179 ad

529 5195 572 5252 ι.
609 5197 801 5257 Restat
825 5198 1031 5270 itaque,
1061 5199 1128 5258 de
1151 5216 1283 5268 una,
1307 5216 1457 5269 vera,
1489 5203 1709 5273 solaque
1739 5203 2040 5261 incommu-
2137 5205 2402 5275 justitiam
2431 5173 2844 5281 perpetrandam
2868 5173 3119 5270 subicere
3149 5213 3461 5268 arbitratur.
3496 5212 3602 5268 Sed
3626 5227 3713 5267 ea-

1694 5335 1964 5417 mme
2001 5336 2404 5396 LECTIONES.
2773 5353 2776 5356 α
3701 5313 3704 5320 ’

535 5448 554 5481 ⁸
591 5446 722 5504 Cod.
759 5449 1001 5520 reliquid.
1078 5449 1099 5481 ’
1135 5448 1267 5506 Cod.
1301 5465 1516 5520 patara.

1593 5449 1615 5483 ³
1653 5449 1783 5505 Cod.
1816 5466 2021 5520 quasso.
2097 5449 2121 5482 "
2153 5451 2285 5508 Cod.
2309 5460 2577 5520 quattuor.
2655 5453 2678 5485 ⁸
2718 5452 2808 5508 Sic
2833 5453 2977 5518 θοὰ,
3007 5453 3078 5508 Μ.
3102 5454 3306 5509 annuli.
3381 5453 3404 5487 ⁸
3435 5452 3569 5518 Cod.
3593 5471 3720 5512 con-

460 5521 696 5614 ponitur,
722 5521 809 5604 sic.
828 5522 1044 5602 ubique.
1121 5521 1750 5614 τϐοᾱλιξςοίιρνηιοιαῡὶςί,
1778 5521 1858 5604 sic
1885 5520 1997 5576 fere
2028 5522 2246 5592 ubique.
2322 5523 2344 5555 ⁸
2379 5520 2509 5579 Cod.
2571 5524 2828 5579 uendicet.
2901 5521 2924 5554 ⁸
2962 5522 3096 5581 Cod.
3138 5525 3426 5582 cammare.
3505 5524 3550 5559 ι’
3579 5524 3716 5586 Cod.

461 5590 911 5658 inpudentissime,
944 5593 1023 5647 sic
1047 5606 1282 5660 semper.
1363 5591 1403 5621 “
1443 5590 1576 5647 Cod.
1625 5591 1916 5663 pelaginae.

1949 5680 2198 5736 NOTAE.

1949 5680 1996 5735 Ν
2088 5681 2144 5736 Al

534 5784 562 5814 ι
600 5773 677 5828 Dc
715 5781 973 5844 quattuor
1019 5771 1176 5828 doliis
1227 5771 1302 5828 cf.
1339 5770 1583 5828 Coufess.
1610 5773 1892 5844 prolixior.
1924 5680 2144 5830 602.31.“.
