4194 6276
552 302 651 359 571

1911 302 2193 361 JOANNlS
2230 303 2429 361 SCOTI

3701 312 3805 379 372

553 431 671 475 rum
695 413 841 473 nulla
870 414 1231 484 praesumpsit
1259 414 1463 480 dicere,
1489 416 1998 486 praedestinationis
2022 433 2118 471 ne-
2150 420 2201 479 Α
2226 416 2395 473 libero
2429 418 2705 475 contendit
2731 420 2980 485 arbitrio,
3010 422 3177 483 altera
3203 425 3446 492 gratiae;
3478 425 3647 483 haec’
3679 442 3805 483 vero

553 509 856 567 cessitatem
884 507 1129 562 homines
1148 516 1240 561 aut
1267 508 1336 565 ab
1360 508 1499 567 bene
1533 508 1813 563 vivendum
1841 511 2005 581 juste,
2034 517 2130 565 aut

553 598 619 650 ad
653 597 789 655 male
819 598 1105 651 vivendum
1131 598 1293 666 impie
1320 609 1653 669 retorquere.
1679 601 2021 671 Relinquitur
2043 618 2130 656 er—

553 703 619 759 go
636 689 747 757 ipsa
769 704 902 741 vana
924 687 1433 757 praedestinationis
1450 694 1745 748 necessitas
1763 694 1923 763 hujus
1940 693 2129 748 tertiae

551 775 789 851 haeresis
811 777 1130 846 proprietas.

619 867 702 922 ill.
747 868 850 921 Sed
879 868 1013 921 haec
1037 869 1214 923 omnia
1231 884 1500 926 venenosa
1525 872 2128 944 diabolicaeimpietatis

541 952 719 1027 jaeula
745 960 968 1016 munitis
999 961 1425 1032 inexpugnabilis
1454 963 1574 1019 fidei
1605 966 2019 1037 propugnaculis
2047 967 2128 1022 fa-

545 1048 744 1103 cillime
793 1051 1135 1119 repelluntur.
1168 1051 1258 1105 Illa
1289 1053 1453 1121 igitur
1482 1054 1709 1111 rationis
1756 1058 1955 1125 specie,
1986 1072 2126 1127 quae

549 1139 749 1196 dicitur
798 1142 1138 1208 ἀποδεικτική,
1169 1152 1409 1209 utamur,
1456 1145 1687 1213 primum
1725 1149 1982 1204 adversus
2007 1164 2123 1213 eos,

544 1230 636 1309 qui
684 1230 766 1286 vel
792 1242 1007 1304 negant,
1055 1234 1139 1288 vel
1188 1235 1453 1313 dubitant,
1488 1237 1714 1307 gratiam
1762 1238 1857 1292 Dei
1889 1253 2023 1300 esse,
2071 1246 2125 1293 et

543 1321 609 1373 ad
655 1321 837 1376 mundi
892 1322 1114 1377 salutem
1160 1326 1492 1394 praevalere;
1547 1344 1653 1382 non
1688 1330 1830 1398 quod
1877 1339 2121 1385 nostrum

540 1413 873 1484 propositum
915 1415 1006 1481 sit,
1036 1416 1301 1475 debellare
1342 1419 1678 1491 Pelagianos,
1719 1429 1812 1474 aut
1837 1436 2023 1476 eorum
2052 1436 2121 1481 ex

541 1506 764 1569 adversa
784 1518 973 1576 parte,
998 1510 1118 1578 pari
1150 1521 1328 1570 tamen
1378 1512 1579 1566 malitia
1605 1514 1928 1579 contrarios,
1978 1516 2120 1585 quod

540 1601 672 1668 satis
700 1616 730 1655 a
785 1604 986 1659 sanctis
1002 1603 1260 1671 Panibus
1285 1615 1368 1671 est
1392 1618 1592 1669 actum,
1648 1611 1743 1665 sed
1788 1613 1928 1680 quod
1956 1613 2120 1683 hujus

538 1688 801 1757 haeresis,
837 1693 900 1746 de
938 1709 1041 1761 qua
1088 1711 1232 1752 nunc
1276 1697 1476 1767 agitur,
1508 1700 1581 1755 sit
1609 1701 1853 1771 depulsio
1878 1703 2116 1773 ipsarum

537 1780 762 1843 duarum
789 1784 1062 1843 refutatio.
1096 1787 1169 1841 Ex
1202 1790 1282 1847 eis
1298 1790 1444 1845 enim
1477 1808 1696 1849 manare
1750 1811 1856 1853 non
1893 1796 2112 1853 dubium

535 1881 635 1937 est.
658 1871 759 1940 Qui
777 1888 905 1946 ergo
930 1892 1035 1933 non
1061 1889 1281 1950 possunt
1302 1880 1485 1939 videre
1507 1881 1599 1938 Dei
1622 1885 1873 1954 gratiam,
1898 1887 2114 1943 videant

536 1963 718 2031 mundi
743 1964 990 2021 salutem.
1040 1967 1155 2025 Non
1184 1971 1326 2033 enim
1355 1973 1513 2037 simul
1542 1986 1766 2042 possmt
1790 1991 1932 2043 esse,
1963 1980 2114 2037 salus

537 2051 721 2107 mundi
751 2063 862 2118 est,
892 2065 947 2111 et
978 2058 1148 2126 gratia
1178 2059 1275 2131 Dei
1305 2078 1409 2116 non
1436 2073 1537 2119 est.
1566 2064 1625 2120 Si
1647 2068 1789 2121 enim
1817 2070 1987 2138 gratia
2016 2071 2111 2128 Dei

536 2143 767 2199 mundus
796 2162 902 2202 non
935 2148 1273 2215 liberaretur,
1312 2155 1579 2222 quomodo
1604 2157 1750 2213 salus
1772 2161 1889 2229 ejus
1918 2177 2111 2231 seque-

537 2236 723 2293 retur?
754 2236 925 2297 Simul
952 2251 1128 2297 autem
1158 2259 1277 2303 esse
1298 2256 1522 2315 possunt
1546 2258 1601 2305 et
1628 2250 1772 2306 salus
1812 2253 2017 2318 mundi,
2053 2264 2112 2311 et

533 2328 705 2397 gratia
732 2328 847 2384 Dei.
877 2329 934 2387 Si
956 2333 1216 2403 igiturest
1250 2336 1398 2405 salus
1430 2339 1633 2405 mundi,
1672 2345 1978 2397 necessario
2004 2345 2110 2401 erit

530 2416 705 2495 gratia
761 2419 877 2481 Dei.
936 2422 1270 2493 Firmissime
1315 2435 1495 2483 autem
1550 2438 1810 2498 tenemus,
1881 2435 2110 2491 salutem

532 2511 718 2569 mundi
750 2513 980 2571 venisse.
1005 2514 1320 2575 Certissime
1349 2521 1516 2591 igitur
1545 2532 1846 2591 teneamus,
1877 2530 2109 2597 gratiam

536 2601 630 2661 Dei
663 2602 922 2664 illuxisse.
961 2610 1197 2669 Audiant
1235 2616 1551 2685 Apostolum
1574 2619 1883 2677 dicentem:
1924 2625 2113 2683 Illuxit

531 2696 666 2758 enim
693 2700 867 2767 gratia
894 2700 991 2756 Dei
1036 2715 1085 2757 α.
1112 2705 1315 2765 Deinde
1352 2708 1454 2771 his,
1489 2711 1578 2779 qui
1610 2712 1836 2768 liberum
1866 2717 2113 2774 volunta-

535 2787 603 2849 tis
630 2788 900 2849 humanae
937 2795 1223 2857 arbitrium
1245 2800 1328 2854 vel
1349 2802 1565 2870 penitus
1603 2815 1819 2874 negant,
1849 2808 1929 2861 vel
1959 2809 2027 2862 de
2048 2826 2112 2868 eo

528 2877 799 2946 dubitant,
826 2884 1013 2943 eodem
1039 2888 1200 2944 modo
1214 2900 1304 2947 est
1322 2895 1775 2961 respondendum.
1801 2897 1858 2952 Si
1882 2899 2112 2959 liberum

528 2970 817 3043 arbitrium
853 2978 1076 3037 credere
1106 2997 1212 3038 non
1238 2986 1510 3052 poteritis,
1536 2986 1802 3056 judicium
1828 2994 2010 3048 mundi
2033 2995 2115 3049 fu-

531 3068 712 3139 turum
767 3080 889 3127 esse
934 3085 1042 3127 non
1084 3073 1320 3135 creditis.
1353 3073 1414 3131 Si
1440 3086 1619 3132 autem
1645 3079 1904 3146 judicium
1925 3089 2110 3142 mundi

532 3169 639 3223 non
664 3159 892 3227 potestis
914 3177 1134 3231 negare,
1165 3166 1431 3234 eogemini
1456 3167 1684 3225 liberum
1714 3172 1997 3230 arbitrium
2030 3178 2112 3231 ra-

532 3245 648 3300 teri.
705 3245 820 3302 Non
865 3249 1009 3303 enim
1052 3260 1107 3305 et
1121 3249 1384 3318 judicium
1439 3258 1623 3313 mundi
1652 3260 1891 3319 futurum
1920 3277 2019 3334 est,
2057 3277 2113 3329 et

519 3334 755 3401 liberum
774 3340 1061 3399 arbitrium
1087 3359 1196 3405 non
1244 3354 1347 3403 est.
1378 3348 1521 3406 Haec
1548 3352 1747 3423 quippe
1777 3358 1935 3411 simul
1994 3360 2110 3428 ﬁeri

520 3441 627 3521 non
650 3438 891 3521 possunt.
922 3429 1058 3491 Nam
1079 3449 1184 3502 qua
1204 3435 1414 3505 justitia
1443 3440 1684 3498 futurum
1711 3457 1795 3501 est
1811 3448 2101 3521 judicium,

518 3515 564 3570 si
598 3531 700 3570 non
722 3527 803 3572 est
826 3518 1053 3577 liberum
1093 3525 1418 3587 arbitrium?
1462 3529 1637 3587 Simul
1664 3549 1790 3590 vero
1814 3515 1942 3593 Vﬁeui

519 3618 664 3673 sunt,
694 3618 751 3665 et
778 3610 1005 3670 liberum
1027 3619 1311 3678 arbitrium
1347 3634 1449 3689 est,
1477 3637 1533 3683 et
1547 3629 1806 3698 judicium
1835 3634 2098 3695 i‘utttrum.

521 3698 577 3759 Si
609 3714 739 3770 ergo
767 3704 951 3759 mundi
966 3705 1232 3775 judicium
1259 3723 1341 3768 est
1366 3713 1630 3783 futurum,
1663 3727 1970 3782 necessario
1999 3727 2103 3785 erit

517 3786 749 3855 liberum
793 3792 1087 3854 voluntatis
1148 3802 1454 3860 arbitrium.
1510 3809 1770 3867 Futurum
1802 3825 1979 3871 autem
2035 3820 2103 3875 de

516 3882 721 3949 mundo
737 3880 942 3952 justum
956 3886 1221 3956 judicium
1246 3895 1469 3966 impium
1495 3910 1579 3956 est
1601 3918 1733 3974 nega
1745 3920 1817 3961 re.
1845 3907 2099 3967 Liberum

516 3984 647 4063 ergo
670 3973 954 4033 arbitrium
978 3979 1186 4041 homini
1211 4002 1242 4041 a
1260 3984 1375 4043 Deo
1406 3988 1589 4046 datum
1627 3973 1850 4063 impium
1879 4008 1964 4054 est
1990 4012 2099 4058 non

517 4062 756 4129 credere.
797 4065 1122 4127 Conclusam
1150 4076 1451 4148 estigitur,
1483 4090 1539 4136 et
1590 4062 1822 4140 liberum
1866 4090 2100 4148 hominis

515 4166 640 4231 esse
666 4156 969 4228 arbitrium,
994 4171 1050 4218 et
1087 4167 1298 4235 gratiae
1316 4170 1549 4239 donum,
1595 4190 1663 4231 ex
1689 4192 1755 4233 eo
1784 4181 1929 4249 quod
1972 4198 2102 4239 con-

517 4261 729 4315 cessum
752 4261 856 4320 est,
884 4263 940 4317 et
982 4256 1215 4321 salutent
1263 4264 1448 4320 mundi
1477 4267 1714 4334 venisse,
1747 4279 1801 4325 et
1834 4270 2097 4340 judicium

514 4355 633 4405 esse
656 4341 916 4403 futurum.
950 4347 1051 4411 Via
1074 4351 1248 4423 igitur
1278 4356 1430 4427 regia
1474 4360 1848 4428 gradieodum,
1904 4380 2005 4421 nec
2030 4368 2097 4422 ad

2229 517 2281 564 et
2296 509 2521 563 liberum
2538 511 2819 565 arbitrium
2838 512 3016 578 simul,
3031 522 3189 583 etgra
3201 515 3303 570 tiae
3323 530 3515 571 munus
3531 515 3807 571 destruere

2229 597 2467 664 molitur,
2496 615 2559 654 ac
2579 616 2675 669 per
2697 602 2830 656 haec
2852 614 3250 672 consequenter
3278 607 3527 660 etmundi
3555 606 3802 673 salutem,

2228 699 2284 745 et
2301 691 2584 760 judicium.
2614 690 2749 746 Huic
2774 707 2903 763 ergo
2940 693 3209 749 resistitur
3236 695 3320 749 tali
3353 696 3529 750 modo.
3569 697 3667 763 Qui
3699 711 3802 751 non

2227 792 2407 852 potest
2430 784 2638 847 videre,
2664 783 2830 837 immo
2849 784 2940 852 qui
2966 791 3071 839 nan
3108 785 3220 838 vult
3245 785 3426 851 fateri,
3470 787 3670 840 nullam
3722 788 3776 841 in

2228 874 2535 929 evitabilem
2581 874 3058 943 compellentemve
3100 876 3468 931 necessitatem
3508 876 3684 932 inesse
3715 877 3804 931 di-

2226 966 2382 1021 vinae
2409 966 2910 1036 praedestinationi,
2938 983 3075 1036 quae
3092 968 3174 1022 vel
3194 985 3313 1025 eam
3331 980 3502 1042 cogat,
3531 971 3799 1041 utaliquid

2225 1056 2280 1111 in
2326 1069 2575 1112 creatura
2606 1073 2715 1127 sua
2745 1044 2929 1124 faciat,
2966 1074 3141 1128 neque
3177 1075 3297 1115 eam
3322 1061 3493 1130 ipsam
3524 1076 3640 1116 esse
3673 1078 3800 1116 cau-

2226 1164 2339 1203 sam
2387 1151 2766 1215 necessariam,
2799 1167 2939 1221 quae
2960 1151 3222 1209 violenter
3250 1160 3439 1223 urgeat
3490 1155 3800 1209 rationalem

2223 1241 2410 1305 vitam,
2441 1252 2499 1296 ut
2524 1243 2603 1297 vel
2636 1244 2720 1311 pie
2744 1243 2975 1298 vivendo
2998 1242 3109 1299 Deo
3139 1259 3237 1299 suo
3258 1243 3575 1309 adhaereat,
3594 1244 3679 1301 vel
3704 1245 3803 1307 ime

2221 1332 2309 1400 pie
2338 1332 2502 1386 Deum
2535 1348 2691 1388 suum
2726 1334 2959 1399 deserat,
3016 1334 3197 1388 videat
3238 1334 3471 1389 liberum
3520 1324 3807 1399 voluntatis

2223 1424 2507 1479 arbitrium
2524 1437 2575 1479 et
2606 1442 2827 1482 munera
2852 1426 3074 1493 gratiae.
3101 1424 3215 1482 Non
3239 1427 3384 1485 enim
3413 1426 3569 1481 simul
3586 1435 3807 1497 possunt

2221 1530 2362 1581 esse,
2396 1527 2453 1572 ut
2476 1528 2531 1571 et
2553 1518 2781 1574 liberum
2814 1517 3095 1573 arbitrium
3126 1517 3443 1588 gratiaeque
3473 1518 3672 1575 donum
3704 1519 3810 1597 sint

2221 1608 2380 1667 simul
2410 1620 2462 1663 et
2476 1611 2770 1666 necessitas
2781 1608 3595 1679 praedestinationis.Quomodo
3611 1611 3807 1680 quippe

2220 1707 2446 1766 possunt
2472 1701 2493 1731 δ
2535 1699 2651 1754 ﬁeri
2681 1701 2736 1754 in
2760 1715 2868 1755 uno
2897 1710 2951 1754 et
2985 1710 3145 1755 causa
3168 1699 3474 1761 necessaria
3502 1714 3720 1767 cogens,
3750 1706 3806 1755 et

2147 1765 2193 1825 Β
2220 1765 2522 1843 voluntaria
2543 1788 2823 1844 ciliciens?
2851 1787 2965 1851 Non
2989 1788 3132 1849 enim
3166 1788 3342 1853 locum
3375 1788 3538 1845 habet
3566 1765 3661 1846 aut
3681 1802 3805 1857 gra-

2218 1876 2343 1942 tiae,
2373 1885 2469 1932 aut
2496 1878 2791 1941 voluntatis
2821 1877 3062 1945 libertas,
3086 1877 3178 1939 ubi
3204 1886 3290 1939 est
3304 1884 3532 1933 naturae
3552 1877 3803 1930 immuta-

2212 1970 2338 2027 bilis
2361 1972 2666 2040 captivitas.
2712 1969 2893 2031 Simul
2921 1978 3098 2033 autem
3128 1968 3246 2033 ﬁeri
3272 1975 3518 2037 possunt,
3549 1976 3607 2021 ut
3646 1975 3698 2027 et
3728 1966 3799 2023 li-

2211 2060 2400 2123 berum
2431 2062 2716 2119 arbitrium
2732 2075 2854 2127 cum
2887 2060 3026 2123 dono
3048 2059 3254 2129 gratiae
3272 2060 3402 2124 sint,
3419 2066 3473 2111 et
3494 2056 3797 2129 praedesti-

2210 2152 2444 2219 nationis
2464 2152 2769 2215 necessitas
2792 2164 2904 2205 non
2936 2149 3038 2215 sit;
3072 2148 3249 2205 aufert
3272 2149 3416 2221 enim
3455 2147 3614 2218 plaute
3634 2147 3797 2215 liber-

2212 2251 2292 2297 tas
2343 2243 2732 2313 captivitatem.
2804 2240 2863 2299 Si
2916 2255 3047 2311 ergo
3076 2278 3091 2306 ,
3158 2239 3247 2294 ubi
3299 2240 3523 2307 libertas
3587 2238 3800 2311 arbitrii

2210 2350 2331 2391 cum
2377 2338 2519 2390 dono
2574 2335 2791 2404 gratiae.
2833 2342 2982 2396 sunt,
3026 2332 3098 2397 ibi
3146 2331 3652 2403 praedestinationis
3711 2344 3804 2386 ne-

2212 2423 2437 2483 cessitas
2483 2438 2735 2478 essenon
2782 2430 2981 2491 potest,
3027 2420 3344 2487 ,eonrersim
3390 2420 3660 2488 sequitur,
3710 2417 3802 2495 ubi

2210 2515 2717 2585 praedestinatiouis
2762 2513 3066 2569 necessitas
3119 2520 3221 2579 est,
3275 2511 3349 2569 ibi
3418 2526 3518 2569 nec
3572 2510 3800 2567 liberum

2214 2605 2631 2667 arbitrium,nec
2651 2604 2860 2675 gratiae
2888 2610 3067 2671 potest
3090 2616 3213 2657 esse
3240 2600 3460 2667 donum.
3482 2602 3800 2655 Rectissime

2214 2605 2631 2667 arbitrium,nec
2651 2604 2860 2675 gratiae
2888 2610 3067 2671 potest
3090 2616 3213 2657 esse
3240 2600 3460 2667 donum.
3482 2602 3800 2655 Rectissime

2214 2704 2394 2750 autem
2425 2696 2714 2758 credimus,
2738 2702 2790 2753 et
2819 2694 3149 2750 lucidissime
3176 2695 3463 2758 sentimus,
3492 2703 3547 2747 et
3569 2694 3793 2753 liberum

2214 2785 2519 2849 arbitrium,
2548 2796 2603 2839 et
2629 2784 2835 2852 gratiae
2865 2785 3064 2839 donum
3111 2785 3162 2845 in
3207 2785 3422 2839 homine
3456 2799 3617 2854 posse
3655 2591 3856 2871 esse]

2212 2785 2519 2849 arbitrium,
2548 2796 2603 2839 et
2629 2784 2835 2852 gratiae
2865 2785 3064 2839 donum
3111 2785 3162 2845 in
3207 2785 3422 2839 homine
3456 2799 3617 2854 posse
3655 2798 3793 2839 esse.

2213 2876 2553 2935 Firmissime
2575 2877 2740 2948 igitur
2757 2875 3139 2947 intelligamus,
3165 2875 3613 2931 necessitudinem
3638 2890 3798 2947 prae-

2216 2968 2590 3027 destinationis
2611 2969 2663 3022 in
2693 2968 2913 3029 homine
2948 2984 3055 3023 non
3079 2982 3237 3037 posse
3265 2982 3403 3023 esse.
3445 2965 3603 3021 Omni
3650 2982 3799 3043 nam-

2217 3075 2319 3128 que
2351 3061 2553 3117 homini
2588 3061 2808 3116 libertas
2834 3061 2956 3121 data
3007 3067 3090 3115 est
3117 3060 3364 3130 propriae
3388 3058 3679 3131 voluntatis
3703 3072 3796 3131 ge:

2217 3158 2490 3223 neraliter,
2518 3160 2614 3213 sed
2638 3174 2742 3214 non
2776 3157 2837 3211 in
2868 3155 3139 3221 omnibus,
3171 3155 3264 3219 sed
3300 3163 3505 3223 tantum
3533 3153 3589 3217 in
3638 3166 3795 3222 prae—

2212 3248 2496 3303 destinatis
2523 3248 2664 3304 dono
2676 3248 2883 3318 gratiae
2896 3255 3273 3317 praeparatur,
3289 3243 3593 3313 adjuvatur,
3618 3251 3796 3298 custo—

2211 3341 2376 3405 ditur,
2398 3341 2603 3407 ﬁnitur,
2640 3351 2954 3396 coronatur.
2984 3341 3042 3401 in
3069 3339 3215 3395 nullo
3249 3348 3429 3407 autem
3470 3336 3794 3411 generaliter

2209 3432 2386 3488 divina
2442 3432 2936 3502 praedestinatione
2984 3440 3252 3503 urgetur,
3312 3431 3647 3501 captivatur,
3697 3425 3792 3499 sed

2206 3532 2431 3593 peccato
2459 3534 2513 3580 et
2542 3525 2794 3595 originali
2841 3533 2899 3580 et
2944 3525 3164 3596 proprio
3201 3523 3511 3593 impeditur,
3557 3519 3788 3585 occulto,

2199 3610 2347 3681 justo
2376 3624 2552 3669 tamen
2586 3616 2682 3671 Dei
2711 3614 2938 3683 judicio.

2278 3722 2340 3779 ν.
2377 3725 2629 3789 Proinde,
2658 3736 2717 3779 ut
2743 3727 2809 3782 ad
2840 3739 3022 3780 veram
3075 3723 3620 3795 praedestinationem
3666 3719 3787 3774 red-

2204 3833 2390 3872 eamus
2411 3818 2452 3883 ⁵,
2475 3819 2612 3873 duce
2633 3818 2744 3887 ipsa
2788 3817 3097 3872 ﬁrmissime
3117 3817 3406 3879 credimus,
3429 3810 3788 3881 apertissime-

2205 3926 2309 3980 que
2335 3910 2601 3977 videmus,
2629 3926 2750 3965 eam
2781 3925 2900 3966 esse
2954 3925 3117 3964 unam
3153 3910 3433 3976 solamque
3455 3905 3783 3961 substantia-

2203 4001 2330 4055 lem.
2364 4001 2506 4056 Deus
2534 4010 2617 4057 est
2639 4002 2783 4057 enim
2814 4016 2997 4064 verus,
3046 4015 3174 4055 vera
3206 4000 3300 4053 Dei
3338 3994 3783 4067 praedestinatio,

2204 4108 2343 4162 quae
2373 4101 2660 4162 antequam
2688 4093 2867 4147 omnia
2892 4092 3105 4158 ﬁerent,
3152 4105 3292 4160 quae
3324 4089 3391 4144 ab
3422 4089 3562 4158 ipsa,
3609 4096 3665 4140 et
3692 4099 3787 4155 per

2204 4187 2397 4255 ipsam,
2423 4195 2478 4241 et
2498 4188 2551 4241 in
2598 4187 2707 4257 ipsa
2740 4186 2879 4242 facta
2912 4196 3055 4247 sunt,
3090 4187 3142 4239 in
3174 4198 3428 4239 mensura
3457 4190 3513 4237 et
3562 4194 3786 4236 numero

2203 4286 2257 4331 et
2286 4278 2520 4347 pondere
2555 4276 2795 4331 facienda
2846 4275 3133 4347 praevidit,
3163 4284 3219 4330 et
3258 4273 3464 4328 dictura
3499 4269 3781 4341 disposuit.

2202 4370 2296 4425 Est
2320 4371 2461 4425 enim
2498 4370 2744 4424 omnium
2774 4374 3149 4425 creaturarum
3174 4380 3340 4423 causa
3379 4363 3707 4427 voluntaria,
3728 4368 3785 4415 et

515 4433 952 4541 άευεξτδαξνρηθέξ
988 4442 1057 4503 ad
1081 4443 1357 4541 sinistram
1412 4448 1808 4520 divertendum,
1857 4455 1961 4512 hoc
1989 4467 2091 4526 est,
2122 4472 2175 4541 Β
2200 4464 2450 4520 voluntas
2478 4466 2773 4519 causativa.
2805 4465 2952 4520 inter
2967 4480 3102 4536 quas
3131 4463 3447 4519 rationalem
3477 4469 3782 4516 creaturam

513 4537 584 4585 ne
632 4525 713 4579 sic
759 4523 1080 4593 defepdatur
1122 4534 1351 4592 liberum
1412 4541 1720 4607 arbitrium,
1772 4555 1831 4599 ut
1877 4548 1925 4602 ei
1952 4523 2091 4606 bona

513 4626 679 4682 opera
702 4616 822 4673 sine
840 4618 935 4674 Dei
968 4624 1142 4691 gratia
1175 4627 1501 4697 tribuantur,
1542 4649 1642 4691 nec
1667 4636 1745 4691 sic
1776 4638 2096 4698 defendatur

514 4706 805 4803 gratia,
825 4711 981 4779 quasi
996 4713 1073 4769 de
1098 4713 1186 4769 illa
1216 4721 1393 4773 securi
1421 4724 1563 4779 mala
1586 4742 1753 4796 opera
1779 4730 2089 4803 diligantur.

581 4795 671 4889 iV.
704 4799 841 4857 Huic
861 4816 991 4859 vero
1008 4804 1197 4860 tertiae
1212 4808 1453 4876 haeresi,
1478 4795 1640 4882 quam
1656 4795 1906 4889 perversa
1930 4823 2095 4882 Cote-

705 4892 960 4984 eogitatio
1010 4895 1309 4965 inspirante
1338 4901 1552 4959 diabolo
1603 4888 1828 4975 addidit,
1870 4929 2092 4984 respon-

513 4979 772 5080 dentium.
819 4981 956 5080 Mira
981 4986 1259 5080 siquidem
1293 4991 1557 5052 diabolica
1603 5000 1897 5058 subtilitate
1928 4979 2086 5080 [et]1

511 5070 1021 5169 duabuspraedictis
1033 5078 1345 5140 haeresibus
1365 5100 1585 5144 manare
1610 5106 1718 5147 non
1743 5105 1827 5150 est
1843 5070 2088 5169 dubium,

514 5162 647 5261 dum
684 5178 873 5261 eorum
910 5169 1159 5229 videatur
1198 5176 1396 5245 partim
1422 5194 1544 5236 esse
1572 5186 1840 5256 negativa,
1889 5162 2086 5261 partim

513 5253 820 5316 confessiva
850 5259 892 5316 ³.
946 5261 1163 5320 Illarum
1210 5283 1461 5341 namque,
1505 5283 1565 5329 ut
1601 5253 1802 5335 dictum
1830 5253 1944 5349 est,
1979 5303 2084 5343 una

944 5448 951 5455 .
1755 5393 1839 5449 VA
1851 5395 2009 5454 [ΗΔΕ
2040 5396 2443 5457 LECTIONES.

586 5453 827 5549 ῗεθειρωο
858 5453 1006 5549 φάη
1031 5464 1257 5549 θός-Ν·
1332 5472 1353 5502 ²
1374 5471 1647 5549 ,οοα;,οοπ
1678 5480 1887 5549 resina.
1964 5490 1985 5522 ε
2026 5453 2109 5549 (Ξος

2226 5453 2298 5548 Li.
2343 5453 2461 5549 cod.
2505 5490 2610 5545 hic.

514 5524 660 5591 006.,
692 5525 762 5581 Μ.
801 5524 1031 5590 redeam.
1109 5536 1130 5569 ⁸
1167 5524 1257 5597 Sic
1291 5524 1779 5612 οοόῖῖίῖ

588 5717 611 5747 α
654 5707 759 5764 Tit.
792 5709 856 5781 ll,
886 5714 971 5768 tt.

2199 4554 2439 4609 condidit
2470 4554 2491 4586 ⁸
2520 4555 2584 4609 ad
2626 4569 2684 4610 se
2738 4555 3160 4626 intelligendam,
3186 4561 3247 4607 ut
3272 4565 3483 4606 summa
3511 4550 3592 4604 sui
3615 4550 3780 4612 bono,

2199 4648 2305 4702 hoc
2330 4653 2431 4711 est,
2480 4646 2938 4716 contemplatione
2979 4643 3256 4702 creatricis
3282 4656 3413 4696 suae
3440 4639 3548 4693 frui
3576 4647 3776 4707 posset,

2197 4736 2432 4806 largiens
2464 4737 2510 4791 ei
2543 4751 2698 4790 suum
2734 4737 2955 4802 donum,
3001 4735 3052 4789 id
3072 4731 3287 4802 quidem
3334 4738 3462 4784 suae
3487 4727 3781 4782 voluntatis

2196 4824 2425 4879 liberum
2442 4825 2745 4890 arbitrium,
2767 4834 2822 4880 ut
2838 4841 2903 4881 eo
2923 4822 3295 4879 munerebene
3313 4820 3535 4884 utendo,
3555 4819 3656 4873 hoc
3671 4826 3775 4883 est,

2200 4915 2477 4972 Creatoris
2502 4919 2584 4972 sui
2610 4925 2900 4987 praecepto
2926 4916 3013 4987 pie
3028 4912 3419 4981 humiliterque
3454 4908 3773 4973 obediendo,

2191 5008 2338 5079 juste
2389 5019 2549 5082 atque
2595 5011 2752 5065 beate
2798 5023 3011 5085 semper
3062 5006 3291 5061 viveret.
3335 5003 3393 5059 Si
3424 5019 3554 5081 vero
3588 5002 3780 5061 eodem

2200 5117 2422 5157 munere
2451 5102 2588 5157 male
2617 5109 2883 5167 uteretur,
2923 5098 3063 5170 quod
3111 5105 3194 5152 est
3243 5111 3516 5151 summum
3555 5092 3779 5179 bonum,

2196 5192 2511 5247 Creatorem
2540 5193 2792 5248 videlicet
2817 5207 2974 5247 suum
3004 5191 3273 5252 deserere,
3316 5184 3779 5257 cormptibiliints-

2198 5298 2302 5356 que
2334 5284 2490 5340 bonis
2514 5282 2791 5339 voluntate
2828 5296 3082 5354 perversa
3124 5279 3435 5344 inhaerere,
3467 5276 3642 5332 debita
3676 5270 3779 5328 mi-

2712 5489 2738 5523 ‘
2934 5444 3156 5562 possi‘nt,
3180 5483 3252 5539 Μ.
3291 5482 3510 5555 possint.
3621 5478 3643 5512 '
3685 5476 3776 5537 Sic

2012 5652 2261 5712 NOTAE.
