4194 6276
437 303 542 374 δτξ.

1531 287 1732 344 LIBER
1771 287 1858 364 ut;
1897 282 2600 358 PRAEDESTlDiATlONE.

3578 275 3678 352 art

434 413 577 476 seria
607 413 906 487 poenaliter
920 417 1249 482 sequeretur.
1274 405 1582 464 Justissmie
1601 403 1794 473 quippe
1817 402 2002 456 deser-
2034 405 2080 464 Α
2109 411 2228 472 post
2250 417 2480 472 peccans
2507 417 2608 454 non
2625 405 2814 467 potest,
2849 397 2892 452 si
2926 396 3071 460 velit,
3089 391 3320 464 sigratia
3345 388 3680 458 nonjnverit.

439 523 616 564 torem
675 503 1076 572 copiosissimae
1121 495 1620 568 pulcherrimaeque
1667 489 2012 546 beatitudinis

437 600 686 668 sequitur
716 602 922 664 egestas
951 593 968 622 ²
1001 589 1342 660 turpissimae
1375 583 1686 640 voluntatis.
1725 583 1826 635 Ars
1855 582 2014 651 igitur

439 694 576 761 ipsa,
601 703 696 758 per
722 700 878 755 quam
909 681 1048 736 facta
1100 687 1228 733 sunt
1279 677 1480 740 omnia,
1532 689 1670 742 quae
1691 681 1772 726 est
1802 685 2012 725 summa

439 774 1034 844 incouunutabilisque'
1066 771 1158 826 Dei
1213 769 1494 838 sapientia,
1565 767 1637 819 ita
1695 762 2011 818 rationalem

439 882 734 927 creaturam
761 865 1060 920 faciendam
1087 877 1206 916 esse
1245 855 1696 930 praedestinando
1725 851 2006 922 disposuit,

433 969 491 1014 ut
513 959 561 1013 ei
593 957 796 1012 nullam
853 952 1234 1009 necessitatem
1293 949 1614 1016 imponeret,
1671 957 1805 1011 quae
1845 942 2010 993 etiam

430 1049 704 1105 nolentem
740 1046 852 1099 Deo
895 1059 994 1098 suo
1047 1041 1253 1096 servire
1291 1035 1584 1092 inevitabili
1619 1031 1869 1087 violentia
1907 1046 2012 1084 ur-

431 1149 604 1214 geret,
631 1141 722 1195 vel
773 1137 1038 1192 volentem
1067 1135 1115 1188 ei
1159 1133 1450 1186 adhaerere
1497 1135 1710 1198 cogeret
1744 1126 2010 1179 deserere.

432 1235 494 1288 In
517 1249 629 1286 uno
655 1245 850 1298 nempe
879 1227 1152 1280 videretur
1185 1224 1428 1280 conditae
1451 1221 1678 1274 rationis
1709 1216 2010 1286 captivitas,

440 1325 496 1376 in
527 1321 700 1376 altero
723 1319 1014 1374 conditoris
1053 1314 1328 1383 iniquitas.
1375 1313 1453 1366 Eo
1482 1311 1620 1364 enim
1649 1307 2013 1376 modojustis-

441 1415 582 1468 sime
613 1411 1102 1480 benignissimoque
1149 1403 1564 1474 pulchritudinis
1613 1401 1773 1454 totius
1801 1399 2016 1451 "nivei"

441 1505 620 1560 sitatis
651 1501 920 1557 consuluit
945 1508 1189 1560 naturae,
1229 1512 1390 1566 quam
1421 1496 1484 1548 ad
1543 1494 1826 1563 imaginem
1857 1501 1910 1544 et
1939 1490 2013 1544 si-

440 1595 796 1655 militudinem
847 1607 998 1646 suam
1046 1590 1270 1652 creavit,
1317 1600 1377 1642 ut
1413 1587 1513 1642 sibi
1563 1587 1857 1649 voluntate,
1909 1601 2016 1638 non

437 1691 763 1742 necessitate
813 1685 1060 1746 serviret,
1089 1682 1394 1736 rectissimo
1424 1681 1640 1749 quidem
1693 1679 1906 1731 divinae
1932 1691 2016 1731 sa-

2185 495 2293 547 Vll.
2328 491 2464 548 llinc
2493 489 2822 559 Augustinus
2849 488 2899 540 in
2917 486 3051 540 libro
3079 486 3143 540 de
3164 483 3306 538 dono
3333 495 3688 550 perseveran-

2115 588 2262 641 tiae:
2303 603 2319 634 ι
2361 583 2416 637 Si
2447 598 2575 653 ergo
2621 581 2724 634 alia
2772 580 3088 632 documenta
3144 589 3250 628 non
3301 565 3522 633 essent,
3553 569 3688 622 haec

2114 677 2384 732 dominica
2417 675 2591 728 oratio
2619 672 2776 726 nobis
2803 671 2868 724 ad
2896 681 3112 724 causam
3158 663 3383 736 gratiae,
3408 675 3565 730 quam
3597 659 3692 714 de-

2113 770 2401 828 fendimus,
2436 766 2548 819 sola
2573 763 2858 826 ειιίῐῙρρποῐ,
2907 760 3032 827 quia
3065 757 3200 814 nihil
3243 753 3399 809 nobis
3449 749 3688 819 reliquit,

2115 861 2166 913 in
2197 875 2302 926 quo
2349 867 2606 924 tauquam
2635 855 2686 906 in
2731 861 2918 906 nostro
2965 850 3278 920 gloriemur.
3329 842 3604 912 Siquidem
3629 847 3690 896 ut

2114 965 2220 1004 non
2245 947 2584 1002 discedamus
2613 959 2641 996 a
2691 943 2820 1003 Deo,
2849 955 2952 992 non
3005 937 3240 992 ostendit
3283 935 3514 988 dandum
3571 945 3689 986 esse

2113 1041 2215 1094 nisi
2251 1055 2278 1091 a
2311 1037 2438 1098 Deo,
2491 1049 2611 1089 cum
2669 1029 2992 1102 poscendum
3048 1026 3282 1080 ostendit
3334 1040 3364 1077 a
3409 1023 3537 1077 Deo.
3587 1021 3688 1087 Qui

2116 1131 2257 1186 enim
2294 1143 2396 1180 non
2431 1123 2659 1178 infertur
2689 1121 2708 1151 ³
2755 1121 2807 1174 in
2852 1117 3277 1189 temptationem,
3318 1130 3421 1168 non
3467 1111 3688 1166 discedit

2118 1237 2146 1274 a
2177 1220 2308 1271 Deo.
2333 1216 2449 1270 Non
2474 1214 2683 1268 esthoc
2717 1209 2936 1265 omnino
2969 1209 3018 1262 in
3043 1208 3244 1260 viribus
3274 1205 3424 1258 liberi
3460 1201 3688 1266 arbitrii,

2119 1312 2304 1382 quales
2329 1323 2468 1362 nunc
2495 1314 2639 1361 sunt.
2675 1303 2875 1358 Fuerat
2901 1302 2950 1354 in
2994 1299 3230 1362 homine,
3273 1303 3560 1364 antequam
3594 1308 3688 1346 ea-

2119 1405 2288 1460 deret.
2317 1402 2468 1468 Quae
2501 1409 2676 1451 tamen
2691 1389 3215 1448 lihertasvoluntatis
3245 1387 3295 1440 in
3329 1385 3464 1438 illius
3487 1383 3694 1453 primae

2120 1493 2440 1552 conditionis
2475 1487 2802 1558 praestantia
2846 1493 3108 1554 quantum
3160 1478 3413 1541 valuerit,
3445 1471 3694 1544 apparuit

2120 1587 2172 1639 in
2199 1581 2420 1652 angelis,
2461 1579 2550 1650 qui
2577 1575 2789 1630 diabolo
2818 1589 2938 1628 cum
2983 1571 3096 1625 suis
3127 1569 3350 1644 cadente
3380 1567 3434 1620 in
3469 1565 3694 1618 veritate

2121 1681 2406 1738 steterunt,
2433 1679 2487 1725 et
2513 1670 2577 1722 ad
2603 1667 2947 1724 securitatem
2979 1670 3290 1736 perpetuam
3317 1673 3421 1712 non
3447 1653 3691 1720 cadendi,

432 1779 668 1849 pientiae
717 1776 1106 1832 moderamine.
1146 1773 1256 1826 Non
1311 1772 1453 1826 enim
1494 1771 1650 1824 aliter
1680 1770 1862 1824 debuit
1899 1767 2012 1822 ﬁeri
2049 1769 2090 1826 Β
2121 1771 2302 1836 inqua
2333 1779 2474 1818 nunc
2519 1775 2611 1816 eos
2651 1775 2770 1816 esse
2820 1755 3106 1812 certissimi
3153 1767 3360 1814 sumus,
3411 1746 3694 1818 pervenire

437 1869 716 1924 rationalis
749 1870 877 1932 vita,
911 1865 1016 1920 nisi
1048 1863 1368 1926 voluntaria,
1395 1877 1514 1917 cum
1534 1861 1600 1916 ab
1625 1876 1686 1916 ea
1717 1862 2014 1924 voluntate,

434 1977 571 2032 quae
591 1969 856 2015 estcausa
883 1955 1143 2020 omnium,
1191 1965 1370 2009 creata
1403 1955 1474 2007 sit
1527 1953 1592 2006 ad
1637 1951 1924 2021 imaginem
1963 1957 2018 2002 et

436 2051 837 2108 similitudinem
865 2047 968 2102 sui.
1003 2047 1110 2100 Aut
1140 2045 1409 2115 quomodo
1459 2057 1578 2096 eam
1617 2041 1798 2095 divina
1821 2039 2014 2094 volun-

439 2153 544 2206 tas,
573 2153 782 2194 summa
821 2137 1071 2190 videlicet
1111 2133 1475 2188 universitatis
1503 2131 1664 2194 ratio,
1699 2145 1838 2199 quae
1870 2127 2014 2182 nulla

441 2233 760 2286 necessitate
790 2229 1091 2296 stringitur,
1121 2225 1371 2296 quoniam
1407 2239 1502 2278 sua
1533 2223 1804 2277 liberrima
1831 2230 2016 2290 poten-

444 2323 516 2378 tia
537 2323 760 2392 potitur,
780 2321 1064 2388 imaginem
1088 2318 1168 2372 sui
1194 2317 1424 2370 similem
1441 2313 1664 2374 faceret,
1686 2314 1730 2367 si
1761 2327 1865 2366 non
1896 2310 2016 2379 ejus

447 2410 810 2468 substantiam
855 2417 1066 2462 crearet
1117 2407 1447 2460 voluntatem
1493 2404 1722 2460 liberam
1771 2403 2015 2456 rationa-

447 2503 552 2556 lem
579 2503 602 2554 ?

517 2591 602 2647 Vl.
635 2592 749 2647 Hoc
791 2590 1132 2662 apertissimo
1177 2589 1438 2658 probatur
1489 2593 1829 2656 argumento,
1880 2585 2019 2651 quod

443 2685 676 2738 sumitur
713 2698 775 2737 ev
821 2681 980 2752 primi
1035 2680 1272 2734 hominis
1315 2687 1560 2747 peccato.
1592 2679 1846 2743 Quamvis
1876 2677 2016 2729 enim

442 2777 652 2831 beatam
673 2777 840 2830 vitam
869 2775 1142 2844 peccando
1167 2773 1421 2842 perdidit,
1475 2770 1824 2825 substantiam
1868 2784 2016 2823 suam

447 2883 551 2920 non
578 2867 778 2932 amisit,
804 2881 942 2936 quae
963 2873 1048 2920 est
1077 2881 1215 2930 esse,
1243 2863 1402 2926 velle,
1449 2864 1606 2918 scire.
1641 2863 1732 2916 Est
1769 2862 1932 2926 enim,
1965 2870 2019 2916 et

445 2957 810 3036 vult,et'seit,
838 2956 952 3010 vult
997 2972 1054 3010 se
1083 2971 1200 3009 esse
1245 2963 1298 3009 et
1347 2955 1516 3018 scire,
1563 2955 1662 3008 scit
1719 2969 1774 3007 se
1819 2969 1940 3008 esse
1968 2959 2023 3008 et

451 3049 606 3102 velle.
635 3048 773 3114 Quid
803 3063 928 3118 ergo
955 3046 1160 3116 primus
1183 3047 1340 3100 homo
1365 3046 1686 3100 habuitante
1715 3051 2017 3112 peccatum,

2123 1865 2452 1914 meruerunt.
2479 1853 2603 1908 Post
2646 1865 2830 1905 casum
2860 1857 3036 1902 autem
3069 1843 3303 1900 hominis
3330 1857 3434 1894 non
3475 1837 3580 1891 nisi
3627 1834 3694 1888 ad

2118 1951 2346 2022 gratiam
2361 1961 2512 2002 suam
2533 1946 2672 1999 Deus
2703 1935 3170 2008 voluitpertinere,
3203 1939 3260 1986 ut
3287 1932 3451 1985 homo
3473 1926 3695 1982 accedat

2119 2045 2184 2098 ad
2213 2058 2357 2106 eum,
2381 2053 2552 2108 neque
2579 2036 2680 2090 nisi
2705 2033 2768 2088 ad
2787 2033 3011 2102 gratiam
3026 2043 3175 2104 suam
3198 2025 3366 2079 voluit
3397 2020 3690 2091 pertinere,

2119 2145 2175 2189 ut
2193 2133 2354 2186 homo
2371 2107 2481 2184 non
2497 2125 2712 2182 recedat
2730 2125 2794 2178 ab
2809 2137 2892 2176 eo.
2911 2119 3060 2174 Hanc
3073 2117 3298 2192 gratiam
3323 2109 3568 2184 posuit‘in
3583 2107 3698 2174 illo;

2120 2229 2174 2282 in
2218 2240 2323 2295 quo
2343 2232 2542 2279 sortem
2571 2217 3064 2276 consecutisumns,
3093 2202 3476 2282 praedestinati
3511 2211 3698 2255 secun-

2121 2318 2246 2372 dum
2277 2312 2603 2383 propositum
2633 2309 2766 2378 ejus,
2790 2306 2880 2376 qui
2901 2303 3150 2358 universa
3175 2291 3466 2367 operaturb
3491 2311 3507 2341 ι
3523 2329 3534 2342 .
3555 2289 3691 2354 Quo-

2121 2407 2278 2462 modo
2295 2419 2420 2473 ergo
2444 2403 2698 2457 debemus
2713 2396 3024 2464 intelligere,
3042 2390 3181 2460 quod
3205 2393 3421 2442 sanctus
3447 2377 3698 2448 Augusti-

2122 2499 2288 2554 nusin
2307 2467 2443 2548 nam
2461 2489 2803 2546 EttCllll‘llell
2823 2485 3078 2553 "loquens
3095 2481 3196 2533 ait:
3223 2497 3238 2528 ‹
3262 2477 3456 2530 Libero
3471 2467 3700 2525 arbitrio

2123 2590 2259 2646 male
2287 2595 2438 2641 utens
2459 2586 2618 2638 horno
2639 2589 2690 2634 et
2716 2575 3019 2647 seperdidit
3045 2571 3098 2625 et
3121 2573 3292 2639 ipsum
3321 2577 3344 2605 α
3372 2587 3414 2629 ›,
3445 2560 3706 2617 nisiforte-

2123 2681 2446 2740 credendum
2473 2683 2572 2738 est,
2606 2676 2710 2727 hoc
2737 2686 2856 2725 eum
2887 2669 3080 2722 docere
3111 2661 3362 2722 voluisse,
3393 2671 3496 2710 non
3529 2663 3592 2706 nt’
3615 2650 3702 2706 his

2124 2771 2300 2828 verbis
2333 2768 2682 2837 accipitm'ms,
2709 2761 2944 2831 primum
2965 2757 3132 2810 Adam
3157 2749 3511 2807 substantiam
3543 2755 3698 2798 suam

2125 2863 2442 2935 perdidisse,
2472 2855 2612 2925 quod
2643 2867 2745 2906 non
2771 2847 2966 2919 potuit,
2993 2845 3086 2900 sed
3107 2857 3224 2898 eam
3255 2843 3306 2894 in
3333 2837 3557 2892 interius
3583 2847 3700 2885 mu-

2128 2930 2278 3016 tavit,
2333 2951 2476 3020 quod
2535 2945 2725 3018 potuit.
2761 2937 2950 2996 Melior
2999 2937 3194 3007 quippe
3245 2935 3420 2986 fuerat
3464 2930 3700 2982 hmnana

2125 3057 2318 3100 natura
2375 3053 2519 3104 tunc,
2557 3039 2681 3092 dum
2727 3035 2955 3090 haberet
3003 3027 3140 3082 velle
3197 3033 3251 3080 et
3308 3035 3489 3093 posse,
3531 3031 3699 3072 unum

450 3141 592 3210 quod
620 3139 851 3208 perdidit
881 3147 996 3208 post
1027 3135 1346 3208 peccatum?
1381 3135 1492 3188 Non
1530 3136 1670 3190 enim
1700 3134 1874 3190 adhuc
1923 3135 2018 3188 ha-

2127 3141 2339 3212 qnidem
2371 3131 2690 3197 substantia,
2722 3128 2948 3182 alterum
2977 3137 3106 3177 vero
3133 3119 3323 3190 gratia,
3354 3123 3700 3186 quamnunc,

445 3233 606 3286 bebat
637 3232 797 3284 vitam
847 3231 1082 3292 beatam,
1133 3243 1268 3296 quae
1303 3228 1349 3281 ei
1409 3225 1690 3280 triimenda
1741 3225 1942 3290 fuerat,
1974 3225 2020 3280 si

442 3331 786 3392 praeceptum
820 3329 1076 3374 servaret.
1105 3317 1160 3374 Si
1185 3319 1478 3372 dixerimus
1517 3317 1744 3372 liberam
1775 3317 2024 3370 volunta-

445 3423 575 3478 tem,
597 3413 834 3484 perdidit
861 3413 1022 3482 igitur
1071 3425 1223 3466 suam
1251 3417 1520 3464 naturam.
1551 3409 1609 3462 Si
1648 3417 1825 3462 autem
1883 3403 2021 3460 ratio

439 3507 628 3560 edocet
649 3515 700 3567 ιι,
731 3503 934 3568 nullam
969 3511 1216 3556 naturam
1251 3515 1408 3570 posse
1441 3501 1641 3568 perire,
1673 3499 2025 3568 prohibemur

443 3595 638 3658 dicere,
690 3592 918 3647 liberam
976 3591 1306 3644 voluntatem
1355 3589 1685 3660 perdidisse,
1729 3603 1867 3656 quae
1907 3587 2022 3642 sine

443 3683 602 3738 dubio
623 3683 996 3738 substantialis
1023 3691 1126 3737 est.
1158 3681 1274 3735 Non
1315 3683 1460 3734 enim
1487 3681 1540 3733 in
1573 3680 1788 3733 homine
1817 3679 2022 3733 ereavit

443 3773 586 3828 Deus
599 3773 926 3826 voluntatem
951 3773 1238 3840 captivam,
1258 3771 1348 3825 sed
1369 3771 1614 3833 liberam,
1640 3783 1776 3838 quae
1801 3769 2022 3824 libertas

443 3871 568 3932 post
599 3869 878 3930 peccatum
931 3860 1211 3914 remansit.
1247 3859 1400 3913 Nulla
1436 3859 1581 3912 enim
1629 3859 1804 3912 anima
1837 3873 2020 3927 pecca-

447 3953 552 4008 trix
575 3965 680 4018 cst,
709 3967 844 4021 quae
879 3967 982 4006 non
1007 3951 1141 4006 velit
1181 3951 1591 4015 beatitudinem,
1623 3959 1678 4004 et
1702 3951 1831 4004 velit
1861 3951 2020 4005 mise-

443 4046 600 4098 riam.
627 4043 764 4110 Quid
805 4057 934 4112 ergo
973 4042 1092 4113 plus
1124 4043 1312 4097 habuit
1341 4051 1464 4095 ante
1507 4037 1828 4109 peccatum?
1853 4039 2018 4092 Ante-

441 4149 602 4202 quam
631 4134 776 4187 enim
825 4141 1160 4204 perpetraret
1206 4129 1503 4202 peccatum,
1553 4131 1720 4186 voluit
1769 4143 2015 4200 peccare,

445 4223 618 4277 noluit
640 4235 816 4278 autem
847 4226 1010 4278 miser
1033 4224 1170 4278 ﬁeri.
1198 4223 1329 4291 Quis
1357 4237 1488 4278 vero
1507 4223 1666 4277 audet
1687 4223 1890 4285 dicere,
1923 4237 2018 4274 no-

445 4318 612 4373 luisse
633 4333 752 4372 eum
779 4335 837 4376 se
865 4321 1080 4382 beatum
1113 4319 1250 4386 fieri,
1275 4336 1395 4375 eum
1425 4319 1599 4374 adhuc
1625 4317 1678 4372 in
1709 4327 1898 4373 natura
1921 4333 2018 4386 per

445 4425 572 4464 eum
595 4421 843 4481 corrupta
889 4413 1239 4466 beatitudinis
1270 4411 1536 4480 appetitus
1579 4409 1888 4466 remaneat?
1933 4409 2015 4462 An

443 4505 586 4558 forte
613 4503 811 4560 liberae
835 4507 1126 4578 voluntatis
1155 4506 1390 4574 Vigoretit
1419 4513 1869 4574 potestatemque,
1909 4517 2013 4572 qua
2045 4473 2095 4534 θ

439 4593 552 4648 sola
571 4594 742 4663 potuit
773 4597 1042 4650 custodire
1061 4604 1430 4666 praeceptum,
1465 4593 1508 4648 si
1532 4593 1713 4659 vellet,
1741 4593 2016 4662 peccando

441 4685 716 4754 perdidit?
741 4687 820 4741 Ac
855 4703 952 4756 per
973 4688 1078 4742 hoc
1115 4687 1267 4756 vigor
1318 4695 1370 4740 et
1399 4693 1639 4755 potestas
1683 4683 1836 4738 liberi
1866 4683 2014 4738 arbi-

443 4777 531 4830 trii
555 4791 662 4832 non
693 4787 812 4832 erat
843 4777 895 4831 in
925 4777 1102 4846 primo
1129 4777 1356 4832 homine
1371 4793 1437 4832 ex
1476 4777 1797 4839 substantia,
1830 4777 1923 4830 sed
1949 4789 2015 4830 ex

439 4865 720 4924 Creatoris
743 4870 937 4938 gratia,
967 4871 1108 4938 quod
1161 4883 1414 4938 magnum
1439 4883 1634 4922 munus
1668 4869 1846 4923 amisit
1875 4866 2016 4920 male

441 4966 599 5013 utens
626 4959 801 5014 libero
827 4959 1117 5014 voluntatis
1146 4959 1392 5015 arbitrio.
1446 4959 1625 5014 Noluit
1662 4960 1808 5012 enim
1837 4957 2016 5011 facere

441 5051 584 5120 quod
635 5053 828 5122 potuit,
881 5053 986 5109 hoc
1029 5061 1131 5121 est,
1175 5053 1490 5126 mandatum
1530 5049 1823 5116 custodire,
1873 5049 2014 5118 quod

2129 3209 2250 3286 cum
2283 3229 2444 3284 habet
2494 3223 2665 3279 solum
2705 3217 2843 3276 velle
2876 3216 2990 3272 sine
3013 3225 3193 3284 posse,
3225 3209 3279 3263 id
3309 3213 3408 3270 est,
3452 3211 3704 3258 naturam

2127 3323 2266 3378 dono
2293 3321 2581 3374 desertam.
2835 3378 2838 3382 ι

2197 3411 2329 3467 Vill.
2365 3409 2498 3472 llinc
2521 3404 2778 3462 Dominus
2807 3402 2859 3455 in
2889 3393 3179 3466 Evangel'io
3219 3389 3330 3446 suis
3353 3387 3429 3442 ait
3461 3383 3702 3454 discipu-

2125 3505 2192 3559 lis
2232 3471 2508 3557 :Sincrme
2551 3495 2680 3549 nihil
2716 3491 2924 3566 potestis
2957 3489 3126 3558 facere
3145 3484 3193 3537 ἀ.
3237 3479 3354 3536 Non
3378 3478 3532 3542 dixit,
3571 3471 3706 3528 nihil

2125 3596 2350 3668 potestis
2377 3591 2536 3646 velle.
2565 3589 2634 3642 Et
2659 3583 2944 3655 Apostolus
2975 3576 3146 3633 :Velle
3177 3575 3382 3644 adjacet
3413 3567 3710 3668 mihi,'per-

2125 3654 2277 3756 iit-ere
2305 3691 2477 3736 autent
2505 3693 2606 3732 non
2643 3687 2686 3730 θ.
2711 3654 2870 3737 item,
2908 3667 3048 3740 quod
3083 3667 3158 3720 ait
3198 3664 3337 3718 idem
3365 3654 3652 3729 Apostolus
3685 3669 3700 3705 :

2129 3778 2249 3832 Non
2281 3773 2516 3834 volatilis,
2551 3785 2709 3838 neque
2761 3761 3032 3823 currentis,
3088 3757 3176 3812 sed
3219 3753 3314 3809 Dei
3343 3761 3418 3805 est
3459 3751 3708 3803 miseren-

2127 3869 2189 3923 tia
2221 3869 2266 3920 τ.
2301 3865 2418 3920 Non
2445 3864 2597 3918 aliter
2633 3855 2968 3925 intelligitur,
3000 3851 3102 3906 nisi
3144 3849 3268 3902 dum
3313 3845 3382 3898 sit
3421 3841 3606 3894 volens
3650 3843 3703 3889 et

2128 3975 2372 4015 currens.
2404 3952 2732 4008 Naturaliter
2775 3947 2916 4003 enim
2947 3945 3084 3998 haec
3111 3941 3215 3994 duo
3239 3936 3398 3990 insita
3447 3939 3572 3986 sunt
3615 3927 3710 3980 ho-

2125 4047 2260 4104 mini
2297 4031 2600 4112 :siquidem
2631 4038 2768 4100 vult,
2813 4036 2955 4089 unde
2995 4040 3078 4085 est
3127 4026 3346 4086 volens;
3393 4027 3448 4074 et
3495 4015 3706 4085 appetit

2123 4133 2535 4195 beatitudinem,
2555 4128 2697 4183 unde
2726 4133 2808 4180 est
2831 4133 3074 4178 currens.
3105 4115 3224 4169 Non
3247 4121 3423 4164 tamen
3447 4104 3702 4166 volentis,

2123 4239 2297 4294 neque
2323 4219 2614 4284 currentis,
2649 4218 2788 4272 bona
2809 4225 2972 4282 opera
2997 4208 3081 4262 vel
3113 4204 3390 4263 inchoare,
3409 4197 3492 4252 vel
3517 4209 3701 4264 agere,

2121 4286 2536 4386 vel-perlicere;
2589 4309 2691 4364 hoc
2720 4304 2862 4360 enim
2907 4307 2992 4354 est
3017 4291 3324 4352 miserentis
3359 4286 3454 4344 Dei
3477 4287 3702 4340 donum.

2124 4373 2274 4465 Sicut
2321 4405 2464 4460 enim
2521 4373 2682 4456 homo
2727 4397 2780 4450 in
2830 4387 3161 4449 densissimis
3191 4379 3428 4437 tenebris
3471 4373 3702 4465 positus,

2125 4459 2328 4557 habens
2371 4487 2600 4550 sensum
2637 4485 2851 4543 videndi
2885 4481 3127 4552 quidem,
3175 4469 3310 4529 nihil
3359 4467 3528 4530 videt,
3573 4459 3704 4557 quia

2125 4591 2256 4647 nihil
2303 4597 2483 4659 potest
2523 4583 2708 4637 videre
2736 4621 2749 4645 ,
2797 4585 3084 4642 antequam
3141 4566 3476 4624 extrinsecus
3513 4555 3704 4612 veniat

2123 4687 2236 4746 lux,
2271 4647 2434 4750 quam
2461 4677 2624 4732 etiam
2657 4673 2830 4726 adhuc
2863 4666 3062 4722 clausis
3087 4659 3260 4717 oculis
3289 4655 3467 4717 sentit,
3501 4647 3706 4720 apertis

2123 4789 2253 4828 vero
2283 4779 2336 4825 et
2365 4783 2506 4832 eam,
2555 4773 2610 4820 et
2655 4764 2708 4817 in
2745 4777 2807 4816 ea
2839 4765 3030 4813 cuncta
3063 4747 3444 4816 circumposita
3491 4740 3708 4808 conspis-

2125 4865 2197 4919 cit
2239 4879 2252 4914 τ
2285 4861 2364 4916 sic
2391 4859 2640 4914 voluntas
2683 4851 2940 4914 homin-is,
2969 4843 3223 4916 quamdiu
3268 4835 3548 4908 originalis
3573 4843 3706 4919 pec-

2123 4954 2254 5018 cati,
2293 4949 2740 5020 prepriorumque
2771 4942 2961 4997 umbra
2987 4931 3245 5006 tegitur",
3283 4927 3450 4998 ipsius
3477 4917 3716 5020 caligigtl

2127 5006 2439 5113 impeditur.
2473 5041 2608 5096 Dum
2641 5006 2820 5092 autem
2849 5033 2940 5086 lux
2971 5029 3186 5085 divinae
3209 5011 3616 5076 misericordia.
3631 5006 3704 5072 il-

1705 5163 1790 5218 VA
1801 5162 1958 5218 RIAE
1993 5155 2392 5220 LECTlONES.

515 5280 534 5314 ³
574 5281 704 5338 (δοκί-
737 5289 992 5354 089w“-
1071 5279 1244 5348 ’βοά-
1271 5277 1820 5350 ῇπσοηυηοιιιῦὶιὶδᾳυε.
1900 5279 1922 5310 ³
1949 5275 2082 5334 Cod.
2113 5278 2290 5348 infert.
2367 5275 2388 5307 "
2429 5273 2562 5328 Cod.
2593 5261 2912 5324 enceiridon.
2991 5256 3011 5286 '
3051 5249 3183 5308 Cod.
3215 5245 3465 5336 (θηρίων.

1925 5389 2176 5448 NOTAE.

511 5519 542 5550 ι
581 5501 996 5586 Prudentiusad
1027 5503 1128 5586 ista
1153 5501 1550 5568 animadvertit,
1571 5500 1869 5586 .t'ationales
1897 5501 2016 5586 qui-

443 5575 564 5632 dem
592 5585 862 5630 creaturas
897 5575 954 5628 in
974 5583 1137 5627 totum
1163 5590 1264 5627 nou
1291 5589 1440 5643 posse
1473 5575 1662 5642 perire,
1693 5571 2018 5628 irrationale:

443 5663 560 5704 vero
583 5663 751 5702 00888.

517 5718 548 5764 δ
573 5717 858 5794 Augustin.
887 5715 950 5770 de
983 5716 1122 5774 dono
1151 5729 1402 5790 persever.
1440 5727 1491 5768 c.
1531 5717 1584 5770 7.

2195 5509 2216 5536 ο
2255 5483 2914 5566 Augustin;Elicliiridiou
2939 5494 2992 5534 c.
3015 5475 3104 5531 '50.

2201 5567 2226 5606 ἀ
2265 5559 2422 5618 .105...
2461 5563 2577 5624 XV,
2597 5559 2660 5612 .5.

2209 5651 2230 5676 ι’
2271 5635 2428 5689 Rom.
2469 5629 2704 5692 “1,18.

2209 5708 2228 5747 ί
2271 5705 2427 5760 item.
2469 5699 2564 5767 ιχ,
2595 5697 2680 5752 16.
