4194 6276
500 327 606 391 878

1872 322 2155 387 JOANNIS
2192 316 2391 387 scorl

3644 331 3773 427 ὅτε.

501 448 724 516 luxerit,
770 462 879 505 non
925 445 1099 503 solum
1144 454 1361 503 noctem
1405 454 1751 517 peccatorum
1809 446 2071 529 omnium,
2101 449 2151 510 Α
2177 459 2315 515 quae
2340 445 2537 511 fecisti,
2582 445 2899 513 meministi,
2924 462 3024 503 nec
3047 454 3250 515 tamen,
3280 465 3419 522 quae
3438 452 3748 517 meministi,

500 552 796 609 eorumque
844 545 1051 592 reatum
1107 536 1385 601 destruit,
1432 536 1526 591 sed
1592 537 1758 591 etiam
1829 535 2074 591 obtutum

501 632 747 687 inﬁmae
776 630 1065 686 voluntatis
1092 630 1333 684 sanando
1362 630 1552 698 aperit,
1575 637 1631 683 et
1656 630 1723 684 ad
1748 643 1806 683 se
1831 614 2073 682 contem-

498 724 752 796 plandum
774 721 930 778 bonis
949 721 1204 791 operibus
1223 720 1506 790 purgando
1526 719 1774 775 idoneam
1799 717 1944 773 facit.
1970 717 2079 773 Sed

491 813 606 884 jam
636 823 845 883 tempus
869 811 1049 883 estad
1076 811 1410 882 propositum
1437 809 1632 865 redire.

1028 965 1427 1024 CAPITULUM
1463 963 1530 1021 ν.

497 1060 578 1137 De
610 1097 671 1138 eo
691 1081 832 1153 quod
857 1080 1201 1153 procedentia
1223 1094 1270 1153 et
1312 1080 1786 1153 praedestinatione
1807 1079 1905 1136 Dei
1927 1097 2076 1136 nemo

733 1148 1080 1223 compellitur,
1103 1168 1195 1206 seu
1222 1148 1346 1204 bene
1367 1166 1457 1204 seu
1479 1149 1616 1204 male
1646 1148 1836 1219 facere.

568 1262 610 1318 l.
649 1261 799 1330 Quae
819 1277 942 1317 cum
976 1262 1049 1316 ita
1080 1261 1208 1326 sint,
1239 1260 1372 1315 ordo
1400 1273 1608 1325 rerum,
1643 1274 1778 1329 quas
1807 1274 2080 1330 exequen-

502 1354 601 1411 das
635 1368 755 1409 esse
795 1351 1095 1424 praesentis
1134 1364 1328 1405 causae
1357 1348 1564 1418 ﬂagitat
1604 1347 1832 1413 utilitas,
1883 1364 2078 1406 conse-

499 1453 730 1516 quenter
776 1445 1031 1515 postulat,
1068 1450 1148 1510 ut,
1197 1442 1448 1512 quoniam
1504 1441 1765 1496 malorum
1814 1442 2077 1510 omnium,

500 1553 729 1609 quorum
756 1536 898 1592 Deus
924 1546 1116 1593 auctor
1140 1551 1245 1591 non
1273 1544 1357 1589 est
1379 1572 1395 1599 ,
1423 1533 1541 1603 ejus
1568 1548 1781 1604 quoque
1827 1549 2079 1591 necessa-

500 1628 583 1682 rio
623 1617 937 1682 eﬁ‘cctivam'
957 1641 1176 1682 causam
1205 1641 1310 1680 non
1338 1640 1458 1680 esse
1505 1612 2093 1694 praedestinationem,

499 1724 684 1786 aperte
714 1716 938 1771 rationis
984 1715 1202 1787 regulis,
1240 1723 1301 1769 ut
1335 1715 1529 1784 opinor
1552 1754 1568 1779 ,
1616 1713 1923 1769 confectum
1950 1754 1965 1779 ,
2009 1729 2093 1783 ex,

2177 535 2355 592 omnia
2397 536 2596 600 fecisti,
2625 534 2698 589 ita
2744 535 2885 590 Deus
2912 537 3118 597 orunia,
3155 554 3383 607 quorum
3424 542 3537 612 ipse
3565 550 3752 597 auctor

2177 632 2280 688 est,
2304 625 2561 694 praescit,
2591 641 2691 701 nec
2707 635 2884 680 tamen
2914 628 3174 693 omnium,
3199 646 3338 709 quae
3364 634 3619 701 praescit,
3639 634 3752 703 ipse
3852 686 3859 691 .

2178 725 2365 770 auctor
2393 723 2497 771 est.
2534 714 2772 782 Quorum
2803 725 2982 772 autem
3019 734 3124 774 non
3163 729 3247 775 est
3275 722 3448 780 malus
3487 724 3507 756 ³
3537 733 3751 791 auctor,

2171 805 2351 877 justus
2379 816 2465 863 est
2485 806 2648 862 ultor.
2677 807 2813 863 Hinc
2835 823 2965 880 ergo
2986 809 3098 878 jam
3129 811 3386 885 intellige,
3416 830 3519 884 qua
3534 815 3753 884 justitia

2178 897 2320 954 Deus
2365 909 2586 970 peccata
2628 901 2834 971 puniat,
2864 902 3014 972 quia,
3052 918 3191 973 quae
3212 906 3360 961 novit
3387 894 3597 981 futura,
3636 922 3748 964 non

2177 989 2324 1045 facit.
2355 989 2489 1045 Nam
2520 991 2563 1046 si
2596 1001 2880 1062 propterea
2907 1009 3013 1048 non
3037 993 3194 1049 debet
3226 996 3522 1051 retribuere
3551 996 3754 1069 suppli-

2177 1082 2318 1155 cium
2374 1083 2740 1151 peccantibus,
2783 1084 2911 1155 quia
2964 1086 3245 1156 praevidet
3286 1096 3622 1156 peccaturos,
3650 1103 3750 1146 nec

2177 1181 2325 1228 recte
2374 1173 2696 1230 facientibus
2724 1175 2881 1230 debet
2913 1177 3153 1247 praemia
3198 1179 3520 1244 retribuere,
3545 1179 3671 1248 quia
3695 1185 3755 1236 et

2176 1277 2325 1325 recte
2339 1267 2574 1326 facturos
2585 1270 2933 1327 nihilominus
2944 1273 3245 1343 praevidet,
3262 1273 3428 1345 immo
3443 1288 3572 1328 vero
3586 1271 3754 1327 fatea-

2176 1376 2321 1426 mur,
2373 1370 2429 1418 et
2464 1362 2530 1417 ad
2584 1364 3158 1435 praescientiamejus
3204 1366 3500 1435 pertinere,
3531 1381 3600 1421 ne
3627 1364 3754 1435 quid

2176 1465 2300 1506 eum
2329 1452 2493 1507 lateat
2518 1451 2839 1526 futurorum,
2872 1463 2927 1513 et
2955 1455 3325 1524 adjustitiam,
3358 1465 3417 1510 ut
3450 1465 3751 1526 peceatum,

2176 1542 2306 1609 quia
2330 1540 2602 1597 voluntate
2629 1540 3003 1609 committitur,
3046 1546 3117 1599 ita
3151 1543 3355 1613 judicio
3384 1546 3500 1615 ejus
3537 1546 3755 1616 impune

2176 1649 2283 1689 non
2300 1631 2417 1701 flat,
2440 1634 2580 1690 sicut
2592 1637 2950 1706 praescientia
2976 1653 3081 1693 nou
3106 1640 3315 1709 cogitur
3329 1639 3444 1694 ﬁeri
3472 1651 3499 1679 ι
3535 1658 3580 1694 ι.
3605 1637 3754 1706 Quae

2178 1739 2303 1780 cum
2330 1726 2405 1781 ita
2460 1742 2521 1783 se
2568 1728 2834 1796 habeant,
2883 1738 3091 1785 tantum
3125 1731 3278 1785 abest
3331 1746 3361 1784 a
3412 1744 3561 1794 vero,
3607 1730 3753 1798 quod

500 1805 857 1876 praescicntia
887 1805 981 1860 Dei
1009 1803 1319 1859 ﬁrmissima
1343 1818 1619 1858 sumamus
1644 1812 1986 1873 argumenta,
2013 1818 2076 1858 ea

2181 1813 2426 1871 Creatori
2456 1817 2759 1887 deputanda
2790 1791 3167 1873 existimantur
3190 1827 3409 1895 peccata
3443 1791 3769 1882 creaturae,

501 1895 708 1951 scilicet
755 1896 1103 1951 monstraturi
1155 1895 1394 1965 primo:
1438 1893 1891 1964 quemadmodum
1923 1908 2079 1963 prac-

503 1986 726 2042 scientia
751 1986 844 2042 Dei
880 1995 1120 2057 peccata,
1159 2000 1297 2055 quae
1319 1985 1553 2056 praescit
1575 2026 1590 2051 ,
1631 1986 1744 2039 ﬁeri
1777 2000 1883 2039 non
1910 1986 2074 2056 cogit,

502 2080 575 2134 ita
605 2077 721 2147 eius
746 2079 1169 2150 praedestinatio
1192 2089 1434 2151 peccata,
1456 2094 1595 2150 quae
1615 2093 1889 2149 nunquam
1919 2094 2093 2150 prae-~

501 2169 754 2233 destinat,
795 2170 909 2225 ﬁeri
937 2185 1043 2225 non
1073 2168 1252 2225 edicit.
1302 2166 1359 2224 Si
1402 2170 1544 2224 enim
1572 2169 1925 2239 praescientia
1970 2186 2074 2223 non

502 2262 702 2327 omnia,
719 2276 860 2331 quae
873 2262 1184 2331 praescivit,
1202 2261 1346 2326 fecit,
1363 2277 1468 2330 quo
1481 2268 1638 2330 pacto
1655 2258 2076 2335 praedestinatio

499 2356 709 2423 omnia,
742 2371 882 2426 quae
927 2370 1034 2412 non
1064 2355 1499 2426 praedestinavit,
1534 2353 2079 2410 edicit?«Praescicn-

504 2447 577 2502 tia
646 2461 744 2503 sua
788 2446 930 2503 Deus
973 2444 1255 2501 malefacta
1305 2444 1600 2500 hominum
1637 2445 1818 2500 futura
1867 2446 2081 2516 praevi-

501 2538 601 2603 dit,
633 2554 741 2595 non
786 2547 963 2595 tamen
991 2553 1176 2594 eorum
1220 2546 1306 2593 est
1350 2536 1552 2604 factor;
1589 2538 2081 2608 praedestinatione

501 2642 602 2687 sua
639 2630 920 2687 malefacta
967 2631 1245 2686 hominum
1294 2629 1474 2684 futura
1525 2630 1766 2685 creditur
1790 2646 1897 2685 non
1924 2646 2082 2702 prae-

501 2720 803 2779 destinasse
833 2761 849 2789 ,
910 2721 1180 2792 quomodo
1227 2736 1358 2794 ergo
1406 2730 1625 2792 putatur
1670 2722 1886 2779 facere?
1941 2723 2083 2791 Quid

501 2814 686 2873 enim?
710 2812 962 2884 Nunquid
995 2813 1262 2871 dementis
1289 2821 1372 2869 est
1401 2813 1600 2879 dicere,
1647 2812 1721 2878 id,
1768 2814 1909 2883 quod
1940 2813 2082 2869 Deus

502 2906 738 2976 praeseit
782 2913 835 2961 et
857 2920 965 2960 non
989 2904 1138 2971 facit,
1163 2903 1763 2974 praedestinationesua
1789 2902 1928 2968 ﬁeri,
1959 2918 2083 2957 cum

504 2996 631 3053 illud
659 3013 763 3052 non
792 2996 1195 3067 praedestinat?
1217 2994 1274 3050 Si
1306 2995 1469 3066 igitur
1486 3002 1542 3049 et
1568 2994 1888 3049 auctoritate
1908 2994 2086 3051 credi-

504 3096 596 3144 tur
642 3096 699 3142 et
746 3088 952 3143 ratione
1001 3087 1215 3142 videtur
1280 3086 1419 3141 Deus
1467 3084 1647 3140 omnia
1672 3093 1895 3155 peccata
1927 3098 2085 3156 prae-
2114 3110 2139 3156 λ

502 3180 693 3238 coiisse
718 3220 734 3245 ,
780 3194 886 3235 non
934 3177 1129 3234 fecisse
1171 3208 1242 3219 -—
1264 3178 1533 3251 quomodo
1560 3176 1702 3231 enim
1734 3185 1914 3247 potest
1958 3193 2082 3235 esse

505 3280 848 3342 peccatorum
870 3266 1066 3323 ~factor
1084 3306 1098 3332 ,
1126 3268 1217 3337 qui
1248 3275 1333 3322 est
1362 3282 1548 3322 eorum
1572 3275 1629 3321 et
1671 3269 1976 3324 destructor
2023 3277 2083 3327 et

505 3361 685 3417 ultor?
719 3389 791 3401 ——
818 3358 1020 3415 nullum
1070 3366 1250 3414 autem
1304 3366 1579 3427 peccatum
1613 3360 2079 3429 praedestinavit:

507 3464 614 3520 qua
651 3448 944 3519 impudenti
970 3447 1236 3517 stultitia,
1288 3448 1453 3501 immo
1498 3449 1733 3517 nequitia
1763 3450 2084 3513 aestimatur

504 3540 999 3616 praedestinatione
1021 3555 1120 3596 sua
1138 3554 1352 3610 cogere,
1386 3550 1444 3595 ut
1468 3540 1595 3608 sint,
1622 3558 1762 3613 quae
1786 3559 1891 3599 non
1923 3559 2081 3615 prae-

506 3631 837 3697 destinavit,"
870 3646 990 3686 cum
1040 3631 1227 3687 eadem
1278 3633 1633 3702 praescientia
1686 3650 1781 3691 sua
1807 3636 1922 3692 fleri
1973 3652 2081 3695 non

504 3726 671 3798 cogit,
703 3724 798 3780 sed
824 3724 1123 3792 permittit?
1239 3746 1243 3750 ~
2090 3728 2097 3734 '

571 3817 638 3873 ll.
672 3816 893 3881 Deinde,
923 3816 967 3872 si
997 3815 1290 3872 auctoritas
1304 3819 1603 3887 quaeritur,
1625 3820 1944 3892 quaeDeum
1965 3838 2087 3879 om-

498 3909 654 3965 nium
681 3907 968 3974 malorum,
992 3922 1132 3978 quae
1147 3909 1215 3961 ab
1229 3922 1295 3962 eo
1316 3924 1421 3963 non
1444 3919 1589 3975 sunt,
1611 3926 1730 3966 esse
1754 3912 2082 3983 praescium,

505 4016 722 4058 causam
752 4014 882 4055 vero
911 4015 1099 4057 eorum
1123 4000 1446 4056 eﬂicientem
1493 4004 1737 4059 adstruat
1787 4020 1894 4061 non
1936 4022 2084 4074 esse,

503 4093 666 4149 unius
694 4090 872 4146 Patris
889 4090 1344 4162 Augustini-dicta
1368 4091 1647 4148 sufficiunt
1671 4109 1737 4149 ex
1757 4095 1897 4151 libro
1924 4096 2083 4151 tertio

501 4183 573 4240 de
618 4185 791 4240 libero
822 4183 1050 4239 arbitrio
1084 4201 1099 4237 :
1153 4202 1173 4235 ι
1214 4180 1330 4239 Nisi
1384 4183 1561 4252 fallor,
1590 4199 1696 4240 non
1729 4187 1998 4244 continuo
2029 4196 2099 4263 tu

502 4287 729 4348 peccare
758 4282 1005 4344 cogeres,
1031 4287 1194 4345 quem
1230 4284 1577 4345 peccaturum
1618 4290 1739 4332 esse
1762 4280 2084 4349 praescires,

502 4381 678 4437 neque
717 4367 831 4437 ipsa
869 4365 1224 4435 praescientia
1266 4374 1357 4421 tua
1402 4381 1632 4434 peccare
1682 4382 1802 4422 eum
1849 4378 2084 4440 cogeret,

502 4457 752 4528 quamvis
768 4456 887 4512 sine
910 4458 1072 4512 dubio
1093 4465 1417 4526 peccaturus
1460 4467 1621 4514 esset.
1656 4458 1769 4514 Non
1811 4460 1955 4515 enim
1987 4460 2086 4515 ali-

505 4558 588 4606 ter
615 4548 669 4604 id
700 4547 940 4602 futurum
963 4562 1085 4604 esse
1111 4551 1435 4619 praescires.
1469 4550 1622 4606 Sicut
1644 4552 1827 4621 itaque
1853 4568 1957 4607 non
1980 4554 2097 4625 sibi

505 4642 863 4696 adversantur
885 4639 1022 4694 haec
1051 4640 1178 4707 duo,
1193 4650 1254 4696 ut
1276 4652 1330 4697 tu
1352 4645 1707 4712 praescientia
1737 4655 1825 4703 tua
1845 4648 2085 4716 noveris,

505 4732 650 4804 quod
672 4731 808 4788 alius
831 4747 929 4789 sua
959 4730 1237 4788 voluntate
1277 4733 1521 4792 facturus
1554 4748 1658 4803 est,
1695 4739 1772 4794 ita
1821 4740 1963 4799 Deus
1990 4756 2087 4798 ne-

507 4826 708 4881 minem
758 4822 825 4879 ad
870 4821 1205 4892 peccandum
1255 4824 1273 4855 ί
1317 4839 1538 4895 cogens,
1581 4828 1859 4897 praevidet
1902 4840 2085 4891 tamen

507 4927 618 4980 eos,
653 4915 745 4986 qui
781 4911 1294 4985 propriaVoluntate
1322 4916 1640 4985 peccabunt.
1676 4919 1786 4976 Cur
1821 4936 1951 4992 ergo
1977 4941 2087 4982 non

507 5006 744 5063 vindicet
763 5004 966 5074 justus,
995 5016 1134 5074 quae
1174 5004 1291 5060 ﬁeri
1315 5019 1421 5063 non
1448 5007 1592 5079 cogit
1608 5010 1905 5079 praescius.
1928 5012 2093 5081 Sicut,

509 5096 655 5153 enim
685 5104 742 5152 tu
787 5095 1048 5151 memoria
1083 5102 1172 5150 tua
1223 5112 1328 5152 non
1378 5097 1528 5169 cogis
1574 5097 1713 5156 facta
1763 5116 1904 5169 esse,
1946 5119 2087 5175 quae

507 5190 922 5261 praeterierunt,
960 5190 1039 5245 sic
1067 5188 1211 5251 Deus
1253 5190 1609 5260 praescientia
1654 5207 1750 5248 sua
1780 5188 1889 5249 neu
1942 5198 2089 5268 cogit

508 5277 777 5353 facienda,
808 5297 949 5355 quae
978 5281 1156 5338 futura
1188 5280 1356 5356 [sunt]
1391 5282 1432 5337 ’.
1462 5280 1529 5338 Et
1548 5272 1769 5340 Isicuttu
1799 5288 2099 5355 quaedam,

2178 1906 2426 1973 quamvis
2441 1920 2661 1961 necesse
2687 1916 2767 1960 est
2789 1904 2938 1983 fiant,
2954 1922 3094 1976 quae
3110 1907 3223 1978 ipse
3237 1906 3411 1963 futura
3436 1906 3746 1978 praescivit,

2178 2002 2257 2061 ut,
2278 2009 2400 2050 cum
2425 2004 2479 2049 tu
2505 1995 2728 2073 dixeris,
2751 2012 2856 2049 non
2889 2003 2941 2052 te
2967 1996 3231 2061 invenire,
3262 1996 3529 2067 quomodo
3561 2011 3666 2050 non
3697 1994 3750 2052 ei

2177 2084 2479 2155 deputetur,
2521 2086 2775 2156 quicquid
2826 2088 2878 2141 in
2919 2086 3037 2156 ejus
3071 2097 3320 2144 creatura
3353 2088 3470 2144 ﬁeri
3523 2102 3752 2145 necesse

2175 2181 2280 2239 est,
2317 2189 2416 2243 ego
2439 2183 2625 2228 contra
2648 2190 2754 2229 non
2800 2175 3071 2230 inveniam
3101 2177 3342 2242 modum,
3375 2191 3553 2253 neque
3601 2177 3752 2233 inve-

2177 2263 2279 2319 niri
2310 2278 2489 2333 posse,
2522 2274 2683 2333 atque
2713 2265 2935 2319 omnino
2974 2280 3080 2320 non
3112 2281 3234 2321 esse
3278 2266 3620 2331 confirmem,
3643 2282 3754 2336 quo

2176 2356 2225 2408 ei
2254 2353 2560 2425 deputetur,
2597 2356 2853 2425 quicquid
2880 2356 2934 2409 in
2965 2355 3083 2422 ejus
3105 2358 3355 2410 creatura
3396 2348 3471 2410 ita
3510 2344 3627 2410 fieri
3660 2372 3757 2412 ne-

2177 2457 2330 2500 cesse
2355 2455 2461 2511 est,
2482 2455 2541 2499 ut
2563 2446 2837 2502 voluntate
2868 2447 3210 2515 peccantium
3253 2446 3365 2501 fiat.
3395 2444 3630 2503 Omnino
3657 2448 3757 2517 igi-

2181 2546 2270 2591 tur
2288 2552 2395 2593 non
2427 2537 2662 2602 invenio,
2701 2552 2802 2591 nec
2840 2535 3068 2591 inveniri
3099 2550 3280 2607 posse,
3308 2546 3363 2592 et
3395 2553 3618 2608 prorsus
3645 2552 3752 2593 non

2180 2642 2300 2682 esse
2334 2626 2621 2692 conﬁrmo,
2667 2627 2934 2696 quomodo
2963 2626 3270 2682 tribuantur
3308 2626 3529 2698 peccata
3567 2637 3753 2684 nostra

2181 2716 2423 2773 Creatori
2450 2717 2635 2772 nostro
2664 2719 2805 2783 Deo,
2841 2719 3056 2788 quando
3080 2727 3133 2774 et
3163 2717 3215 2773 in
3256 2717 3383 2788 ipsis
3420 2733 3543 2774 eum
3569 2717 3753 2773 lauda-

2182 2809 2342 2876 bilem
2374 2809 2609 2875 invenio,
2642 2825 2747 2867 non
2772 2810 2943 2865 solum
2966 2809 3109 2879 quod
3140 2825 3205 2865 ea
3246 2810 3421 2881 punit,
3466 2811 3563 2866 sed
3587 2810 3753 2865 etiam

2183 2900 2327 2971 quod
2376 2908 2507 2955 tunc
2553 2898 2717 2966 fiunt,
2780 2915 2902 2955 cum
2954 2898 3022 2955 ab
3076 2897 3193 2968 ejus
3252 2899 3479 2955 veritate
3544 2898 3752 2955 recedi-

2184 2997 2274 3045 tur
2297 2989 2340 3045 δ.
2706 3030 2709 3031 ν
3036 2982 3039 2985 ’
3280 2980 3287 2985 ⁷
3463 3030 3467 3034 η

2255 3082 2340 3137 Ill.
2381 3082 2646 3151 Quocirca
2677 3081 2988 3137 firmissime
3009 3078 3284 3136 fatendum
3321 3089 3427 3147 est,
3455 3081 3614 3136 simul
3639 3081 3754 3137 fieri

2187 3191 2293 3232 non
2338 3184 2911 3247 posse,peccatorum,
2942 3168 3083 3245 quae
3113 3173 3254 3229 Deus
3283 3173 3336 3229 in
3362 3181 3614 3229 creatura
3658 3187 3754 3227 sua

2183 3268 2467 3339 permittit,
2499 3266 2910 3337 praescientiam
2927 3265 3062 3335 ejus,
3085 3281 3191 3336 qua
3210 3280 3273 3322 ea
3292 3266 3601 3337 praescivit,
3623 3279 3753 3319 cau-

2183 3374 2300 3415 sam
2330 3359 2351 3390 ⁸
2395 3373 2499 3413 non
2529 3373 2671 3421 esse,
2694 3346 3241 3437 praedestinationem
3272 3374 3402 3415 vero
3431 3357 3570 3426 ejus,
3617 3372 3756 3427 quae

2185 3466 2249 3506 ea
2281 3465 2386 3505 non
2427 3449 2865 3519 praedestinavit,
2902 3465 3122 3506 causam
3161 3461 3300 3504 esse.
3350 3447 3616 3517 Quicquid
3655 3462 3754 3500 au-

2187 3549 2294 3596 tem
2317 3541 2384 3595 de
2410 3550 2634 3611 peccato
2677 3540 2762 3595 vel
2788 3541 3050 3612 generali,
3081 3540 3164 3594 vel
3195 3538 3412 3611 speciali
3452 3538 3756 3604 conficitur,

2185 3648 2409 3692 necesse
2462 3642 2547 3689 est
2576 3636 2643 3690 de
2671 3634 2788 3706 ejus
2816 3651 3031 3705 quoque
3067 3649 3241 3706 poena
3266 3635 3546 3691 sentiatur.
3579 3632 3757 3688 Poena

2183 3727 2393 3798 peccati
2422 3742 2569 3784 mors
2599 3735 2704 3783 est.
2727 3728 2994 3801 Quicquid
3033 3743 3164 3799 ergo
3191 3728 3258 3783 de
3292 3733 3511 3797 peccato
3536 3726 3757 3793 dicitur,

2186 3832 2406 3874 necesse
2439 3827 2522 3874 est
2578 3819 2645 3873 de
2689 3826 2862 3873 morte
2911 3817 3142 3872 dicatur.
3192 3815 3309 3872 Non
3353 3817 3473 3873 dico
3500 3816 3571 3872 de
3612 3816 3760 3875 omni
3846 3834 3849 3835 '

2186 3918 2381 3975 morte,
2419 3910 2515 3967 sed
2536 3917 2741 3964 tantum
2774 3910 2840 3965 de
2866 3909 2975 3972 illa,
3009 3923 3148 3979 quae
3173 3908 3417 3978 sequitur
3456 3917 3758 3980 peceatum.

2187 4000 2426 4056 Dicimus
2453 4001 2620 4066 enim,
2654 3999 2918 4055 morimur
2940 4006 3182 4070 peccato,
3204 3997 3265 4054 id
3286 4008 3390 4061 est.
3420 4000 3613 4054 merito
3639 4013 3762 4067 pec-

2186 4091 2293 4148 cati
2323 4092 2605 4147 morimur.
2635 4091 2765 4146 Item
2793 4090 3058 4145 morimur
3090 4098 3313 4163 peccato
3349 4090 3599 4155 dicimus.
3632 4091 3759 4147 dum

2189 4185 2398 4241 liberati
2447 4200 2476 4238 a
2518 4192 2742 4255 peccato
2768 4181 3017 4250 justitiae
3040 4183 3292 4238 vivimus.
3322 4180 3378 4236 Si
3421 4197 3551 4253 ergo
3589 4181 3766 4239 omnis

2188 4278 2397 4348 peccati
2440 4291 2603 4353 causa
2630 4291 2731 4331 nec
2774 4276 2828 4331 in
2869 4274 3228 4345 praescientia
3266 4273 3383 4338 Dei,
3416 4289 3518 4329 nec
3564 4274 3616 4329 in
3649 4274 3768 4344 ejus

2188 4369 2681 4442 praedestinatione
2694 4368 2765 4422 sit
2789 4367 3082 4423 constituta
3097 4366 3139 4434 ⁸,
3167 4355 3569 4423 evidentissime
3589 4365 3767 4422 omnis

2111 4461 2167 4551 θ’
2191 4466 2405 4530 mortis,
2437 4476 2577 4532 quae
2604 4460 2848 4530 sequitur
2876 4469 3178 4530 peccatum,
3215 4459 3355 4515 sicut
3386 4460 3438 4513 in
3468 4457 3562 4514 Dei
3603 4473 3767 4527 prae-

2187 4555 2414 4612 scientia
2445 4569 2605 4610 causa
2637 4566 2743 4607 non
2771 4559 2877 4618 est,
2902 4551 2957 4606 in
2982 4549 3098 4619 ejus
3130 4549 3377 4604 similiter
3397 4547 3768 4619 praedestina-

2156 4647 2334 4707 .tione
2359 4661 2465 4702 non
2487 4661 2608 4702 esse
2636 4644 2997 4701 certissimum
3028 4654 3130 4700 est.
3159 4641 3414 4709 Quamvis
3452 4640 3625 4694 sancti
3665 4655 3763 4693 au-
3838 4684 3847 4687 -

2182 4748 2367 4797 stores
2419 4738 2580 4793 modo
2639 4737 2869 4809 quodam
2910 4736 3165 4792 abusivae
3222 4731 3508 4788 locutionis
3554 4729 3766 4786 soleant

2189 4831 2375 4886 dicere
2408 4830 2841 4901 praedestinatos
2860 4829 2928 4883 ad
2956 4836 3206 4893 mortem,
3235 4823 3323 4880 vel
3352 4823 3652 4889 interitum,
3677 4820 3765 4878 vel

2170 4928 2440 4993 poenam,
2490 4921 2558 4977 de
2581 4934 2690 4992 quo
2720 4927 2931 4990 postea,
2970 4923 3132 4988 prout
3167 4914 3429 4983 Dominus
3470 4913 3764 4985 aperuerit,

2187 5010 2454 5067 dicemus.

2174 5150 2179 5155 .
2257 5100 2373 5158 Ν..
2402 5080 2557 5158 Nunc
2585 5099 2805 5157 interim
2848 5098 3196 5157 considerare
3243 5095 3522 5162 debemus,
3560 5103 3765 5159 utrum,

2188 5195 2328 5251 sicut
2357 5193 2497 5250 Deus
2522 5207 2621 5249 nec
2645 5192 3026 5264 praescientia,
3041 5205 3142 5247 nec
3158 5187 3655 5261 praedestinatione
3673 5197 3773 5241 sua

2188 5285 2459 5343 neminem
2499 5283 2771 5354 compellit
2797 5296 3048 5355 peccare,
3067 5281 3147 5336 ita
3188 5279 3460 5337 neminem
3483 5272 3770 5347 contpellat

1796 5417 2052 5475 VARIAE
2086 5418 2494 5477 LECTIONES.

585 5511 611 5581 ’ί
656 5511 726 5564 al.
763 5512 833 5566 ad
863 5520 1179 5581 peccatum,
1224 5510 1247 5541 ¹¹
1278 5519 1396 5564 sunt
1436 5523 1544 5565 om.
1574 5509 1714 5571 cod.,
1757 5510 1879 5581 add.
1915 5511 1983 5566 Μ.

2079 5512 2100 5543 ³
2124 5508 2191 5566 al.
2219 5512 2390 5566 malus
2423 5525 2533 5566 om.
2607 5508 2631 5541 ⁵
2656 5507 2811 5564 Corr.
2836 5505 2935 5576 M.,
2964 5503 3086 5564 eod.
3125 5502 3342 5560 recedit.
3416 5501 3439 5534 ⁸
3472 5500 3629 5556 Corr.
3671 5497 3768 5569 M.,

513 5580 634 5637 cod.
668 5579 871 5635 causa.’
924 5581 945 5611 ⁶
967 5580 1058 5636 Sic
1088 5580 1229 5647 cod.,
1257 5595 1355 5651 pro
1387 5582 1451 5636 sit
1488 5582 1768 5635 constituta
1795 5579 1863 5636 M.
1892 5582 1966 5636 sic
1990 5592 2063 5638 est
2091 5581 2294 5652 futura.

2001 5695 2252 5753 NOTAE.

582 5772 611 5806 ⁸
636 5761 772 5835 Aug.
810 5762 876 5817 de
906 5761 1065 5816 libero
1094 5763 1310 5817 arbitrio
1350 5763 1435 5828 III,
1459 5765 1511 5818 4.
