4194 6276
420 353 525 408 577

1510 325 1713 406 ‘ussn
1749 347 1838 404 ne
1873 295 2583 406 ΡιὶΑΕυέετιΝΑτιοιιΕ.

3575 351 3682 413 378

425 466 513 538 pie
541 464 722 520 vivere
749 476 799 518 ι.
831 463 930 520 Ubi
952 465 1330 522 intendendum
1358 473 1464 531 est,
1490 465 1688 521 nullius
1713 465 2008 520 voluntatis
2034 470 2081 530 Α
2111 463 2258 530 Quae
2286 477 2538 532 perversa
2585 461 2768 531 opinio
2804 460 3065 518 refellitur
3101 462 3260 520 facile
3304 466 3552 522 consulta
3589 486 3680 525 ra-

426 571 550 610 cssc
580 569 760 610 veram
785 555 1108 621 libertatem,
1133 557 1175 610 si
1202 557 1379 625 aliqua
1406 571 1566 612 causa
1599 573 1718 613 eam
1740 557 1996 635 coegerit.

426 647 598 714 Igitur
630 647 674 701 si
696 648 981 701 humanam
1008 648 1337 703 voluntatem
1370 649 1549 718 aliqua
1577 664 1737 706 causa
1780 665 2001 719 praece-

430 743 532 809 dit,
566 757 704 812 quae
749 757 866 796 eam
897 743 1118 798 invitam
1149 753 1471 815 extorqueat
1499 746 1569 800 ad
1618 747 1757 803 bona
1793 747 2004 802 malave

429 833 514 893 vel
537 833 834 902 cogitanda,
865 833 949 889 vel
976 835 1205 905 agenda,
1256 837 1521 906 sequitur,
1557 852 1666 893 non
1716 852 1835 894 esse
1878 854 2001 893 eam

427 935 552 975 vere
578 921 825 987 liberam,
856 923 951 978 sed
980 923 1195 992 penitus
1221 940 1340 980 eam
1373 941 1477 982 non
1499 943 1621 983 esse
1647 929 1697 984 δ.
1721 928 1820 986 Ubi
1856 931 2003 986 enim

420 1018 678 1089 estcausa
714 1026 855 1080 quae
870 1013 1161 1083 compellit,
1180 1014 1251 1068 ibi
1266 1030 1368 1069 non
1382 1025 1667 1071 estnatura
1705 1020 2000 1088 quaevelit.
2067 1066 2070 1074 .

420 1103 586 1172 Atqui
611 1103 855 1159 humana
906 1113 1100 1158 natura
1145 1121 1252 1161 non
1299 1109 1475 1164 solum
1501 1111 1752 1166 voluntas
1777 1121 1879 1177 est,
1912 1111 2005 1167 sed

421 1202 480 1246 et
502 1193 699 1257 libera;
728 1209 826 1248 nec
853 1191 973 1263 ejus
999 1195 1221 1250 libertas
1253 1194 1408 1263 falsa,
1432 1200 1528 1254 sed
1547 1213 1675 1254 vera
1697 1209 1797 1265 est,
1821 1217 2006 1271 quam-

427 1283 512 1335 vis
541 1283 660 1352 ipsa
678 1281 900 1338 libertas
926 1293 1049 1353 post
1073 1295 1349 1354 peccatum
1376 1287 1433 1342 in
1461 1297 1667 1359 tantum
1697 1291 1880 1346 vitiata
1913 1293 2006 1359 sit,

431 1381 493 1426 ιιι
522 1387 696 1441 poena
722 1373 838 1443 ejus
861 1374 1199 1444 impediatur,
1229 1392 1298 1432 ne
1320 1389 1413 1433 aut
1456 1387 1601 1435 recte
1637 1381 1817 1437 vivere
1855 1381 2005 1449 velit,

434 1473 531 1518 aut
560 1465 606 1518 si
635 1464 782 1529 velit,
811 1481 916 1519 non
942 1467 1128 1534 possit.
1161 1468 1237 1522 De
1259 1483 1366 1538 qua
1396 1471 1615 1526 miseria
1636 1473 1921 1540 liberatur,
1947 1481 2009 1528 ut

433 1553 511 1607 ait
535 1553 838 1623 Apostolus,
867 1556 1036 1624 gratia
1064 1555 1163 1610 Dei
1187 1574 1281 1627 per
1305 1557 1490 1614 Iesum
1520 1559 1786 1617 Christum
1821 1574 1870 1630 ο,
1894 1579 2011 1618 ma-

433 1651 595 1698 nente
621 1652 795 1699 tamen
834 1644 1011 1702 adhuc
1036 1649 1274 1704 naturali
1298 1649 1569 1718 libertate,
1595 1668 1733 1722 quae
1760 1654 2011 1726 intelligi-

431 1741 522 1787 tur
551 1734 906 1790 beatitudinis
951 1738 1219 1810 appetitu,
1272 1741 1365 1812 qui
1403 1741 1454 1798 ei
1495 1743 1818 1800 naturaliter
1872 1746 2008 1801 insi-

431 1834 517 1894 tus
546 1832 650 1882 est.
1468 1885 1472 1890 .

499 1913 562 1968 V.
599 1915 714 1970 Non
743 1932 885 1989 ergo
919 1919 1027 1976 ullo
1079 1922 1240 1978 modo
1285 1925 1722 1992 concedendum,
1771 1928 2010 1998 aliquam

430 2023 652 2062 causam
683 2011 1149 2081 compulsativam,
1198 2016 1311 2070 sive
1353 2017 1576 2084 bonam,
1619 2019 1734 2074 sive
1773 2020 2006 2087 malam,

430 2097 754 2165 praecedere
789 2100 1121 2158 voluntatem
1156 2104 1408 2171 hominis,
1437 2122 1533 2163 seu
1580 2109 1805 2164 alterius
1838 2112 2009 2166 ratio-

428 2188 566 2243 nalis
591 2197 836 2257 naturae,
859 2209 926 2248 ne
949 2195 1017 2250 ab
1041 2211 1103 2250 ea
1120 2199 1368 2254 meritum
1397 2215 1531 2255 suae
1560 2201 1830 2259 libertatis
1861 2203 2012 2261 aute-

431 2287 608 2343 ratur,
638 2279 752 2334 sive
772 2281 992 2348 bonum,
1026 2285 1073 2339 si
1097 2286 1234 2342 bene
1251 2287 1450 2342 vixerit
1469 2300 1797 2359 cooperante
1823 2293 2008 2348 divina

436 2371 628 2439 gratia,
665 2370 780 2425 sive
806 2371 1028 2438 malum,
1065 2375 1110 2428 si
1156 2376 1296 2430 male
1322 2379 1522 2433 vixerit
1567 2396 1666 2436 suo
1691 2391 1840 2438 motu
1869 2383 2012 2438 irra-

438 2457 682 2511 tionabili
723 2472 1100 2530 perversaque.
1123 2462 1354 2520 Proinde
1376 2468 1521 2523 nulla
1551 2485 1712 2525 causa
1740 2474 2009 2528 constrin-

438 2549 520 2620 git
541 2549 836 2615 hominem,
865 2566 960 2608 scu
985 2554 1143 2618 bene,
1169 2570 1261 2611 seu
1304 2557 1443 2612 male
1472 2561 1679 2616 vivere.
1717 2561 1834 2618 Non
1863 2566 2008 2621 enim

437 2639 584 2695 Deus
610 2641 852 2696 omnium
887 2644 1153 2700 bonorum
1189 2663 1352 2703 causa
1399 2659 1487 2706 est
1513 2655 1839 2722 necessaria,
1873 2656 2013 2713 sicut

435 2730 578 2800 ignis
608 2732 849 2798 ardendi,
888 2733 969 2789 sol
991 2735 1365 2804 calefaciendi,
1403 2739 1765 2809 illuminandi,
1796 2754 1889 2800 aut
1925 2761 2014 2802 co-

435 2823 637 2888 activa,
681 2833 739 2878 ut
778 2839 968 2881 sensus
995 2827 1316 2891 dormiendi,
1360 2829 1481 2884 sitis
1519 2831 1757 2898 bibendi,
1802 2834 1896 2888 sed
1924 2844 2010 2892 est

436 2911 763 2978 voluntaria,
821 2923 881 2969 ut
919 2916 1183 2985 sapientia
1235 2917 1516 2987 sapientis,
1560 2920 1705 2976 visus
1752 2922 2004 2990 videntis,

439 3005 584 3060 ratio
615 3004 1004 3072 ratiocinantis,
1051 3007 1317 3063 similiter.
1348 3008 1453 3064 Sed
1489 3024 1521 3066 e
1562 3012 1852 3079 contrario,
1883 3029 2008 3068 cum

439 3095 512 3150 sit
538 3095 779 3150 omnium
809 3096 1074 3152 malorum
1097 3112 1254 3152 causa
1282 3113 1568 3167 perversus
1616 3109 1790 3156 motus
1836 3103 2006 3156 ratio-

442 3185 586 3239 nalis
608 3185 936 3240 substantiae
960 3185 1128 3241 libero
1155 3154 1440 3243 voluntatis
1465 3203 1598 3244 suae
1616 3190 1840 3245 arbitrio
1869 3192 2010 3247 male
2036 3154 2082 3217 Ο

438 3279 664 3344 utentis,
693 3293 754 3332 ea
785 3285 963 3334 tamen
1003 3294 1109 3334 non
1153 3289 1235 3336 est
1259 3283 1586 3348 necessaria,
1639 3291 1696 3337 ut
1727 3293 2012 3354 peccatum

432 3371 650 3434 mortis,
683 3386 830 3426 mors
865 3371 1138 3443 miseriae,
1167 3387 1266 3427 nec
1292 3373 1557 3440 coactiva,
1580 3381 1638 3428 ut
1652 3375 1835 3444 passio
1861 3375 2013 3431 dolo-

432 3461 530 3525 ris,
555 3461 709 3515 dolor
735 3460 1007 3529 tristitiae,
1033 3461 1128 3517 sed
1149 3470 1233 3519 est
1248 3462 1584 3533 voluntaria,
1605 3474 1666 3521 ut
1693 3463 1858 3524 libido
1885 3481 2013 3523 ava-

432 3551 616 3616 ritiae,
653 3552 878 3606 avaritia
906 3551 1132 3608 fraudis.

505 3641 592 3695 Vl.
627 3641 685 3696 ln
706 3656 815 3712 quo
843 3641 963 3698 loco
997 3643 1429 3714 respondendum
1450 3653 1538 3702 est
1565 3645 1674 3712 his,
1704 3647 1798 3717 qui
1823 3647 2012 3706 nolen-

435 3738 541 3796 tes,
567 3730 731 3786 immo
751 3740 1070 3802 spernentes
1090 3749 1186 3788 sua
1208 3743 1431 3805 peccata
1449 3739 1741 3808 corrigere,
1763 3739 1857 3793 sed
1881 3754 2012 3809 ques

439 3831 624 3878 rentes
638 3823 655 3854 ³
676 3825 740 3879 de
751 3823 930 3879 divina
942 3827 1272 3895 operatione,
1290 3829 1592 3897 procaciter
1607 3829 1786 3885 dicere
1798 3829 1970 3884 solent
1994 3848 2007 3884 :

441 3928 551 3968 cur
583 3915 723 3969 Deus
751 3916 897 3971 dedit
923 3917 1128 3972 homini
1157 3917 1384 3974 liberum
1415 3920 1718 3986 arbitrium,
1749 3937 1856 3991 quo
1894 3922 2010 3977 solo

440 4017 668 4072 peccare
694 4006 1061 4062 convincitur?
1089 4009 1276 4064 Nonne
1304 4011 1498 4065 melius
1526 4020 1663 4076 erat,
1698 4013 1743 4068 si
1775 4029 1899 4068 eum
1935 4014 2012 4068 ita

440 4092 666 4160 faceret,
704 4104 764 4149 ut
786 4111 1012 4166 peccare
1060 4115 1166 4154 non
1192 4104 1415 4170 posset?
1442 4103 1596 4168 Quod
1624 4105 1784 4158 etiam
1813 4119 2016 4159 conan-

439 4192 531 4259 tur
573 4183 862 4242 falsissimo
897 4189 1255 4262 paralogismo
1299 4193 1653 4261 concludere,
1710 4211 2014 4265 proponen-

441 4284 526 4330 tcs
556 4293 571 4330 :
603 4275 662 4331 Si
684 4277 910 4333 liberum
935 4280 1218 4334 arbitrium
1245 4282 1440 4336 donum
1473 4283 1567 4337 Dei
1590 4294 1705 4350 est;
1738 4298 1896 4339 omne
1918 4299 2014 4338 au-

444 4377 556 4420 tem
587 4367 784 4422 donum
826 4369 1027 4425 bonum
1056 4377 1160 4436 est;
1209 4385 1369 4425 omne
1405 4372 1603 4426 bonum
1657 4389 1764 4428 non
1815 4382 2008 4441 nocet;

2102 555 2267 609 tione.
2314 552 2686 622 lnterrogandi
2731 553 2949 622 quidem
2999 562 3170 608 sunt:
3216 556 3323 610 Vos
3353 564 3557 621 autem,
3589 562 3680 627 qui

2099 649 2443 713 peccatorum
2458 650 2760 696 vestrorum
2784 643 3160 697 auctoritatem
3173 644 3414 700 Creatori
3438 647 3680 702 omnium

2101 733 2305 788 referre
2335 747 2442 786 non
2485 732 2888 801 pertimescitis,
2919 748 3015 787 cur
3041 748 3269 803 peccare
3317 737 3555 792 timetis?
3589 737 3683 796 An.

2102 823 2229 893 quia
2257 832 2486 878 mortem
2516 837 2624 878 non
2653 823 2846 878 vultis?
2871 822 3120 893 Nunquid
3140 825 3284 880 Deus
3313 826 3546 897 injustas
3570 837 3676 894 est,

2102 912 2246 981 quod
2268 912 2426 976 absit,
2457 912 2674 981 quando
2708 921 2930 981 peccata
2957 913 3131 981 punit,
3171 928 3400 983 quorum
3437 918 3680 975 occasio-

2103 1018 2228 1059 nem
2252 1003 2433 1058 dedit?
2457 1001 2574 1058 Non
2603 1010 2686 1058 est
2709 1003 2874 1074 igitur
2902 1002 3131 1059 liberum
3159 1005 3443 1062 arbitrium
3485 1023 3684 1080 pecca-

2104 1102 2281 1148 torum
2307 1109 2493 1159 causa,
2525 1108 2645 1148 cum
2677 1094 2748 1148 sit
2770 1093 2864 1148 Dei
2889 1093 3108 1148 donum.
3361 1153 3363 1155 ,

2117 1244 2122 1248 ι
2176 1183 2284 1237 Vll.
2341 1183 2474 1238 ltem
2514 1183 2880 1254 interrogandi
2934 1201 2948 1237 :
2992 1184 3100 1238 Cur
3141 1184 3279 1239 mori
3319 1185 3556 1246 timetis?
3592 1187 3679 1246 An

2104 1276 2232 1348 quia
2272 1277 2454 1332 vivere
2483 1277 2687 1331 vultis?
2713 1276 2792 1332 Oh
2840 1277 2942 1332 hoc
2984 1278 3126 1352 enim
3155 1279 3390 1335 maxime
3417 1296 3562 1337 mors
3608 1283 3682 1338 ti-

2105 1367 2319 1433 menda,
2348 1368 2492 1438 quod
2520 1368 2688 1423 vitam
2718 1368 2928 1423 auferat
2979 1369 3092 1425 sive
3119 1371 3386 1440 corporis,
3411 1373 3527 1428 sive
3566 1375 3686 1429 ani-

2107 1473 2250 1523 mae,
2285 1474 2378 1514 seu
2410 1460 2714 1528 utriusque.
2749 1458 2807 1514 Si
2848 1467 3028 1514 autem
3065 1461 3248 1516 vivere
3274 1463 3452 1528 vultis,
3499 1464 3682 1532 dicite,

2105 1557 2288 1604 utrum
2313 1550 2487 1614 beate,
2521 1566 2590 1604 an
2619 1550 2849 1605 misere?
2873 1550 3061 1606 Nullus
3082 1549 3185 1614 est,
3209 1553 3306 1623 qui
3334 1554 3498 1626 vitam
3521 1555 3686 1613 mise-

2108 1654 2225 1694 ram
2251 1639 2396 1706 velit,
2429 1640 2864 1711 quandoquidem
2892 1642 3070 1698 nullns
3097 1651 3201 1708 est,
3229 1644 3326 1713 {qui
3364 1645 3532 1702 vitam
3556 1647 3685 1704 bea-

2109 1739 2219 1784 tam
2247 1745 2353 1784 non
2380 1739 2615 1800 appetat.
2644 1731 2793 1798 Quae
2811 1741 2988 1787 tamen
3017 1733 3162 1788 nulla
3183 1742 3288 1800 est,
3318 1735 3364 1790 si
3393 1736 3478 1792 vel
3499 1745 3686 1794 coacta

2039 1808 2085 1868 Β
2111 1820 2386 1876 voluntate
2408 1822 2727 1891 adquiritur,
2768 1823 2851 1878 vel
2880 1824 2996 1878 sine
3022 1824 3272 1880 libertate
3315 1827 3679 1896 possideatur.

2111 1913 2248 1964 Aut:
2273 1911 2331 1966 Si
2353 1911 2494 1990 Deus
2507 1913 2733 1968 liberum
2749 1913 3036 1968 arbitrium
3063 1915 3270 1970 homini
3297 1931 3404 1972 non
3424 1918 3684 1983 dedisset,

2111 2016 2220 2072 quo
2246 2003 2630 2058 beatitudinem
2658 2004 3007 2068 desideraret,
3032 2015 3394 2075 purgaretque
3422 2022 3480 2062 se
3525 2007 3685 2064 bouis

2111 2091 2387 2160 operibus,
2416 2093 2611 2164 quibus
2641 2106 2761 2147 eam
2788 2095 2982 2150 merito
3027 2094 3380 2149 retribueret?
3407 2094 3686 2161 Quomodo

2107 2177 2255 2246 juste
2282 2195 2418 2252 eum,
2435 2181 2629 2236 beatae
2653 2182 2798 2238 vitae
2815 2183 2985 2254 gloria
3013 2191 3322 2251 coronaret,
3345 2183 3439 2254 qui
3461 2185 3562 2240 sibi
3585 2201 3682 2241 sua

2110 2269 2326 2340 propria
2348 2269 2622 2327 voluntate
2650 2274 2855 2328 servire
2877 2290 2982 2330 non
3005 2275 3232 2346 posset?

2124 2429 2132 2438 .
2183 2359 2315 2415 Vill.
2348 2360 2406 2414 Si
2433 2375 2560 2416 vero
2592 2362 2856 2429 dixeritis,
2883 2379 2979 2418 cur
3005 2365 3146 2420 Deus
3174 2365 3384 2422 homini
3420 2365 3524 2422 tale
3549 2366 3684 2423 libe-

2111 2465 2230 2505 rum
2257 2449 2540 2504 arbitrium
2567 2465 2672 2506 non
2715 2452 2884 2518 dedit,
2916 2467 3038 2507 cum
3069 2455 3262 2525 potuit,
3299 2471 3408 2527 quo
3435 2472 3541 2512 non
3584 2457 3687 2513 nisi

2109 2540 2197 2609 pie
2235 2540 2485 2610 justeque
2525 2540 2708 2597 vivere
2734 2542 2914 2606 vellet,
2953 2558 3055 2599 nec
3094 2545 3252 2601 aliter
3297 2546 3438 2603 velle
3483 2559 3686 2618 posset,

2109 2629 2272 2700 impie
2301 2645 2428 2685 vero
2461 2629 2761 2702 injusteque
2789 2633 2970 2687 vivere
2998 2648 3098 2690 nec
3119 2634 3299 2701 vellet,
3337 2651 3439 2692 nec
3459 2646 3680 2706 posset,
3759 2632 3777 2652 ’

2111 2722 2368 2778 continuo
2408 2723 2560 2777 vobis
2611 2722 3061 2793 respondebitur:
3096 2725 3154 2782 Si
3184 2727 3326 2782 Deus
3356 2727 3410 2781 in
3460 2729 3681 2784 homine

2110 2811 2271 2890 talem
2305 2809 2638 2890 voluntatem
2669 2813 3016 2880 condidisset,
3063 2829 3204 2885 quae
3242 2832 3350 2871 non
3380 2819 3689 2874 omnimodo

2110 2919 2328 2959 movere
2357 2919 2416 2960 se
2463 2913 2679 2976 posset,
2732 2906 2846 2980 sive
2894 2895 3056 2972 reete,
3090 2907 3203 2963 sive
3252 2923 3528 2980 perverse,
3579 2927 3688 2968 non

2109 2992 2421 3048 omnimodo
2448 2993 2616 3048 libera
2641 3000 2806 3059 esset,
2837 2994 2930 3049 sed
2956 3004 3101 3051 esset
3123 3010 3192 3052 ex
3220 3006 3372 3067 parte
3404 2998 3588 3063 libera,
3617 3015 3690 3056 ex

2111 3092 2266 3154 parte
2292 3100 2396 3139 non
2426 3085 2627 3150 libera;
2659 3085 2828 3142 libera
2877 3087 3096 3158 quidem
3133 3085 3302 3157 juste,
3350 3103 3458 3146 non
3507 3100 3690 3148 autem

2113 3177 2284 3232 libera
2314 3177 2509 3246 injuste
2535 3179 2731 3235 vivere.
2780 3177 2838 3234 Si
2887 3194 3015 3248 ergo
3053 3190 3198 3237 esset
3226 3180 3408 3252 aliqua
3438 3198 3504 3238 ex
3538 3195 3691 3253 parte

2112 3268 2426 3335 necessitas,
2452 3285 2558 3326 non
2589 3277 2734 3326 esset
2759 3268 2999 3340 perfecta
3025 3271 3268 3330 libertas.
3289 3274 3397 3329 Aut
3417 3273 3687 3345 quomodo
3719 3344 3726 3349 _

2113 3357 2181 3438 de
2212 3359 2401 3412 eadem
2451 3359 2729 3415 voluntate
2782 3369 2963 3430 posset
3005 3362 3164 3420 simul
3213 3366 3339 3433 dici,
3373 3367 3540 3422 libera
3584 3377 3690 3434 est,

2112 3450 2284 3526 libera
2320 3467 2424 3509 non
2459 3460 2573 3522 est;
2605 3455 2742 3512 haec
2769 3455 2914 3512 enim
2960 3458 3375 3514 contradictorie
3413 3460 3690 3527 dicuntur,

2111 3545 2239 3615 quia
2269 3546 2430 3602 simul
2480 3546 2599 3602 ﬁeri
2643 3562 2749 3602 non
2801 3554 3046 3618 possunt.
3097 3546 3157 3604 Si
3185 3548 3327 3603 enim
3360 3564 3545 3606 verum
3585 3561 3689 3614 est,

2109 3636 2280 3693 libera
2309 3648 2411 3704 est,
2443 3639 2640 3697 falsum
2667 3649 2773 3705 est,
2814 3639 2983 3696 libera
3014 3655 3121 3695 non
3162 3648 3277 3708 est;
3307 3641 3353 3696 si
3383 3627 3561 3696 autem
3594 3655 3688 3694 ve-

2111 3743 2230 3786 rum
2260 3739 2367 3796 est,
2396 3731 2566 3787 libera
2593 3745 2699 3786 non
2747 3739 2847 3796 est,
2895 3731 3087 3786 falsum
3119 3743 3221 3799 est,
3262 3733 3433 3789 libera
3483 3743 3583 3789 est.
3613 3735 3689 3790 Ac

2109 3835 2207 3890 per
2253 3822 2355 3876 hoc
2397 3821 2625 3878 liberum
2657 3822 2937 3876 arbitrium
2961 3823 3105 3878 nullo
3137 3824 3296 3880 modo
3337 3832 3525 3890 staret,
3567 3825 3688 3882 siin

2112 3911 2293 3982 aliquo
2325 3912 2674 3968 claudicaret.
2705 3911 2763 3967 Si
2801 3912 3086 3968 dixeritis:
3128 3912 3267 3980 Quid
3305 3913 3507 3969 homini
3535 3930 3694 3969 noce-

2113 4013 2219 4066 ret,
2255 4004 2300 4058 si
2331 4004 2558 4059 liberum
2582 4019 2737 4058 suum
2764 4005 3049 4059 arbitrium
3077 4014 3232 4074 parte
3261 4004 3439 4073 aliqua
3488 4005 3689 4058 claudi-

2112 4101 2285 4156 caret,
2315 4093 2367 4145 id
2399 4104 2501 4159 est,
2543 4110 2608 4148 eo
2632 4096 2770 4149 male
2798 4097 2876 4149 uti
2904 4112 3010 4151 non
3059 4106 3260 4165 posset,
3305 4105 3510 4149 tantum
3543 4104 3600 4148 ut
3625 4112 3691 4149 eo

2112 4183 2254 4237 bene
2278 4184 2475 4238 utendo
2501 4184 2571 4237 ad
2611 4185 2775 4239 vitam
2821 4186 3130 4255 perveniret
3157 4185 3472 4240 aeternam?
3499 4186 3693 4241 melius

2114 4283 2198 4329 est
2250 4274 2422 4341 enim,
2465 4277 2624 4331 beate
2675 4276 2884 4342 vivere,
2922 4293 3086 4346 quam
3138 4278 3352 4347 plenam
3398 4278 3694 4333 voluntatis

2113 4364 2417 4426 libertatem
2441 4365 2678 4422 habere:
2703 4366 2944 4421 miranda
2969 4376 3053 4423 est
3067 4377 3246 4423 vestra
3268 4368 3504 4424 coecitas
3529 4375 3695 4436 atque

443 4456 678 4512 liberum
723 4469 749 4498 ο
807 4459 971 4530 igitur
1021 4460 1302 4515 arbitrium
1349 4475 1456 4516 non
1502 4471 1677 4518 nocet.
1735 4462 2014 4531 Quomodo
2041 4493 2092 4554 Β
2115 4457 2296 4527 mlius
2322 4457 2646 4554 ωίεθΐθιξάεο
2674 4458 2756 4510 All
2792 4456 3035 4554 ηεξεοῖξίεν
3064 4456 3193 4554 quid
3217 4457 3290 4554 ἓίῑ
3308 4456 3554 4554 inﬁmis?
3581 4455 3690 4554 ιε·

444 4555 624 4602 autem
677 4563 782 4606 non
833 4559 1028 4606 noceat
1075 4552 1304 4606 liberum
1349 4552 1658 4618 arbitrium,
1685 4555 1901 4623 quando
1945 4552 2053 4609 eoi

440 4641 763 4709 peccamus?
810 4641 919 4695 Aut
969 4642 1235 4711 quomodo
1279 4641 1489 4696 videtur
1529 4657 1648 4698 esse
1685 4642 1780 4697 Dei
1811 4645 2010 4698 donum

440 4731 696 4800 peccandi
728 4730 978 4784 occasio?
1013 4729 1153 4784 Deus
1178 4736 1359 4783 autem
1382 4729 1582 4784 nullam
1626 4732 1817 4786 mortis
1849 4747 2011 4787 occa-

441 4821 648 4875 sionem
678 4822 810 4876 dare
836 4821 1037 4876 debuit.
1068 4820 1392 4889 Oportuerat
1416 4821 1612 4891 quippe
1641 4822 1805 4876 Deum
1834 4822 2013 4878 facere

439 4909 737 4973 hominem,
781 4910 873 4978 qui
909 4925 1014 4965 non
1059 4918 1330 4979 peccaret,
1361 4910 1485 4979 quia
1535 4911 1711 4980 potuit
1739 4911 1897 4966 talem
1942 4911 2015 4967 fa-

443 5015 586 5056 cere.
623 4999 814 5056 Melius
833 5009 918 5056 est
953 4999 1097 5056 enim
1125 5014 1234 5056 non
1266 5013 1410 5067 esse,
1440 5015 1603 5070 quam
1634 5002 1832 5057 misere
1873 5017 2011 5058 esse.

2117 4564 2223 4619 que
2246 4549 2484 4605 nescitis.
2524 4547 2584 4603 Si
2605 4549 2749 4604 enim
2787 4549 3002 4604 sciretis
3028 4548 3352 4617 certissime,
3390 4549 3694 4604 certissime

2123 4641 2390 4695 taceretis.
2429 4640 2626 4694 Audite
2653 4654 2798 4710 ergo,
2830 4641 2959 4709 quid
2994 4641 3064 4695 sit
3094 4639 3326 4710 justitia.
3354 4640 3433 4696 Ita
3461 4656 3696 4711 namque

2120 4731 2391 4786 definitur.
2437 4729 2653 4786 Iustitia
2691 4739 2773 4786 est
2816 4747 2911 4786 sua
2949 4732 3143 4802 cuique
3188 4734 3443 4790 tribuere.
3478 4731 3535 4788 Si
3567 4747 3696 4803 ergo

2113 4822 2383 4893 justitiam
2414 4823 2508 4878 Dei
2557 4838 2716 4878 nemo
2753 4831 2933 4895 potest
2969 4824 3201 4891 auferre,
3242 4825 3406 4881 sinite
3432 4823 3456 4857 ³
3504 4834 3690 4881 contra

2120 4929 2238 4969 eam
2266 4914 2483 4968 latrare.
2515 4912 2793 4981 Quomodo
2813 4915 3010 4987 quippe
3039 4917 3180 4970 Dens
3201 4915 3370 4986 judex
3389 4913 3567 4983 justus
3595 4929 3676 4968 εον

2122 5020 2312 5060 ronam
2341 5004 2484 5060 vitae
2512 5004 2604 5060 dat
2627 5005 2856 5072 homini,
2891 5005 2998 5064 nisi
3015 5004 3107 5078 pie
3127 5004 3231 5061 sibi
3247 5002 3540 5062 servienti?
3561 5000 3690 5072 Quir

1715 5116 1970 5173 VARIAE
2006 5118 2409 5177 LECTIONES.

518 5227 536 5258 ⁸
561 5227 740 5301 Conj.,
759 5229 882 5286 cod.
912 5237 1210 5301 querantur.
1283 5229 1316 5298 '_
1331 5226 1425 5284 Sic
1455 5226 1600 5294 cod.,
1640 5224 1712 5282 Μ.
1746 5226 2072 5298 etjliberum.
2150 5229 2172 5260 ⁸
2211 5229 2304 5285 Sic
2328 5229 2474 5297 cod.,
2503 5229 2571 5284 Μ.
2603 5230 2840 5287 desinite.

1944 5344 2194 5403 NOTAE.

515 5470 544 5538 εξ
566 5456 709 5538 Deus
744 5470 936 5538 reapse
960 5456 1228 5538 neminem
1252 5454 1545 5538 compellit
1575 5456 1640 5538 ad
1670 5457 2018 5536 peccandum,

450 5528 545 5581 sed
575 5529 642 5580 ad
675 5528 813 5582 bene
840 5526 1125 5580 vivendum
1158 5527 1342 5582 multis
1380 5526 1781 5594 correptionum
1810 5526 2020 5594 generi-

1823 5594 1846 5622 '41

446 5597 547 5651 bus
576 5598 787 5659 invitat,
830 5597 994 5649 immo
1020 5596 1310 5664 compellit,
1359 5598 1476 5664 ipso
1510 5596 1766 5649 dicente:

441 5737 665 5795 intrare.
698 5736 870 5795 Pnuu.

2197 5458 2225 5498 ι)
2266 5458 2458 5516 Probe.
2488 5474 2712 5526 quaeso,
2759 5457 3176 5520 animadvertas,
3221 5453 3550 5526 voluntatem
3597 5470 3685 5513 re-

2124 5544 2248 5581 vera
2278 5524 2516 5597 praecedi
2553 5530 2764 5582 diversis
2802 5527 2974 5580 causis
3012 5525 3274 5597 medentis
3305 5534 3362 5579 et
3386 5524 3688 5585 nti-erentil

1850 5597 2020 5674 aciem
2123 5598 2252 5674 Dei,‘
2273 5596 2339 5674 ad
2370 5598 2506 5674 mala
2547 5613 2675 5674 vero
2701 5597 2896 5674 nullis,
2914 5597 3012 5649 nisi
3043 5596 3292 5665 propriae
3317 5598 3688 5674 perversitatis

443 5677 504 5717 ut
533 5668 586 5720 in
621 5666 909 5736 praeceptis
952 5667 1079 5722 meis
1107 5666 1401 5724 ambuletis.
1450 5674 1504 5719 et
1549 5666 1677 5719 item
1713 5682 1727 5720 :
1760 5665 2019 5735 Compelle

2121 5669 2330 5721 meritis
2359 5667 2715 5733 exigentibus.
2746 5667 2826 5719 Cf.
2847 5667 3024 5722 ‘Pnuo.

2195 5749 2218 5776 ο
2247 5738 2400 5795 Rom.
2429 5737 2535 5800 VII,
2570 5735 2659 5791 25.
