4194 6276
401 333 500 392 581

1497 291 1696 386 Lucan
1735 331 1822 386 ne
1859 331 2562 396 PRAEDESTINATIONE.

3557 339 3662 407 582'

401 463 704 524 peccatum.
749 453 936 508 Melior
976 459 1056 508 est
1086 450 1228 506 enim
1265 451 1442 504 omnis
1483 449 1735 504 voluntas
1779 466 1973 504 co:'rn-
2003 458 2046 514 Α
2079 455 2208 509 mihi
2233 459 2482 512 videntur
2511 461 2614 515 hoc
2637 477 2743 515 uno
2765 477 2960 532 genere
2983 461 3409 532 c0ntineri,cn'm'
3433 470 3662 541 quisque

401 548 588 617 ptione
627 561 817 600 carens
862 561 922 599 ea
967 559 1069 598 non
1113 551 1348 597 carente.
1397 541 1749 595 Coneluditur
1803 543 1979 596 omnis

403 634 672 692 m~.:lefacti
716 636 944 698 occasio,
989 649 1270 704 poenaque
1296 632 1412 701 ejus
1440 633 1646 697 omnis,
1679 633 1733 687 in
1761 635 1978 705 propria

404 731 635 788 hominis
667 731 956 785 voluntate.

471 821 528 876 ll.
561 821 690 874 llinc
717 821 1043 889 Augustinus
1067 819 1120 872 in
1149 821 1322 888 pr’mo
1353 819 1490 872 libro
1541 819 1797 873 delibero
1828 821 1976 874 arbi-

400 915 527 967 trio:
558 935 574 960 ι
605 913 744 983 Ergo
774 911 1120 979 relinquitur,
1145 919 1226 976 ut,
1259 911 1509 979 quoniam
1537 911 1780 979 regnanti
1809 912 1972 964 tuenti

391 1003 732 1072 compotiquc
762 1001 980 1055 virtutis
1007 1001 1262 1069 quiequid
1288 1015 1407 1070 par,
1434 1009 1521 1054 aut
1548 1001 1844 1069 praelatum
1868 1009 1970 1066 est,

391 1110 495 1148 non
538 1107 659 1147 eam
711 1091 840 1146 facit
891 1107 1102 1145 servam
1137 1091 1374 1146 libidinis
1417 1099 1638 1160 propter
1675 1092 1968 1161 justitiam,

391 1179 650 1254 quicquid
696 1191 873 1236 autem
923 1183 1151 1236 inferius
1192 1191 1296 1244 est,
1330 1195 1432 1234 non
1465 1183 1636 1251 possit
1661 1183 1762 1236 hoc
1795 1182 1974 1239 facere

391 1283 615 1343 propter
641 1273 1033 1334 infirmitatem,
1082 1275 1220 1326 sicut
1247 1287 1329 1334 ea,
1366 1287 1501 1342 quae
1543 1273 1684 1327 inter
1715 1289 1812 1328 nos
1841 1289 1972 1328 con-

397 1363 674 1427 stiterunt,
706 1363 916 1426 docent,
953 1361 1093 1414 nulla
1140 1377 1224 1414 res
1263 1361 1366 1415 alia
1399 1371 1626 1416 mentem
1661 1363 1972 1432 cupiditatis

396 1454 650 1507 comitem
695 1451 884 1514 fatiat,
930 1463 1086 1519 quam
1118 1453 1332 1520 propria
1377 1451 1620 1505 voluntas
1659 1461 1708 1506 et
1739 1454 1966 1507 liberum

319 1595 340 1606 ,
393 1543 698 1605 arbitrium,
736 1543 984 1611 justeque
1033 1541 1172 1594 illam
1213 1557 1309 1610 pro
1337 1547 1562 1610 peccato
1594 1549 1740 1596 tanto
1771 1559 1969 1611 poenas

389 1629 643 1702 pendere.
675 1629 810 1697 Quid
840 1630 980 1682 enim
1001 1631 1026 1682 ?
1065 1629 1199 1682 Num
1231 1630 1342 1700 ipsa
1371 1645 1540 1698 poena
1583 1645 1747 1700 parva
1784 1631 1970 1686 existi-

385 1720 576 1773 manda
604 1727 704 1784 est,
733 1719 872 1788 quod
906 1719 954 1772 ei
983 1719 1149 1773 libido
1176 1719 1500 1784 dominatur,
1535 1722 1980 1791 expoliatamqne'

378 1811 597 1866 virtutis
643 1811 914 1890 opulentia
963 1825 1061 1879 per
1103 1811 1310 1866 diversa
1353 1813 1588 1882 inopem,
1623 1821 1785 1881 atque
1829 1815 1966 1869 imii-

379 1915 592 1974 gcntem
629 1905 832 1970 trahit,
877 1921 1018 1958 nunc
1063 1903 1195 1959 falsa
1241 1921 1340 1974 pro
1369 1907 1512 1960 veris
1553 1908 1962 1974 approbantem,

380 2013 520 2050 nunc
549 1997 711 2050 etiam
737 1995 1172 2060 defensitantem,
1199 2013 1340 2050 nunc
1373 1999 1790 2066 improbantem,
1824 2015 1964 2069 quae

378 2098 532 2142 antea
583 2089 945 2159 probavisset,
992 2097 1046 2143 et
1097 2087 1448 2143 nihilominus
1501 2091 1518 2119 ⁸
1567 2089 1620 2142 in
1673 2089 1776 2144 alia
1827 2089 1959 2145 falsa

379 2179 701 2242 irruentem,
735 2177 876 2232 mmc
918 2177 1281 2234 assensionem
1315 2179 1737 2247 suspendentem
1783 2195 1958 2245 suam,

377 2279 430 2324 et
459 2269 774 2338 plerumque
817 2270 1128 2338 perspicuas
1175 2267 1617 2323 ratiocinationes
1661 2268 1962 2324 formidan—

383 2373 510 2426 tem,
539 2378 681 2415 nunc
707 2363 1082 2430 desperantem
1114 2361 1178 2416 de
1203 2369 1314 2416 tcta
1345 2361 1659 2415 inventione
1683 2361 1955 2426 veritatis,

376 2459 432 2505 et
482 2451 740 2506 stultitiae
791 2452 1028 2506 tenebris
1079 2443 1296 2520 penitus
1349 2451 1756 2515 inhaerentem,
1813 2465 1958 2507 nunc

379 2553 670 2600 c0nantcm
719 2543 770 2597 in
813 2543 988 2597 lucem
1035 2541 1386 2612 intelligendi,
1417 2549 1717 2612 rursusque
1761 2535 1955 2614 fatigav?

376 2635 523 2692 tione
577 2635 946 2697 decidentcm,
997 2637 1115 2688 eum
1173 2633 1377 2689 interea
1426 2635 1782 2706 cupiditatum
1830 2635 1958 2688 illud

371 2743 599 2800 regnum
649 2727 928 2798 tyrannice
971 2727 1208 2791 saeviat,
1262 2735 1314 2780 et
1345 2727 1511 2780 variis
1562 2725 1956 2794 contrariisque

369 2822 782 2890 tempestatibus
805 2819 982 2874 totum
1000 2819 1231 2873 hominis
1253 2819 1489 2873 animum
1511 2861 1522 2882 ,
1551 2821 1818 2887 vitamque
1837 2835 1953 2888 per-

371 2911 593 2966 tur‘..ct?
623 2909 758 2962 ilinc
787 2909 995 2974 timore,
1028 2909 1149 2964 inde
1177 2909 1464 2975 desiderio,
1497 2908 1622 2962 hinc
1653 2909 1943 2974 anxietate,

371 2999 498 3054 inde
523 2999 670 3052 inani
697 2995 938 3067 falsaque
975 2998 1205 3062 laetitia,
1247 2999 1370 3052 hinc
1405 2999 1644 3052 cruciatu
1673 2998 1748 3051 rei
1778 2999 1946 3052 amis-

369 3105 492 3150 sae,
543 3105 684 3158 quae
737 3089 1076 3158 diligebatur,
1126 3089 1247 3143 inde
1291 3089 1482 3142 ardore
1535 3087 1942 3156 adipiscendae,

369 3195 514 3250 quae
545 3197 652 3232 non
688 3179 1004 3243 habebatur,
1035 3179 1158 3233 hinc
1186 3186 1436 3247 acceptae
1477 3177 1704 3246 injuriae
1745 3179 1944 3232 dolori-

363 3273 486 3334 bus,
520 3271 647 3326 inde
674 3268 882 3324 facibus
911 3269 1275 3333 vindicandae,
1309 3285 1738 3338 quaquaversum
1767 3281 1946 3341 potest

365 3369 622 3416 coartare
653 3361 674 3390 ²
715 3357 962 3423 avaritia,
1017 3359 1278 3428 dissipare
1309 3358 1328 3389 ³
1352 3359 1595 3422 luxuria,
1651 3359 1886 3427 adiicere
1921 3360 1944 3390 "

357 3452 586 3506 ambitio
606 3493 620 3516 ,
647 3451 838 3504 inflare
870 3451 1118 3519 superbia
1141 3491 1154 3512 ,
1188 3457 1436 3520 torquere
1470 3451 1701 3513 invidia,
1738 3451 1942 3505 desidia

357 3543 608 3612 sepelire,
641 3539 944 3610 pervicacia
974 3541 1262 3606 concitare,
1293 3541 1550 3597 atilieta‘re
1580 3543 1860 3611 subiectio,
1890 3551 1943 3597 et

357 3651 712 3706 (pta-cunque
731 3633 832 3687 alia
853 3633 1265 3708 innumerabilia
1289 3647 1513 3704 regnum
1543 3635 1941 3692 illius-libidinis

360 3727 742 3798 frcquentant'
773 3737 826 3781 et
851 3735 1126 3782 exercent.
1167 3728 1530 3782 Possumusne
1575 3731 1786 3784 tan-ient
1824 3730 1940 3781 nul-

359 3825 466 3878 lam
495 3824 651 3877 istam
681 3837 906 3892 poenam
949 3829 1158 3889 putare,
1187 3835 1345 3890 quam
1369 3862 1382 3886 ,
1411 3829 1468 3874 ut
1505 3822 1697 3884 cernis,
1728 3837 1933 3888 omnes,

359 3919 448 3986 qui
479 3915 636 3988 [non]
661 3915 938 3969 inhaerent
965 3915 985 3944 ⁸
1015 3913 1335 3984 sapientiae,
1370 3931 1592 3969 necesse
1618 3926 1700 3970 est
1743 3932 1931 3986 perpe-

362 4011 479 4064 tia‘!
511 4029 527 4058 ι
568 4009 703 4074 Quid
727 4017 902 4061 autem
933 4007 1158 4078 quisque
1185 4009 1496 4062 sectandum
1529 4021 1580 4062 et
1611 4011 1936 4078 amplecten-

359 4104 484 4154 dam
508 4101 686 4170 eligat,
721 4099 776 4154 in
807 4101 1083 4154 voluntate
1109 4115 1226 4155 esse
1254 4101 1486 4170 positum
1516 4103 1791 4168 constitit,
1823 4105 1936 4157 nul-

358 4191 513 4261 Inque
545 4209 600 4248 re
627 4191 692 4245 de
715 4207 838 4246 arce
859 4191 1168 4246 dominandi
1197 4203 1451 4260 rectoque
1477 4193 1665 4246 ordine
1699 4201 1931 4246 mentem

358 4283 574 4351 deponi,
607 4283 706 4336 nisi
747 4281 1058 4350 voluntate,
1079 4291 1133 4336 et
1169 4291 1251 4336 cst
1285 4281 1651 4347 manifestum,
1683 4299 1784 4336 non
1819 4299 1930 4337 rem

359 4373 546 4437 ullam,
585 4387 706 4426 cum
731 4387 792 4426 ea
823 4373 1050 4442 quisque
1081 4371 1219 4427 male
1247 4370 1434 4436 utitur,
1469 4372 1562 4426 sed
1593 4373 1764 4442 ipsum
1797 4373 1932 4428 male

355 4473 600 4518 utentem
633 4479 751 4518 esse
775 4465 1125 4532 arguentium.
1961 4507 2010 4564 Β

427 4553 511 4608 lli.
545 4555 806 4622 Quocirca
833 4553 960 4608 licet
989 4569 1131 4607 nunc
1156 4555 1582 4609 animadvertere
1611 4563 1666 4609 et
1687 4555 1930 4610 cmisidc-

357 4661 498 4710 rare,
535 4655 717 4700 utrum
765 4645 836 4698 sit
879 4643 1021 4697 aliud
1059 4645 1198 4698 male
1227 4644 1436 4708 facere,
1467 4661 1624 4715 quam
1667 4647 1931 4715 neglectis

355 4737 516 4790 rebus
545 4735 801 4800 aeternis,
847 4733 1041 4802 quibus
1087 4749 1182 4804 per
1217 4749 1276 4788 se
1321 4733 1488 4802 ipsam
1529 4750 1678 4788 mens
1709 4733 1928 4804 fruitur,

353 4838 406 4882 et
437 4843 534 4897 per
561 4843 619 4882 se
659 4827 832 4896 ipsam
877 4825 1123 4896 percipit,
1172 4831 1229 4878 et
1270 4841 1405 4894 quae
1451 4840 1638 4880 amans
1679 4829 1928 4882 amittere

353 4935 462 4972 non
499 4927 678 4988 potest
705 4915 1054 4986 temporalia,
1088 4923 1140 4969 et
1169 4930 1415 4985 quaeque
1455 4929 1552 4983 per
1593 4929 1787 4982 corpus
1810 4931 1928 4984 par—

351 5016 464 5062 tem
487 5007 716 5062 hominis
745 5007 1057 5062 vilissimam
1089 5006 1410 5068 sentiuntur,
1434 5013 1488 5058 et
1517 5021 1786 5073 nunquam
1808 5021 1926 5060 esse

349 5105 500 5153 certa
529 5099 772 5166 poésunt,
798 5095 954 5166 quasi
983 5095 1168 5166 magna
1197 5103 1250 5149 et
1280 5095 1524 5149 miranda
1552 5095 1767 5149 sectari.
1793 5096 1922 5150 Nam

345 5187 454 5243 hoc
485 5203 591 5242 uno
633 5202 832 5258 genere
869 5187 1052 5242 omnia
1099 5186 1402 5252 malefacta,
1452 5185 1504 5240 id
1547 5193 1660 5251 est,
1703 5197 1927 5254 peccata

2083 549 2344 601 avertitur
2375 563 2402 600 a
2436 549 2630 604 divinis
2659 565 2894 620 vereque
2923 558 3284 621 manentibus,
3318 567 3370 611 et
3395 557 3462 612 ad
3493 571 3664 614 muta;

2081 635 2206 689 bilia
2239 645 2398 706 atque
2429 640 2632 694 incerta
2677 643 3028 697 convertitur.
3067 646 3216 710 Quae
3245 663 3571 717 quamquam
3603 649 3660 705 in

2080 729 2266 782 ordine
2289 746 2385 783 suo
2417 741 2562 785 recte
2595 731 2768 786 locata
2795 735 2936 800 sint,
2969 743 3023 789 et
3061 751 3214 790 suam
3245 739 3513 807 quandam
3545 739 3663 810 pul-

2080 819 2436 875 chritudinem
2473 833 2762 893 peragant,
2793 829 3034 894 perversi
3081 837 3257 884 tamen
3306 831 3468 886 animi
3499 841 3660 890 estet

2077 909 2387 976 inordinati,
2418 911 2498 966 eis
2546 915 2836 983 Sequendis
2883 915 3092 984 subjici,
3128 921 3322 989 quibus
3354 923 3420 978 ad
3463 933 3654 980 nutum

2077 1015 2234 1055 suum
2263 1001 2518 1058 ducendis
2539 1006 2718 1074 potius
2741 1006 2922 1062 divino
2946 1009 3134 1063 ordine
3158 1023 3219 1066 ac
3236 1011 3357 1083 jure
3377 1016 3654 1086 praelatus

2076 1101 2156 1147 cst
2847 1099 2854 1108 '

2593 1167 2676 1223 CA
2685 1167 2990 1228 PITULUM
3029 1173 3137 1228 VII.

2078 1273 2231 1342 Quod
2268 1273 2487 1330 liberum
2527 1279 2808 1335 voluntatis
2839 1283 3114 1338 arbitrium
3163 1289 3541 1342 numerandum
3587 1293 3654 1345 sit

2143 1347 2278 1428 inter
2301 1347 2434 1428 bona
2463 1365 2596 1428 quae
2631 1351 2770 1405 Deus
2791 1353 3003 1428 nomini
3037 1355 3278 1425 largitur,
3321 1362 3558 1428 quamvis
3591 1377 3652 1416 eo

2145 1416 2281 1469 male
2303 1416 2502 1471 utatur.
2531 1419 2680 1486 Quae
2703 1427 2956 1478 est'causa
2979 1416 3178 1494 perciti
3203 1438 3250 1482 et
3267 1416 3583 1497 peccatum?

2141 1547 2182 1601 1.
2217 1547 2331 1603 Non
2355 1565 2481 1622 ergo
2505 1551 2732 1609 liberum
2761 1557 3044 1613 arbitrium
3077 1562 3274 1615 malum
3299 1573 3402 1629 est,
3437 1581 3557 1619 cum
3587 1581 3651 1622 co

2071 1639 2298 1710 quisque
2345 1643 2483 1698 male
2529 1655 2730 1711 utatur,
2781 1639 2874 1704 sed
2926 1659 3011 1705 est
3063 1655 3451 1710 numerandum
3508 1660 3652 1714 inter

2075 1731 2231 1796 bona,
2261 1751 2396 1802 quae
2423 1737 2622 1790 homini
2648 1739 2826 1793 divina
2852 1741 3098 1812 largitate
3121 1743 3314 1801 donata
3335 1761 3476 1814 sunt,
3495 1767 3650 1820 prae-

2071 1823 2257 1879 s‘ertim
2288 1843 2407 1880 cum
2433 1831 2610 1898 potius
2639 1833 2703 1887 ad
2735 1833 2870 1888 bene
2898 1838 3150 1891 utendam
3182 1855 3246 1893 eo
3269 1839 3448 1895 datum
3473 1843 3561 1898 sit.
3589 1845 3644 1900 In

2068 1913 2169 1968 hoc
2207 1917 2349 1969 enim
2381 1920 2612 1974 maxime
2644 1925 2888 1992 arguitur
2917 1926 3148 1982 humana
3189 1929 3468 1996 voluntas,
3503 1933 3644 2004 quod

2066 2019 2130 2058 eo
2161 2005 2318 2070 dono,
2350 2011 2490 2076 quod
2519 2011 2565 2064 ei
2598 2011 2779 2066 datum
2809 2025 2891 2068 est
2937 2018 3002 2069 ad
3045 2027 3191 2072 recte
3223 2024 3499 2089 utendum,
3533 2040 3645 2080 ma-

2065 2093 2163 2148 luit
2193 2112 2443 2166 perverse
2469 2100 2563 2154 uti.
2595 2099 2700 2156 Sed
2727 2105 2922 2160 merito
2949 2107 3246 2176 quaeritur,
3289 2127 3386 2166 cur
3414 2128 3477 2168 eo
3508 2116 3646 2171 male

2063 2185 2141 2239 uti
2171 2187 2382 2256 potuit?
2417 2187 2811 2260 Respondetur,
2841 2198 2963 2266 quia
2997 2213 3100 2253 non
3140 2191 3226 2254 est
3261 2219 3513 2274 magnum
3551 2207 3646 2262 bo—

2062 2291 2209 2338 num,
2243 2291 2350 2346 quo
2382 2294 2540 2333 nemo
2568 2282 2704 2336 male
2753 2285 2826 2338 uti
2873 2295 3066 2355 potest.
3097 2287 3235 2344 Sunt
3270 2294 3412 2347 enim
3447 2311 3640 2367 magna

2061 2366 2222 2431 bona,
2251 2386 2386 2438 quae
2423 2387 2452 2425 a
2496 2373 2602 2454 _Deo
2636 2375 2837 2431 homini
2883 2375 2904 2410 τ
2943 2382 3229 2448 donantur,
3270 2393 3396 2438 sunt
3442 2366 3638 2454 media,

2059 2469 2182 2514 sunt
2211 2461 2451 2516 minium.
2485 2449 2547 2517 lit
2574 2467 2786 2536 quidem
2822 2473 3027 2540 magnis
3061 2473 3237 2530 nullus
3277 2477 3414 2529 male
3447 2477 3634 2532 utitur.

2059 2549 2190 2616 Quis
2209 2551 2352 2605 enim
2382 2556 2689 2622 prudentia,
2719 2565 3094 2630 temperantia,
3120 2563 3461 2633 fortitudine,
3480 2569 3640 2636 justi—

2058 2643 2130 2695 tia
2161 2643 2300 2697 male
2340 2646 2418 2697 uti
2455 2649 2667 2714 potest?
2699 2647 2886 2704 Mediis
2917 2667 3044 2707 vero
3075 2655 3260 2721 bonis,
3293 2655 3636 2728 minimisque

2055 2750 2150 2803 pro
2183 2733 2408 2792 arbitrio
2443 2739 2640 2793 utentis
2684 2751 2736 2794 et
2787 2753 2932 2796 recte
2963 2743 3161 2799 vivitur
3201 2743 3224 2778 ⁸
3268 2757 3320 2800 ct
3363 2765 3633 2816 perverse.

2054 2825 2237 2881 Potest
2267 2829 2406 2881 enim
2433 2827 2625 2897 aliquis
2651 2831 2699 2883 in
2727 2833 3030 2900 disciplina,
3063 2837 3210 2890 verbi
3244 2853 3428 2902 causa,
3457 2841 3637 2909 dispu-

2054 2921 2222 2983 tandi,
2271 2935 2408 2988 quae
2455 2921 2650 2974 dicitur
2701 2923 3011 2990 dialectica,
3042 2927 3269 2996 peritus,
3303 2944 3438 2997 quae
3489 2931 3634 2985 nullo

2052 3011 2330 3064 dubitante
2360 3027 2390 3065 a
2431 3013 2541 3066 Deo
2586 3013 2788 3069 homini
2838 3016 3088 3081 donatur,
3121 3019 3163 3071 si
3206 3020 3466 3086 voluerit,
3497 3022 3630 3077 bene

2049 3099 2147 3164 uti,
2179 3101 2431 3169 quoniam
2477 3103 2542 3155 ad
2587 3103 2692 3157 hoc
2737 3107 3038 3161 certissime
3084 3109 3204 3162 data
3245 3119 3360 3175 est,
3394 3111 3518 3166 dum
3565 3127 3626 3167 ca

2050 3190 2361 3260 ignorantes
2390 3207 2508 3245 eam
2539 3193 2732 3258 erudit,
2764 3211 2888 3250 vera
2923 3195 3164 3268 falsaque
3192 3199 3470 3264 discernit,
3495 3219 3625 3256 con-

2049 3281 2164 3334 {Usu
2195 3281 2402 3347 dividit,
2434 3295 2681 3352 separata
2708 3287 2944 3357 colligit,
2982 3289 3032 3342 in
3062 3290 3625 3347 omnibusveritatem

2049 3372 2288 3440 inquirit.
2321 3373 2501 3428 Potest
2536 3391 2564 3428 e
2613 3377 2888 3430 contrario
2923 3377 3224 3448 perniciose
3269 3382 3449 3436 vivere
3483 3383 3524 3448 θ,
3558 3383 3626 3438 ad

2045 3465 2186 3532 quod
2216 3481 2318 3518 non
2347 3475 2426 3518 est
2453 3467 2603 3528 data,
2637 3465 2760 3521 dum
2791 3467 2923 3522 falsa
2959 3475 3059 3540 pro
3096 3473 3237 3526 veris
3277 3474 3580 3543 approbans
3606 3517 3619 3541 ,

2045 3552 2176 3607 alios
2203 3555 2252 3608 in
2284 3570 2523 3609 errorem
2568 3555 2774 3622 mitat,
2825 3555 3081 3629 falsisque
3123 3561 3624 3619 ratiocinationibus

2043 3645 2364 3714 simplicium
2388 3663 2576 3701 sensus
2599 3647 2912 3714 confundat,
2941 3650 3318 3706 confundenda
3345 3653 3618 3724 caliginat,

2041 3753 2110 3791 ne
2152 3753 2336 3790 eorum
2381 3738 2568 3791 oculus
2615 3738 2856 3803 in'te'rior,
2887 3741 2976 3808 qui
3008 3747 3089 3794 est
3116 3742 3350 3808 animus,
3387 3745 3452 3797 ad
3483 3749 3623 3798 noti-

2041 3825 2168 3879 tiam
2217 3842 2383 3896 purae
2437 3827 2602 3898 ipsius
2649 3827 2890 3882 veritatis
2941 3832 3235 3899 perveniat.
3289 3832 3444 3886 Sieut
3490 3849 3619 3903 ergo

2040 3917 2152 3984 ipsa
2183 3915 2462 3984 disciplina
2485 3958 2498 3980 ,
2529 3918 2572 3970 si
2604 3917 2748 3971 inter
2793 3934 2984 3990 magna
3029 3921 3167 3974 bona
3219 3933 3615 3988 muneraretur,

2039 4006 2216 4060 nullus
2251 4023 2314 4060 ea
2347 4007 2582 4068 falleret,
2635 4009 2811 4062 nullus
2845 4009 3139 4074 falleretur,
3172 4011 3268 4075 ita,
3300 4011 3342 4064 si
3386 4011 3614 4065 liberum

2037 4095 2320 4151 arbitrium
2352 4097 2404 4150 in
2429 4113 2656 4151 numero
2681 4113 3000 4168 magnorum
3033 4099 3294 4152 bonorum
3320 4099 3613 4154 collotare-

2038 4197 2144 4253 tur,
2177 4188 2355 4242 nullus
2399 4205 2462 4244 co
2509 4189 2649 4244 male
2693 4199 2852 4244 utens
2895 4191 3069 4259 primo
3115 4189 3407 4254 laberetur,
3439 4187 3615 4248 nullits

2037 4293 2430 4352 consequenter
2480 4281 2618 4335 male
2661 4283 2860 4336 utendo
2903 4281 3206 4352 puniretur.
3257 4281 3388 4351 Quis
3435 4293 3612 4339 autem

2037 4387 2138 4426 non
2173 4371 2352 4426 videat
2379 4365 2814 4441 frequentissime
2837 4373 3085 4427 homines
3114 4373 3251 4428 male
3278 4381 3486 4428 mentes
3509 4376 3610 4428 mi-

2037 4463 2196 4517 nimis
2221 4463 2374 4518 bonis
2395 4504 2407 4528 ,
2435 4479 2464 4516 a
2495 4463 2604 4517 Deo
2638 4473 2813 4516 tamen
2845 4463 3186 4528 commissis,
3218 4473 3274 4519 ut
3319 4471 3444 4520 sunt
3484 4481 3606 4534 spe-

2032 4551 2144 4607 cies
2190 4567 2479 4622 corporeae
2505 4595 2520 4618 ,
2551 4569 2845 4622 eartnnque
2897 4553 3363 4624 pulchritudines,
3417 4557 3611 4626 quibus

2034 4646 2264 4699 maxima
2295 4646 2574 4700 bon‘tinum
2607 4645 2892 4700 multitudo
2921 4647 2988 4700 ad
3015 4647 3194 4705 varias
3217 4663 3404 4704 eorum
3431 4647 3608 4703 libidi-

2031 4749 2128 4788 nes
2169 4735 2460 4802 explenda‘s
2505 4733 2780 4789 nmrtifere
2831 4735 3018 4801 tttitur,
3066 4752 3186 4790 cum
3231 4739 3432 4793 eisdem
3478 4739 3608 4808 ipsis

2031 4827 2138 4898 pie,
2177 4825 2339 4896 justo,
2375 4835 2626 4898 recteque
2667 4836 2948 4882 uterentur
2991 4829 3058 4883 ad
3099 4829 3346 4883 meritum
3377 4829 3608 4884 beatitu-

2033 4911 2173 4974 dinis
2199 4933 2346 4982 suae,
2378 4919 2420 4972 si
2453 4933 2546 4972 eas
2570 4919 2634 4971 ad
2665 4917 2874 4973 laudem
2897 4915 3174 4973 Creatoris
3199 4920 3498 4976 referrent?

2105 5009 2164 5062 ll.
2199 5007 2302 5063 Sed
2327 5011 2535 5062 uthaee
2567 5009 2802 5077 apertius
2828 5010 3204 5078 approbemus,
3235 5009 3406 5063 sancti
3429 5007 3604 5063 Patris

2031 5091 2310 5166 Augustini
2341 5099 2652 5166 stnrviloqua
2687 5095 2843 5151 verba
2873 5098 3118 5166 ponenda
3153 5107 3300 5150 sunt.
3333 5097 3422 5150 Ait
3455 5097 3599 5151 enim

2033 5189 2086 5242 in
2115 5187 2252 5243 libro
2283 5185 2516 5245 secundo
2547 5191 2610 5244 de
2637 5189 2806 5244 libero
2833 5188 3094 5242 arbitrio:
3129 5203 3150 5238 ‹
3185 5186 3438 5242 Constitit
3458 5187 3600 5240 inter

1626 5313 1878 5372 vanus
1915 5295 2317 5376 LECTIONES.

419 5409 438 5443 ⁸
470 5409 602 5465 Cod.
633 5408 768 5464 nihil
793 5409 1056 5464 homines.
1165 5411 1186 5440 ⁸
1208 5407 1279 5462 Μ.
1311 5415 1595 5460 coarctare.

343 5479 612 5550 addicere.
682 5479 704 5511 ³
724 5480 884 5550 Corr.
929 5481 1050 5534 cod.
1077 5479 1485 5550 frequentantur.

341 5549 364 5582 τ
391 5549 484 5605 Sic
511 5551 657 5616 cod.,
683 5549 756 5604 Μ.
789 5551 988 5604 homini
1010 5567 1042 5603 α
1077 5547 1206 5603 Deo.
1284 5549 1304 5579 ⁸
1338 5547 1426 5602 Sic
1453 5548 1599 5613 cod.,
1631 5547 1698 5600 Μ.
1727 5550 1910 5602 utitur.

1669 5407 1690 5438 Ω
1718 5407 1828 5442 {ind
1875 5410 2084 5442 Αορᾶηιη-

1563 5421 1595 5460 2.
1669 5407 1690 5438 ⁸
1718 5407 1848 5462 Cod.
1875 5410 2130 5480 desipere.
2209 5411 2232 5444 δ
2257 5411 2350 5467 Sic
2379 5413 2526 5477 cod.,
2557 5411 2626 5466 Μ.
2671 5412 2892 5466 adurere
2915 5417 2974 5464 et
2991 5410 3061 5464 ad
3090 5421 3262 5477 marg.
3297 5407 3471 5489 adscr.
3519 5407 3596 5464 al.

1563 5477 2138 5606 '6.1§[t).tlugl‘llll.rf30d9.;sizlé
2158 5499 2272 5606 (poet?
2307 5484 2610 5606 αῇἡαᾶἔῖητ,
2635 5489 2690 5538 et
2711 5483 2778 5536 ad
2801 5495 2972 5550 marg.
2999 5479 3174 5536 adscr.
3197 5478 3268 5532 al.
3307 5479 3598 5538 numerent.

2088 5569 2136 5606 lc
2158 5563 2302 5620 (:0ti.,
2336 5563 2404 5606 at.
2439 5563 2534 5607 un.

2209 5411 2232 5444 ⁸
2257 5411 2350 5467 Sic
2379 5413 2526 5477 cod.,
2557 5411 2626 5466 Μ.
2671 5412 2892 5466 adurere
2915 5417 2974 5464 et
2991 5410 3061 5464 ad
3090 5421 3262 5477 marg.
3297 5407 3471 5462 adscr.
3519 5406 3596 5464 at.

1873 5665 2120 5724 NOTAE.

415 5751 442 5782 ⁸
471 5739 758 5812 Augustin.
792 5740 856 5793 de
886 5739 1044 5794 libero
1067 5738 1282 5792 arbitrio
1308 5737 1352 5802 Ι,
1385 5739 1466 5792 Η.
