4194 6276
559 315 669 374 585

1915 307 2197 365 JOANNIS
2238 307 2433 365 SCOTl

3709 306 3814 360 584

552 443 674 492 nos,
718 433 965 482 naturam
995 425 1238 496 corporis
1288 423 1545 487 inferiore
1586 423 1750 494 gradu
1781 437 1931 486 esse,
1964 414 2124 490 quam
2155 428 2202 481 Λ
2231 421 2366 485 rius,
2399 428 2493 473 aut
2531 419 2594 474 ad
2635 421 2861 475 inferius
2889 429 3097 490 peccat.
3133 421 3214 474 Ad
3241 419 3514 488 proprium
3545 421 3815 472 converti-

551 517 715 570 auimi
762 526 1038 577 naturam,
1069 529 1132 567 ac
1159 530 1254 582 per
1294 515 1398 568 hoc
1438 514 1676 567 animum
1723 512 1897 581 majus
1929 511 2128 564 bonum

550 620 690 669 esse,
715 620 876 674 quam
902 617 1115 670 corpus.
1149 601 1206 655 Si
1244 618 1372 671 ergo
1411 603 1465 656 in
1493 599 1737 670 corporis
1783 599 1938 654 bonis
1979 599 2129 651 inve-

549 697 726 751 nimus
757 695 957 760 aliqua,
987 693 1182 762 quibus
1210 710 1316 747 non
1348 701 1493 748 recte
1521 693 1598 746 uti
1628 693 1789 745 homo
1811 691 2007 758 possit,
2030 704 2130 743 nec.

553 795 726 840 tamen
752 791 1034 852 propterea
1059 781 1306 847 dicimus,
1333 797 1437 835 non
1467 796 1533 835 ea
1559 780 1676 835 dari
1707 779 1972 842 debuisse,
1997 792 2131 848 quo—

548 873 690 926 niam
736 885 855 925 esse
883 869 1207 926 confitemur
1246 871 1385 925 bona
1413 887 1425 922 :
1450 869 1578 940 quid
1623 871 1857 934 mirum,
1887 867 1934 922 si
1977 876 2030 922 et
2073 866 2128 920 in

548 965 727 1017 animo
758 973 886 1018 sunt
919 961 1183 1033 quaedam
1211 962 1368 1023 bona,
1405 961 1600 1030 quibus
1640 960 1804 1013 etiam
1837 973 1944 1013 non
1981 965 2128 1012 recte

548 1053 620 1106 uti
652 1068 960 1122 possumus.
991 1051 1098 1106 Sed
1121 1065 1261 1120 quae
1303 1050 1318 1080 ¹
1345 1049 1484 1104 bona
1515 1059 1670 1113 sunt,
1698 1063 1803 1101 non
1835 1055 2129 1117 potuerunt

545 1143 700 1208 dari,
737 1144 838 1198 nisi
886 1144 954 1198 ab
1004 1142 1118 1207 illo,
1165 1157 1195 1195 a
1243 1156 1349 1210 quo
1394 1148 1519 1195 sunt
1568 1139 1748 1192 omnia
1779 1142 1938 1192 bona.
1965 1138 2162 1196 Vides.

543 1235 708 1299 enim,
731 1245 990 1304 quantum
1019 1233 1144 1289 boni
1165 1233 1304 1288 desit
1323 1229 1662 1302 corpori,cui
1690 1229 1886 1284 desunt
1909 1244 2123 1292 manus,

543 1335 600 1380 et
629 1334 806 1382 tamen
841 1325 1092 1380 manibus
1124 1324 1265 1378 male
1300 1324 1490 1386 utitur,
1522 1321 1614 1392 qui
1642 1321 1722 1376 eis
1757 1329 2013 1389 operatur
2040 1319 2124 1372 vel

549 1432 712 1472 saeva
753 1417 835 1471 vel
876 1416 1072 1485 turpia.
1098 1413 1228 1470 Sine
1250 1415 1477 1484 pedibus
1498 1411 1732 1481 aliquem
1756 1411 1801 1465 si
1828 1411 2121 1480 aspiceres,

543 1509 814 1572 fatereris,
841 1507 1029 1562 deesse
1070 1505 1366 1574 integritati
1407 1502 1652 1571 corporis
1691 1501 1981 1570 plurimum
2022 1501 2123 1554 bo-

541 1613 691 1662 num,
729 1606 783 1650 et
806 1605 984 1650 tamen
1010 1610 1156 1660 eum,
1199 1594 1290 1664 qui
1320 1595 1387 1648 ad
1417 1591 1718 1647 nocendum
1747 1590 2013 1659 cuipiam,
2038 1589 2125 1644 vel

541 1688 777 1758 seipsum
800 1686 1262 1741 debonestandum
1306 1685 1531 1754 pedibus
1579 1691 1842 1748 uteretur,
1877 1682 2018 1736 male
2045 1683 2121 1737 uti

2236 525 2344 573 tur,
2371 529 2494 566 cum
2525 528 2654 568 suae
2676 515 2960 582 potestatis
2988 514 3096 566 vult
3122 530 3272 577 esse;
3303 513 3368 566 ad
3396 511 3654 575 exterius,
3692 526 3812 563 cum

2233 602 2460 655 aliorum
2485 603 2818 670 propria,vel
2841 619 3192 672 quaecunque
3214 603 3280 655 ad
3307 617 3365 654 sc
3390 617 3492 654 non
3521 601 3811 669 pertinent,

2233 707 2565 764 cognoscere
2590 695 2801 758 studet;
2830 695 2896 746 ad
2928 693 3171 756 inferius,
3195 708 3316 745 cum
3337 691 3662 758 voluptatem
3689 705 3809 744 cor-

2231 779 2377 854 poris
2402 784 2596 856 diligit.
2628 785 2800 853 Atque
2826 785 2897 837 ita
2926 784 3085 838 homo
3113 786 3375 852 superbus
3401 791 3456 836 et
3483 781 3733 836 curiosus
3757 790 3813 836 et

2231 876 2464 931 lascivus
2489 874 2730 940 elfectus,
2759 876 3028 945 excipitur
3054 874 3122 928 ab
3142 875 3241 928 alia
3272 875 3399 939 vita,
3425 887 3562 942 quae
3583 873 3637 926 in
3663 888 3812 927 com-

2229 968 2512 1038 paratione
2537 967 2834 1036 superioris
2866 967 3008 1020 vitae
3039 982 3182 1021 inors
3213 976 3312 1020 est.
3346 966 3492 1031 Quae
3509 972 3687 1019 tamen
3716 981 3810 1020 re-

2230 1062 2376 1131 gitur
2395 1059 2858 1116 administratione
2873 1059 2894 1090 ⁸
2910 1059 3124 1113 divinae
3138 1057 3518 1127 providentiae,
3535 1071 3671 1125 quae
3686 1072 3814 1111 con-

2231 1151 2381 1222 gruis
2431 1149 2694 1223 [sedibus]
2723 1150 2743 1182 "
2774 1150 2989 1205 ordinat
3018 1150 3220 1214 omnia,
3257 1157 3312 1201 ct
3349 1163 3446 1217 pro
3481 1147 3685 1201 meritis
3711 1162 3809 1201 sua

2231 1244 2423 1311 cuique
2451 1241 2745 1296 distribuit.
2777 1241 2855 1295 Ita
2881 1240 2940 1294 fit
2959 1281 2975 1307 ,
3006 1247 3065 1292 ut
3089 1254 3264 1308 neque
3295 1237 3385 1292 illa
3415 1238 3586 1303 bona,
3610 1252 3748 1306 quae
3778 1252 3808 1290 a

2230 1333 2578 1404 peccantibus
2607 1341 2950 1402 appetuntur,
2982 1330 3090 1383 ullo
3119 1330 3278 1383 modo
3315 1327 3454 1382 mala
3483 1328 3610 1390 sint,
3639 1341 3811 1396 neque

2230 1423 2346 1492 ipsa
2377 1422 2625 1475 voluntas
2662 1421 2856 1484 libera,
2891 1433 3052 1487 quam
3081 1418 3134 1471 in
3166 1417 3320 1471 bonis
3348 1416 3669 1485 quibusdam
3701 1427 3848 1492 me:

2230 1515 2333 1569 diis
2380 1513 2768 1570 numerandam
2799 1526 2918 1568 esse
2959 1511 3344 1581 comperimus,
3375 1509 3699 1564 sed'malum
3740 1491 3816 1565 sit

2229 1607 2441 1662 aversio
2475 1606 2590 1678 ejus
2617 1607 2684 1660 ab
2709 1605 3128 1662 incommutabili
3161 1605 3320 1666 bono,
3351 1614 3405 1658 et
3436 1605 3719 1659 conversio
3744 1603 3813 1658 ad

2229 1699 2510 1755 mutabilia
2557 1701 2728 1764 bona;
2773 1713 2912 1768 quae
2945 1707 3124 1752 tamen
3156 1695 3368 1751 aversio
3397 1703 3556 1763 atque
3585 1707 3814 1750 conver-
3855 1685 3863 1760 ί

537 1778 765 1846 Pedibus
808 1793 914 1830 ηοη
959 1789 1206 1846 ηρεθνεε·
1239 1774 1423 1829 oculis
1457 1774 1595 1827 hanc
1635 1772 1808 1827 lucem
1838 1771 2082 1826 Videmus
2105 1813 2121 1839 ν
2153 1781 2202 1843 Β
2232 1791 2336 1855 sio,
2361 1791 2616 1859 quoniam
2643 1804 2749 1844 non
2787 1789 3020 1859 cogitur,
3048 1788 3142 1842 sed
3184 1795 3268 1841 est
3293 1784 3615 1849 voluntaria,
3646 1784 3810 1852 digna

539 1865 848 1934 formasque
873 1864 1288 1919 internoscimus
1319 1863 1339 1893 '
1371 1877 1689 1932 corporum,
1715 1862 1874 1930 idque
1913 1870 1968 1914 et
2006 1876 2126 1930 spe-

538 1957 901 2012 ciosissimum
937 1965 1020 2012 est
1063 1957 1115 2010 in
1154 1965 1338 2010 nostro
1369 1969 1614 2024 corpore.
1643 1952 1795 2008 Unde
1824 1953 1879 2007 in
1909 1952 2125 2021 fastigio

539 2053 772 2123 quodam
801 2051 1080 2122 dignitatis
1127 2050 1261 2105 haec
1291 2048 1531 2104 membra
1572 2048 1747 2102 locata
1792 2055 1940 2113 sunt,
1971 2056 2027 2102 et
2053 2047 2123 2101 ad

539 2144 769 2200 salutem
798 2144 1070 2208 tuendam,
1101 2142 1377 2211 multaque
1423 2140 1527 2195 alia
1558 2141 1698 2196 vitae
1723 2139 2006 2195 commoda
2039 2153 2120 2193 re-

540 2235 645 2290 fert
684 2251 814 2291 usus
839 2234 1140 2290 oculorum.
1176 2232 1358 2288 Oculis
1381 2240 1556 2286 tamen
1584 2230 1826 2301 plerique
1855 2230 2118 2298 pleraque

538 2335 705 2397 agunt
750 2326 1000 2396 turpiter,
1031 2333 1087 2379 et
1117 2339 1210 2379 eos
1248 2322 1480 2378 militare
1528 2330 1729 2392 cogunt
1773 2319 2002 2374 libidini.
2051 2319 2120 2373 Et

538 2421 708 2484 vides,
734 2427 993 2490 quantum
1019 2419 1215 2473 bonum
1236 2417 1375 2471 desit
1401 2417 1452 2469 in
1485 2415 1643 2479 facie,
1663 2413 1710 2468 si
1733 2412 1874 2468 oculi
1900 2412 2115 2467 desunt.

537 2508 673 2564 Cum
709 2518 890 2562 autem
921 2509 1117 2563 adsunt
1153 2507 1200 2573 ³,
1228 2506 1349 2577 quis
1381 2505 1478 2559 hos
1509 2504 1688 2568 dedit,
1716 2503 1819 2558 nisi
1856 2503 2120 2557 bonorum

536 2600 779 2656 omnium
832 2600 1058 2668 largitor
1108 2599 1295 2653 Deus?
1325 2594 1785 2663 Quemadmodum
1842 2607 1970 2664 ergo
2019 2593 2120 2646 ista

541 2691 740 2762 probas
766 2689 820 2744 in
863 2704 1108 2760 corpore,
1139 2699 1194 2743 et
1219 2704 1324 2743 non
1355 2687 1568 2742 intuens
1597 2701 1711 2750 eos,
1749 2685 1840 2756 qui
1870 2684 2008 2739 male
2037 2683 2123 2738 his

539 2791 787 2850 utuntur,
837 2783 1022 2838 laudas
1079 2783 1250 2849 illum,
1296 2781 1387 2853 qui
1424 2782 1558 2836 haec
1611 2780 1760 2835 dedit
1802 2779 1938 2834 bona
1986 2792 2002 2831 :
2042 2777 2122 2832 sic

537 2873 764 2929 liberam
800 2875 1160 2941 voluntatem,
1190 2874 1307 2929 sine
1333 2889 1438 2945 qua
1472 2886 1630 2928 nemo
1660 2879 1838 2941 potest
1864 2880 2011 2924 recte
2042 2867 2122 2922 vi-

536 2984 689 3034 vere,
710 2977 922 3037 oportet
947 2977 1000 3024 et
1021 2969 1244 3032 bonum,
1267 2974 1322 3020 et
1352 2966 1606 3019 divinitus
1632 2949 1848 3029 datum,
1863 2970 1917 3017 et
1943 2961 2123 3032 potius

537 3077 634 3117 eos
660 3063 1011 3126 damnandos,
1052 3061 1146 3130 qui
1182 3061 1286 3113 hoc
1323 3058 1463 3112 bono
1507 3055 1649 3110 male
1682 3063 1925 3116 utuntur,
1958 3068 2121 3123 quam

554 3167 699 3216 eunt,
725 3151 818 3220 qui
841 3150 1073 3214 dederit,
1107 3150 1237 3204 dare
1264 3163 1368 3202 non
1399 3147 1650 3200 debuisse
1673 3144 1932 3198 fatearist1
1971 3163 2016 3195 ι.

610 3241 694 3295 lll.
731 3259 748 3291 t
781 3238 1020 3294 Virtutes
1053 3238 1234 3308 igitur,
1266 3237 1462 3306 quibus
1499 3244 1645 3288 recte
1671 3234 1889 3296 vivitur,
1924 3247 2122 3302 magna

541 3335 683 3386 bona
729 3338 886 3395 sunt;
931 3328 1141 3398 species
1182 3334 1360 3380 autem
1402 3323 1768 3393 quorumlibet
1811 3335 2122 3391 corporum,

542 3419 662 3473 sine
699 3418 895 3486 quibus
940 3424 1085 3471 recte
1115 3415 1221 3470 vivi
1262 3421 1472 3484 potest,
1516 3411 1742 3465 minima
1783 3412 1924 3465 bona
1968 3418 2123 3476 sunt;

543 3507 820 3579 potentiae
869 3521 997 3560 vero
1023 3505 1188 3558 animi
1222 3502 1261 3568 ⁸,
1293 3504 1411 3559 sine
1448 3502 1643 3572 quibus
1682 3510 1831 3557 recte
1869 3502 1975 3555 vivi
2017 3516 2126 3556 non

542 3606 751 3670 potest,
785 3596 958 3651 media
989 3597 1127 3651 bona
1155 3607 1299 3651 sunt.
1327 3594 1631 3650 Virtutibus
1671 3608 1832 3648 nemo
1856 3591 1996 3648 male
2024 3593 2129 3646 uti-

545 3697 656 3752 tur,
695 3685 893 3741 ceteris
938 3694 1118 3740 autem
1145 3685 1323 3749 bouis,
1352 3685 1404 3739 id
1432 3692 1536 3749 est,
1567 3681 1762 3738 mediis
1791 3692 1845 3736 et
1868 3681 2125 3747 minimis,

545 3793 652 3833 non
679 3775 852 3832 solum
897 3777 1061 3842 bene,
1092 3777 1185 3832 sed
1211 3776 1373 3829 etiam
1403 3774 1542 3829 male
1569 3775 1799 3844 quisque
1827 3773 1902 3828 uti
1930 3780 2125 3844 potest.

544 3871 613 3928 Et
648 3871 769 3927 ideo
798 3871 999 3926 virtute
1041 3885 1200 3925 nemo
1245 3870 1382 3924 male
1430 3869 1618 3932 utitur,
1649 3868 1776 3938 quia
1803 3869 1827 3900 ⁵
1851 3883 1986 3938 opus
2020 3868 2130 3922 vir-

549 3964 677 4018 tutis
702 3971 789 4018 eat
816 3964 987 4018 bonus
1013 3977 1142 4016 usus
1170 3960 1416 4025 istorum,
1451 3959 1646 4029 quibus
1672 3960 1834 4014 etiam
1859 3975 1966 4013 non
1991 3960 2130 4015 bene

547 4057 626 4110 uti
655 4071 958 4127 possumus.
984 4054 1154 4108 Nemo
1178 4063 1358 4108 autem
1388 4055 1524 4108 bene
1549 4051 1748 4106 utendo
1773 4051 1912 4106 male
1942 4051 2129 4105 utitur.

548 4147 728 4216 Quare
757 4146 1085 4202 abundantia
1131 4155 1186 4200 et
1234 4145 1548 4215 magnitudo
1579 4143 1838 4198 bonitatis
1883 4143 1975 4197 Dei
2022 4159 2131 4198 non

550 4236 722 4291 solum
755 4251 969 4308 magna,
997 4235 1091 4291 sed
1115 4235 1280 4290 etiam
1310 4234 1486 4289 media
1515 4240 1568 4288 et
1597 4233 1819 4288 minima
1848 4233 1985 4287 bona
2012 4246 2134 4287 esse

547 4326 842 4399 praestitit.
868 4325 1037 4396 Magis
1058 4325 1321 4380 laudanda
1346 4333 1430 4380 est
1449 4324 1662 4378 bonitas
1684 4322 1800 4393 ejus
1821 4325 1874 4378 in
1902 4324 2130 4394 magnis,

545 4436 710 4491 quam
742 4420 796 4474 in
825 4419 1036 4485 mediis,
1068 4426 1124 4474 et
1157 4418 1328 4490 magis
1358 4418 1413 4472 in
1441 4417 1652 4482 mediis",
1684 4431 1845 4484 quam
1884 4416 1937 4469 in
1966 4416 2127 4469 mini-

550 4513 654 4566 mis
682 4510 874 4574 bonis;
913 4511 1007 4564 sed
1031 4511 1202 4582 magis
1227 4511 1284 4566 in
1309 4509 1581 4575 omnibus,
1611 4522 1774 4578 quam
1803 4507 1850 4562 si
1876 4522 1982 4562 non
2013 4522 2130 4562 om-

551 4601 638 4654 nia
668 4599 992 4654 tribuissetb
1027 4617 1073 4652 ι.

623 4693 709 4747 ιγ.
739 4711 757 4744 ‹
788 4691 1049 4746 Voluntas
1072 4706 1221 4763 ergo,
1247 4693 1547 4747 adhaerens
1569 4691 1844 4747 communi
1871 4698 2033 4761 atque
2057 4691 2132 4746 in-

553 4781 922 4840 commutabili
953 4783 1118 4847 bono,
1141 4783 1370 4852 imperat
1399 4783 1575 4852 prima
1599 4792 1652 4836 et
1677 4798 1874 4854 magna
1899 4783 2133 4839 hominis

553 4875 727 4941 bona,
770 4889 894 4930 cum
933 4874 1049 4944 ipsa
1089 4874 1160 4929 sit
1198 4874 1432 4928 medium
1463 4872 1732 4944 quoddam
1767 4876 1999 4943 bonum;
2038 4889 2133 4930 vo-

556 4968 733 5024 luntas
766 4976 948 5024 autem
989 4983 1178 5025 aversa
1213 4969 1279 5022 ab
1310 4967 1738 5024 incommutabili
1777 4977 1834 5024 et
1860 4969 2134 5026 communi

557 5057 714 5124 bono,
746 5066 802 5114 et
830 5071 1091 5115 conversa
1117 5059 1183 5115 ad
1214 5057 1489 5129 proprium
1522 5058 1753 5125 bonum,
1780 5066 1874 5112 aut
1897 5058 1965 5114 ad
1991 5068 2138 5115 exte-

2227 1892 2285 1939 et
2303 1881 2451 1949 justa
2473 1897 2592 1936 eam
2622 1881 2875 1936 miseriae
2904 1894 3074 1948 poena
3101 1877 3446 1946 subsequitur
3471 1886 3494 1914 ε
3535 1893 3581 1928 ι.

2299 1971 2362 2026 ν.
2401 1989 2421 2023 ι
2458 1970 2564 2026 Sed
2593 1979 2646 2024 tu
2673 1968 2903 2023 fortasse
2929 1966 3275 2036 quaesiturus
3301 1981 3380 2030 es,
3408 1963 3660 2033 quoniam
3691 1978 3809 2019 mo-

2223 2071 2380 2117 vetur
2420 2061 2696 2124 voluntas,
2733 2074 2872 2114 cum
2907 2072 2968 2112 se
3013 2058 3214 2112 avertit
3265 2058 3331 2112 ab
3385 2053 3809 2110 incommutabili

2220 2152 2364 2206 bono
2390 2150 2456 2204 ad
2482 2149 2739 2204 mutabile
2763 2149 2986 2211 bonum,
3013 2149 3156 2203 unde
3183 2148 3234 2202 ei
3262 2150 3361 2202 iste
3390 2155 3565 2201 motus
3587 2147 3810 2214 existat,

2219 2244 2310 2312 qui
2339 2241 2579 2313 profecto
2604 2240 2777 2296 malus
2803 2249 2907 2305 est,
2935 2239 3151 2294 tametsi
3188 2239 3434 2293 voluntas
3459 2237 3653 2304 libera,
3679 2236 3808 2306 quia

2185 2406 2187 2408 η
2219 2334 2336 2390 sine
2366 2333 2450 2387 illa
2482 2348 2583 2387 nec
2616 2341 2765 2386 recte
2793 2331 2901 2385 vivi
2942 2338 3154 2400 potest,
3190 2330 3242 2382 iu
3286 2329 3438 2382 bonis
3475 2327 3808 2381 numeranda

2222 2425 2326 2480 sit?
2364 2423 2420 2479 Si
2445 2425 2590 2479 enim
2621 2433 2801 2479 motus
2835 2423 2955 2487 iste,
2988 2422 3040 2476 id
3072 2429 3157 2476 est
3178 2461 3192 2485 ,
3223 2420 3433 2474 aversio
3460 2418 3750 2472 voluntatis
3779 2432 3808 2470 a

2224 2513 2450 2569 Domino
2478 2513 2587 2567 Deo
2612 2513 2729 2567 sine
2751 2511 3082 2566 dubitatione
3106 2517 3386 2579 peccatum
3409 2515 3512 2573 est,
3535 2524 3664 2560 num
3688 2523 3812 2576 pos-

2222 2616 2409 2658 sumus
2433 2608 2705 2654 auctorem
2734 2599 2945 2669 peccati
2973 2599 3137 2652 Deum
3165 2597 3379 2650 dicere?
3410 2595 3524 2650 Non
3553 2597 3656 2650 erit
3681 2611 3808 2666 ergo

2224 2695 2327 2749 istc
2358 2701 2534 2748 motus
2561 2706 2629 2745 ex
2677 2692 2805 2745 Deo.
2855 2688 3008 2744 Unde
3056 2690 3222 2758 igitur
3249 2689 3388 2743 erit?
3415 2688 3491 2742 Ita
3527 2687 3810 2757 quaerenti

2227 2784 2326 2838 tibi
2365 2783 2410 2837 si
2449 2782 2805 2852 respondeam
2861 2780 3070 2835 nescire
3112 2794 3228 2844 me,
3268 2780 3495 2833 fortasse
3523 2779 3544 2809 "
3575 2780 3681 2832 eris
3715 2778 3812 2831 tri-

2225 2873 2397 2929 stior?
2428 2873 2533 2928 Sed
2565 2883 2740 2928 tamen
2775 2888 2901 2927 vera
2930 2872 3322 2942 responderim.
3357 2870 3499 2927 Sciri
3529 2872 3670 2925 enim
3704 2886 3811 2923 non

2224 2973 2437 3035 potest,
2477 2965 2618 3034 quod
2659 2963 2794 3017 nihil
2834 2971 2935 3018 est.
2975 2962 3056 3016 Tu
3098 2971 3304 3017 tantum
3343 2962 3595 3032 pietatem
3630 2961 3815 3014 incon-

2228 3072 2440 3113 cussam
2476 3066 2618 3122 tene,
2643 3065 2703 3110 ut
2727 3053 2935 3108 nullum
2963 3055 3057 3108 tibi
3089 3053 3290 3108 bonmn
3319 3053 3402 3106 vel
3429 3052 3702 3116 sentienti,
3729 3050 3814 3105 vel

2229 3147 2566 3218 intelligenti,
2591 3146 2673 3200 vel
2691 3161 2908 3216 quoquo
2925 3146 3082 3199 modo
3097 3144 3354 3214 cogitanti
3375 3153 3648 3208 occurrat,
3671 3145 3812 3212 quod

2227 3257 2335 3296 non
2360 3242 2428 3295 sit
2455 3255 2521 3294 ex
2551 3239 2680 3294 Deo.
2719 3239 2796 3293 lla
2826 3239 2970 3294 enim
2997 3237 3142 3290 nulla
3173 3246 3360 3290 natura
3387 3236 3646 3301 occurrit,
3675 3249 3816 3305 quae

2227 3347 2333 3387 non
2360 3332 2430 3385 sit
2455 3346 2521 3384 ex
2547 3331 2686 3397 Deo;
2717 3345 2934 3384 omnem
2964 3329 3161 3399 quippe
3193 3343 3326 3392 rem,
3383 3329 3470 3381 ubi
3504 3341 3811 3380 mensuram

2228 3433 2284 3477 et
2309 3436 2590 3475 numerum
2615 3430 2669 3475 et
2715 3419 2962 3476 ordinem
2984 3419 3206 3484 videris,
3229 3418 3336 3472 Deo
3361 3418 3553 3470 artitici
3581 3417 3815 3470 tribuere

2228 3529 2297 3569 ne
2323 3514 2614 3568 cuncteris.
2651 3511 2805 3568 Unde
2857 3523 3038 3567 autem
3092 3512 3192 3566 ista
3226 3511 3437 3580 penitus
3463 3508 3484 3539 ⁹
3513 3508 3814 3563 detraxeris

2229 3601 2362 3658 nihil
2384 3601 2606 3658 omnino
2633 3603 2950 3668 remanebit,
2979 3603 3126 3672 quia,
3152 3601 3254 3656 etsi
3285 3601 3604 3655 remanserit
3632 3598 3810 3666 aliqua

2230 3692 2437 3747 formae
2459 3692 2682 3762 alicujus
2711 3693 3007 3758 inchoatio,
3032 3693 3120 3747 ubi
3153 3707 3325 3762 neque
3353 3705 3656 3745 mensuram
3714 3705 3813 3742 ne-

2229 3795 2334 3851 que
2374 3796 2654 3837 numerum
2707 3798 2881 3852 neque
2945 3784 3191 3836 ordinem
3235 3782 3503 3846 invenias,
3533 3779 3658 3849 quia
3691 3780 3816 3833 ubi-

2230 3869 2440 3941 cunque
2467 3873 2567 3927 ista
2598 3882 2744 3939 sunt,
2771 3872 2944 3928 forma
2970 3872 3208 3943 perfecta
3236 3881 3338 3936 est,
3365 3879 3575 3940 oportet
3600 3869 3818 3923 auferas

2231 3963 2391 4019 istam
2409 3963 2450 3995 ¹⁰
2468 3964 2863 4019 inchoationem
2884 3963 3114 4028 formae,
3138 3978 3279 4032 quae
3295 3971 3546 4030 tanquam
3563 3959 3819 4014 materies

2233 4055 2299 4110 ad
2326 4053 2710 4124 perliciendum
2741 4053 3022 4122 subjacere
3061 4053 3274 4106 videtur
3315 4050 3529 4105 artilici.
3576 4047 3632 4103 Si
3673 4049 3814 4102 enim

2232 4146 2439 4202 formae
2458 4145 2718 4216 perfectio
2752 4145 2953 4201 bonum
2984 4153 3097 4209 est,
3137 4142 3450 4198 nonnullum
3476 4140 3586 4209 jam
3616 4140 3815 4193 bonum

2233 4248 2318 4294 est
2364 4247 2417 4294 et
2451 4238 2654 4293 formae
2681 4238 2972 4293 inchoatio.
3010 4238 3087 4291 lta
3130 4237 3378 4290 detracto
3418 4232 3630 4302 penitus
3669 4228 3819 4284 omni

2231 4333 2373 4387 bono
2402 4331 2534 4384 nihil
2558 4331 2777 4386 omnino
2803 4331 3104 4386 remanebit
3124 4329 3190 4382 “.
3214 4327 3389 4384 Omne
3417 4333 3589 4379 autem
3619 4323 3816 4376 bonum

2232 4436 2297 4475 ex
2329 4421 2435 4476 Deo
2463 4439 2475 4474 :
2508 4420 2650 4475 nulla
2679 4436 2810 4492 ergo
2840 4430 3032 4476 natura
3063 4428 3166 4483 est,
3192 4434 3332 4488 quae
3353 4432 3458 4472 non
3491 4415 3563 4470 sit
3589 4427 3653 4468 ex
3687 4411 3818 4465 Deo.
3848 4450 3854 4454 .

2238 4513 2412 4570 Motus
2440 4529 2568 4582 ergo
2611 4513 2700 4568 ille
2729 4514 3060 4579 aversionis,
3099 4513 3240 4582 quod
3283 4511 3517 4564 fatemur
3544 4519 3666 4560 esse
3698 4517 3821 4574 pec-

2237 4615 2417 4662 catum
2437 4645 2452 4668 ,
2482 4605 2734 4675 quoniam
2768 4605 3061 4661 defectivus
3093 4610 3269 4656 motus
3295 4608 3408 4663 est,
3436 4595 3612 4651 omnis
3636 4603 3819 4648 autem

2239 4698 2480 4754 defectus
2521 4713 2586 4752 ex
2632 4697 2799 4752 nihilo
2845 4705 2948 4762 est,
2994 4695 3117 4749 vide
3157 4706 3264 4762 quo
3305 4687 3600 4759 pertineat;
3649 4689 3706 4736 et
3751 4681 3822 4735 ad

2238 4788 2407 4843 Deum
2451 4803 2556 4842 non
2608 4788 2877 4857 pertinere
2920 4801 3025 4841 non
3071 4782 3303 4836 dubites.
3351 4776 3452 4844 Qui
3501 4784 3676 4829 tamen
3731 4773 3823 4826 de-

2241 4875 2437 4946 fectus,
2471 4878 2723 4950 quoniam
2753 4885 2837 4932 est
2862 4872 3219 4937 voluntarius,
3257 4872 3311 4924 in
3344 4877 3523 4922 nostra
3555 4872 3639 4918 est
3675 4862 3822 4932 posi-

2241 4979 2328 5029 tus
2357 4970 2710 5042 possibilitate
2741 4969 2802 5022 ".
2837 4967 2895 5023 Si
2930 4966 3075 5022 enim
3107 4965 3266 5019 times
3312 4962 3480 5024 illum,
3509 4965 3722 5028 Oportet
3763 4962 3824 5008 ut

2242 5064 2415 5130 nolis;
2443 5064 2487 5119 si
2518 5071 2697 5118 autem
2726 5059 2884 5128 nolis,
2924 5074 3033 5115 non
3059 5059 3184 5115 erit.
3216 5054 3355 5124 Quid
3383 5067 3514 5124 ergo
3554 5048 3824 5113 securius,

1830 5170 2086 5229 VARIAE
2121 5145 2520 5235 moriones.

631 5263 661 5346 ξ.
679 5260 773 5316 Sic
800 5261 942 5346 cod...
985 5261 1240 5345 al..quia.
1285 5262 1466 5346 ,λεία
1491 5264 1637 5346 ςράη
1769 5265 2129 5346 agnoscimus
2166 5276 2223 5321 et
2261 5271 2327 5346 ad
2351 5284 2532 5346 ‘marg.
2567 5271 2744 5326 adscr.
2775 5268 3310 5346 alsi‘niernoscimtu.
3451 5261 3580 5346 Cod.
3612 5264 3816 5346 4:881ng-

560 5331 590 5405 ‘_
607 5331 696 5388 Sic
721 5331 963 5405 cod.,_al:
987 5331 1214 5405 animae.
1284 5332 1470 5390 ’Corr.
1495 5333 1567 5388 Μ.
1593 5333 1713 5388 cod.
1739 5331 1850 5405 qui.

563 5402 827 5474 fertque,
873 5402 1058 5474 ’Acod.
1113 5405 1382 5474 poenitus,
1427 5405 1506 5459 sic
1548 5402 1765 5472 ubiquel

562 5472 714 5538 nihil,
740 5473 828 5526 sed
855 5472 989 5528 nihil
1015 5472 1235 5529 omnino
1263 5475 1579 5531 remanebit.
1661 5476 1704 5507 ¹¹
1731 5473 1804 5532 al.
1838 5483 2115 5546 potestate.

1928 5333 1950 5364 °
1970 5333 2101 5389 Cod.
2145 5333 2636 5394 amministrat'ione.

1845 5405 1888 5436 ’θ
1918 5404 1986 5457 al.
2019 5405 2179 5458 etiam
2219 5412 2409 5480 ipsam.

2733 5342 2755 5372 "
2783 5341 2990 5395 sedibus
3011 5356 3120 5394 om.
3145 5339 3291 5402 cod.,
3315 5335 3439 5390 add.
3482 5333 3550 5385 Μ.
3578 5400 3584 5402 Α
3627 5332 3648 5362 ⁸
3684 5326 3816 5382 Cod.

2489 5411 2530 5441 “
2560 5411 2650 5465 Sic
2671 5413 2814 5477 cod.,
2843 5411 2914 5464 Μ.
2941 5411 3091 5467 omni
3127 5400 3284 5466 bono
3314 5420 3417 5462 non
3459 5400 3666 5472 quidem
3717 5411 3820 5449 non

2067 5561 2320 5619 NOTAE.

633 5659 662 5720 ξ
698 5647 980 5720 Augustin.
1011 5650 1074 5720 de
1099 5650 1189 5703 lib.
1219 5653 1330 5705 arb.
1365 5652 1426 5720 ll,
1457 5655 1542 5714 l8.

635 5717 667 5758 δ
700 5716 984 5786 Augustin.
1016 5719 1144 5772 ibid.
1173 5721 1238 5788 ll,
1267 5723 1354 5781 l9.

2317 5665 2339 5692 ο
2379 5653 2665 5722 Augustin.
2695 5655 2734 5710 l.
2757 5656 2797 5708 l.
2828 5655 2882 5709 in
2912 5654 3036 5709 line.
