4194 6276
382 409 500 465 385

1494 397 1695 454 LIBER
1732 397 1822 453 DE
1855 390 2563 453 PRAEDESTINATIONE.

3551 388 3657 447 586

389 538 556 595 quam
592 533 716 577 esse
753 518 811 575 in
850 532 914 574 ea
940 517 1074 583 vita,
1106 516 1194 571 ubi
1240 530 1345 570 non
1387 516 1555 586 possit
1594 516 1689 570 tibi
1728 514 1966 578 evenire,
1997 518 2047 576 Α
2076 510 2198 565 tatis
2220 523 2249 563 a
2271 523 2330 563 sc
2345 507 2654 563 condendae
2676 505 3005 561 substantias
3019 506 3256 563 condidit
3276 505 3515 563 bonitate
3533 521 3652 585 sua,

390 614 536 683 quod
564 628 671 667 non
698 611 797 665 vis.
831 609 935 663 Sed
961 609 1213 677 quoniam
1233 647 1249 672 ,
1278 621 1384 660 non
1415 606 1554 662 sicut
1588 614 1778 675 Sponte
1810 604 1974 659 homo

392 701 618 765 cecidit,
651 702 723 753 ita
748 698 911 753 etiam
941 704 1136 765 sponte
1169 708 1392 765 surgere
1420 701 1629 764 potest,
1665 702 1971 762 porrectam

392 794 550 849 nobis
575 792 802 860 desuper
831 788 1112 843 dexteram
1142 786 1271 851 Dei,
1308 785 1360 839 id
1399 794 1510 850 est,
1551 784 1838 839 Dominum
1879 799 1974 838 no-

393 894 558 941 strum
583 882 765 938 Jesum
790 880 1069 936 Christum
1110 876 1263 932 ﬁrma
1303 877 1407 931 [ide
1445 883 1759 939 teneamus,
1798 884 1850 928 et
1879 889 1974 928 ex.

390 981 694 1043 spectemus
730 978 883 1026 certa
930 981 1064 1037 spe,
1110 976 1167 1022 et
1204 966 1431 1021 caritate
1459 963 1668 1021 ardenti
1704 963 1975 1020 desidere-

388 1078 509 1119 mus
537 1074 566 1105 ι
601 1064 657 1116 s.’

910 1146 1248 1205 CAPITULU
1257 1145 1307 1201 M
1347 1145 1479 1200 Vill.

389 1242 470 1297 De
498 1241 803 1313 differentia
828 1240 964 1295 inter
988 1250 1232 1362 natalium
1266 1238 1490 1292 hominis
1527 1244 1576 1292 et
1607 1236 1826 1292 liberum
1864 1237 1975 1307 ejus

1043 1326 1107 1362 ar
1140 1320 1339 1362 unum.

1043 1320 1339 1363 urbanum.

464 1418 509 1473 l.
549 1418 670 1475 Jam
710 1433 852 1474 nunc
882 1416 1139 1488 pulsanda
1169 1425 1254 1471 est
1288 1415 1470 1471 divina
1496 1415 1885 1483 misericordia,
1920 1424 1980 1470 ut

393 1516 557 1571 nobis
591 1514 804 1584 aperire
834 1514 1086 1583 dignetur
1116 1510 1450 1565 imminentis
1478 1510 1804 1579 quaestionis
1838 1510 1975 1564 ditii-

393 1605 676 1662 cultatem.
712 1602 891 1672 Longe
936 1614 1170 1670 namque
1215 1608 1483 1654 remotum
1507 1608 1629 1666 est,
1666 1608 1722 1654 et
1762 1600 1815 1654 in
1856 1614 1979 1669 pro-

391 1694 592 1749 fundae
636 1691 1022 1761 intelligentiae
1074 1697 1284 1746 secreto
1323 1690 1446 1745 sinu
1490 1691 1819 1760 repositum,
1849 1690 1978 1760 quid

388 1783 557 1839 distat
599 1781 745 1837 inter
790 1780 1017 1836 liberam
1062 1779 1300 1835 hominis
1342 1779 1699 1845 voluntatem,
1746 1795 1885 1849 quae
1913 1797 1979 1836 ex

2077 599 2269 654 deinde
2300 597 2589 665 unicuique
2606 610 2705 665 pro
2730 595 2983 665 gradibus
3015 595 3127 650 suis
3152 597 3290 651 dona
3322 596 3451 650 dare
3473 594 3653 666 dispo-

2075 687 2184 743 suit
2214 686 2460 755 largitate
2481 699 2598 738 sua.
2618 684 2760 737 Inter
2782 697 2917 752 quas
2937 682 3182 737 videlicet
3208 682 3538 737 substantias
3557 698 3656 738 na-

2077 787 2253 832 turam
2293 776 2526 831 hominis
2567 775 2619 828 iu
2657 775 2931 830 voluntate
2967 773 3270 833 rationabili
3296 774 3317 805 ⁸
3351 773 3653 831 subStituit.
3744 776 3747 819 ἰ

2075 868 2189 925 Non
2215 870 2358 925 enim
2387 868 2508 925 ideo
2530 869 2692 922 homo
2716 867 2961 921 voluntas
2987 874 3086 931 est,
3118 867 3243 936 quia
3267 866 3512 923 voluntas
3547 876 3657 934 est,

2074 960 2171 1014 sed
2181 960 2307 1029 quia
2323 957 2601 1012 rationalis
2614 956 2860 1011 voluntas
2879 964 2981 1011 est.
2998 955 3147 1012 Tolle
3170 970 3401 1025 namque
3417 957 3655 1012 rationa-

2076 1049 2179 1103 lem
2203 1048 2549 1111 voluntatem,
2575 1062 2682 1101 non
2703 1045 2808 1100 erit
2832 1046 3014 1100 homo.
3036 1044 3193 1112 Quod
3226 1053 3405 1099 tamen
3431 1060 3539 1100 non
3567 1059 3655 1103 re-

2074 1135 2276 1201 currit,
2305 1143 2389 1197 ιιι,
2421 1134 2468 1189 si
2495 1133 2652 1188 tollas
2680 1134 2951 1187 hominem
2970 1176 2985 1198 ,
3012 1148 3118 1187 non
3144 1132 3216 1187 sit
3249 1134 3528 1189 rationalis
3556 1148 3652 1189 vo-

2076 1224 2274 1289 luntas,
2305 1240 2444 1294 quae
2472 1239 2576 1279 non
2610 1225 2662 1278 in
2690 1224 2907 1280 homine
2931 1233 3161 1290 tantum,
3193 1240 3379 1279 verum
3412 1225 3574 1280 etiam
3599 1224 3657 1280 in

2076 1316 2289 1384 angelo,
2316 1325 2478 1385 atque
2510 1316 2626 1385 ipso
2656 1314 2766 1371 Deo
2793 1315 3157 1386 cognoscitur.
3184 1315 3321 1370 Hinc
3348 1316 3656 1371 necessario

2077 1406 2527 1460 considerandum
2553 1404 2594 1469 ⁸,
2621 1404 2748 1472 quid
2800 1407 2900 1459 ista
2927 1405 3157 1459 humana
3187 1405 3434 1462 voluntas
3461 1404 3656 1462 habeat

2076 1511 2143 1552 ex
2173 1504 2364 1551 natura
2387 1536 2401 1561 ,
2444 1496 2572 1565 quid
2602 1511 2669 1550 ex
2716 1494 2877 1551 dono.
2927 1496 3033 1552 Sed
3068 1498 3116 1552 si
3160 1497 3278 1553 luce
3308 1498 3507 1553 clarius
3535 1508 3653 1565 est,

2076 1587 2397 1642 naturaliter
2434 1600 2553 1642 eam
2596 1586 2813 1651 habere,
2858 1586 3001 1657 quod
3041 1587 3113 1642 sit
3145 1586 3514 1643 substantialis
3561 1602 3654 1643 vo-

2079 1676 2276 1749 lqntas,
2316 1684 2484 1731 restat
2510 1677 2717 1746 quaeri,
2742 1676 2884 1732 unde
2913 1678 2982 1732 sit
3009 1677 3059 1732 ei
3091 1677 3329 1733 libertas.
3364 1676 3479 1733 Non
3509 1679 3656 1733 enim

2080 1771 2324 1825 absolute
2364 1769 2562 1823 dicitur
2611 1768 2881 1833 voluntas,
2932 1769 3025 1824 sed
3075 1770 3245 1824 libera
3285 1769 3551 1825 voluntas.
3598 1769 3657 1826 Si

391 1883 590 1928 natura
621 1879 729 1935 est,
752 1878 814 1925 et
844 1868 1073 1924 liberum
1100 1864 1215 1937 ejus
1247 1868 1562 1934 arbitrium,
1593 1871 1735 1938 quod
1791 1871 1977 1940 procul
2006 1865 2053 1923 Β
2081 1876 2211 1932 ergo
2251 1870 2458 1915 tantum
2497 1876 2565 1915 ex
2596 1859 2979 1916 substitutione
3002 1862 3023 1891 '
3054 1875 3152 1915 sua
3215 1860 3440 1925 habeat,
3486 1871 3545 1916 ut
3585 1861 3659 1916 sit

391 1962 555 2019 dubio
589 1962 791 2017 donum
822 1959 1099 2015 Creatoris
1134 1973 1254 2014 esse
1294 1959 1641 2015 manifestum
1675 1962 1712 2015 ι.
1771 1960 1979 2018 Sancto

390 2051 654 2122 siquidem
704 2050 1007 2121 Augustino
1075 2051 1354 2107 multoties
1396 2053 1418 2083 ’
1472 2053 1629 2109 nobis
1675 2053 1981 2110 inculcante

394 2144 732 2215 apertissime
754 2142 1043 2207 credimus,
1073 2143 1351 2199 interioris
1377 2144 1613 2200 hominis
1638 2146 1979 2202 substantia-

396 2231 498 2287 lem
544 2232 841 2286 trinitatem
883 2231 940 2285 in
985 2231 1069 2286 his
1117 2232 1309 2297 tribus,
1350 2233 1586 2288 essentia
1622 2234 1892 2301 videlicet,
1925 2243 1982 2291 et

334 2324 337 2329 ’
393 2320 705 2385 voluntate,
749 2330 808 2375 et
836 2319 1060 2374 scientia
1100 2320 1369 2376 contineri
1396 2321 1445 2375 ι).
1488 2320 1547 2375 Si
1582 2322 1726 2377 enim
1768 2338 1981 2379 summa

399 2408 838 2476 Sapientia,quae
853 2408 1142 2461 humanam
1164 2416 1410 2462 naturam
1434 2409 1517 2464 sui
1539 2410 1769 2465 similem
1791 2427 1983 2468 creare

399 2496 595 2559 voluit,
627 2496 681 2550 in
709 2510 769 2551 se
796 2495 913 2565 ipsa
940 2510 1050 2549 una
1076 2496 1324 2564 trinaque
1346 2505 1452 2563 est,
1487 2498 1682 2552 merito
1708 2499 1980 2556 hominem

399 2589 485 2644 sic
510 2587 661 2653 fecit,
686 2588 978 2643 essentiam
1007 2587 1272 2657 profecto,
1302 2587 1657 2654 voluntatem,
1683 2590 1979 2655 scientiam,

401 2695 543 2753 quae
576 2681 678 2735 tria
708 2695 876 2734 unum
906 2687 1048 2735 sum.
1087 2677 1205 2734 Non
1242 2680 1391 2734 enim
1427 2679 1570 2734 aliud
1607 2689 1696 2735 est
1738 2682 1984 2738 rationali

395 2772 539 2827 vitae
564 2786 706 2837 esse,
728 2780 783 2826 et
804 2770 966 2836 velle,
989 2784 1091 2825 nec
1119 2769 1267 2824 aliud
1290 2770 1450 2835 velle,
1479 2778 1535 2825 et
1554 2771 1711 2836 scire,
1739 2772 1832 2826 sed
1863 2786 1983 2827 esse

395 2861 516 2932 ejus
544 2862 793 2917 voluntas
814 2861 1014 2926 sciens,
1040 2868 1096 2915 et
1122 2860 1376 2916 voluntas
1396 2861 1513 2931 ejus
1526 2862 1757 2917 essentia
1778 2864 1980 2930 sciens,

397 2963 456 3009 et
492 2954 718 3009 scientia
754 2954 875 3024 ejus
904 2952 1089 3009 volens
1115 2953 1350 3008 essentia
1377 2962 1477 3008 est.

471 3042 535 3096 ll.
577 3042 722 3097 Haec
763 3042 928 3113 igitur
970 3041 1072 3096 tria
1117 3056 1281 3095 unum
1326 3049 1468 3107 sunt,
1517 3048 1571 3098 et
1611 3056 1715 3097 una
1760 3053 1975 3099 natura.

400 3130 541 3185 Tota
572 3129 766 3185 deinde
803 3129 1018 3187 animae
1043 3139 1237 3184 natura
1264 3130 1506 3185 voluntas
1538 3140 1638 3186 est.
1670 3131 1775 3187 Sed
1804 3135 1980 3188 consi-

2078 1950 2347 2015 voluntas,
2395 1964 2501 2003 non
2547 1957 2726 2003 autem
2766 1948 2967 2016 libera;
3007 1949 3347 2020 relinquitur,
3396 1949 3442 2004 si
3488 1949 3660 2006 libera

2077 2048 2182 2105 est,
2225 2039 2370 2108 quod
2413 2054 2613 2110 negare
2651 2040 2967 2104 absurdum,
3012 2042 3153 2095 dono
3192 2039 3272 2094 sui
3311 2038 3583 2095 Creatoris
3605 2043 3658 2096 ei

2079 2130 2332 2185 donatam
2359 2144 2479 2185 esse
2507 2130 2829 2186 libertatem.
2868 2131 2936 2186 Et
2963 2132 3065 2187 erit
3093 2131 3216 2187 talis
3233 2130 3541 2206 .dill‘crentia
3573 2133 3657 2186 in-

2082 2228 2166 2276 ter
2203 2229 2451 2275 naturam
2498 2229 2553 2276 et
2593 2221 2823 2276 liberum
2865 2221 3182 2288 arbitrium,
3224 2237 3287 2278 ac
3322 2223 3367 2277 si
3423 2223 3657 2276 humana

2079 2310 2331 2367 voluntas
2355 2327 2462 2367 non
2493 2313 2664 2369 solum
2696 2329 2791 2369 sua
2820 2315 3202 2371 substitutione
3227 2316 3458 2388 accepit,
3482 2325 3539 2371 ut
3565 2317 3656 2382 sit,

2083 2409 2177 2464 sed
2202 2417 2365 2464 etiam
2392 2418 2451 2464 ut
2476 2409 2645 2464 libera
2674 2409 2800 2466 sit.‘

2153 2495 2239 2551 IV.
2280 2496 2472 2553 Adhuc
2518 2514 2626 2552 non
2673 2506 2759 2553 est
2799 2500 3044 2569 quaestio
3090 2500 3361 2571 proposita
3392 2507 3655 2556 reserata.

2081 2586 2380 2643 Praedictis
2413 2589 2609 2658 quippe
2630 2590 3188 2658 argumentationibus
3230 2591 3509 2646 collectum
3540 2601 3620 2646 est
3640 2631 3655 2655 ,

2081 2677 2660 2746 omnipotentissimam
2688 2664 2924 2731 divinam
2965 2674 3318 2745 voluntatem,
3346 2695 3482 2748 quae
3512 2680 3656 2733 nulla

2083 2767 2200 2839 lege
2246 2774 2554 2832 coartatur,
2609 2780 2710 2821 nec
2765 2767 3076 2835 impeditur,
3124 2769 3371 2823 debuisse
3404 2769 3655 2822 volunta-

2083 2866 2189 2911 tem
2216 2857 2297 2911 sui
2325 2856 2551 2911 similem
2566 2870 2929 2925 creare,,quae
2954 2856 3190 2911 aeternis
3215 2857 3422 2926 legibus
3436 2858 3659 2912 creatri-

2083 2948 2161 3003 cis
2186 2957 2483 3019 regeretur,
2511 2946 2653 3001 nulla
2684 2946 2736 3000 vi
2756 2947 2832 3001 ‘ab
2863 2948 3086 3015 agendo,
3119 2947 3247 3016 quid
3298 2947 3483 3012 vellet,
3514 2958 3660 3002 arta-

2082 3046 2262 3102 retur,
2292 3035 2376 3091 vel
2400 3037 2468 3091 ad
2496 3037 2757 3108 agendum
2777 3076 2791 3101 ,
2823 3035 2963 3105 quod
2991 3035 3189 3102 nollet,
3225 3036 3658 3105 compelleretur.

2086 3128 2355 3198 Quidquid
2402 3128 2545 3184 enim
2593 3127 2769 3184 facere
2816 3128 3126 3194 maluisset,
3173 3129 3287 3183 sive
3336 3128 3496 3195 boni,
3546 3129 3660 3184 sive

401 3221 734 3285 derandum,
766 3227 948 3275 utrum
973 3234 1036 3274 ca
1065 3220 1332 3285 voluntas,
1359 3221 1499 3276 sicut
1525 3222 1843 3278 naturaliter
1871 3234 1975 3291 est,
2007 3211 2052 3272 C
2085 3218 2231 3284 mali,
2260 3217 2711 3288 sapientissimam
2735 3217 3012 3273 ereatricis
3037 3233 3165 3273 suae
3189 3215 3524 3288 disciplinam
3550 3234 3659 3272 non

397 3311 474 3364 ita
504 3310 674 3364 libera
702 3316 784 3365 est
808 3309 1146 3377 naturaliter,
1173 3325 1243 3365 an
1267 3318 1498 3377 tantum,
1523 3319 1583 3366 ut
1609 3312 1858 3369 voluntas
1885 3315 1977 3380 sit,

395 3414 461 3454 ex
490 3407 684 3453 natura
715 3398 930 3464 habeat,
957 3407 1018 3463 ut
1047 3408 1227 3455 autem
1256 3400 1450 3463 libera,
1480 3415 1547 3456 ex
1580 3402 1724 3457 dono
1757 3403 1979 3459 Creato-

395 3490 492 3544 ris.
518 3487 655 3543 Cum
682 3489 829 3543 enim
859 3504 1021 3545 omne
1046 3489 1245 3545 bonum
1290 3499 1385 3545 aut
1423 3491 1568 3546 Deus
1604 3493 1719 3563 ipse
1743 3502 1858 3559 est,
1888 3503 1981 3549 aut

397 3578 654 3648 quidquid
677 3579 749 3633 ab
775 3593 842 3634 eo
868 3588 953 3635 est
970 3620 985 3645 ,
1012 3594 1120 3634 non
1144 3589 1323 3636 tamen
1350 3582 1534 3636 omnia
1560 3582 1721 3650 bona,
1745 3599 1884 3654 quae
1912 3587 1979 3641 ab

397 3680 464 3720 eo
501 3676 657 3733 sunt,
686 3667 877 3722 eodem
912 3667 1072 3723 modo
1106 3669 1174 3724 ab
1201 3684 1266 3725 eo
1294 3671 1409 3726 ﬁeri
1447 3671 1695 3727 dicimus.
1727 3674 1977 3729 Omnium

395 3756 596 3827 quippe
622 3757 911 3824 bonorum,
942 3774 1082 3829 quae
1117 3759 1258 3815 Deus
1285 3760 1520 3826 creavit,
1549 3765 1811 3831 quaedam
1854 3773 1979 3819 sunt

400 3845 521 3915 eius
544 3847 804 3926 bonitate,
820 3850 1084 3919 quaedam
1110 3864 1239 3905 vero
1264 3848 1381 3918 ejus
1417 3849 1684 3920 largitate.
1704 3849 1851 3918 Quae
1880 3869 1978 3906 au—

405 3948 520 3994 tem
557 3940 624 3995 ab
659 3941 828 4011 ipsius
859 3944 1101 3999 bonitate
1151 3942 1314 4007 ﬁunt,
1355 3942 1782 3999 substantialitcr
1821 3943 1977 4011 fiunt,

404 4045 527 4085 etim
557 4030 807 4085 omnibus
831 4033 1218 4099 accidentibus,
1248 4048 1389 4104 quae
1408 4035 1489 4090 eis
1527 4035 1846 4090 naturaliter
1885 4039 1979 4092 ad-

404 4121 662 4185 haerent,
693 4128 754 4175 ut
782 4131 908 4177 sunt
937 4125 1242 4193 qualitates,
1272 4126 1636 4196 quantitates,
1665 4127 1975 4194 relationes,

403 4211 565 4274 situs,
589 4210 826 4277 habitus,
860 4210 998 4277 loca,
1046 4220 1306 4282 tempora,
1352 4231 1531 4286 agere,
1559 4217 1702 4288 pati;
1745 4233 1852 4288 quo
1880 4235 1978 4273 nu-

402 4314 560 4355 mero
587 4299 806 4355 denario
846 4309 903 4355 et
936 4303 1115 4357 omnis
1137 4315 1318 4359 creata
1342 4307 1645 4363 substantia
1666 4350 1680 4374 ,
1711 4319 1765 4364 et
1796 4311 1976 4366 omnia

404 4389 453 4444 ei
502 4390 822 4446 naturaliter
846 4392 1139 4447 accidentia
1162 4396 1548 4466 comprehendi
1591 4410 1836 4469 possunt.
1867 4402 1978 4459 Nec

403 4495 508 4535 nos
534 4490 765 4547 moveat,
814 4483 858 4538 si
888 4484 1132 4539 dicantur
1156 4487 1454 4543 accidentia
1480 4489 1502 4521 ³
1527 4495 1809 4560 quaedam,
1839 4510 1977 4565 quae

403 4586 467 4626 ex
497 4579 687 4625 natura
709 4586 813 4626 non
836 4582 981 4628 sunt.
1002 4574 1119 4628 Non
1137 4575 1281 4630 enim
1303 4586 1428 4632 sunt
1447 4592 1576 4634 vere
1607 4583 1903 4639 accidentia
1929 4585 1972 4652 δ,

401 4660 497 4715 sed
533 4660 856 4716 naturalium
900 4663 1256 4720 accidentium
1294 4675 1387 4722 aut
1415 4669 1708 4737 absentiae,
1751 4684 1844 4728 aut
1884 4676 1972 4731 de-

403 4748 599 4813 fectus,
625 4750 676 4804 id
699 4759 784 4805 est
814 4752 1207 4820 corruptiones.
1246 4752 1394 4820 Quae
1417 4771 1547 4813 vero
1576 4759 1824 4831 largitate
1850 4780 1977 4820 con-

403 4841 595 4894 ditoris
623 4839 873 4904 veniunt,
906 4841 1149 4911 profecto
1172 4843 1311 4898 dona
1343 4845 1461 4914 ejus
1491 4849 1847 4919 appellantur,
1880 4869 1979 4909 nec

403 4931 561 4985 aliter
587 4930 733 4985 credi
762 4940 995 5001 oportet,
1028 4933 1280 5004 quoniam
1323 4938 1539 5007 quidem
1582 4941 1683 4995 tria
1712 4946 1977 5011 quaedam

403 5019 632 5089 intelligi
666 5035 889 5075 necesse
910 5031 996 5077 est
1048 5023 1101 5076 in
1134 5025 1279 5079 omni
1308 5026 1541 5082 donandi
1571 5037 1716 5096 actu,
1744 5031 1834 5100 qui
1866 5033 1976 5099 dat,

403 5110 549 5180 quod
574 5112 751 5176 datur,
782 5111 869 5165 cui
898 5110 1075 5166 datur.
1852 5130 1859 5139 ·

473 5199 563 5256 lll.
598 5199 831 5258 Proinde
854 5201 997 5258 Deus
1023 5202 1263 5259 omnium
1293 5204 1470 5276 epiiex
1508 5207 1684 5276 primo
1709 5211 1976 5267 universi-

2082 3309 2392 3376 excederet,
2419 3324 2554 3379 quae
2579 3322 2766 3364 omnes
2793 3296 2967 3363 motus
2991 3307 3190 3362 liberae
3215 3306 3524 3373 voluntatis,
3545 3306 3659 3364 sive

2083 3411 2280 3458 rectos.
2308 3402 2420 3456 sive
2447 3416 2752 3471 perversos,
2779 3399 3030 3470 congruis
3054 3397 3335 3453 ordinibus
3362 3398 3656 3469 exciperet.

2081 3494 2199 3549 Non
2237 3494 2381 3547 enim
2419 3493 2721 3549 credendus
2754 3501 2837 3546 est
2876 3491 3241 3546 univcrsitatis
3297 3490 3543 3545 conditor
3573 3506 3660 3545 ra-

2082 3584 2336 3640 tionalem
2370 3584 2697 3638 voluntatem
2735 3570 2927 3637 fecisse
2957 3580 3230 3637 servilem.
3259 3579 3344 3635 An
3380 3579 3520 3637 forte
3550 3595 3658 3634 non

2081 3683 2167 3729 est
2208 3672 2416 3728 homini
2453 3671 2878 3728 substantialiter
2921 3671 3095 3725 ratio?
3120 3666 3270 3738 'Quis
3310 3671 3505 3726 audeat
3555 3671 3660 3725 hoc

2081 3765 2280 3829 dicere,
2329 3779 2451 3817 cum
2497 3763 2569 3817 sit
2612 3777 2739 3818 vera
2782 3762 3014 3816 hominis
3060 3761 3323 3827 delinitio,
3367 3762 3529 3816 homo
3575 3767 3660 3815 est

2080 3853 2378 3909 substantia
2427 3851 2722 3917 rationalis,
2765 3850 3058 3921 sapientiae
3101 3850 3298 3920 capax!
3345 3850 3485 3918 Quid
3529 3864 3660 3918 ergo

2081 3945 2297 4009 mirum,
2328 3945 2595 3999 humanae
2621 3942 2879 3998 voluntati
2907 3959 2972 3997 ex
3000 3951 3190 3997 natura
3220 3942 3301 3999 sui
3337 3958 3457 3999 esse
3496 3944 3659 3999 liber-

2084 4042 2247 4088 tatem
2270 4073 2283 4097 ,
2310 4048 2432 4087 cum
2472 4048 2576 4087 non
2606 4033 2674 4086 sit
2704 4032 2899 4086 mirum
2920 4074 2934 4097 ,
2975 4047 3037 4086 ea
3075 4031 3194 4085 ﬁeri
3224 4032 3523 4086 rationem?
3550 4031 3660 4085 Aut

2081 4123 2348 4194 quomodo
2396 4122 2511 4175 ﬁeri
2541 4123 2716 4190 potuit
2761 4130 2954 4175 natura
3005 4120 3216 4177 servilis
3260 4121 3528 4186 voluntas,
3569 4122 3659 4177 cui

2081 4213 2274 4269 merito
2314 4212 2653 4266 obedientiae
2697 4212 3026 4281 promittitur
3073 4210 3160 4264 illa
3189 4209 3370 4265 futura
3411 4212 3655 4279 libertas,

2080 4306 2334 4376 quoniam
2379 4318 2483 4356 non
2525 4302 2626 4356 erit
2663 4301 2918 4372 peccandi
2962 4300 3261 4369 cupiditas?
3306 4299 3464 4355 Nullo
3509 4304 3657 4356 enim

2078 4403 2237 4468 pacto
2278 4396 2415 4450 Deus
2453 4392 2712 4456 destruit,
2757 4393 2897 4460 quod
2944 4391 2994 4445 in
3044 4397 3234 4446 natura
3276 4390 3508 4457 creavit,
3559 4391 3658 4447 sed

2080 4487 2342 4561 quaedam
2364 4487 2501 4543 bona
2525 4485 2806 4547 naturalia,
2835 4500 2974 4554 quae
2998 4482 3254 4548 condidit,
3275 4483 3328 4539 in
3351 4483 3541 4540 melius
3562 4501 3654 4541 ea-

2008 4542 2056 4602 D
2081 4542 2202 4633 dem
2227 4577 2522 4643 convertit,
2551 4592 2658 4631 non
2697 4584 2754 4630 ut
2784 4542 2978 4639 ab-eis,
3003 4572 3143 4644 quod
3173 4574 3320 4642 fecit,
3350 4584 3528 4645 eruat,
3558 4577 3654 4633 sed

2080 4674 2141 4720 ut
2169 4667 2265 4730 cis,
2293 4665 2434 4735 quod
2462 4666 2659 4720 addere
2681 4664 2883 4731 voluit,
2915 4664 3151 4736 adjiciat.

2153 4757 2219 4813 V.
2261 4759 2517 4828 Exemplo
2558 4758 2628 4814 sit
2670 4773 2865 4828 corpus
2904 4758 3141 4813 hominis
3181 4768 3309 4815 ante
3348 4770 3653 4830 peccatum,

2084 4851 2226 4923 quod
2263 4859 2381 4906 erat
2418 4853 2649 4922 primum
2692 4850 2941 4917 animale,
2983 4851 3174 4906 deinde
3215 4849 3453 4907 futurum
3499 4856 3656 4924 spiri-

2087 4941 2228 4997 tuale
2281 4940 2473 4996 merito
2520 4941 2884 5005 obedientiae,
2930 4940 3072 4994 nulla
3115 4940 3428 5012 interposita
3456 4940 3683 5013 murtea

2079 5031 2189 5086 Cur
2213 5031 2440 5101 primum
2481 5028 2749 5084 animale?
2782 5029 2863 5082 An
2891 5029 3017 5098 quia
3055 5030 3230 5083 adhuc
3257 5030 3475 5096 deerat,
3509 5031 3655 5101 quod

2079 5123 2127 5176 ei
2157 5131 2375 5192 propter
2406 5121 2677 5191 praecepti
2701 5121 2999 5175 custodiam
3029 5119 3202 5173 fuerat
3230 5121 3564 5185 addendum,
3598 5121 3654 5176 id

2080 5220 2164 5266 est
2194 5210 2492 5280 Spirituale,
2522 5225 2587 5265 ac
2625 5224 2720 5281 per
2741 5210 2843 5265 hoc
2867 5224 2935 5264 ex
2960 5223 3047 5275 eo,
3076 5206 3219 5277 quod
3246 5207 3447 5277 aliquid
3467 5223 3497 5261 a
3522 5222 3650 5278 per—

1671 5318 1925 5377 VARIAE
1962 5320 2360 5377 LECTIONES.

476 5407 504 5480 ‘_
526 5406 625 5480 Sic
643 5408 766 5462 cod.
839 5408 861 5438 '
890 5408 1216 5480 multociens,
1269 5407 1349 5464 sic
1372 5408 1591 5479 ubique.
1665 5408 1688 5442 ³
1710 5410 1839 5467 Cod.
1889 5411 2207 5466 accedentia.
2285 5412 2306 5442 ⁸
2332 5410 2422 5466 Sic
2447 5410 2569 5466 cod.
2646 5411 2667 5441 ⁸
2696 5408 2786 5464 Sic
2842 5408 2959 5461 cod.
2980 5446 3008 5480 ,_
3058 5404 3127 5480 ill.
3159 5404 3428 5461 rationali.
3489 5407 3528 5480 ,ἦ
3553 5406 3648 5480 Sic

402 5476 756 5550 cod.,_ll._est
784 5478 1254 5550 considerandum.
1332 5479 1464 5534 'Sic
1486 5475 1726 5543 cod.,M.
1780 5482 1845 5535 ad
1892 5497 2064 5550 marg.
2104 5481 2309 5549 adscr.,
2340 5481 2477 5548 forte
2523 5481 2875 5543 institutione;
2920 5476 3013 5531 scd
3054 5475 3272 5541 frustra,
3325 5490 3449 5532 nam
3487 5475 3647 5535 lectio

402 5546 767 5600 substitutions
803 5556 860 5601 et
899 5548 1001 5602 hoc
1042 5549 1161 5604 loco
1226 5559 1283 5603 et
1326 5550 1487 5618 paulo
1525 5559 1647 5620 post
1688 5550 1966 5607 retinenda
2013 5546 2171 5605 est.»
2293 5546 2319 5601 ⁷.
3050 5582 3055 5590 -
3163 5566 3168 5571 ε

472 5735 502 5766 ι
536 5723 826 5796 Augustin.
859 5722 897 5776 Ι.
926 5723 965 5777 ι.
988 5722 1055 5788 Π,
1082 5723 1153 5780 20
1178 5724 1355 5780 initio.

800 5818 1079 5879 Ρλτιιοι.
1123 5817 1385 5881 CXXII.

1882 5629 2195 5720 moranti
2260 5676 2263 5681 -
2292 5644 2301 5652 '
2326 5662 2364 5697 πί,
2848 5704 2851 5707 η
3130 5661 3136 5667 ·

2183 5724 2532 5798 ὲζ-Αευευειῑη.
2566 5726 2800 5797 Confess.
2831 5724 3089 5792 Xlll,.ll.
3142 5728 3169 5776 .’

2088 5820 2169 5855 ’.ιλ

3100 5817 3207 5883 13.

3258 5872 3270 5897 ι
