4194 6276
371 437 479 493 389

1466 428 1669 484 LIBER
1706 427 1795 483 DE
1831 424 2538 484 PRAEDESTINATIONE.

3537 425 3643 480 590

364 556 517 627 iuste
542 552 908 608 vindicaretur
957 549 1012 604 in
1061 562 1205 614 eum,
1253 549 1345 619 qui
1372 549 1441 605 ad
1480 548 1625 604 hanc
1664 562 1780 604 rem
1820 560 1953 602 usus
1983 552 2028 607 Λ
2061 546 2200 601 trina
2230 546 2477 621 site-est
2499 544 2665 611 enim,
2688 543 2889 611 etvult,
2917 553 2971 601 et
2993 543 3276 601 scit—ita
3304 554 3359 600 et
3387 543 3515 600 illud
3545 548 3643 602 tri-

370 652 524 700 esset
554 642 844 707 voluntate,
868 641 935 694 ad
967 654 1128 711 quam
1162 653 1277 693 rem
1322 638 1445 694 data
1491 638 1610 693 est?
1637 638 1794 693 Nunc
1822 651 1953 692 vero

372 736 520 791 Deus
549 748 668 791 cum
694 740 1004 804 peccantem
1032 729 1207 800 punit,
1256 729 1403 799 quid‘
1425 729 1570 783 aliud
1600 724 1695 784 tibi
1739 728 1952 785 videtur

371 824 575 896 dicere,
602 822 728 887 nisi,
750 837 849 877 cur
877 835 982 875 non
1016 819 1083 873 ad
1112 833 1233 874 eam
1264 833 1379 874 rem
1406 832 1536 873 usus
1559 832 1619 874 es
1650 818 1820 874 libera
1854 831 1952 872 vo-

370 910 597 976 Iuntate,
625 909 694 966 ad
726 924 888 980 quam
921 908 1016 963 tibi
1045 922 1166 962 eam
1209 907 1356 973 dedi,
1405 907 1509 963 hoc
1548 914 1655 974 est,
1690 906 1757 961 ad
1803 915 1952 961 recte

369 998 710 1057 faciendum?
744 999 952 1054 Deinde
976 996 1106 1052 illud
1153 997 1379 1063 bonum,
1401 1011 1510 1066 quo
1539 996 1951 1051 commendatur

367 1092 485 1163 ipsa
498 1090 714 1163 justitia
742 1089 798 1144 in
822 1088 1144 1144 damnandis
1181 1088 1442 1157 peccatis,
1492 1095 1746 1157 recteque
1798 1087 1953 1143 factis

366 1179 730 1245 honorandis,
759 1178 1028 1248 quomodo
1062 1185 1225 1243 esset,
1275 1176 1323 1233 si
1359 1178 1521 1234 homo
1549 1186 1760 1234 careret
1783 1176 1953 1233 libero

367 1271 671 1327 voluntatis
716 1267 981 1323 arbitrio?
1013 1263 1130 1321 Non
1180 1265 1328 1322 enim
1356 1268 1450 1322 aut
1477 1273 1757 1336 peccatum
1784 1275 1950 1332 esset,

372 1371 474 1417 aut
490 1368 640 1416 recte
671 1360 893 1425 factum,
923 1356 1064 1427 quod
1092 1371 1197 1410 non
1228 1355 1383 1412 ﬁeret
1415 1357 1722 1423 voluntate;
1751 1369 1815 1411 ac
1856 1369 1954 1427 per

374 1451 482 1505 hoc
503 1457 559 1505 et
583 1463 754 1519 poena
781 1445 976 1515 injusta
1006 1452 1170 1510 esset,
1191 1453 1245 1500 et
1263 1445 1588 1515 praemium,
1608 1445 1656 1500 si
1677 1445 1837 1501 homo
1861 1460 1954 1500 vo-

374 1538 637 1595 luntatem
666 1539 888 1594 liberam
931 1551 1034 1592 non
1065 1535 1310 1590 haberet.
1344 1534 1539 1590 Debuit
1587 1536 1604 1566 ¹
1630 1541 1687 1591 et
1740 1534 1795 1589 in
1829 1549 1955 1605 sup-

371 1630 534 1701 plicio
557 1628 679 1684 etin
704 1626 948 1699 praemio
976 1640 1097 1681 esse
1117 1622 1354 1695 iustitia,
1378 1624 1634 1695 quoniam
1659 1622 1764 1680 hoc
1787 1639 1953 1679 unum

366 1729 453 1777 est
476 1720 762 1785 bonorum,
793 1732 933 1788 quae
953 1725 1080 1773 sunt
1108 1731 1176 1772 ex
1201 1710 1338 1770 Deo.
1387 1714 1583 1771 Debuit
1610 1713 1774 1785 igitur
1810 1713 1954 1768 Deus

366 1809 501 1867 dare
528 1806 734 1865 homini
760 1807 989 1864 liberam
1012 1807 1346 1863 voluntatem
1363 1817 1390 1847 ι
1418 1824 1437 1859 ι
1452 1844 1464 1859 .
1480 1803 1537 1858 In
1558 1805 1753 1875 quibus
1774 1805 1956 1861 verbis

2056 648 2184 689 num
2209 618 2333 701 ﬁat,
2353 635 2509 700 liber,
2558 642 2756 701 motus,
2782 633 3134 706 intelligens:
3181 644 3396 691 constat
3438 644 3640 703 tamen,

2054 732 2336 791 peccatum
2363 739 2543 789 omne,
2561 739 2869 794 poenasque
2896 725 3104 794 peccati
3125 740 3383 794 perverso
3404 726 3521 797 ejus
3543 742 3644 801 usu
3724 766 3729 769 -

2053 811 2318 882 originem
2349 812 2589 879 duxisse,
2617 821 2672 868 et
2696 812 2751 866 in
2801 812 2948 869 omni
2978 822 3267 882 peccatore
3294 815 3361 869 ad
3391 815 3534 873 male
3561 816 3644 872 vi-

2053 901 2287 956 vendum
2316 901 2521 972 vigere.

2583 1056 2980 1114 CAPITULUM
3012 1058 3103 1113 IX.

2053 1185 2131 1244 De
2163 1205 2225 1261 co
2260 1189 2403 1260 quod
2440 1206 2542 1244 non
2566 1191 2793 1261 proprie,
2823 1191 3319 1261 seditempomlium
3348 1209 3524 1248 rerum
3559 1196 3635 1250 si-

2122 1259 2420 1334 militudine
2439 1259 2815 1331 praedicuntur
2829 1260 2894 1314 de
2919 1260 3024 1315 Deo
3046 1259 3391 1331 praescientia
3414 1272 3462 1317 et
3481 1280 3641 1334 prac-

2124 1329 2432 1383 destinatio.

2124 1438 2164 1493 l.
2184 1439 2304 1494 Jam
2318 1454 2459 1495 nunc
2475 1448 2653 1495 textus
2665 1434 2978 1511 prinCipalis
2989 1441 3321 1513 quaestionis
3334 1442 3526 1515 exigit,
3543 1458 3642 1498 nos

2054 1531 2416 1596 considerare,
2443 1539 2626 1586 utrum
2652 1532 2888 1603 proprie,
2911 1547 2981 1588 an
3010 1533 3233 1591 abusive
3267 1535 3323 1590 in
3351 1535 3522 1591 sacris
3551 1535 3643 1590 lit-

2055 1619 2187 1674 teris
2219 1627 2274 1673 et
2304 1627 2526 1675 sanctae
2549 1617 2882 1691 Scripturae,
2909 1629 2965 1677 et
2982 1630 3294 1679 sanctorum
3317 1622 3539 1692 Patrum
3561 1624 3643 1679 di-

2054 1719 2211 1766 catur
2225 1710 2367 1766 Deus
2380 1712 2700 1790 praescisse,
2715 1698 2799 1769 ve!
2812 1715 3264 1785 praedestinasse,
3290 1702 3404 1771 sive
3423 1730 3639 1772 omnem

2052 1801 2487 1871 universitatem,
2526 1818 2686 1873 quam
2740 1804 2856 1875 ipse
2903 1805 3144 1860 condidit
3188 1805 3637 1874 substantialiter,

365 1901 626 1957 debemus
671 1900 974 1965 intendere,
1004 1913 1074 1965 ne
1104 1897 1226 1970 qui‘s
1256 1896 1614 1953 substantiam
1660 1895 1955 1953 confundat
1983 1894 2029 1954 Β
2056 1894 2170 1950 sive
2199 1894 2458 1965 quidquid
2502 1895 2988 1961 administrationis
3013 1895 3230 1952 divinae
3268 1898 3641 1968 temporaliter

364 2003 425 2050 et
444 2002 670 2059 motum,
701 1992 928 2048 audiens
953 1991 1180 2047 liberam
1207 1990 1562 2053 voluntatem,
1593 2004 1736 2059 quae
1765 1989 1954 2060 procul

366 2080 529 2138 dubio
557 2080 929 2138 substantialis
974 2086 1079 2136 est.
1127 2078 1205 2135 Eo
1250 2078 1435 2148 itaque
1476 2077 1764 2132 locutionis
1794 2080 1954 2135 modo

367 2180 588 2229 sanctus
614 2182 771 2244 pater
799 2170 1132 2241 Augustinus
1164 2184 1295 2226 usus
1327 2178 1434 2237 est,
1463 2168 1691 2223 dicendo
1723 2169 1953 2225 liberam

364 2265 693 2321 voluntatem
723 2278 822 2336 pro
858 2278 945 2330 eo,
974 2263 1118 2334 quod
1163 2270 1247 2317 est
1277 2260 1484 2318 liberae
1510 2260 1804 2317 voluntatis
1840 2276 1955 2318 mo-

373 2369 513 2427 tum,
534 2359 648 2415 sive
676 2357 983 2423 arbitrium,
1012 2371 1119 2426 quo
1148 2354 1379 2411 solemus
1405 2354 1506 2421 uti,
1542 2354 1669 2409 dum
1698 2369 1798 2425 per
1822 2369 1953 2411 cau-

370 2467 463 2508 sas
483 2449 863 2507 substantiales
899 2463 1089 2503 earum
1130 2445 1499 2517 signiﬁcamus
1537 2444 1781 2500 eﬁ'ectus.
1814 2444 1953 2501 Hinc

369 2551 456 2600 est
484 2557 649 2598 verae
676 2536 901 2597 rationis
923 2539 1203 2606 circuitus,
1219 2552 1317 2608 pro
1338 2552 1501 2592 verae
1528 2535 1955 2593 ratiocinationis

364 2632 602 2688 circuitu
622 2662 693 2673 —
712 2646 839 2686 vera
879 2628 1148 2701 siquidem
1176 2627 1317 2683 ratio
1350 2626 1775 2683 substantialiter
1794 2636 1876 2682 est
1901 2628 1955 2685 in

368 2723 611 2789 homine,
629 2719 784 2791 cujus
803 2729 985 2776 motus
1009 2718 1627 2775 ratiocinatio—manus
1651 2732 1751 2789 pro
1770 2732 1952 2791 opere,

365 2826 463 2883 pes
503 2826 604 2883 pro
652 2808 952 2877 ambulatu,
993 2809 1176 2880 lingua
1202 2821 1305 2880 pro
1342 2806 1548 2875 verbis,
1577 2814 1861 2877 ceteraque
1898 2808 1954 2864 id

366 2918 560 2974 genus.
1733 2907 1740 2914 '

440 2988 535 3048 IX.
582 2991 699 3048 Hoc
737 3007 888 3063 ergo,
922 2992 1025 3049 nisi
1048 2991 1224 3059 fallor,
1253 2990 1498 3062 prolixae
1526 2990 1951 3050 ratiocinationis

370 3083 582 3139 ambitu
611 3081 917 3139 confectum
962 3091 1070 3151 est,
1102 3097 1294 3138 causas
1338 3081 1579 3137 omnium
1607 3089 1755 3137 recte
1782 3081 1950 3138 iacto-

371 3191 518 3244 rum,
544 3174 742 3248 quibus
786 3175 853 3237 ad
878 3189 1128 3233 coronam
1163 3171 1344 3242 iustae
1370 3172 1717 3231 beatitudinis
1749 3188 1944 3244 perve-

2053 1972 2276 2054 apparet
2303 1985 2357 2039 in
2384 1984 2493 2052 illa,
2524 1985 2579 2041 in
2623 1986 2709 2042 his
2731 1984 3003 2053 videlicet,
3035 2001 3177 2058 quae
3203 1990 3317 2059 ipse
3354 1986 3502 2054 facit,
3530 2003 3641 2045 non

2053 2088 2194 2145 quae
2223 2074 2342 2131 ﬁeri
2362 2076 2509 2132 sinit.
2543 2075 2645 2132 Ubi
2672 2078 2847 2149 primo
2875 2077 3190 2145 notandum,
3220 2080 3479 2150 quoniam
3502 2080 3642 2135 nihil

2054 2164 2213 2236 digne
2241 2165 2307 2221 de
2336 2165 2447 2222 Deo
2476 2166 2693 2234 dicitur,
2731 2166 2913 2223 omnia
2945 2181 3116 2237 paene
3144 2167 3165 2199 ³
3195 2168 3308 2224 sive
3331 2168 3637 2236 nominum,

2054 2252 2168 2309 sive
2189 2253 2500 2321 verborum,
2549 2255 2887 2327 aliarumque
2929 2257 3192 2314 orationis
3219 2258 3455 2330 partium
3484 2259 3640 2331 signa

2052 2342 2271 2413 proprie
2300 2342 2367 2399 de
2395 2344 2506 2400 Deo
2528 2344 2634 2400 dici
2658 2361 2765 2401 non
2792 2361 2965 2417 posse.
3001 2348 3281 2414 Quomodo
3309 2348 3456 2404 enim
3487 2349 3642 2421 signa

2054 2433 2351 2500 sensibilia,
2399 2434 2454 2490 id
2497 2442 2601 2503 est,
2650 2437 2966 2509 corporibus
2995 2438 3344 2495 adhaerentia
3374 2452 3641 2496 remotam

2053 2525 2200 2580 illam
2244 2526 2392 2583 omni
2429 2542 2590 2585 sensu
2635 2544 2896 2601 corporeo
2942 2539 3192 2587 naturam
3254 2533 3321 2588 ad
3374 2533 3641 2605 liquidum
3698 2528 3703 2532 ’

2054 2615 2359 2687 signiﬁcare
2409 2629 2643 2688 possent,
2686 2633 2824 2690 quae
2881 2619 2971 2673 vix
3024 2622 3407 2694 purgatissima
3459 2631 3643 2677 mente

2053 2708 2375 2779 attingitur,
2433 2723 2648 2764 omnem
2701 2711 3089 2767 transcendens
3136 2706 3505 2767 intellectum?
3545 2713 3641 2769 Eis

2054 2811 2233 2855 tamen
2287 2800 2459 2856 utitur
2509 2801 2776 2855 humanae
2824 2800 3253 2857 ratiocinationis
3297 2812 3418 2873 post
3450 2818 3642 2874 pecca-

2053 2896 2167 2943 tum
2218 2889 2380 2959 primi
2408 2888 2641 2944 hominis
2689 2887 2959 2964 laboriosa
2999 2897 3233 2958 egestas,
3283 2898 3344 2944 ut
3383 2891 3641 2960 quodam-

2053 2978 2212 3033 modo
2234 2977 2489 3031 credatur
2514 2985 2569 3030 et
2592 2977 2851 3032 innuatur
2893 2976 3114 3047 c0piosa
3144 2977 3442 3034 conditoris
3471 2980 3639 3038 subli-

2053 3068 2236 3124 mitas.
2283 3066 2525 3139 Amplius
2568 3069 2615 3124 si
2663 3068 2845 3124 omnia
2901 3083 3095 3124 vocum
3135 3069 3292 3141 signa
3343 3073 3641 3131 secundum

2052 3171 2303 3218 naturam
2358 3177 2467 3218 non
2526 3171 2672 3228 sunt,
2733 3163 2828 3218 sed
2871 3179 2940 3218 ex
2993 3163 3316 3235 complacito
3357 3165 3640 3222 hominum

368 3239 539 3335 nitur,
561 3239 633 3323 in
652 3266 824 3322 libero
853 3264 1118 3321 humanae
1132 3239 1423 3319 voluntatis
1442 3261 1691 3331 arbitrio,
1718 3239 1947 3336 praepa-
1974 3239 2020 3299 (ἶ
2052 3256 2291 3321 inventa.
2315 3254 2446 3325 quid
2472 3253 2698 3322 mirum,
2729 3253 2774 3310 Si
2804 3270 2911 3311 n0n
2936 3254 3005 3311 ad
3026 3254 3173 3327 ίιιειιη
3199 3265 3469 3324 naturam.
3499 3271 3641 3328 quae

363 3366 523 3415 rante
576 3358 775 3428 ipsum,
814 3356 1025 3428 ipsique
1075 3366 1402 3427 cooperante
1447 3356 1685 3426 gratuito
1737 3355 1952 3411 divinae

360 3450 572 3521 gratiae
594 3447 983 3518 multiplicique
1007 3447 1171 3514 dono,
1194 3447 1518 3505 constitutas
1539 3461 1692 3514 esse;
1722 3445 1949 3502 malefa-

363 3550 575 3595 ctorum
597 3553 749 3607 vero,
788 3538 984 3609 quibus
1005 3539 1060 3594 in
1087 3539 1469 3597 contumeliam
1490 3536 1670 3607 justae
1697 3539 1951 3595 miseriae

364 3632 560 3697 ruitur,
583 3631 638 3686 in
669 3645 928 3702 perverso
957 3638 1107 3688 motu
1132 3631 1289 3689 liberi
1316 3630 1531 3687 arbitrii
1557 3631 1817 3687 suadente
1837 3631 1951 3686 dia-

364 3718 489 3775 bolo
512 3720 866 3790 principalem
895 3721 1133 3777 radicem
1155 3734 1279 3775 esse
1318 3718 1502 3775 ﬁxam.
1549 3718 1763 3786 Quanta
1786 3719 1951 3792 igitur

367 3809 638 3867 dementia
663 3817 747 3865 est
764 3823 974 3875 eorum,
1022 3810 1119 3880 qui
1160 3808 1347 3865 talium
1379 3823 1572 3867 causas
1612 3809 1951 3867 inevitabiles

367 3901 746 3972 coactivasque
770 3900 1121 3971 necessitates
1154 3902 1207 3957 in
1237 3901 1735 3972 praedestinatione
1769 3902 1951 3958 divina

370 3991 662 4048 l‘alsissime
708 3990 935 4064 lingunt,
972 3979 1458 4063 impudentissime
1488 3993 1799 4059 adstruunt,
1849 4008 1948 4063 po-

368 4093 594 4149 stremo,
626 4085 769 4155 quod
798 4086 953 4141 valde
978 4086 1295 4153 dolendum,
1330 4101 1391 4142 se
1433 4086 1579 4159 ipsos
1609 4088 1950 4142 consentien-

370 4184 555 4244 tesque
575 4174 681 4231 sibi
706 4176 776 4231 ad
788 4184 1083 4245 perpetuae
1109 4177 1301 4233 mortis
1327 4176 1604 4233 interitum
1633 4177 1827 4232 merito
1858 4191 1947 4230 er-

368 4265 513 4320 roris
532 4264 826 4319 detrudunt
841 4266 856 4318 l
873 4265 998 4320 Sive
1021 4265 1202 4336 itaque
1232 4265 1356 4321 talis
1376 4264 1677 4321 differentia
1706 4265 1949 4322 inveniao

369 4366 460 4409 tur
483 4355 624 4410 inter
640 4354 869 4411 liberum
888 4356 1173 4415 arbitrium
1192 4356 1428 4412 hominis
1465 4364 1520 4412 et
1560 4354 1679 4425 ejus
1701 4357 1949 4413 substan-

365 4446 524 4513 tiam,
572 4446 649 4502 ita
680 4453 740 4500 ut
773 4456 965 4502 natura
1000 4447 1056 4503 in
1084 4446 1360 4505 voluntate
1399 4447 1670 4514 rationali,
1718 4449 1947 4507 liberum

360 4553 502 4593 vero
516 4539 796 4595 arbitrium
822 4540 877 4595 in
897 4539 1012 4609 ejus
1033 4540 1106 4596 sit
1125 4539 1373 4595 libertate
1387 4539 1738 4595 constitutum
1757 4540 1806 4605 ιλ,
1832 4540 1948 4594 sive

2053 3345 2165 3402 sola
2192 3360 2320 3401 vere
2349 3344 2547 3401 dicitur
2573 3360 2714 3412 esse,
2752 3344 3025 3401 suiliciant
3047 3347 3491 3417 exprimendam?

2117 3434 2182 3491 II.
2228 3435 2458 3492 Proinde
2478 3436 2753 3507 signorum
2778 3435 3097 3504 verbalium,
3126 3436 3323 3507 quibus
3366 3439 3637 3494 humanae

2050 3523 2346 3583 locutionis
2402 3527 2790 3584 consuetudine
2846 3527 2915 3582 ad
2972 3526 3387 3599 signiﬁcandum
3460 3527 3636 3600 ipsum

2050 3618 2219 3673 Deum
2249 3625 2344 3672 aut
2368 3617 2485 3688 ejus
2511 3617 3036 3673 administrationem
3090 3618 3145 3672 in
3193 3617 3450 3676 universa
3486 3636 3639 3675 crea-

2052 3717 2173 3764 tura
2225 3710 2396 3765 utitur
2442 3708 2629 3764 divina
2674 3709 3019 3779 humanaque
3054 3708 3343 3775 industria,
3370 3713 3637 3780 quaedam

2051 3808 2178 3855 sunt
2227 3800 2384 3870 quasi
2424 3799 2668 3871 propria,
2700 3815 2930 3869 quorum
2969 3800 3215 3870 exempla
3266 3809 3393 3857 sunt
3432 3801 3484 3856 in
3518 3818 3639 3857 ver—

2052 3889 2136 3944 bis
2164 3891 2381 3960 quidem
2413 3906 2552 3957 sum,
2583 3905 2659 3955 es,
2705 3900 2843 3954 erat,
2874 3904 3015 3956 esse,
3066 3890 3121 3945 in
3168 3891 3479 3946 nominibus
3507 3908 3640 3951 vero
3704 3948 3713 3954 ,

2049 3966 2307 4047 essentia,
2338 3982 2560 4046 veritas,
2584 3980 2777 4046 virtus,
2810 3980 3096 4049 sapientia,
3128 3982 3373 4045 scientia,
3398 3982 3643 4038 destina-

2052 4072 2127 4126 tio
2150 4076 2453 4140 ‘ccteraque
2500 4070 2833 4138 hujusmodi,
2863 4085 3003 4141 quae
3031 4070 3289 4141 queuiam
3339 4071 3394 4124 in
3441 4082 3638 4130 natura

2051 4171 2234 4219 nostra
2265 4161 2527 4232 quidquid
2570 4162 2807 4232 primum
2853 4162 3225 4231 optimumque
3280 4160 3387 4226 sit,
3421 4164 3637 4235 signiﬁ-

2049 4250 2197 4320 cant,
2224 4254 2275 4310 id
2301 4261 2386 4309 est
2426 4252 2598 4322 ipsam
2629 4251 3010 4317 substantiam,
3043 4262 3099 4305 et
3122 4251 3239 4320 ejus
3269 4251 3493 4321 optima,
3520 4255 3640 4317 sine

2049 4346 2251 4418 quibus,
2291 4343 2610 4400 immortalis
2673 4356 2795 4397 esse
2848 4356 2956 4398 non
3004 4350 3201 4413 potest,
3248 4342 3549 4398 accidentia
3592 4342 3637 4411 ⁸,

2049 4453 2157 4492 non
2179 4436 2412 4493 absurde
2443 4434 2751 4492 referuntur
2787 4434 2855 4490 ad
2903 4449 3068 4488 unum
3094 4434 3466 4505 optimumque
3488 4435 3637 4505 prin-

2050 4528 2249 4598 cipium
2288 4527 2529 4583 omnium
2559 4527 2828 4582 bonorum
2857 4525 3000 4596 quod
3029 4533 3112 4581 est
3144 4525 3318 4591 Deus;
3368 4526 3637 4596 quaedam

360 4628 421 4683 in
439 4638 584 4684 motu
610 4629 815 4687 liberae
831 4589 1155 4684 naturaliter
1175 4627 1486 4694 voluntatis,
1509 4628 1622 4684 sive
1640 4627 1695 4682 in
1723 4589 1947 4683 munere
1976 4589 2025 4647 Β
2058 4635 2184 4675 vero
2212 4618 2409 4685 aliena.
2442 4620 2545 4674 hoc
2582 4626 2667 4674 εει
2703 4616 2985 4683 "angam,
3015 4631 3156 4686 quae
3196 4616 3371 4673 tribus
3420 4618 3639 4673 sedibus

361 4719 773 4791 intelligentiae,
807 4720 955 4789 quod
997 4718 1251 4774 omnibus
1275 4717 1328 4772 in
1367 4732 1652 4774 commune
1688 4718 1945 4773 donatum

358 4820 473 4877 est,
501 4814 638 4879 sive,
667 4820 731 4867 ut
776 4808 1110 4883 probabilius
1152 4809 1488 4875 aestimatur,
1546 4809 1679 4865 haec
1734 4808 1838 4865 tria
1890 4806 1946 4863 in

359 4916 533 4956 unum
555 4900 803 4966 collecta,
822 4900 875 4955 id
889 4907 992 4965 est,
1015 4899 1185 4955 liber'
1204 4906 1383 4953 motus
1406 4896 1790 4969 intelligentiae
1816 4897 1945 4952 libe-

360 5003 488 5043 rum
510 4988 793 5045 arbitrium
819 4989 962 5043 inter
982 5003 1041 5043 se
1065 4994 1414 5055 componunt,
1463 5000 1525 5041 ea
1558 4986 1810 5040 videlicet
1857 5001 1945 5038 ra-

356 5077 532 5145 tione,
561 5086 638 5145 ut,
668 5079 1123 5151 quemadmodum
1145 5077 1445 5135 substantia
1477 5077 1614 5146 ipsa,
1639 5077 1691 5131 in
1722 5086 1946 5147 quaest,

2056 4712 2246 4767 venire
2274 4710 2480 4775 solent,
2520 4698 2550 4762 a
2581 4707 2935 4763 similitudine
2980 4707 3246 4773 videlicet,
3273 4723 3306 4762 a
3335 4710 3634 4773 contrario,

2053 4816 2083 4856 a
2121 4800 2445 4857 diﬁ’erentia.
2468 4798 2685 4855 Primae
2706 4799 2850 4856 sedis
2878 4800 3123 4870 exempla
3153 4807 3279 4854 sunt
3311 4817 3323 4852 :
3348 4799 3639 4854 Bracltium

2052 4897 2284 4961 Domini,
2312 4896 2398 4950 cui
2424 4894 2707 4950 revelatum
2733 4904 2809 4949 est
2842 4894 2935 4959 l’0;
2963 4894 3092 4948 item
3123 4912 3135 4946 :
3170 4879 3361 4948 Hann:
3399 4901 3520 4949 tuae
3560 4894 3638 4961 fe-

2053 4995 2233 5043 cerunt
2258 4984 2381 5039 med
2399 5003 2418 5051 ;
2449 4985 2734 5039 similiter:
2762 4982 2914 5038 Oculi
2941 4982 3153 5037 Domini
3172 4997 3333 5051 super
3360 4981 3555 5060 justas,
3586 4989 3635 5034 et

2054 5092 2207 5131 aures
2223 5075 2338 5146 ejus
2358 5076 2411 5128 in
2432 5090 2607 5144 preces
2627 5087 2807 5128 eorum
2827 5083 2871 5124 ο.
2889 5070 3039 5137 Quae
3056 5071 3247 5124 merito
3260 5069 3432 5124 aliena
3447 5068 3634 5124 dicun-

1676 5195 1761 5249 VA
1771 5195 1928 5250 ΜΔΕ
1965 5191 2362 5249 LECTIONES.

434 5307 571 5397 ’"Sic
596 5311 741 5397 cod.,
869 5311 1044 5397 del-ruit
1076 5319 1251 5397 autem
1278 5316 1334 5365 et
1358 5315 1464 5362 etc.
1528 5306 1679 5397 ".Sic
1696 5306 1842 5374 cod.,
1871 5307 1939 5361 Μ.
1968 5306 2121 5371 liber,
2145 5315 2316 5369 nurus,
2339 5302 2702 5373 intelligentia.
2780 5300 2800 5331 ³
2838 5295 3178 5367 (Ζοώροεηε.
3258 5294 3279 5324 δ
3299 5292 3478 5357 Corn,
3507 5294 3633 5397 cod:

353 5386 417 5435 et
439 5376 512 5434 Μ.
539 5381 863 5435 accedentia.
938 5381 960 5411 ⁸
988 5381 1079 5436 Sic
1107 5379 1254 5447 cod.,
1285 5390 1360 5433 est
1391 5393 1500 5433 orn.
1528 5377 1598 5431 M.

1904 5483 2154 5541 NOTAE.

431 5618 459 5647 ι
506 5606 796 5669 Augustin.
837 5608 902 5662 de
921 5607 1083 5662 libero
1102 5606 1270 5660 Arbil.
1297 5603 1361 5669 II,
1392 5604 1445 5658 I.
1719 5650 1727 5655 .

431 5677 460 5717 ι’
517 5670 668 5733 Talis
691 5676 997 5734 diﬂ'erentia
1026 5678 1205 5731 minus
1240 5690 1369 5730 vera
1398 5689 1520 5729 esse
1549 5674 1782 5729 videtur.
1810 5670 1945 5726 Nam

356 5744 614 5816 voluntas
642 5747 929 5803 rationalis
949 5761 1139 5816 reapse
1179 5746 1347 5801 libera
1389 5753 1492 5816 est,
1540 5742 1794 5816 l_iberurn_
1816 5755 1943 5816 vero

344 5815 646 5872 «arbitrium
674 5816 811 5872 nihil
841 5817 992 5872 aliud
1019 5812 1122 5872 nisi
1150 5816 1272 5872 boni
1302 5814 1498 5868 malive
1519 5812 1747 5882 eligendi
1771 5812 1939 5866 facul-

2056 5609 2161 5654 tas.
2197 5599 2279 5653 Cl'.
2323 5598 2580 5653 Prudent.

2129 5681 2151 5706 ο
2198 5670 2319 5721 Isai.
2353 5669 2482 5730 LIII,
2514 5668 2566 5718 1.

2128 5739 2152 5777 ἀ
2194 5738 2311 5791 Job.
2346 5737 2416 5799 Χ,
2446 5738 2498 5791 8.
2576 5746 2593 5762 ⁶

2126 5822 2149 5848 θ
2192 5808 2388 5862 Psalm.
2424 5804 2593 5872 XXX,
2628 5805 2710 5858 I6.
