4194 6276
550 388 650 445 591

1933 379 2211 437 JOANNIS
2247 381 2443 439 SCOTl

3694 387 3803 445 592

552 511 661 566 tur,
688 513 807 554 curn
832 494 1008 551 divina
1032 492 1334 548 substantia
1358 491 1551 546 talibus
1575 491 1935 561 corporalium
1962 506 2127 543 mcm-
2160 498 2203 554 Α
2232 490 2545 545 Maledicta:
2588 493 2756 548 omnis
2801 493 2890 563 qui
2936 495 3171 566 pependit
3221 496 3273 551 in
3318 496 3458 568 ligno
3478 496 3530 551 ά.
3577 495 3689 556 Hoc
3735 500 3806 555 de

555 591 775 646 brorum
821 583 1129 640 omnimodo
1170 588 1353 636 careat
1378 581 1737 636 lineamentis.
1766 580 2128 636 Similitudine

557 690 734 733 tamen
758 674 985 744 quadam
1013 675 1078 725 de
1098 685 1161 724 ea
1185 686 1290 724 non
1318 671 1609 740 incongrue
1637 671 2033 739 praedicantur.
2070 671 2128 725 ln

552 767 789 825 brachiis
827 763 1024 834 quippe
1078 760 1222 815 vires
1265 775 1574 829 corporum,
1612 761 1664 813 in
1711 760 1958 814 manibus
2003 775 2130 829 ope-

554 860 838 918 rationem,
895 854 950 907 in
1003 850 1172 906 oculis
1230 850 1435 914 visum,
1489 851 1729 905 auditum
1793 852 1846 904 in
1911 852 2130 907 auribus

556 959 810 1016 tanquam
833 945 885 999 in
907 942 1125 998 sedibus
1155 940 1266 995 suis
1287 949 1481 994 natura
1509 939 1727 995 locavit.
1742 939 1928 1008 Itaque
1949 940 2128 994 divina

554 1040 727 1091 virtus
767 1043 822 1089 et
863 1032 1128 1104 operatio,
1162 1030 1301 1086 visio
1348 1045 1563 1100 quoque
1634 1029 1750 1100 ejus
1802 1040 1858 1084 ct
1911 1031 2131 1101 largitas

557 1126 836 1198 aptissime
891 1123 1097 1181 sedium
1150 1120 1361 1176 illarum
1434 1120 1744 1175 nominibus
1798 1121 2125 1176 vocitantur.

559 1217 778 1271 Tertiae
806 1213 950 1271 sedis
996 1209 1241 1280 exemplo
1268 1209 1420 1274 ﬁunt,
1450 1223 1587 1278 quae
1614 1209 1681 1264 ab
1711 1209 2011 1263 animorum
2038 1227 2132 1265 no-

557 1316 791 1362 strorum
847 1298 1338 1374 perturbationibus
1394 1306 1681 1353 sumuntur
1719 1300 1785 1353 ad
1826 1299 2133 1369 signiﬁcan-

557 1398 680 1452 dam
711 1391 1198 1450 incommutabilem
1256 1390 1272 1420 ί
1320 1387 1696 1451 substantiam,
1740 1397 1800 1442 ut
1852 1399 1979 1444 sunt.
2030 1392 2126 1453 ira,

559 1488 729 1551 furor,
748 1484 1058 1555 indignatio,
1084 1482 1263 1544 timor,
1283 1478 1524 1543 tristitia,
1548 1485 1858 1546 ceteraque,
1902 1494 2040 1547 quae
2067 1480 2132 1532 de

559 1577 895 1633 differentiae
925 1575 1041 1630 loco
1072 1574 1374 1636 trahuntur,
1408 1586 1636 1640 quorum
1665 1571 1808 1625 nulla
1839 1573 2133 1627 similitudo

557 1687 682 1726 cum
712 1668 889 1723 divina
915 1674 1103 1721 natura
1127 1664 1415 1727 invenitur,
1443 1663 1536 1717 sed
1563 1662 1672 1717 sola
1704 1663 2029 1718 necessitate
2060 1665 2133 1718 si-

557 1760 645 1830 gni
655 1757 917 1813 licationis
930 1753 1195 1809 remotissi
1204 1768 1290 1808 mo
1310 1751 1581 1808 abusionis
1595 1752 1752 1806 modo
1765 1750 1936 1806 solent
1956 1760 2105 1808 trans
2119 1783 2131 1793 -

556 1849 709 1905 ferri.

628 1939 712 1993 lll.
749 1939 971 1993 Restant
991 1952 1072 1999 ea,
1100 1950 1238 2005 quae
1261 1935 1658 1993 contrarietatis
1680 1934 1799 1989 loco
1820 1942 2124 1991 sumuntur.

556 2029 761 2096 Quibus
790 2035 934 2082 tanta
957 2027 1036 2080 vis
1061 2027 1198 2081 inest
1229 2023 1593 2094 signiﬁcandi,
1621 2033 1677 2076 ut
1704 2025 1936 2092 quodam
1968 2026 2129 2094 privi-

557 2116 699 2186 legio
726 2112 1077 2170 excellentiae
1125 2129 1253 2169 suae
1295 2113 1485 2166 merito
1518 2127 1549 2166 a
1587 2110 1808 2167 Graecis
1850 2114 2129 2185 enthyme-

555 2214 703 2260 mata
774 2205 795 2235 '
843 2205 1125 2269 dicantur,
1176 2204 1278 2259 hoc
1321 2210 1443 2264 est,
1494 2202 1873 2270 conceptiones
1909 2204 2123 2258 mentis.

558 2296 816 2365 Quamvis
863 2296 1005 2351 enim
1052 2310 1249 2356 omne,
1282 2294 1425 2363 quod
1472 2308 1604 2347 voce
1649 2291 1941 2362 profertur,
1977 2296 2128 2363 prius

556 2394 740 2442 mente
768 2385 1104 2457 concipiatur
1126 2425 1142 2451 ,
1184 2400 1288 2440 non
1343 2392 1519 2437 tamen
1563 2398 1746 2449 omne,
1773 2384 1917 2453 quod
1949 2392 2128 2437 mente

558 2476 880 2546 concipitur,
909 2474 1135 2529 eandem
1186 2473 1294 2528 vim
1347 2472 1776 2543 signiﬁcationis,
1803 2473 1929 2528 dum
1965 2474 2131 2528 sensi-

556 2566 660 2620 bus
690 2563 902 2620 fervore
927 2562 948 2594 ⁸
970 2561 1291 2625 infunditur,
1317 2560 1518 2614 habere
1568 2560 1797 2614 videtur.
1834 2560 2131 2631 Sicutergo

558 2663 996 2726 argumentorum
1025 2651 1266 2707 omnium
1300 2649 1657 2705 fortissimum
1685 2656 1769 2704 est
1810 2649 1956 2714 illud,
1990 2651 2132 2719 quod

559 2746 791 2801 sumitur
811 2760 842 2799 a
863 2743 1154 2810 contrario,
1182 2742 1252 2797 ita
1282 2740 1523 2796 omnium
1555 2739 1835 2808 signorum
1862 2739 2131 2794 vocalium

554 2826 896 2906 aptissimum
918 2844 1019 2898 est,
1047 2833 1191 2904 quod
1212 2833 1425 2887 ducitur
1447 2830 1515 2886 ab
1544 2831 1731 2907 eodem
1771 2830 2131 2884 contrarieta-

554 2912 628 2981 tis
658 2921 809 2981 loco.‘
825 2925 1061 2992 Quorum
1101 2923 1363 2993 quaedam
1399 2920 1643 2977 absolute
1671 2919 1942 2984 dicuntur,
1970 2935 2133 2989 quae-

554 3002 681 3070 dam
711 3015 1012 3085 conjuncte.
1037 3012 1418 3067 Absolutorum
1448 3010 1620 3064 forma
1642 3017 1725 3066 est
1750 3028 1763 3063 :
1796 3009 2025 3063 Perdam
2048 3027 2133 3064 sa-

556 3107 807 3178 pientiam
842 3105 1156 3174 sapientum,
1183 3112 1228 3156 et
1250 3100 1580 3172 prudentiam
1601 3101 1915 3169 prudentum
1956 3117 2131 3169 repro-

2227 581 2442 637 Christo
2472 584 2655 653 procul
2681 584 2844 638 dubio
2873 585 3071 639 dictum
3100 596 3202 650 est,
3234 587 3325 657 qui
3352 595 3427 641 est
3448 605 3605 658 super
3628 590 3803 644 omnia

2236 673 2531 727 benedictus
2559 674 2613 728 in
2641 674 2816 727 secula
2875 685 2920 726 ο.
2969 673 3075 731 Nos
3105 676 3273 739 enim,
3316 678 3406 747 qui
3435 678 3489 730 in
3522 679 3681 747 primi
3708 678 3804 731 lio-

2229 763 2389 818 minis
2413 773 2635 833 peccato
2661 765 2850 819 mortis
2874 772 2927 819 et
2956 765 3229 821 servitutis
3253 767 3549 823 meruimus
3577 768 3802 822 maledi-

2229 853 2481 919 ctioncm,
2516 855 2570 908 in
2614 856 2831 909 secundi
2865 856 3100 912 hominis
3120 855 3325 924 justitia
3368 859 3512 913 vitae
3539 866 3596 913 et
3636 859 3801 913 liber-

2230 943 2357 997 tatis
2385 943 2690 1013 accepimus
2715 944 3162 999 benedictionem.
3192 944 3325 999 Nam
3363 947 3505 1016 quod
3546 947 3802 1017 pendenti

2229 1031 2445 1086 Christo
2477 1033 2530 1086 in
2568 1047 2730 1088 cruce
2762 1031 2948 1089 Judaei
2979 1034 3391 1101 maledixerunt,
3425 1036 3547 1103 plus
3575 1037 3798 1091 benedi-

2230 1123 2424 1178 ctionis
2456 1123 2730 1189 insinuat,
2776 1138 2937 1193 quam
2984 1124 3397 1179 maledictionis.
3446 1124 3590 1180 Haec
3636 1126 3803 1197 igitur

2230 1211 2403 1267 forma
2444 1212 2730 1268 locutionis
2767 1212 3011 1269 absolute
3051 1213 3457 1270 contrarietatis
3501 1213 3620 1271 loco
3646 1215 3803 1270 dedu-

2231 1312 2313 1356 cta
2355 1313 2458 1368 est,
2499 1318 2607 1372 quo
2640 1296 2809 1357 etiam,
2830 1303 3117 1372 Apostolus
3164 1305 3431 1374 sumpsit,
3481 1306 3623 1373 quod
3669 1306 3745 1358 ait
3784 1321 3800 1359 :

2232 1393 2391 1460 Eum,
2424 1396 2512 1463 qui
2542 1409 2643 1447 non
2670 1403 2877 1447 noverat
2907 1394 2929 1423 ‘
2957 1402 3243 1463 peccatum,
3281 1411 3377 1463 pro
3422 1396 3570 1450 nobis
3622 1412 3804 1464 pecca-

2231 1491 2339 1533 tum
2373 1483 2492 1551 fecit
2529 1481 2573 1535 f.
2608 1481 2738 1549 Quis
2764 1482 2904 1536 enim
2935 1484 3163 1549 dubitat,
3192 1483 3422 1539 hostiam
3445 1495 3500 1540 et
3524 1496 3804 1555 peccatum

2232 1568 2375 1623 inter
2400 1584 2460 1624 se
2481 1583 2599 1625 esse
2625 1571 2915 1633 contraria,
2948 1586 3071 1625 cum
3097 1572 3271 1626 hostia
3297 1572 3431 1626 nihil
3457 1582 3672 1643 agatur,
3698 1575 3803 1629 nisi

2231 1668 2288 1714 ut
2310 1671 2590 1730 peccatum
2621 1654 2879 1716 deleatur.
2918 1661 3166 1718 Christus
3204 1663 3379 1718 hostia
3409 1665 3679 1733 generalis
3720 1676 3808 1722 est

2232 1768 2328 1821 pro
2353 1762 2573 1821 peccato
2619 1753 2783 1807 totius
2824 1752 3027 1807 mundi.
3061 1751 3225 1808 Recte
3266 1753 3428 1824 igitur
3465 1768 3496 1809 e
3521 1755 3800 1810 contrario

2160 1832 2205 1891 B
2233 1859 2327 1913 per
2357 1853 2636 1912 peceatum
2667 1843 3020 1913 signiﬁcatur.

2306 1936 2365 1991 V.
2408 1935 2610 1990 Deinde
2632 1934 2903 2003 conjuncti
2923 1936 3180 1991 contrarii
3208 1937 3607 1993 consideremus
3619 1952 3806 1994 exem-

2229 2024 2336 2095 pla.
2391 2025 2539 2091 Quae
2587 2025 2804 2094 quidem
2856 2026 3142 2095 conjuncta
3184 2036 3472 2096 propterea
3528 2028 3801 2094 dicuntur,

2228 2115 2369 2184 quod
2399 2115 2605 2169 duobus
2635 2114 2766 2171 locis
2796 2116 3144 2183 conveniant,
3166 2117 3504 2172 similitudini
3530 2119 3803 2183 videlicet,

2227 2212 2388 2272 atque
2433 2204 2825 2257 contrarietati.
2866 2205 3070 2259 Partim
3120 2206 3316 2275 quippe
3361 2207 3549 2262 eadem
3584 2208 3806 2264 nomina

2227 2310 2319 2349 seu
2346 2295 2506 2349 verba
2538 2294 2908 2360 similitudine,
2937 2296 3136 2364 partim
3169 2305 3460 2351 sumuntur
3505 2300 3808 2353 contrarie—

2230 2394 2359 2450 tate,
2392 2400 2619 2453 quorum
2650 2394 2930 2456 pragmata
2952 2394 3077 2440 sunt
3100 2388 3458 2456 praescientia
3499 2398 3553 2443 et
3582 2389 3811 2459 praede-

2230 2476 2469 2540 stinatio,
2508 2476 2725 2545 quan‘do
2751 2476 2817 2530 de
2862 2476 2975 2531 Deo
3015 2478 3417 2546 praedicantur.
3464 2481 3532 2535 Et
3574 2483 3810 2552 primum

2230 2566 2445 2636 quidem
2474 2563 2948 2626 considerandum,
2979 2566 3113 2620 haec
3144 2575 3199 2621 et
3222 2567 3527 2636 hujusmodi
3577 2584 3672 2625 seu
3707 2587 3807 2625 no-

2232 2655 2410 2720 mina,
2463 2669 2559 2709 seu
2596 2652 2761 2708 verba
2807 2654 2873 2707 de
2923 2652 3031 2708 Deo
3082 2657 3297 2725 proprie
3344 2657 3645 2725 praedicari
3697 2674 3807 2713 non

2232 2758 2408 2813 posse.
2457 2742 2572 2808 Qua
2612 2743 2756 2798 enim
2801 2742 3010 2797 ratione
3055 2743 3326 2798 diceretur
3358 2744 3499 2799 Deus
3531 2746 3809 2815 praescire

2233 2835 2432 2905 aliquid
2463 2834 2846 2905 praescientia,
2881 2834 2963 2889 vel
2997 2836 3401 2904 praedestinare
3440 2837 3810 2906 praedestina-

2233 2926 2397 2990 tione,
2429 2925 2514 2979 cui
2563 2924 2695 2978 nihil
2731 2923 2990 2988 futurum,
3030 2924 3156 2994 quia
3176 2925 3333 2979 -nibil
3360 2933 3629 2997 expectat,
3674 2926 3810 2981 nihil

2232 3013 2607 3085 praeteritum,
2638 3013 2762 3082 quia
2798 3011 2931 3066 nihil
2955 3014 3005 3067 ei
3042 3022 3297 3067 transeat.
3334 3015 3391 3068 ln
3419 3029 3485 3069 eo
3505 3015 3649 3070 enim
3670 3016 3811 3069 sicut

2236 3102 2378 3156 nulla
2400 3101 2641 3156 locorum
2669 3102 2839 3170 spatia
2870 3110 3014 3167 sunt,
3044 3100 3117 3155 ita
3151 3100 3294 3156 nulla
3321 3109 3621 3172 temporum
3646 3103 3809 3157 inter-

560 3168 690 3251 liabo
720 3207 766 3249 α.
795 3168 948 3262 Quod
991 3202 1138 3249 recte
1187 3168 1502 3261 intelligitur
1546 3208 1575 3246 a
1603 3168 1896 3246 contrario
1919 3232 1933 3255 ,
1975 3168 2039 3246 ac
2088 3193 2132 3247 si
2161 3168 2204 3231 (ἶ
2236 3193 2392 3246 valla.
2429 3192 2507 3247 Ac
2531 3205 2625 3261 per
2646 3168 2749 3247 hoc
2772 3191 2913 3246 nulla
2936 3200 3080 3246 recta
3109 3192 3247 3246 ratio
3276 3168 3559 3262 permittit,
3594 3192 3719 3246 talia
3746 3193 3811 3247 de

559 3296 745 3358 aperte
786 3286 989 3341 diceret
1032 3301 1043 3337 :
1092 3282 1319 3337 Perdam
1351 3281 1715 3350 insipientiam
1768 3281 2129 3350 insipientum,

561 3377 978 3447 imprudentiam
1008 3374 1405 3444 imprudentem
1426 3372 1744 3442 reprobabo.
1775 3371 1924 3440 Quod
1951 3383 2136 3442 aperte

560 3468 876 3537 intelligitur
918 3481 982 3520 ex
1034 3464 1214 3519 verbis
1257 3462 1494 3534 Apostoli
1544 3463 1772 3518 dicentis
1814 3478 1828 3515 ε
1863 3462 2136 3532 Sapientia

561 3558 720 3627 hujus
749 3555 932 3608 mundi
952 3552 1173 3608 stultitia
1197 3563 1270 3607 est
1300 3553 1440 3624 apud
1464 3552 1632 3607 Deum
1660 3552 1709 3606 ι).
1744 3552 1799 3606 Si
1844 3553 1989 3606 enim
2018 3569 2136 3606 om-

564 3631 648 3700 nis
681 3643 942 3713 sapientia
965 3657 994 3695 a
1023 3641 1248 3696 Domino
1278 3643 1388 3696 Deo
1430 3650 1534 3707 est,
1566 3657 1670 3711 qua
1708 3643 1913 3696 ratione
1943 3642 2139 3696 intelli-

564 3747 721 3809 getur
758 3735 899 3789 Deus
929 3734 1227 3797 destruere,
1256 3732 1399 3802 quod
1423 3732 1491 3787 ab
1521 3747 1587 3787 eo
1621 3733 1742 3787 est?
1776 3731 1927 3799 Quod
1956 3741 2136 3785 autem

564 3829 630 3882 de
658 3824 918 3894 sapientia
951 3821 1211 3887 creditur,
1247 3821 1311 3875 de
1340 3821 1617 3891 prudentia
1638 3821 1889 3876 similiter
1914 3822 2139 3876 creden-

562 3920 711 3973 dum.
750 3915 958 3970 Nullam
996 3914 1192 3985 quippe
1215 3916 1468 3969 virtutem
1501 3916 1554 3968 in
1594 3914 1810 3969 homine
1840 3913 1981 3969 Deus
2010 3930 2137 3984 pcr-

562 4010 660 4074 dit,
708 4007 862 4078 cujus
888 4008 1093 4063 formae
1119 4004 1452 4061 absolutivae
1495 4005 1798 4076 exemplum
1831 4021 1935 4061 non
1982 4005 2140 4061 facile

562 4102 631 4156 de
663 4100 771 4156 Deo
801 4098 1027 4155 inveniri
1058 4106 1249 4168 potest.

631 4189 720 4245 IV.
762 4189 871 4245 Nec
910 4190 1130 4253 mirum,
1185 4202 1304 4241 cum
1349 4186 1483 4241 nihil
1525 4186 1637 4241 Deo
1683 4187 2014 4242 contrarium
2047 4188 2137 4254 sit,

562 4278 667 4334 nisi
691 4292 796 4334 non
820 4292 960 4342 esse,
988 4276 1242 4347 quoniam
1267 4276 1378 4347 ipse
1400 4276 1545 4332 solus
1567 4286 1672 4342 est,
1700 4276 1791 4346 qui
1820 4276 1956 4330 dixit
1980 4294 1992 4329 :
2027 4276 2139 4346 Ego

561 4382 678 4427 sum
698 4372 789 4443 qui
818 4387 933 4424 sum
967 4380 1013 4435 α,
1042 4378 1218 4424 cetera
1246 4382 1395 4434 vero,
1432 4383 1569 4437 quae
1598 4368 1850 4423 dicuntur
1871 4379 2009 4431 esse,
2040 4381 2140 4421 nec

563 4462 783 4516 omnino
807 4469 953 4525 sunt,
982 4460 1106 4528 quia
1139 4473 1242 4512 non
1272 4466 1418 4523 sunt,
1452 4457 1593 4526 quod
1616 4457 1729 4526 ipse
1757 4464 1859 4521 est,
1892 4468 1991 4510 nec
2019 4470 2138 4510 om-

2239 3283 2347 3337 Deo
2396 3279 2517 3348 jure
2575 3281 2924 3352 proprietatis
2986 3282 3233 3353 intelligi.
3286 3283 3564 3350 Quomodo
3613 3284 3811 3352 quippe

2237 3372 2589 3442 praescientia
2617 3373 2733 3442 ejus
2753 3373 2969 3438 dicitur,
3000 3373 3086 3427 cui
3112 3373 3254 3427 nulla
3270 3374 3446 3427 futura
3472 3373 3634 3427 sunt?
3658 3372 3809 3427 Sicut

2238 3464 2379 3519 enim
2411 3461 2556 3515 nulla
2597 3463 2713 3531 ejus
2750 3460 3012 3516 memoria
3054 3462 3268 3531 prOprie
3296 3461 3511 3525 dicitur,
3552 3460 3638 3514 cui
3673 3458 3807 3513 nihl

2196 3574 2203 3579 -
2238 3561 2321 3608 est
2348 3551 2718 3623 praeteritum,
2748 3552 2819 3605 ita
2848 3550 2991 3604 nulla
3028 3552 3404 3619 praescientia,
3441 3551 3564 3619 quia
3596 3548 3801 3604 nullum

2238 3642 2497 3696 futurum.
2538 3641 2603 3695 Et
2631 3651 2807 3695 tamen
2837 3642 3072 3696 dicitur:
3108 3640 3175 3694 In
3199 3642 3445 3694 memoria
3471 3650 3679 3707 aeterna
3707 3639 3809 3692 erit

2232 3734 2409 3804 justus
2438 3735 2482 3786 8.
2514 3733 2710 3787 Eodem
2742 3748 2973 3802 namque
3001 3734 3160 3787 modo
3182 3732 3320 3788 Deus
3347 3731 3494 3795 vidit,
3520 3730 3805 3800 praevidit,

2239 3823 2417 3888 scivit,
2454 3822 2745 3892 praescivit
2764 3824 2943 3878 omnia
2968 3822 3230 3889 facienda,
3259 3823 3570 3892 priusquam
3599 3819 3812 3884 ﬁerent,

2241 3932 2347 3988 quo
2377 3918 2522 3971 videt
2553 3924 2603 3972 et
2635 3917 2738 3972 scit
2778 3917 2985 3981 eadem,
3024 3924 3313 3986 postquam
3340 3915 3645 3979 factasunt,
3678 3927 3812 3983 quo-

2240 4009 2407 4074 niam,
2437 4009 2576 4063 sicut
2600 4008 2713 4077 ipse
2738 4022 2951 4077 semper
2975 4016 3225 4061 aeternus
3248 4013 3348 4070 est,
3368 4005 3440 4058 ita
3472 4004 3811 4067 universitas,

2240 4112 2398 4168 quam
2426 4097 2574 4163 fecit,
2604 4111 2818 4166 semper
2849 4097 2901 4149 in
2935 4096 3052 4165 ipso
3081 4103 3301 4150 aeterna
3336 4103 3436 4149 est.

2313 4187 2398 4244 Vl.
2437 4188 2512 4242 De
2537 4186 3025 4258 praedestinatione
3056 4200 3268 4254 quoque
3294 4182 3411 4252 ejus
3452 4183 3639 4238 eadem
3688 4194 3815 4236 sen-

2244 4278 2421 4333 tienda
2460 4286 2605 4343 sunt,
2655 4277 2969 4346 praesertim
3013 4291 3135 4331 cum
3179 4275 3355 4329 omnis
3400 4273 3817 4346 praedestinatio

2241 4366 2595 4435 praescientia
2622 4352 2711 4420 sit.
2744 4365 2860 4432 Quo
2882 4364 3005 4434 jure
3032 4350 3209 4435 potest
3235 4365 3338 4419 dici
3374 4362 3814 4434 praedestinatio,

2245 4460 2296 4513 id
2318 4467 2419 4523 est,
2445 4459 2787 4528 praeparatio
2834 4460 2887 4513 in
2920 4474 3007 4525 eo,
3048 4461 3139 4528 qui
3172 4458 3314 4513 nullo
3345 4457 3602 4527 temporis
3646 4457 3817 4509 inter-

562 4551 695 4603 nino
722 4563 829 4602 non
854 4527 1153 4617 sunt,iquia
1185 4548 1252 4602 ab
1281 4549 1396 4618 ipso
1425 4557 1569 4612 sunt,
1606 4547 1697 4617 qui
1724 4545 1869 4601 solus
1897 4554 2134 4603 estesse.
2165 4527 2216 4591 Ῐ)
2244 4549 2378 4603 vallo
2412 4527 2708 4619 praecessit
2752 4550 2794 4615 ⁸,
2826 4563 2932 4618 quo
2957 4527 3267 4618 disponeret
3295 4563 3380 4612 ea,
3410 4562 3548 4626 quae
3572 4545 3816 4600 facturus

563 4638 678 4692 Nisi
708 4637 845 4692 forte
865 4638 1124 4701 dicamus,
1153 4653 1237 4702 ea,
1269 4653 1410 4707 quae
1438 4639 1504 4693 de
1534 4639 1760 4693 Domino
1798 4646 1985 4693 nostro
2009 4638 2136 4694 Jesu

564 4727 783 4782 Christo
821 4726 960 4781 dicta
990 4735 1113 4780 sunt
1139 4728 1430 4781 secundum
1461 4728 1814 4784 humanitatis
1847 4741 1977 4783 suae
2015 4718 2143 4798 pro-3

568 4819 850 4889 prietatcm
877 4858 891 4881 ,
934 4818 1000 4871 de
1058 4817 1334 4872 divinitate
1383 4818 1632 4874 similiter
1673 4821 1791 4891 ejus
1835 4822 1937 4875 dici
1981 4836 2139 4892 posse

566 4916 788 4977 propter
811 4906 967 4960 unius
989 4921 1250 4976 personae
1275 4906 1326 4961 in
1351 4908 1556 4964 duabus
1581 4911 1894 4967 substantiis
1920 4913 2136 4983 insepa-

568 4995 795 5075 rabilem
826 4995 1106 5050 unitatem.
1139 4996 1194 5049 Si
1239 5005 1418 5051 autem
1465 4996 1594 5052 illud
1625 5016 1727 5053 non
1765 4999 1992 5055 absurde
2020 5017 2135 5057 cre«

568 5087 713 5142 ditur
754 5087 890 5154 ﬁeri,
928 5086 1220 5153 videamus,
1266 5092 1409 5158 quod
1442 5090 1705 5159 scriptum
1751 5100 1835 5145 est
1873 5092 1927 5145 in
1978 5092 2131 5164 lege:

2242 4638 2424 4695 esset?
2452 4638 2603 4708 cujus
2626 4639 2991 4708 operationem
3015 4654 3119 4693 non
3151 4638 3424 4709 praecedit
3448 4635 3813 4705 praeparatio.

2241 4732 2356 4787 Non
2379 4733 2520 4787 enim
2543 4732 2687 4786 aliud
2723 4733 2772 4787 ei
2800 4741 2885 4786 est
2926 4746 3250 4801 praeparare
3280 4738 3333 4784 et
3373 4728 3619 4797 operari;
3650 4735 3815 4795 utque

2242 4822 2514 4891 proprium
2545 4822 2775 4878 hominis
2799 4830 2882 4875 est
2904 4835 3248 4891 praeparare,
3281 4834 3418 4888 quae
3441 4817 3702 4881 facturus,
3741 4816 3815 4870 ita

2244 4912 2351 4966 Deo
2381 4911 2615 4967 alienum
2645 4921 2749 4976 est,
2776 4912 3204 4980 praedestinare,
3240 4924 3379 4979 quae
3427 4921 3702 4976 nunquam
3735 4906 3815 4960 fa-

2244 5010 2448 5057 cturus.
2482 5003 2757 5070 Quomodo
2785 5010 2962 5057 autem
3001 5000 3245 5056 facturus
3289 5010 3435 5055 esset
3466 4999 3693 5068 aliquid,
3725 4997 3817 5066 qui

2242 5094 2421 5154 omnia
2451 5095 2473 5126 ⁸
2495 5093 2664 5149 semel
2692 5102 2748 5149 et
2771 5093 2932 5150 simul
2958 5092 3119 5148 fecit?
3144 5094 3254 5148 Aut
3274 5091 3543 5164 quomodo
3569 5106 3674 5146 non
3704 5104 3819 5144 om-

1842 5202 2095 5256 VARIAE
2128 5200 2528 5261 LECTIONES.

642 5288 669 5366 ξ.
700 5289 828 5366 Cod.
866 5289 1353 5366 incommotabilent.
1414 5290 1598 5366 _'_Cod.
1629 5293 1977 5366 enntimemata.
2054 5293 2076 5324 ³
2109 5294 2198 5348 Sic
2229 5295 2295 5349 Μ.
2328 5298 2446 5353 cod.
2483 5298 2713 5366 feruoré.

568 5356 591 5389 ⁸
616 5357 703 5412 Sic
731 5362 876 5425 cod.,
920 5376 1019 5430 pro
1056 5363 1147 5431 qui
1176 5362 1372 5425 omnia,
1413 5360 1478 5413 Μ.
1506 5360 1769 5429 quoniam.

2794 5298 2816 5330 ⁸
2844 5299 2974 5356 Cod.
2999 5316 3065 5355 no
3099 5317 3162 5354 ue
3196 5316 3276 5355 ra.
3377 5298 3399 5332 ⁸
3423 5297 3552 5355 Cod.
3582 5294 3816 5358 ητα-εδει.

2081 5453 2331 5510 NOTAE.

641 5548 666 5577 ι
704 5539 721 5590 l
753 5540 875 5593 Cor.
906 5542 945 5597 l.
976 5543 1060 5597 19.

644 5606 672 5646 ι)
712 5609 725 5659 I
756 5608 878 5660 Cor.
911 5610 1099 5673 lll,19.

643 5685 665 5713 ο
712 5677 879 5729 Exod.
920 5679 1000 5739 III,
1028 5682 1112 5732 M.

639 5743 667 5782 ⁸
707 5748 922 5800 Denter.
954 5749 1093 5812 ’ΚΧ-Ι,
1124 5749 1211 5802 9.5.

2328 5558 2351 5585 θ
2390 5547 2504 5601 Gal.
2537 5549 2617 5607 ΙΙῘ.
2646 5550 2731 5604 l5.

2321 5615 2340 5652 τ
2384 5617 2421 5670 ll
2448 5618 2573 5672 Cor.
2610 5619 2669 5682 V,
2702 5622 2783 5673 12.

2320 5688 2345 5724 ε
2380 5687 2570 5742 Psalm.
2605 5688 2736 5752 CXI,
2772 5689 2822 5742 7.
