4194 6276
414 370 517 429 593

1517 367 1713 453 ιιιξΕῐι
1756 365 1843 421 DE
1880 366 2353 421 PRAEDESTINA
2363 367 2587 424 TlONE.

3567 371 3675 427 5M

417 487 506 540 nia
522 481 672 549 fecit,
702 498 792 554 qm
821 482 1223 553 semperomnia
1245 481 1467 536 habuit?
1490 483 1581 551 qui
1603 495 1817 551 semper
1831 495 1987 535 suum
2017 482 2065 540 Α
2096 494 2216 533 nem
2263 490 2317 534 et
2363 481 2667 549 hujusmodi
2714 481 3030 540 translative
3069 484 3303 559 deﬂDeo
3344 489 3674 558 praedicari,

419 570 644 629 verbum
671 572 924 627 habuisse
947 571 1205 635 creditur,
1245 587 1343 640 per
1382 573 1524 639 quod
1552 571 1691 625 facta
1721 579 1847 624 sunt
1877 585 1992 624 om-

418 667 534 731 nia,
559 674 613 720 et
642 665 697 719 in
736 678 843 733 quo
882 662 1406 717 incommutabiliter
1431 662 1618 716 vivunt
1644 660 1849 726 omnia,
1881 675 1989 715 non

418 753 593 809 solum
618 767 756 822 quae
789 753 1029 816 fuerunt,
1059 752 1153 805 sed
1174 752 1340 828 etiam
1364 766 1503 821 quae
1530 751 1728 806 futura.
1765 750 1878 807 Nec
1916 760 2015 804 ta-'

420 859 541 898 meo
566 842 619 896 in
647 840 738 896 illo
760 839 1003 906 fuerunt,
1030 855 1131 895 nec
1152 839 1331 895 futura
1358 849 1502 903 sunt,
1537 841 1637 895 sed
1658 849 1993 895 tantummo-

416 937 485 990 do
505 943 645 998 sunt,
667 939 725 989 et
749 933 933 988 omnia
956 948 1123 987 unum
1146 940 1296 987 sunt.
1312 932 1553 988 Proinde
1567 928 1818 1002 quoniam
1832 931 1990 985 aliter

415 1027 514 1081 sub
535 1025 627 1081 illo
646 1031 774 1081 sunt
803 1038 891 1089 ea,
913 1039 1057 1093 quae
1087 1039 1183 1092 per
1210 1023 1363 1078 illum
1392 1022 1534 1078 facta
1573 1031 1719 1088 sunt,
1751 1023 1909 1077 aliter
1935 1022 1989 1076 in

412 1133 478 1172 eo
502 1126 632 1172 sunt
655 1131 739 1181 ea,
766 1129 908 1186 quae
937 1116 1053 1186 ipsa
1086 1124 1169 1170 est
1199 1115 1384 1180 iu—eis,
1429 1130 1569 1185 quae
1594 1115 1694 1170 sub
1721 1114 1812 1169 illo
1842 1122 1987 1179 sunt,

414 1207 546 1277 quia
575 1206 713 1261 locis
757 1203 1202 1274 temporibusque
1231 1204 1346 1259 suis
1387 1214 1443 1260 et
1465 1215 1645 1260 creata
1673 1213 1727 1259 et
1748 1205 1994 1259 ordinata

419 1304 567 1360 sunt,
599 1294 818 1370 proprie
846 1294 984 1353 ﬁunt
1001 1295 1162 1349 verba
1191 1295 1430 1350 locorum
1474 1304 1879 1364 temporumque
1926 1295 1998 1350 si-

422 1373 756 1461 gniﬁcativa,
782 1387 836 1441 in
856 1387 936 1442 eis
962 1401 1112 1452 vero,
1133 1401 1272 1455 quae
1292 1387 1634 1442 aeternaliter
1654 1387 1706 1441 in
1736 1387 1827 1441 illo
1848 1398 1995 1452 sunt,

426 1484 746 1541 t‘ranslative
789 1481 1020 1552 proferri
1050 1490 1296 1550 possunt.
1332 1480 1412 1536 Ac
1444 1496 1543 1550 per
1579 1482 1681 1535 hoc
1727 1481 1866 1535 sicut
1912 1481 2001 1535 ah-

367 1558 375 1571 ’
427 1575 584 1629 usive
616 1573 683 1628 de
707 1574 814 1627 Deo
830 1570 1028 1625 dicitur
1039 1568 1251 1636 fecisse,
1277 1570 1361 1625 vel
1387 1570 1655 1625 facturum
1680 1584 1822 1635 esse,
1839 1571 1910 1624 ita
1936 1572 2003 1625 de

423 1681 492 1721 eo
519 1664 716 1720 dicitur
740 1663 960 1717 abusive
1012 1662 1334 1732 praesciisse
1367 1663 1406 1727 ¹,
1439 1662 1731 1731 praescire,
1764 1663 2003 1733 praesci-

423 1762 603 1808 turum
628 1767 768 1817 esse,
812 1750 974 1807 simili
1022 1751 1187 1806 modo
1224 1750 1675 1819 praedestinasse,
1704 1750 2001 1821 praedesti-

421 1858 574 1907 nare,
597 1841 1125 1912 praedestinaturum
1153 1854 1292 1897 esse.

492 1929 603 1984 VII.
644 1928 945 1985 Conﬁcitur
978 1942 1127 2001 ergo,
1174 1929 1592 1999 praescientiam
1621 1938 1676 1986 et
1703 1932 2003 2001 praedesti-

423 2018 695 2073 nationem
723 2017 1078 2073 similitudine
1105 2033 1285 2073 rerum
1316 2021 1691 2090 temporalium
1726 2021 1795 2074 ad
1830 2021 2000 2076 Deum

425 2107 727 2164 transferri.
761 2110 863 2177 Qui
894 2110 1043 2166 locus
1069 2098 1103 2167 a
1131 2114 1406 2170 contrario
1441 2116 1733 2181 videretur,
1782 2117 1826 2171 si
1862 2124 1999 2172 tem-

423 2200 628 2270 poralia
674 2203 984 2259 aeternitati
1043 2207 1466 2267 contradictoris
1505 2208 1540 2239 θ
1570 2216 1996 2278 opponerentur.

424 2293 547 2349 Jam
603 2310 763 2363 vero,
812 2297 1068 2366 quoniam
1128 2300 1465 2367 aeternitatis
1519 2301 1783 2369 quaedam
1852 2299 2003 2353 simi-

2093 569 2408 640 duabusqne
2443 572 2664 627 sedibus
2686 572 3142 643 signiﬁcationum
3174 590 3335 645 posse
3360 577 3673 647 transferri,

2092 661 2393 730 meritoque
2419 662 2706 732 conjuncta
2737 664 2863 729 dici,
2908 667 3165 735 quoniam
3190 676 3246 722 et
3270 667 3392 723 loco
3421 669 3677 724 similitu-

2092 750 2250 813 dinis,
2281 760 2335 804 et
2365 750 2504 817 loco,
2536 752 2630 822 qui
2662 753 2862 807 dicitur
2908 769 2938 807 a
2985 757 3283 822 contrario,
3329 758 3518 813 venire
3548 775 3674 829 pro-

2091 841 2306 896 bantur.
2340 841 2440 898 Bbi
2470 845 2809 915 apertissime
2836 845 3153 916 intelligitur
3175 856 3230 902 et
3250 848 3562 907 ﬁrmissime
3595 859 3675 907 te~

2094 941 2274 997 netur,
2304 934 2356 987 in
2397 935 2481 988 his
2505 936 2703 999 verbis,
2736 938 2955 1005 quando
2984 937 3333 994 similitudine
3360 953 3672 1009 sumuntur,

2093 1022 2226 1075 nihil
2270 1023 2414 1077 aliud
2457 1024 2749 1094 signiﬁcari
2780 1036 2995 1096 praeter
3039 1029 3059 1059 “
3102 1029 3246 1098 quod
3294 1030 3408 1101 ipse
3446 1032 3683 1089 Creator-

2093 1114 2332 1169 omnium
2366 1113 2605 1169 facturus
2640 1125 2746 1182 est,
2775 1125 2831 1171 et
2883 1118 2996 1172 sive
3021 1120 3074 1173 in
3099 1118 3477 1177 constituenda
3508 1124 3529 1155 ⁸
3554 1108 3679 1179 uni-

2092 1204 2366 1259 versitatis
2381 1206 2702 1271 substantia,
2721 1208 3159 1279 naturalibusque
3172 1209 3289 1280 ejus
3299 1212 3674 1282 qualitatibus,

2095 1292 2209 1347 sive
2252 1293 2303 1347 in
2345 1293 2461 1362 ejus
2515 1294 3003 1364 administratione,
3054 1298 3107 1353 in
3154 1299 3238 1354 his
3280 1304 3676 1368 tantummodo,

2094 1398 2226 1454 quos
2246 1385 2543 1461 praesciuit,
2580 1395 2628 1440 et
2674 1387 3077 1456 praedestinavit
3114 1391 3408 1445 secundum
3433 1388 3678 1464 proposi-

2097 1483 2208 1527 tum
2236 1474 2436 1542 gratiae
2461 1489 2610 1540 suae,
2633 1475 2922 1545 conformes
2962 1478 3207 1548 imaginis
3238 1477 3367 1533 Filii
3392 1482 3475 1535 sui
3496 1493 3524 1522 ι
3557 1495 3679 1538 esse

2099 1564 2343 1630 futuros;
2375 1567 2592 1635 quando
2619 1580 2748 1622 vero
2792 1567 2858 1623 de
2886 1567 3025 1632 loco,
3067 1569 3159 1638 qui
3189 1577 3275 1625 est
3308 1585 3338 1624 a
3373 1574 3674 1637 contrario,

2100 1655 2506 1712 transferuntur
2537 1659 2725 1712 eadem
2754 1659 2868 1728 ipsa
2898 1661 3085 1727 verba,
3113 1661 3247 1716 nihil
3289 1662 3343 1719 in
3378 1663 3458 1717 eis
3484 1664 3681 1719 intelli-

2099 1748 2352 1818 gendum,
2382 1748 2484 1801 nisi
2513 1749 2656 1816 quod
2672 1747 2812 1804 Deus
2836 1749 2889 1803 in
2920 1758 3188 1815 creatura,
3217 1766 3381 1819 quam
3412 1752 3527 1820 ipse
3551 1766 3681 1805 con—

2027 1820 2073 1880 Β
2103 1837 2255 1902 didit,
2297 1836 2415 1891 fieri
2455 1838 2587 1892 sinit
2628 1847 2775 1893 motu
2820 1839 3042 1909 proprio
3072 1839 3350 1909 liberoque
3399 1840 3701 1895 rationalis-

2101 1936 2327 1981 naturae
2353 1942 2609 1997 perverse
2633 1929 2834 1984 utentis
2862 1930 3199 1987 naturalibus
3226 1931 3403 1996 bonis,
3424 1947 3566 2003 quae
3592 1932 3677 1988 sui

2100 2017 2376 2073 Creatoris
2413 2018 2659 2089 largitate
2697 2019 2952 2089 suscepit.
2980 2020 3047 2075 Et
3073 2022 3177 2076 hoc
3199 2029 3284 2077 est
3312 2029 3504 2088 totum,
3535 2023 3681 2093 quod

2102 2110 2298 2163 dicitur
2323 2108 2541 2173 malum,
2580 2117 2635 2165 et
2664 2123 2835 2180 poena
2861 2108 2976 2178 ejus
3024 2112 3169 2166 varia
3189 2150 3207 2177 ,
3254 2111 3681 2183 multimodaque

2103 2200 2344 2254 miseria.

2174 2290 2236 2343 ll.
2278 2290 2413 2346 Cum
2437 2306 2567 2363 ergo
2597 2294 2844 2349 audimus
2874 2312 2886 2347 :
2918 2296 3207 2364 praescivit
3232 2296 3389 2361 Deus,
3415 2295 3498 2350 vel
3524 2310 3683 2366 prae-

428 2384 604 2440 litudo
628 2386 1017 2455 temporalibus
1052 2396 1137 2443 est
1158 2389 1342 2455 insita,
1367 2405 1472 2444 non
1504 2390 1699 2457 solum,
1745 2392 1890 2460 quod
1933 2392 2000 2446 ab

2105 2380 2429 2446 destinavit,
2468 2383 2552 2435 vel
2599 2389 2942 2455 praeparavit
2982 2396 3235 2457 peccata,
3286 2402 3378 2443 seu
3429 2397 3679 2454 mortem,

431 2489 497 2528 ea
524 2472 667 2529 facta
693 2485 842 2542 sunt,
864 2479 959 2531 sed
986 2476 1149 2532 etiam
1172 2481 1315 2547 quod
1337 2481 1709 2550 temporalium
1740 2480 1828 2534 illa
1858 2495 2001 2551 pars,
2105 2472 2217 2526 Sive
2241 2487 2443 2542 poenas
2469 2489 2679 2542 eorum,
2719 2492 2855 2545 quos
2879 2476 3024 2546 juste
3055 2478 3313 2545 deseruit,
3348 2480 3399 2533 id
3450 2488 3553 2543 est,
3585 2495 3684 2536 sua

431 2565 501 2619 de
528 2580 635 2635 qua
664 2578 954 2622 sumuntur
978 2600 981 2603 ι
1002 2569 1137 2624 haec
1182 2571 1442 2636 nomina,
1489 2570 1737 2626 videlicet
1774 2574 2007 2626 humana
2105 2562 2317 2632 propria
2338 2564 2691 2632 perversitate
2711 2566 2889 2635 puniri
2933 2567 3185 2636 permisit
3206 2567 3532 2631 '.omninoe
3551 2581 3684 2622 con-

429 2664 645 2722 nntura,
675 2656 731 2711 in
766 2657 1175 2715 similitudinem
1198 2661 1471 2731 quandam
1497 2676 1659 2719 verae
1673 2664 2008 2718 aeternitatis
2108 2658 2157 2704 ιε’
2159 2664 2222 2705 ³1⁸
2224 2651 2277 2704 Ῐο
2297 2650 2594 2721 ἰηιευίεθτθ
2619 2653 2900 2717 debemus,
2930 2642 2998 2708 lle
3019 2669 3117 2711 ηοξ
3149 2656 3419 2709 ὴθθνθίίοδλ
3446 2656 3685 2725 Ρτδνίίδί

433 2748 734 2804 transitura
758 2750 830 2805 sit
861 2768 875 2805 :
905 2753 1178 2821 quomodo
1207 2769 1238 2806 a
1276 2753 1557 2809 contrario
1601 2754 1847 2817 sumitur,
1880 2755 2007 2809 dum
2108 2742 2359 2807 δεάυείιῑ,
2391 2757 2532 2810 quae
2573 2741 2768 2797 talibus
2795 2742 2975 2797 verbis
3026 2742 3166 2797 male
3215 2752 3374 2797 υιθηε
3418 2743 3683 2811 originem

431 2852 460 2893 κ
486 2842 770 2910 temporali
801 2843 870 2897 ad
904 2843 1262 2915 ξηιθηιροηιθ
1290 2845 1397 2900 alia
1412 2846 1673 2917 quaedam
1689 2846 2010 2915 είειηηαιιίο
2107 2833 2354 2902 sumpsit.
2393 2833 2507 2886 Non
2533 2832 2678 2887 enim
2718 2832 2900 2887 vident
2943 2831 3121 2887 lumen
3150 2832 3430 2887 oculorum
3460 2832 3687 2887 interio-

415 2931 833 2988 ‘transferatur?
866 2934 1010 2991 Loco
1038 2936 1202 3005 igitur
1222 2938 1595 2993 similitudinis
1618 2940 1862 2994 veniunt.
1898 2940 2006 2994 Sed

430 3020 560 3089 quis
587 3030 676 3076 est
697 3022 787 3077 ille
807 3023 1176 3081 similitudinis
1201 3029 1412 3092 modus,
1448 3029 1632 3098 quaeri
1675 3037 1907 3098 oportet.
1941 3029 2010 3083 Et

433 3110 659 3179 quidem
679 3111 909 3169 dicimus
922 3123 1046 3170 ante
1061 3122 1315 3185 quattuor
1328 3118 1526 3182 modis;
1551 3132 1777 3187 quorum
1800 3119 2008 3188 primus

435 3200 640 3256 dicitur
663 3214 793 3259 ante
818 3207 1094 3275 temporis,
1118 3206 1380 3262 secundus
1417 3218 1542 3262 ante
1567 3209 1867 3278 dignitatis,
1901 3218 2002 3264 ter-

432 3289 541 3343 tius
574 3298 705 3345 ante
747 3292 991 3363 originis,
1026 3303 1250 3363 quartus
1270 3303 1395 3349 ante
1410 3297 1768 3351 aeternitatis.
1792 3296 2007 3352 illorum

426 3381 673 3451 exempla
697 3382 833 3437 ﬁunt
856 3386 991 3439 haec
1015 3403 1029 3439 :
1057 3385 1321 3456 Tempore
1333 3387 1723 3456 praeceditﬂos
1751 3387 2007 3455 fructum,

427 3472 690 3542 dignitate
713 3476 993 3543 praecedit
1012 3476 1227 3532 fructus
1257 3476 1463 3544 ﬂorem,
1491 3494 1596 3534 vox
1622 3480 1834 3552 origine
1855 3496 2009 3550 prae-

428 3562 570 3616 cedit
586 3563 837 3631 verbum,
866 3565 1009 3621 Deus
1039 3567 1363 3622 aeternitate
1385 3577 1691 3623 creaturam
1719 3572 2005 3625 antecedit.

428 3651 522 3705 lllo
548 3653 711 3724 igitur
738 3657 922 3723 modo,
951 3658 1230 3727 quo'Deus
1255 3660 1460 3724 omnia,
1500 3675 1642 3729 quae
1671 3659 1822 3725 fecit,
1851 3670 2005 3718 ante-

428 3739 593 3806 cedit,
634 3741 693 3797 id
719 3752 825 3809 est,
872 3747 1219 3813 aeternitate,
1264 3762 1330 3804 eo
1372 3749 1579 3805 scilicet
1632 3752 1922 3820 praescivit
1954 3761 2008 3805 et

431 3831 851 3899 praedestinavit
870 3851 957 3901 ea,
999 3852 1138 3907 quae
1184 3838 1428 3894 facturus
1471 3848 1634 3895 esset.
1680 3839 1819 3897 Hinc
1860 3843 2007 3897 colli-

434 3917 602 3987 gitur,
630 3921 767 3978 talia
783 3925 949 3980 verba
978 3926 1260 3983 transferri
1291 3944 1320 3983 a
1354 3930 1531 3998 primo
1559 3931 1718 3986 modo
1744 3934 1812 3986 ad
1846 3949 2005 4003 quar-

433 4018 581 4077 tum,
621 4026 654 4068 a
684 4012 813 4072 ioco
854 4016 1106 4076 videlicet
1153 4022 1412 4092 temporis
1442 4024 1508 4078 ad
1548 4022 1725 4079 locum
1772 4027 2005 4080 aeterni-

430 4101 577 4157 tatis.
834 4116 839 4119 ‘
1276 4140 1279 4143 -

614 4204 617 4211 “
961 4201 1361 4260 CAPITULUM
1399 4204 1468 4259 X.

426 4299 628 4388 Denso”
659 4308 797 4388 quod
832 4326 864 4362 α
903 4315 1166 4388 contrario
1214 4314 1609 4388 intelligendum
1658 4316 1744 4381 sit,
1794 4319 2002 4388 quando

500 4375 702 4457 dicitur
731 4375 889 4457 ‘Deus
917 4384 1194 4457 praescire,
1215 4375 1742 4457 autpraedestinaré
1766 4375 1999 4457 peccata,

2110 2939 2229 2977 rum
2255 2922 2573 2992 pendentes,
2600 2921 2742 2990 quod
2771 2935 2932 2976 omne
2964 2922 3161 2976 malum
3198 2936 3450 2991 perversa
3494 2922 3681 2978 volun-

2112 3025 2223 3069 tate
2248 3016 2578 3073 descendens
2604 3012 2736 3068 nihil
2769 3013 2858 3068 sit.
2889 3012 2962 3070 Ut
2988 3016 3233 3071 omittam
3261 3014 3389 3069 illud
3419 3015 3681 3072 malorum

2111 3120 2313 3176 genus,
2358 3105 2502 3173 quod
2546 3104 2733 3159 eadem
2774 3104 3175 3160 contrarietatis
3216 3107 3401 3176 regula
3437 3106 3637 3162 malum
3662 3108 3685 3141 ⁸

2113 3198 2328 3262 dicitur,
2355 3213 2477 3253 cum
2513 3197 2833 3253 naturaliter
2857 3198 2928 3253 sit
2948 3196 3177 3262 bonum;
3205 3210 3265 3252 ut
3308 3207 3392 3253 est
3418 3198 3559 3269 ignis
3597 3199 3686 3254 Ille

2110 3299 2381 3357 aeternus,
2419 3291 2507 3360 qui
2544 3295 2898 3360 praeparatus
2939 3298 3022 3344 est
3066 3287 3278 3343 diabolo
3318 3288 3689 3358 ministrisque

2109 3382 2243 3451 ejus.
2287 3381 2477 3436 Cetera
2528 3381 2729 3445 omnia,
2785 3394 2925 3450 quae
2969 3380 3186 3450 proprie
3214 3389 3477 3436 vocantur
3515 3380 3685 3446 mala,

2111 3487 2322 3541 unaque
2376 3471 2442 3527 de
2485 3487 2649 3527 causa
2694 3471 3010 3536 nascentia,
3065 3484 3322 3541 perverso
3370 3471 3597 3538 scilicet,
3627 3478 3688 3527 ut

2108 3579 2268 3634 saepe
2286 3563 2489 3619 dictum
2520 3572 2619 3628 est,
2648 3570 2795 3619 motu
2818 3562 3020 3621 liberae
3049 3562 3362 3630 voluntatis,
3390 3563 3682 3629 mutabilis,

2108 3658 2404 3714 avertentis
2436 3674 2495 3714 se
2522 3674 2552 3713 a
2577 3658 2859 3724 Creatore,
2891 3657 3140 3726 maleque
3168 3658 3371 3713 utentis
3401 3666 3678 3722 creatura,

2107 3750 2248 3802 inter
2276 3748 2408 3803 duos
2438 3747 2694 3803 terminos
2721 3746 3076 3817 colliguntur;
3116 3761 3348 3814 quorum
3393 3760 3532 3801 unus
3561 3759 3685 3817 pec-

2106 3847 2307 3904 catum,
2339 3838 2477 3893 alter
2503 3852 2673 3908 poena
2698 3836 2817 3907 ejus
2840 3845 2942 3893 est.

2172 3927 2258 3981 ill.
2300 3927 2473 3983 Omne
2524 3929 2690 3999 igitur
2732 3927 2931 3983 malum
2978 3936 3072 3982 aut
3115 3936 3395 3997 peccatum
3441 3935 3545 3992 est,
3593 3933 3689 3979 aut

2104 4031 2275 4085 poena
2299 4016 2529 4087 peccati.
2574 4017 2726 4083 Quae
2765 4018 2873 4071 duo
2918 4017 2963 4071 si
3010 4015 3152 4070 nulla
3200 4016 3339 4070 ratio
3385 4029 3510 4069 vera
3557 4014 3688 4066 sinit

2107 4110 2273 4164 Deum
2315 4106 2612 4177 praescire,
2654 4114 2855 4175 quanto
2901 4105 3069 4175 magis
3116 4104 3521 4173 praedestinare
3564 4101 3687 4168 quis

2104 4197 2300 4252 audeat
2320 4196 2520 4259 dicere,
2551 4196 2650 4249 nisi
2679 4211 2710 4249 e
2729 4194 3039 4249 contrario?
3062 4193 3200 4260 Quid
3228 4192 3408 4246 enim?
3433 4190 3686 4259 Nunquid

2102 4301 2389 4357 possumus
2428 4293 2576 4340 recte
2618 4285 2820 4339 sentire
2868 4284 2936 4338 de
2960 4283 3096 4349 Deo,
3124 4283 3214 4351 qui
3257 4283 3401 4336 solus
3445 4290 3529 4337 est
3558 4296 3683 4336 vera

2100 4378 2355 4443 essentia,
2408 4376 2501 4447 qui
2548 4375 2677 4430 fecit
2728 4374 2930 4439 omnia,
2979 4387 3118 4442 quae
3141 4380 3288 4437 sunt,
3335 4372 3391 4426 in
3418 4379 3681 4439 quantum

500 4443 579 4496 νει
607 4454 844 4514 "limem.
875 4443 951 4503 υέί
983 4443 1495 4520 Ροεηαεῑιιοηιὶἓηιηις
1527 4455 1605 4509 νει
1630 4443 1959 4526 angelorum.
1987 4443 1998 4452 1
2032 4496 2082 4555 Β
2108 4477 2251 4534 sunt,
2277 4443 2486 4532 eorum,
2516 4482 2655 4537 quae
2677 4481 2776 4520 nec
2805 4466 2919 4534 ipse
2946 4471 3051 4529 est,
3074 4478 3173 4518 nec
3199 4463 3267 4518 ab
3294 4476 3360 4516 eo
3381 4470 3526 4528 sunt,
3557 4461 3682 4530 quia

496 4548 536 4603 1.
577 4549 763 4607 Restat
784 4557 1129 4614 considerare
1157 4560 1353 4627 locum,
1385 4563 1497 4631 qui,
1527 4571 1586 4616 ut
1614 4565 1999 4632 praediximus,

421 4653 451 4691 a
488 4638 799 4699 Dialecticis
840 4660 903 4700 ac
926 4644 1234 4704 Rhetoricis
1256 4651 1597 4722 enthymema
1627 4653 1647 4684 ³
1692 4664 1937 4722 vocatur,
1965 4673 1995 4711 a

421 4729 807 4791 Grammaticis
836 4752 967 4792 vero
994 4743 1410 4817 mmitppamc,
1442 4750 1493 4798 et
1524 4753 1607 4799 est
1633 4747 1871 4800 omnium
1917 4762 2002 4802 ar-

412 4830 799 4892 ‘gnmentorum
851 4829 1236 4901 signorumque
1276 4834 1569 4889 verbalium
1613 4836 1997 4894 nobilissimus.

418 4909 683 4967 lndictum
710 4915 735 4946 ⁵
756 4925 842 4971 est
869 4928 1071 4984 autem,
1106 4923 1545 4989 praescientiam,
1593 4934 1649 4979 et
1695 4929 1998 4995 praedesti-

418 5000 717 5071 nationem,
748 5006 908 5063 sicuti
946 5018 1004 5064 et
1045 5012 1520 5083 praeparationem
1545 5053 1560 5079 ,
1605 5022 1660 5068 et
1704 5018 1998 5085 praevisio-

2108 4560 2240 4615 nihil
2265 4569 2408 4625 sunt,
2439 4559 2850 4628 praescientiam
2888 4572 2981 4611 seu
3007 4555 3550 4627 praedestinationem
3580 4556 3681 4609 lia.

2108 4652 2236 4705 bere
2264 4650 2326 4702 b?
2355 4650 2412 4703 Si
2443 4649 2586 4703 enim
2624 4647 2756 4701 nihil
2785 4646 2930 4701 aliud
2954 4655 3040 4702 est
3067 4646 3310 4709 scientia,
3342 4644 3445 4699 nisi
3478 4660 3680 4713 rerum,

2106 4736 2245 4809 quae
2273 4748 2418 4797 sunt.
2446 4737 2814 4807 intelligentia,
2833 4748 2940 4806 qua
2971 4737 3185 4792 ratione
3216 4736 3268 4789 in
3298 4734 3405 4799 his,
3422 4749 3561 4804 quae
3577 4751 3680 4791 non

2104 4838 2252 4894 sunt,
2295 4829 2520 4883 scientia
2550 4828 2632 4882 vel
2680 4827 3038 4897 praescientia
3069 4825 3294 4882 dicenda
3343 4825 3462 4879 est?
3508 4825 3681 4880 Simili

2105 4924 2283 4986 modo,
2324 4920 2369 4975 si
2409 4919 2542 4973 nihil
2573 4919 2716 4973 aliud
2746 4925 2830 4973 est
2859 4917 3301 4989 praedestinatio,
3329 4915 3432 4970 nisi
3467 4929 3680 4978 eorum,

2104 5026 2244 5082 quae
2269 5010 2411 5065 Deus
2442 5009 2682 5064 iacienda
2713 5008 3000 5077 praevidit,
3024 5007 3390 5077 praeparatio:
3411 5006 3678 5079 quomodo

1713 5146 1985 5233 VARIAE'
2008 5144 2408 5203 LECTlONES.

494 5251 665 5327 ‘_Co_d.
698 5255 1061 5327 ρνεεοὶἱεθηΜ.
1103 5258 1406 5327 praescisse.
1483 5257 1504 5288 ³
1529 5257 1661 5311 Cod.
1691 5261 2146 5313 contradictoriae.
2225 5259 2246 5290 ³
2268 5259 2399 5315 Cod.
2429 5261 2726 5312 entimema.
2806 5256 2826 5288 ⁵
2855 5256 2946 5311 Sic
2980 5256 3127 5327 cod.,
3156 5251 3225 5306 Μ.
3252 5251 3470 5306 dictum.
3591 5248 3680 5307 Sic

418 5321 567 5387 0041.,
599 5322 671 5377 Μ.
694 5334 881 5388 potest.
958 5326 981 5358 ⁸
1003 5321 1263 5392 5ίεόοό.,
1292 5327 1363 5381 Μ.
1385 5329 1748 5381 construenda.
1831 5332 1850 5360 ⁷
1878 5330 2009 5385 Cod.
2043 5328 2321 5399 permissit.
2399 5329 2421 5361 ⁸
2449 5329 2603 5384 Corr.
2633 5328 2706 5394 Μ,
2737 5328 2856 5381 cod.
2882 5326 3161 5379 malorum.

1948 5443 2198 5499 NOTAE.

492 5540 520 5569 ι
556 5526 720 5583 Rom.
747 5529 884 5595 Vill,
914 5532 1007 5586 ‘29.

496 5600 522 5637 ι)
552 5598 794 5657 Pessime
822 5601 1006 5665 docet,
1040 5610 1319 5672 peccatum
1349 5614 1402 5658 et
1429 5618 1655 5672 poenam
1698 5603 1827 5658 nihil
1856 5620 1996 5667 esse,

423 5667 646 5737 ideoque
660 5686 759 5725 nec
774 5667 1155 5740 praesciri'ncc
1169 5667 1580 5740 praci‘lesti'nari.
1602 5674 1738 5728 Dens
1766 5676 2000 5741 praescit

425 5746 476 5790 et
502 5749 788 5809 peccatum
816 5748 872 5797 et
898 5755 1119 5811 poenas.
1160 5743 1342 5812 hcque
1372 5744 1715 5813 poena'nihil
1757 5755 1857 5811 est,
1905 5744 1999 5799 scd

2106 5534 2307 5604 aliquid
2349 5543 2450 5593 est,
2481 5535 2532 5590 id
2560 5543 2644 5590 est
2669 5540 2951 5604 creaturae
2965 5529 3093 5604 Dei,
3132 5542 3269 5604 quae
3300 5531 3678 5598 peccatoribus

2105 5600 2357 5675 poenales
2380 5602 2948 5675 cilicinntnr,exceptis
2965 5601 3030 5655 iis
3054 5600 3311 5675 peccatis,
3326 5615 3464 5675 quae
3478 5617 3675 5673 poenae

2105 5669 2356 5731 dicuntur
2384 5672 2819 5743 praecedentium
2843 5669 3204 5741 peccaturus].
3238 5669 3318 5725 Cl".
3352 5669 3513 5728 Prud.
