4194 6276
544 364 648 420 ’595
665 391 667 393 -

1925 358 2040 414 JOA
2053 358 2207 414 NNIS
2243 360 2440 416 SCO’I'I

3705 367 3808 422 596

539 489 749 540 eorum,
772 484 910 542 quae
933 469 1074 521 Deus
1100 480 1198 521 nec
1215 467 1354 531 fecit,
1381 482 1479 522 nec
1495 467 1737 522 facienda
1761 468 2118 537 praeparavit,
2151 479 2200 536 Α
2229 468 2330 522 ria.
2358 469 2453 523 Illa
2480 477 2620 532 sunt,
2653 468 2750 523 ista
2776 469 2990 539 penitus
3014 485 3122 524 non
3148 477 3302 536 sunt;
3337 469 3423 525 illa
3453 486 3667 526 sursum
3696 488 3814 527 ver-

541 565 766 622 dicenda
794 569 877 616 est
904 559 1360 628 praedestinatio?
1390 560 1612 625 Deinde,
1640 561 1684 614 si
1712 559 1842 612 nihil
1874 559 2017 614 aliud
2045 568 2129 614 est

545 655 767 714 malum,
814 649 919 703 nisi
959 648 1084 701 boni
1130 649 1438 716 corruptio,
1475 658 1531 703 et
1580 663 1741 704 omne
1788 650 1988 703 bonum
2037 658 2130 704 aut

546 743 690 798 Deus
717 747 818 802 est,
842 735 986 805 quod
1024 736 1297 804 corrumpi
1339 751 1445 790 non
1475 745 1672 806 potest,
1702 745 1796 792 aut
1825 753 1856 790 a
1884 737 1995 792 Deo
2023 747 2127 801 est,

545 833 688 904 quod
720 829 989 898 corrumpi
1022 836 1218 896 potest,
1251 829 1428 882 omnis
1463 837 1644 884 autem
1687 829 1964 898 corruptio
1996 830 2127 884 nihil

543 922 770 994 appetit,
800 919 903 974 nisi
933 927 992 975 ut
1020 918 1218 974 bonum
1251 934 1358 973 non
1388 920 1460 974 sit
1486 935 1500 973 :
1530 921 1651 988 quis
1677 920 1928 976 dubitare
1951 929 2130 991 potest

541 1030 661 1071 esse
706 1013 926 1077 malum,
978 1012 1122 1081 quod
1165 1012 1372 1082 appetit
1415 1013 1618 1082 bonum
1667 1012 1868 1079 delere,
1913 1028 1983 1068 ne
2019 1013 2128 1069 sit?

545 1107 744 1162 Malum
780 1105 943 1177 igitur
971 1120 1071 1160 nec
1096 1103 1261 1169 Deus,
1305 1119 1404 1159 ncc
1441 1118 1470 1157 a
1501 1105 1610 1159 Deo
1637 1112 1738 1159 est.
1768 1106 1846 1160 Ac
1878 1121 1978 1175 per
2003 1105 2123 1171 hoc,

545 1198 685 1253 sicut
707 1198 850 1254 Deus
891 1195 1016 1251 mali
1064 1203 1253 1250 auctor
1289 1210 1395 1250 non
1441 1203 1545 1259 est,
1589 1195 1663 1248 ita
1711 1209 1814 1250 nec
1850 1196 2127 1264 praescius

539 1290 688 1357 mali,
717 1304 816 1345 nec
839 1288 1246 1360 praedestinans
1268 1293 1372 1342 est.
1399 1285 1504 1341 Sed
1533 1287 1579 1340 si
1604 1285 1727 1356 quis
1742 1287 1969 1354 dubitat,
1995 1285 2128 1341 nihil

541 1396 662 1436 esse
708 1381 930 1443 malum,
981 1379 1085 1433 nisi
1133 1377 1259 1432 boni
1293 1377 1716 1446 corruptionem,
1762 1376 1966 1440 videat,
2000 1377 2128 1446 quid

545 1473 612 1528 de
657 1472 757 1527 hac
810 1471 1021 1526 ratione
1060 1469 1390 1540 Augustinus
1435 1468 1620 1534 dicat,
1669 1469 1916 1525 scribens
1937 1478 2126 1524 contra

546 1561 827 1630 epistolam
875 1559 1272 1615 Fundamenti:
1321 1578 1340 1610 ‹
1379 1559 1598 1623 Discite,
1629 1571 1737 1613 non
1765 1559 2126 1614 substantiam

545 1653 746 1708 malum
793 1667 933 1717 esse,
978 1651 1074 1706 sed
1119 1651 1259 1706 sicut
1303 1651 1355 1704 in
1385 1664 1614 1718 corpore
1660 1649 2125 1705 commutatione‘

538 1734 751 1800 formae
776 1744 828 1798 in
851 1743 1090 1798 deterius
1137 1742 1309 1797 amitti
1335 1742 1568 1811 speciem
1585 1781 1599 1806 ,
1622 1741 1706 1797 vel
1734 1741 1913 1810 potius
1935 1741 2125 1807 minui,

2229 573 2324 616 sus
2349 567 2610 628 appetunt
2652 573 2817 613 unum
2857 560 3100 614 omnium
3144 560 3485 630 principium,
3530 563 3631 617 ista
3661 562 3815 618 dese-

2232 657 2377 715 runt,
2420 649 2782 719 deorsumque
2831 649 2884 704 in
2932 650 3160 704 nihilum
3206 651 3367 716 bona,
3399 667 3539 722 quae
3569 668 3814 707 corrum-

2229 749 2381 809 punt,
2430 739 2609 796 redire
2647 742 3012 807 contendunt;
3061 742 3273 797 illarum
3323 758 3484 799 causa
3517 744 3660 798 Deus
3705 754 3809 809 est,

2228 829 2456 884 istarum
2495 829 2676 896 nulla;
2721 831 2812 886 illa
2857 832 3000 888 intra
3046 832 3306 888 terminos
3341 833 3670 888 naturalium
3700 833 3812 887 for-

2228 936 2437 975 marum
2483 921 2875 991 intelliguntur,
2926 923 3027 977 ista
3065 923 3118 977 in
3151 937 3337 977 earum
3387 922 3600 978 defectu
3646 932 3812 992 atque

2228 1014 2527 1084 privatione
2585 1015 2876 1071 nesciendo
2916 1017 3177 1070 sciuntur.
3254 1015 3407 1071 Sicut
3451 1016 3594 1071 enim
3641 1031 3809 1071 causa

2228 1106 2402 1163 malae
2436 1107 2728 1162 voluntatis
2757 1121 2933 1177 neque
2972 1107 3224 1173 inveniri,
3256 1122 3430 1176 neque
3461 1108 3584 1162 sciri
3612 1114 3806 1176 potest,

2227 1196 2302 1250 ita
2333 1197 2574 1252 omnium
2600 1197 2959 1252 defectionum
2989 1198 3186 1252 merito
3210 1211 3330 1252 eam
3364 1197 3810 1267 consequentium

2227 1301 2402 1356 neque
2443 1301 2638 1341 causae
2661 1285 2956 1343 eﬂicientes
2975 1288 3103 1342 sciri
3147 1296 3394 1358 possunt,
3438 1303 3612 1357 neque
3663 1289 3812 1356 ipsae

2229 1376 2576 1444 defectiones,
2608 1379 2732 1448 quia
2767 1379 2899 1433 nihil
2942 1389 3086 1435 sunt.
3131 1379 3228 1435 Cui
3276 1380 3394 1437 loco
3432 1381 3605 1435 sancti
3632 1382 3814 1450 Augu-

2229 1466 2353 1520 stini
2417 1467 2786 1521 testimonium
2841 1469 3203 1523 adhibendum
3252 1483 3373 1524 esse
3420 1469 3686 1536 arbitror;
3737 1472 3814 1526 ait

2229 1556 2374 1610 enim
2414 1555 2470 1613 in
2512 1556 2653 1614 libro
2691 1573 2767 1615 xu
2803 1561 2872 1614 de
2909 1559 3130 1614 civitate
3172 1559 3268 1613 Dei
3297 1577 3309 1612 :
3341 1579 3358 1610 ι
3390 1558 3560 1614 Nemo
3587 1572 3814 1629 quaerat

2231 1649 2548 1706 efﬁcientem
2587 1667 2808 1707 causam
2850 1652 3023 1707 malae
3059 1652 3388 1719 voluntatis;
3420 1667 3527 1706 non
3557 1661 3638 1708 est
3667 1655 3814 1709 enim

2231 1741 2501 1809 emciens,
2549 1744 2644 1799 sed
2688 1743 2921 1799 defectio
2968 1743 3012 1797 ⁸.
3040 1742 3282 1799 Deﬁcere
3328 1757 3562 1812 namque
3604 1743 3672 1798 ab
3719 1759 3810 1810 eo,

537 1842 594 1886 et
622 1831 839 1888 foedum
870 1832 1083 1894 dicitur,
1115 1833 1258 1902 quod
1308 1832 1592 1902 pulchrum
1616 1840 1774 1886 antea
1824 1831 2120 1899 dicebatur,
2153 1842 2199 1902 Β
2227 1835 2370 1904 quod
2399 1850 2609 1890 summe
2634 1843 2736 1899 est,
2765 1835 2831 1896 ad
2858 1835 2935 1900 id,
2965 1834 3107 1904 quod
3141 1833 3318 1889 minus
3345 1841 3452 1896 est,
3480 1833 3581 1887 hoc
3608 1841 3691 1888 est
3727 1834 3813 1888 in-

536 1931 592 1978 et
619 1923 903 1994 displicere
942 1938 1162 1993 corpus,
1207 1923 1349 1992 quod
1401 1928 1556 1978 antea
1603 1923 1921 1994 placuerat:
1959 1921 2038 1979 sie
2065 1923 2120 1978 in

537 2014 721 2069 animo
749 2022 896 2069 recte
927 2014 1217 2070 voluntatis
1244 2013 1431 2078 decus,
1464 2028 1572 2082 quo
1610 2014 1699 2082 pie
1733 2013 1983 2083 justeque
2041 2013 2122 2067 vi-

538 2103 708 2168 vitur,
741 2113 1008 2159 commota
1040 2104 1091 2157 in
1120 2103 1360 2159 deterius
1380 2103 1654 2159 voluntate
1679 2103 1985 2172 depravari,
2012 2118 2120 2172 quo

536 2201 763 2263 peccato
788 2194 920 2249 ctiici
937 2195 1172 2248 animam
1189 2194 1462 2258 miseram,
1481 2207 1617 2262 quae
1638 2194 1920 2248 honestate
1941 2202 2122 2248 rectae

544 2282 838 2338 voluntatis
895 2282 1284 2337 beatitudinem
1327 2283 1348 2315 ‘
1393 2283 1700 2347 obtinebat,
1749 2283 1893 2337 nulla
1941 2283 2121 2337 addita

541 2373 851 2430 detractave
878 2373 1196 2430 substantia.
1216 2373 1346 2439 Quis
1373 2374 1583 2428 dubitet
1606 2381 1774 2428 totum
1799 2373 1952 2438 illud,
1975 2373 2118 2442 quod

537 2464 739 2520 dicitur
761 2464 983 2530 malum,
1007 2464 1142 2522 nihil
1167 2477 1292 2518 esse
1311 2463 1476 2529 aliud,
1492 2479 1654 2533 quam
1675 2463 2118 2533 corruptionem?

537 2557 772 2616 Possunt
797 2557 1014 2627 quidem
1045 2555 1164 2611 aliis
1195 2565 1355 2625 atque
1380 2556 1500 2611 aliis
1525 2555 1800 2611 vocabulis
1828 2555 1931 2610 alia
1959 2565 2122 2624 atque

538 2651 646 2706 alia
688 2649 828 2706 mala
870 2649 1086 2712 vocari;
1124 2648 1218 2703 sed
1244 2648 1386 2716 quod
1423 2647 1662 2702 omnium
1702 2661 1884 2702 rerum
1920 2645 2121 2700 malum

540 2741 629 2801 sit,
665 2741 716 2795 in
747 2740 944 2810 quibus
971 2739 1097 2794 mali
1134 2737 1334 2806 aliquid
1385 2737 1744 2792 animadverti
1774 2743 1971 2806 potest,
2003 2751 2122 2790 cor-

540 2832 724 2901 ruptio
750 2839 853 2886 est.
899 2830 1005 2886 Sed
1034 2830 1310 2898 corruptio
1337 2829 1544 2898 peritae
1590 2827 1806 2881 animae
1852 2825 2120 2895 imperitia

537 2936 788 2990 vocatur,
815 2923 1092 2992 corruptio
1116 2922 1398 2992 prudentis
1429 2921 1814 2990 imprudentia,
1847 2916 2122 2987 corruptio

536 3015 780 3083 iustitiae
809 3013 829 3044 ³
856 3012 1138 3082 injustitia,
1173 3011 1448 3079 corruptio
1484 3007 1818 3063 fortitudinis
1844 3006 1864 3036 ⁸
1885 3003 2118 3077 ignavia,

539 3104 816 3174 corruptio
847 3103 1045 3173 quietis
1072 3110 1236 3171 atque
1273 3099 1679 3170 tranquillitatis
1717 3097 2003 3167 cupiditas,
2032 3094 2119 3148 vel

541 3210 740 3260 metus,
768 3194 853 3249 vel
885 3193 1128 3257 tristitia,
1159 3207 1244 3246 ve.
1263 3191 1544 3259 jactantia.
1574 3187 1776 3243 Deinde
1805 3188 1857 3241 in
1895 3199 2123 3254 corpore
2151 3183 2195 3244 C

542 3289 783 3341 animato
810 3283 1087 3351 corruptio
1115 3280 1366 3336 sanitatis
1392 3279 1544 3333 dolor
1571 3286 1626 3335 et
1649 3277 1899 3340 morbus;
1932 3287 2122 3329 corru-

542 3379 656 3448 ptio
685 3376 879 3430 virium
916 3372 1177 3428 lassitudo
1203 3371 1263 3437 ';
1305 3368 1580 3438 corruptio
1603 3367 1802 3437 quietis
1829 3365 1999 3420 labor.
2026 3362 2127 3416 De-

544 3468 670 3521 inde
690 3467 741 3518 in
763 3465 879 3533 ipso
899 3477 1128 3532 corpore
1141 3460 1416 3529 corruptio
1437 3454 1852 3529 pulchritudinis
1869 3453 2118 3516 foeditas;

548 3555 826 3623 corruptio
878 3551 1220 3608 rectitudinis
1249 3551 1528 3620 pravitas;
1603 3546 1876 3618 corruptio
1921 3543 2128 3600 ordinis

550 3645 910 3718 perversitas;
983 3634 1263 3712 corruptio
1303 3639 1628 3711 integritatis
1667 3635 1914 3692 discissio
1939 3636 1982 3698 ',
2038 3639 2129 3687 aut

548 3739 810 3800 fractura,
841 3744 937 3788 aut
973 3732 1257 3788 diminutio
1286 3733 1330 3784 ⁷.
1363 3730 1608 3800 Longum
1664 3736 1768 3794 est,
1807 3735 1862 3781 et
1892 3725 2131 3788 tliﬂicile,

545 3835 603 3882 et
645 3827 838 3880 harum
883 3840 1087 3890 rerum,
1136 3839 1271 3893 quas
1321 3821 1766 3887 commemoravi,
1809 3829 1864 3874 et
1897 3820 2128 3876 aliarum

549 3916 1024 3974 innumerabilium
1100 3928 1289 3970 onmes
1362 3912 1736 3981 corruptiones
1810 3911 2128 3966 nominatim

549 4009 867 4074 enuntiare,
899 4024 1020 4063 cum
1048 4007 1210 4064 etiam
1234 4007 1454 4070 multae,
1487 4019 1626 4075 quae
1646 4004 1898 4058 dicuntur
1928 4003 1982 4057 in
2013 4018 2132 4057 cor-

547 4112 702 4168 pore,
750 4099 958 4168 possint
985 4110 1039 4152 et
1094 4098 1148 4152 in
1201 4098 1379 4151 anima
1423 4095 1568 4160 dici,
1617 4103 1672 4148 et
1719 4093 2132 4148 innumerabilia

548 4197 717 4254 sunt,
768 4188 824 4243 in
871 4188 1067 4259 quibus
1126 4189 1346 4265 propria
1397 4185 1659 4246 voeabula
1723 4184 2000 4254 corruptio
2049 4193 2130 4240 te-

553 4289 685 4334 neat
713 4291 740 4320 α
779 4299 824 4332 ι.

622 4368 711 4424 ιν.
753 4368 901 4434 Quae
929 4384 1054 4423 cum
1098 4368 1173 4421 ita
1207 4367 1336 4432 sint,
1367 4365 1490 4435 quis
1529 4380 1634 4420 non
1669 4364 1867 4430 videat,
1914 4364 2018 4418 nisi
2043 4364 2136 4431 qui

552 4479 716 4518 sensu
745 4471 915 4526 caret,
947 4471 1141 4527 totum,
1176 4461 1320 4532 quod
1347 4460 1544 4516 dicitur
1569 4465 1873 4528 peccatum,
1910 4454 2134 4524 ejusque

2225 1925 2406 1995 cipere
2435 1925 2634 1980 habere
2659 1925 2990 1980 voluntatem
3022 1923 3460 1980 malam.Causas
3473 1938 3637 1993 porro
3661 1923 3808 1979 defe-

2222 2016 2460 2070 ctionum
2509 2017 2756 2081 istarum,
2808 2030 2931 2072 cum
2982 2015 3280 2070 efﬁcientes
3327 2029 3435 2069 non
3507 2014 3636 2078 sint,
3709 2014 3806 2068 sed

2221 2108 2551 2172 deﬁcientes,
2583 2107 2721 2162 velle
2757 2107 3023 2174 invenire,
3053 2106 3160 2160 tale
3200 2114 3303 2170 est,
3336 2119 3402 2158 ac
3445 2103 3493 2163 si
3520 2103 3805 2172 quisquam

2221 2197 2351 2252 velit
2395 2197 2577 2252 videre
2625 2197 2897 2260 tenebras,
2945 2195 3035 2250 vel
3083 2195 3272 2250 audire
3317 2193 3614 2257 silentium,
3661 2190 3807 2260 quod

2221 2295 2402 2342 tamen
2446 2296 2734 2355 utrumque
2774 2286 2931 2341 nobis
2965 2297 3149 2339 notum
3182 2294 3285 2349 est,
3319 2298 3494 2352 neque
3526 2282 3656 2337 illud
3699 2281 3808 2336 nisi

2220 2391 2318 2446 per
2355 2376 2558 2438 oculos,
2595 2390 2770 2447 neque
2805 2375 2910 2429 hoc
2951 2374 3054 2428 nisi
3086 2389 3182 2443 per
3222 2386 3401 2437 aures,
3434 2387 3542 2428 non
3579 2385 3712 2426 sane
3751 2370 3807 2424 in

2223 2469 2423 2538 specie,
2455 2466 2550 2521 sed
2585 2467 2639 2520 in
2668 2465 2866 2535 speciei
2912 2465 3238 2533 privatione.
3281 2462 3451 2516 Nemo
3497 2469 3675 2515 autem
3695 2459 3806 2515 ’ex

2221 2574 2309 2614 me
2339 2559 2478 2613 scire
2507 2565 2755 2626 quaerat,
2786 2557 2930 2626 quod
2957 2570 3044 2610 me
3080 2555 3292 2609 nescire
3321 2555 3467 2617 scio,
3500 2553 3603 2608 nisi
3641 2553 3802 2615 forte,

2223 2658 2280 2703 ut
2310 2649 2519 2704 nescire
2543 2647 2738 2715 discat,
2770 2647 2908 2717 quod
2949 2647 3078 2702 sciri
3119 2661 3224 2701 non
3257 2662 3412 2715 posse
3440 2646 3714 2700 sciendum
3741 2645 3806 2697 ιο.

2221 2741 2295 2797 Ea
2324 2741 2540 2811 quippe,
2567 2754 2706 2809 quae
2729 2755 2835 2794 non
2862 2739 2915 2793 in
2934 2739 3135 2808 specie,
3163 2739 3257 2794 sed
3284 2739 3337 2792 in
3365 2737 3479 2806 ejus
3504 2736 3809 2806 privatione

2223 2834 2489 2897 sciuntur,
2534 2833 2580 2887 si
2620 2833 2725 2887 dici
2768 2840 2861 2886 aut
2905 2831 3128 2901 intelligi
3178 2839 3372 2900 potest,
3408 2827 3809 2899 quodammodo

2224 2926 2512 2981 nesciendo
2567 2925 2845 2987 sciuntur,
2906 2932 2965 2976 ut
3010 2922 3230 2977 sciendo
3278 2922 3611 2976 nesciantur.
3672 2917 3808 2973 Cum

2221 3017 2365 3072 enim
2393 3017 2540 3072 acies
2576 3015 2738 3070 etiam
2768 3012 2909 3068 oculi
2946 3011 3247 3081 corporalis
3273 3011 3446 3067 currit
3472 3008 3812 3080 perspecies

2220 3107 2543 3176 corporales,
2575 3119 2838 3174 nusquam
2857 3103 3108 3158 tenebras
3130 3102 3294 3165 videt,
3324 3100 3427 3156 nisi
3456 3099 3544 3154 ubi
3570 3097 3811 3168 coeperit

2229 3214 2334 3253 non
2386 3200 2590 3254 videre.
2641 3199 2818 3253 Etiam
2851 3197 2890 3227 “
2936 3211 3042 3251 non
3085 3195 3152 3250 ad
3197 3194 3431 3262 aliquem
3476 3191 3640 3246 alium
3688 3205 3810 3246 sen-

2229 3305 2370 3355 sum,
2397 3291 2493 3345 sed
2530 3289 2597 3344 ad
2629 3289 2772 3344 solas
2799 3302 2962 3343 aures
2989 3285 3226 3355 pertinet
3269 3284 3475 3340 sentire
3509 3283 3810 3346 silentium,

2228 3380 2370 3448 quod
2402 3388 2580 3432 tamen
2609 3377 2948 3441 nullomodo,
2982 3375 3088 3430 nisi
3125 3389 3231 3430 non
3263 3373 3530 3428 audiendo
3559 3371 3808 3428 sentitur.

2231 3469 2323 3524 Sic
2353 3468 2563 3538 species
2593 3466 2960 3536 intelligibiles
2986 3480 3139 3520 mens
3165 3463 3381 3534 quidem
3431 3470 3616 3518 nostra
3647 3459 3808 3515 intel-

2229 3558 2442 3634 ligendo
2489 3557 2770 3627 conspicit,
2815 3556 2908 3611 sed
2955 3555 3047 3610 ubi
3094 3553 3371 3617 deficiunt,
3413 3551 3702 3607 nesciendo
3740 3549 3816 3604 di-

2230 3648 2332 3705 scit
2362 3649 2425 3700 “.
2452 3646 2652 3701 Delicta
2679 3646 2815 3700 enim
2842 3646 2956 3715 quis
2994 3643 3232 3713 intelligit
3271 3662 3289 3695 ι
3320 3641 3349 3682 ι)
3376 3641 3388 3692 !

2302 3737 2367 3799 Υ.
2409 3736 2504 3790 llis
2543 3735 2723 3804 itaque
2757 3733 3056 3788 rationibus
3103 3732 3424 3799 inconcusse
3448 3727 3491 3760 ¹³
3517 3727 3819 3795 colligitur,

2231 3839 2444 3882 omnem
2473 3839 2763 3896 perversae
2796 3822 3090 3878 voluntatis
3131 3819 3402 3878 defectum
3434 3816 3518 3873 vel
3549 3817 3809 3887 privatio-

2233 3931 2356 3970 nem
2392 3915 2475 3970 vel
2520 3923 2824 3984 peccatum,
2856 3914 2942 3967 vel
2973 3925 3188 3982 quoquo
3225 3911 3383 3965 modo
3410 3907 3592 3964 vocari
3640 3905 3813 3975 possit

2233 4013 2411 4060 motus
2448 4005 2538 4058 ille
2566 4004 2745 4059 letifer
2767 4003 2835 4069 ιδ,
2858 4018 2966 4077 quo
2997 4016 3266 4058 summum
3294 4001 3495 4054 bonum
3526 3994 3814 4058 deseritur,

2234 4096 2567 4166 etIiciturque
2609 4096 2829 4165 spiritus
2854 4095 3075 4159 vadens,
3103 4101 3159 4151 et
3184 4108 3290 4146 non
3319 4091 3552 4153 rediens,
3587 4086 3817 4155 ﬁnisque

2236 4188 2423 4258 ipsius,
2443 4202 2590 4241 mors
2608 4184 3128 4256 plane,miseriaque
3156 4179 3539 4251 suppliciorum
3570 4183 3816 4230 aeterna-

2235 4281 2384 4346 lium,
2415 4280 2634 4334 omnino
2658 4278 2793 4334 nihil
2825 4291 2966 4332 esse.
2995 4275 3167 4331 Omne
3213 4273 3412 4346 quippe
3463 4282 3657 4324 carens
3705 4280 3818 4319 ma-

2237 4370 2393 4435 teria,
2423 4367 2613 4433 forma,
2637 4368 2921 4438 specieque
2943 4364 3132 4436 procul
3150 4363 3314 4418 dubio
3339 4359 3470 4414 nihil
3496 4366 3607 4423 est;
3640 4356 3818 4411 omnis

2237 4469 2417 4513 autem
2467 4470 2647 4511 rerum
2692 4456 2970 4520 absentia,
3021 4465 3316 4521 earumque
3364 4447 3603 4504 defectus
3645 4446 3819 4501 tribus

555 4553 1046 4620 consequentiasin
1096 4561 1272 4607 morte
1321 4558 1482 4620 atque
1533 4547 1751 4602 miseria
1795 4546 2127 4607 constitutas,

2239 4546 2532 4617 praedictis
2555 4560 2743 4600 carere
2771 4544 3113 4600 manilestum
3139 4550 3238 4596 est.
3271 4538 3501 4594 Omnino
3520 4536 3683 4606 igitur
3710 4547 3817 4586 non

557 4657 664 4696 non
682 4641 824 4695 aliud
849 4654 988 4703 esse,
1019 4641 1436 4709 quamintegrae
1453 4639 1593 4694 vitae
1624 4639 1918 4707 beataeque
1939 4649 2132 4690 corru-

559 4730 801 4801 ptiones;
829 4730 924 4792 ita,
952 4738 1009 4782 ut
1029 4728 1238 4797 singula
1267 4728 1493 4796 singulis
1519 4736 1882 4796 opponantur,
1912 4726 2135 4796 integri-

558 4820 655 4881 tati
687 4818 900 4895 quidem
930 4826 1241 4890 peccatum,
1263 4817 1406 4877 vitae
1432 4833 1598 4883 mors,
1627 4818 1945 4874 beatitudini
1976 4820 2136 4873 mise-

2239 4645 2386 4693 sunt.
2413 4637 2492 4692 Ac
2518 4653 2614 4708 per
2647 4638 2750 4690 hoc
2792 4651 2891 4690 nec
2921 4633 3179 4704 praesciri
3215 4630 3277 4695 ⁸⁵,
3301 4642 3400 4682 nec
3425 4623 3816 4694 praedestinari

2242 4729 2310 4782 ab
2337 4742 2425 4793 eo,
2457 4729 2549 4797 qui
2597 4741 2806 4782 summe
2849 4737 2951 4792 est,
2984 4730 3210 4794 possunt
3237 4730 3282 4771 ε.
3318 4718 3364 4774 Ο
3392 4713 3654 4777 miranda,
3707 4713 3819 4766 imo

2242 4818 2472 4872 dolenda
2507 4818 2741 4872 caecitas
2766 4830 2970 4882 eorum,
3007 4813 3096 4884 qui
3139 4826 3170 4866 e
3215 4806 3488 4865 contrario
3520 4802 3820 4872 intelligere

1837 4968 2090 5023 VTARIAE
2125 4965 2521 5024 LECTIONES.

635 5115 648 5143 ¹
675 5110 826 5165 C‘orr.
861 5110 927 5172 Μ,
963 5107 1083 5164 cod.
1111 5107 1535 5162 commutatione.

562 5187 648 5238 tis.
751 5182 771 5213 ⁵
809 5181 942 5237 Cod.
991 5179 1242 5232 lusitudo.
1340 5176 1511 5230 “Cod.
1571 5177 1804 5229 discisio.

563 5255 653 5308 sed
703 5253 939 5322 defectio.
1018 5252 1037 5281 θ
1060 5250 1128 5322 al.
1153 5263 1297 5317 ergo.

564 5324 734 5378 discit.
768 5314 777 5322 ’
818 5324 858 5353 ³³
881 5322 1011 5376 Cod.
1052 5314 1350 5373 inconeuse.
1430 5315 1480 5387 “ﬁ
1504 5314 1636 5374 Cod.
1666 5314 1886 5382 loetifcr.

1630 5107 1650 5134 ’
1678 5105 1831 5159 Corr.
1857 5104 2074 5165 B.'Cod.
2100 5105 2418 5160 bealitatem.

1895 5176 1916 5206 "
1958 5175 2088 5230 Cod.
2143 5177 2492 5230 dinuninutio.

1375 5244 1419 5278 ¹⁶
1442 5246 1530 5299 Sic
1557 5245 1704 5307 cod.,
1737 5245 1805 5297 M.
1835 5259 1978 5298 corr.
2017 5246 2292 5298 sciendum
2317 5256 2411 5299 est.

2497 5104 2632 5161 ’Sic
2658 5106 2799 5168 cod.,
2851 5103 2920 5157 al.
2957 5103 3157 5170 justae.
3234 5101 3252 5130 ⁵
3285 5096 3567 5170 Sic__cod.,“
3595 5094 3666 5170 al.
3709 5093 3819 5162 for-

2575 5177 2595 5207 ⁸
2628 5175 2701 5229 al.
2748 5165 2992 5242 deﬁciens
3038 5172 3161 5242 quia
3217 5186 3308 5224 nec
3341 5168 3450 5242 illa
3491 5165 3691 5242 e/feclio
3740 5171 3819 5215 est

2492 5249 2530 5277 “
2559 5247 2650 5301 Sic
2679 5234 2823 5311 cod.,
2857 5244 2929 5299 Μ.
2952 5234 3156 5307 videre,
3183 5242 3255 5294 ita
3281 5239 3464 5294 etiam.
3544 5235 3585 5265 “
3614 5234 3682 5287 al.
3704 5249 3820 5286 con-

1989 5315 2032 5347 "
2053 5314 2207 5370 Corr.
2248 5314 2314 5368 M.
2344 5318 2589 5382 prescire.

2090 5425 2268 5482 NOTA
2279 5429 2337 5480 Ε.

638 5565 662 5590 ει
694 5551 974 5620 Augustin.
1004 5560 1182 5603 contra
1211 5545 1778 5620 epistolqm_ttnd_nm_.
1815 5563 1869 5620 (ξ.

639 5620 668 5659 ιι
699 5616 1062 5685 Augustin.de
1084 5616 1301 5672 Cit'imte
1328 5618 1423 5672 Dei
1453 5617 1622 5680 XII,7.
1656 5616 1799 5671 Psal.
1833 5617 2013 5676 XVIII,
2048 5617 2132 5668 I5.

641 5702 662 5725 α
697 5688 831 5740 Male
887 5689 1062 5741 docet.
1125 5687 1410 5741 Peccatum
1467 5689 1682 5754 quidem
1727 5687 1937 5756 proin-ia
1969 5688 2136 5739 homi-

569 5759 656 5813 nis
683 5757 950 5811 voluntalc
1000 5757 1256 5820 nascitur,
1309 5758 1398 5812 sed
1445 5775 1473 5810 a
1506 5759 1613 5812 Deo
1656 5768 1704 5812 et
1748 5758 2047 5827 praescitur
2088 5763 2143 5813 ct.

2234 5549 2473 5617 punitur.
2502 5548 2643 5602 Mors
2670 5550 2813 5606 item.
2846 5562 2985 5616 quae
2999 5556 3083 5601 est
3102 5543 3372 5617 separatio
3401 5541 3613 5617 animae
3628 5546 3824 5617 etncor-

2240 5608 2405 5686 poris.
2425 5631 2474 5672 ct
2506 5634 2711 5687 poenae
2737 5608 3058 5686 gelie'nnales
3075 5608 3196 5687 ιιοιῖ⁸
3209 5615 3322 5687 nisi
3338 5613 3447 5667 Deo
3471 5610 3649 5680 judice
3668 5608 3823 5673 ﬁunt,

2240 5683 2466 5758 ideoque
2487 5683 2552 5744 ab
2575 5702 2640 5742 eo
2660 5683 3056 5757 praesciuntur.
3077 5687 3157 5740 Cf.
3182 5683 3344 5738 I’rud.
