4194 6276
436 326 540 383 597

1511 320 1712 376 LIBER
1754 321 1842 377 DE
1880 316 2592 376 PliAEDES'l‘iNATlONE.

3600 319 3705 376 593

439 436 660 503 nolunt,
699 434 746 490 si
787 433 1008 505 quando
1049 434 1102 489 in
1128 434 1333 500 divina,
1373 449 1468 490 seu
1508 437 1741 492 humana
1790 437 2021 508 legerint
2049 445 2093 504 Α
2121 436 2535 507 praescientiam
2575 442 2633 490 et
2674 434 3224 504 praedestinationcm
3257 433 3472 509 proprie
3500 435 3615 492 ﬁeri
3650 438 3705 493 in

444 527 1310 596 auctoritate,Deumpraesciisse
1324 526 1409 581 vel
1438 529 1867 596 praedestinasse
1896 543 2021 598 pec-

446 629 592 686 cata,
640 627 885 683 mortem,
937 617 1219 687 supplicia,
1254 631 1395 685 quae
1440 618 1652 687 penitus
1700 619 1836 674 nihil
1873 627 2022 684 sunt,

446 714 574 782 quia
600 713 836 769 deiectus
883 711 1040 766 sunt!
1091 709 1243 777 Quid
1264 710 1412 765 enim
1458 719 1542 766 est
1586 720 1871 781 peccatum
1917 709 2023 764 nisi

448 801 685 859 defectus
700 800 977 869 iustitiae?
1004 801 1132 869 quid
1150 816 1293 856 mors
1334 801 1436 857 nisi
1467 801 1641 857 vitae?
1668 798 2021 870 quidsuppli-

445 892 586 948 cium
632 890 738 946 nisi
784 890 1177 947 beatitudinis?
1222 890 1324 957 Qui
1366 892 1412 946 si
1437 892 1745 962 diligentius
1786 890 2024 945 attende-

445 989 585 1048 rent,
599 982 807 1048 omnia,
834 994 980 1051 quae
1009 990 1167 1045 sunt,
1196 996 1304 1036 non
1318 982 1389 1036 ob
1415 982 1559 1037 aliud
1589 996 1730 1047 esse,
1765 981 1870 1036 nisi
1896 980 2022 1050 quia

444 1072 714 1142 praescita
742 1080 801 1126 et
843 1071 1246 1140 praedestinata
1292 1080 1449 1139 sunt,
1482 1074 1666 1128 omnia
1704 1088 1854 1137 vero,
1887 1086 2027 1141 quae

446 1175 554 1214 non
571 1169 719 1225 sunt,
740 1175 850 1216 non
875 1160 946 1216 ob
972 1160 1118 1214 aliud
1149 1176 1253 1215 non
1281 1175 1421 1225 esse,
1450 1162 1551 1216 nisi
1574 1163 1717 1232 quod
1746 1176 1846 1216 nec
1870 1176 2024 1231 prae-

449 1249 613 1315 scita,
634 1263 736 1304 nec
762 1249 1162 1318 praedestinata
1184 1259 1331 1315 sunt,
1347 1251 1588 1307 fortassis
1614 1252 1821 1321 scipsos
1849 1266 2026 1307 emcn-

451 1339 670 1405 darent,
693 1349 745 1395 et
772 1340 1172 1409 resipiscerent,
1202 1340 1549 1412 animumque
1576 1358 1729 1396 suum
1759 1343 1823 1395 ad
1849 1342 2025 1397 iucem

452 1431 700 1487 veritatis
724 1440 1117 1499 converterent,
1144 1441 1203 1487 ut
1227 1433 1283 1487 in
1310 1448 1396 1499 ea,
1423 1441 1479 1487 et
1516 1449 1612 1504 per
1635 1448 1754 1487 eam
1772 1432 1787 1464 ¹
1805 1444 2026 1488 cernere

452 1532 676 1591 possent
709 1522 762 1577 in
792 1522 939 1578 omni
968 1537 1149 1577 rermn
1178 1531 1396 1588 natura,
1427 1524 1688 1594 quidquid
1738 1537 1866 1578 vere
1891 1524 1911 1553 ²
1944 1523 2025 1577 in-

451 1613 667 1668 venitur
706 1628 847 1680 esse,
894 1628 1001 1668 non
1030 1613 1174 1669 aliud
1209 1613 1265 1668 id
1298 1628 1442 1680 esse,
1473 1614 1576 1670 nisi
1604 1628 1789 1679 unam,
1818 1627 2029 1667 veram-

447 1720 554 1775 que
581 1705 899 1771 essentiam,
940 1720 1081 1775 quae
1116 1706 1320 1775 ubique
1355 1706 1411 1761 in
1444 1721 1505 1761 se
1545 1706 1657 1775 ipsa
1690 1713 1803 1760 tota
1822 1711 1932 1759 est.
1960 1702 2028 1757 Et

447 1809 589 1865 quae
610 1794 822 1861 cstilla,
838 1795 1194 1850 nisiomnium
1218 1805 1533 1851 naturarum
1549 1796 1855 1867 praescicns
1879 1809 2030 1865 prae-

447 1888 754 1952 destinatio,
797 1895 855 1942 et
889 1888 1249 1958 praeseienﬁa
1272 1889 1723 1959 praedestinans?
1749 1887 1808 1943 Si
1848 1897 2030 1943 autem

446 1980 787 2051 apertissime
852 1979 1192 2051 intelligitur,
1253 1981 1496 2036 omnium
1552 1988 1871 2035 naturarum
1920 1993 2029 2034 non

444 2084 566 2125 esse
596 2084 866 2125 summam
900 2070 1362 2141 principalemque
1388 2072 1776 2139 substantiam,
1808 2080 2031 2143 praeter

449 2161 683 2216 divinam
711 2163 1125 2232 praescientiam
1150 2163 1173 2195 ³
1197 2171 1251 2218 et
1274 2163 1825 2233 praedestinationem
1852 2181 1867 2217 :
1890 2178 2028 2232 quo-

451 2252 610 2306 modo
640 2252 966 2307 credendum
1003 2260 1106 2319 est,
1134 2253 1189 2308 in
1223 2254 1303 2308 eis
1325 2268 1465 2322 esse,
1499 2269 1640 2325 quae
1671 2254 1892 2309 omnino
1920 2269 2028 2309 non

450 2344 610 2397 sunt?
638 2343 695 2399 Si
726 2345 872 2398 enim
914 2346 968 2399 in
993 2345 1074 2401 eis
1098 2354 1300 2413 essent,
1324 2346 1513 2416 procul
1542 2346 1704 2402 dubio
1733 2361 1839 2401 non
1868 2344 2029 2411 nihil,

457 2436 552 2488 sed
588 2433 790 2503 aliquid
821 2435 1212 2490 substitissent.
1248 2436 1318 2490 At
1345 2450 1474 2491 vero
1502 2435 1637 2489 nihil
1663 2444 1807 2490 sunt.
1862 2435 1919 2490 In
1951 2434 2031 2490 eis

452 2525 621 2594 igitur
671 2539 771 2582 nec
814 2525 1207 2597 praeseientia,
1250 2541 1351 2582 nec
1394 2524 1818 2597 praedestinatio
1854 2524 2028 2580 divina

450 2621 600 2667 sunt.

965 2706 1365 2766 CAPITULUM
1412 2708 1505 2765 XI.

451 2814 606 2890 Quod
636 2818 816 2872 divina
846 2819 1181 2890 fmnmnaque
1212 2819 1532 2873 auctoritate
1568 2819 1889 2890 comprobari
1913 2836 2032 2888 pos-

522 2887 611 2949 sit,
640 2904 741 2941 non
771 2904 882 2960 esse
913 2889 1005 2942 Dei
1035 2887 1583 2960 praedestinationem,
1602 2887 1703 2942 nisi
1725 2889 1789 2943 de
1809 2887 1919 2955 Itis,
1941 2890 2033 2960 qui

521 2958 822 3023 praeparati
843 2967 964 3013 sunt
985 2961 1054 3011 ad
1075 2967 1341 3014 aeternam
1367 2958 1683 3028 felicitatem.

523 3064 566 3118 ι.
604 3064 869 3132 Quoniam
898 3083 1027 3124 vero
1054 3069 1213 3140 hujus
1237 3079 1455 3125 nostrae
1482 3069 1708 3125 actionis
1719 3070 2031 3143 principalis

452 3159 703 3226 quaestio
749 3162 1017 3230 proposita
1065 3169 1149 3216 est
1192 3163 1260 3217 de
1302 3162 1480 3218 divina
1531 3162 1933 3232 praescientia"
1974 3172 2030 3218 et

450 3249 961 3318 praedestinatioue,
1009 3260 1229 3322 propter
1262 3268 1421 3322 quam
1452 3253 1758 3309 necessario
1799 3253 2028 3324 diligen-
2063 3291 2071 3297 -

449 3338 556 3392 tius
583 3339 607 3371 ⁵
633 3341 967 3394 tractandam
995 3341 1292 3398 incidentes
1326 3343 2031 3413 quaestionesintroductae

445 3435 587 3489 sunt,
628 3429 822 3484 eadem
851 3431 1011 3499 paulo
1038 3433 1276 3502 apertius
1303 3434 1677 3504 exemplorum
1732 3434 2028 3491 luminibus

447 3517 801 3574 discutienda.
818 3519 928 3575 Sed
939 3523 1087 3592 prius
1100 3530 1405 3578 nostrarum
1424 3525 1723 3579 litterarum
1739 3524 2031 3582 lectoribus

448 3609 673 3664 suadere
703 3611 1039 3677 curavimus,
1069 3613 1115 3669 si
1151 3621 1333 3668 tamen
1360 3615 1501 3681 sint,
1529 3615 1622 3685 qui
1646 3630 1740 3670 eas
1778 3614 2030 3686 legendas

440 3696 805 3766 iudicaverint
834 3742 848 3767 ,
901 3711 1067 3772 atque
1108 3704 1316 3759 utinam
1369 3719 1556 3760 eorum
1592 3708 1793 3761 caritas
1832 3707 1899 3760 ad
1938 3720 2031 3763 cas

446 3789 798 3860 perlegendas
823 3793 1062 3853 accedat,
1079 3793 1199 3864 plus
1225 3793 1279 3848 in
1298 3794 1441 3863 ipsis
1465 3802 1682 3850 nostrae
1694 3795 2031 3852 obedientiac

451 3876 790 3933 devotionem
819 3881 1232 3946 eonsidcraturi,
1257 3897 1420 3951 quam
1451 3883 1770 3940 utilissimae
1782 3884 2026 3954 disputa-

451 3970 634 4035 tionis,
666 3972 711 4026 si
745 3981 923 4028 tamen
954 3974 1129 4044 aliqua
1165 3975 1369 4032 utilitas
1409 3977 1462 4031 in
1489 3992 1551 4032 ea
1579 3980 1670 4041 sit,
1702 3980 2025 4050 despecturi,

448 4075 518 4116 ne
556 4060 696 4116 forte
732 4063 884 4132 quasi
921 4066 1176 4120 commoti
1222 4067 1276 4120 in
1311 4081 1408 4121 nos
1448 4066 1659 4123 irruant
1685 4057 1901 4134 dicturi,
1930 4084 2029 4124 nos

443 4164 566 4205 esse
582 4152 947 4210 destruetores
959 4164 1013 4211 ct
1026 4157 1437 4227 praeseientiae,
1457 4166 1512 4213 et
1524 4160 2028 4228 praedestinationis

451 4236 693 4301 divinae,
721 4241 871 4308 quia,
904 4243 949 4297 si
990 4244 1283 4300 studiosius
1328 4245 1681 4314 inspexerint,
1713 4246 2027 4302 assertionis

446 4340 639 4381 earnm
666 4328 954 4396 plurimum
980 4332 1034 4387 in
1062 4333 1142 4388 eis
1169 4333 1463 4400 invenient,
1493 4334 1874 4391 destructionis
1898 4350 2027 4392 vero

2130 529 2239 593 bis,
2270 542 2409 598 quae
2448 528 2641 583 ordine
2678 535 2978 596 temporum
3015 527 3345 597 praecedunt
3369 541 3452 593 ea,
3481 541 3623 596 quae
3648 537 3706 583 et

2125 618 2947 689 praesciuntetpraedestinant
2995 617 3039 681 ',
3083 616 3305 672 abusive
3341 630 3472 670 vero
3497 615 3605 671 diei
3649 617 3706 671 in

2123 723 2207 772 eo,
2237 709 2324 762 cui
2354 706 2501 761 nulla
2525 707 2546 739 ⁸
2569 705 2750 761 futura
2796 714 2946 773 sunt,
2970 706 3227 776 quoniam
3261 704 3407 761 nullo
3438 715 3701 775 tempore,

2123 796 2219 851 sed
2231 811 2328 852 sua
2342 794 2661 852 aeternitate
2682 793 3175 864 praeceditonmia,
3198 808 3339 864 quae
3366 793 3434 850 ab
3460 807 3527 850 eo
3543 795 3707 850 sunt?

2124 888 2233 942 Aut
2261 886 2533 956 quomodo
2573 901 2604 939 a
2629 886 2858 942 veritate
2901 886 3209 949 abhorreat,
3249 886 3293 940 si
3323 885 3534 941 dicatur
3574 899 3605 939 a
3634 886 3707 941 sio

2125 978 2269 1044 mili,
2301 977 2588 1047 praescivit
2614 977 2757 1033 Deus
2783 976 2986 1042 omnia,
3018 990 3158 1046 «piae
3189 974 3432 1032 facturus
3453 985 3617 1042 esset,
3647 985 3706 1031 et

2124 1070 2336 1125 dicatur
2384 1083 2416 1123 a
2460 1067 2734 1125 contrario
2759 1107 2773 1132 ,
2796 1066 3108 1138 praescii-it,
3140 1074 3283 1136 quae
3329 1066 3568 1122 facturus
3598 1081 3708 1131 non

2121 1168 2285 1226 esset,
2313 1174 2412 1229 pro
2434 1158 2699 1215 nescivit?
2733 1157 2995 1214 Similiter
3023 1157 3089 1213 de
3118 1157 3706 1227 praedestinationcith

2124 1248 2710 1320 telligcudumasimili.
2744 1246 3167 1304 Pracdcstinavit
3197 1245 3359 1310 Deus,
3386 1261 3521 1316 IIIIOS
3551 1260 3708 1316 prac—

2124 1341 2336 1411 paravit
2383 1340 2452 1396 ad
2501 1354 2654 1396 suam
2701 1339 2992 1411 gratuitam
3035 1339 3263 1410 gratiam
3314 1337 3707 1407 accipiendam.

2124 1430 2473 1485 A-contrario
2500 1428 2927 1501 praedestinavit
2969 1425 3163 1499 impios
3196 1428 3261 1483 ad
3294 1426 3593 1494 interitum,
3627 1429 3712 1480 vel

2124 1521 2444 1591 supplicium
2458 1529 2757 1587 aeternum,
2782 1534 2920 1592 quos
2944 1529 3121 1576 tamen
3139 1535 3244 1576 non
3269 1518 3704 1589 praedestinavit.

2127 1615 2185 1672 Si
2227 1615 2369 1672 enim
2400 1615 2783 1686 praedestinati
2829 1624 2954 1671 sunt
2987 1654 3003 1677 ,
3049 1613 3354 1670 necessario
3397 1612 3709 1682 pcriluuu',

2128 1721 2440 1779 poenasque
2467 1706 2741 1778 patientur
2768 1695 3107 1763 inevitabiles
3136 1705 3200 1760 ¹⁶.
3238 1704 3392 1772 Quod
3420 1703 3464 1758 si
3504 1703 3577 1759 ita
3603 1717 3708 1769 εει.

2062 1778 2107 1839 Β
2137 1778 2407 1869 quomodo
2434 1797 2579 1869 justo
2621 1797 2952 1869 iudicabitur
2979 1798 3231 1863 mundus,
3270 1810 3431 1867 quem
3475 1797 3712 1852 necessi—

2134 1899 2216 1945 tas
2237 1889 2748 1960 pracdestinationis
2783 1890 2928 1962 cogit
2965 1889 3181 1962 perire?
3213 1888 3367 1957 Quod
3418 1886 3713 1956 impietatis

2131 1981 2405 2050 proprium
2434 1991 2518 2036 cst
2543 1981 2841 2036 aestimari.

2200 2071 2265 2127 ll.
2305 2071 2539 2129 Proinde
2586 2087 2654 2129 ne
2704 2083 2887 2130 nostra
2937 2073 3039 2130 ista
3088 2074 3434 2134 ratiocinatio
3461 2078 3717 2134 videatur

2130 2164 2277 2218 mdla
2308 2164 2521 2220 divinae
2548 2179 2643 2221 seu
2674 2165 2941 2221 luunanac
2963 2165 3303 2223 auctoritatis
3334 2166 3562 2223 formula
3591 2183 3713 2224 esse

2129 2254 2369 2319 sull‘ulta,
2395 2256 2753 2327 quidldivinae
2781 2255 3094 2328 Scripturae
3122 2259 3350 2330 paginis,
3380 2260 3508 2330 quid
3538 2262 3712 2317 sancti

2131 2345 2309 2415 patris
2332 2345 2617 2417 Augustini
2645 2345 2806 2403 dictis
2835 2356 3013 2417 potest
3059 2348 3221 2413 cllici,
3270 2349 3593 2419 investigare
3621 2351 3713 2406 de-

2130 2434 2340 2501 bemus,
2369 2451 2475 2492 non
2509 2436 2652 2506 quod
2701 2436 2740 2468 “
2782 2436 3008 2493 aliorum
3056 2438 3445 2495 catholicorum
3493 2440 3712 2497 l'atrum

2126 2525 2391 2596 exemplis
2419 2528 2553 2584 haec
2583 2527 2769 2584 eadem
2795 2528 3118 2585 concludere
3146 2545 3249 2585 non
3281 2532 3576 2600 po’ssiunts,
3617 2532 3714 2589 sed

2129 2614 2279 2686 quod
2326 2615 2692 2672 necessarium
2723 2616 2996 2682 duximus,
3030 2625 3083 2672 ct
3118 2617 3323 2674 utiliter
3352 2620 3419 2674 ad
3451 2635 3562 2677 rem
3592 2634 3712 2692 per;

2131 2705 2305 2762 linere
2350 2707 2595 2762 videmus
2623 2707 2690 2772 ",
2722 2706 2864 2763 illius
2889 2706 3129 2762 auctoris
3160 2708 3300 2764 dicta
3352 2723 3570 2779 ponere.
3624 2711 3711 2765 cui

2126 2796 2367 2851 maxime
2381 2793 2777 2869 G[otcscalcus]
2794 2795 3099 2851 haereticus
3112 2797 3192 2851 sui
3212 2797 3424 2851 nefandi
3444 2799 3715 2867 dogmatis

2130 2897 2324 2939 causas
2352 2883 2488 2939 solet
2526 2883 2747 2939 referre.
2777 2881 2929 2937 Nulla
2960 2884 3159 2939 etenim
3199 2886 3467 2954 scriptura
3502 2898 3611 2950 est,
3645 2889 3712 2942 de

2129 2989 2236 3044 qua
2270 2989 2374 3028 non
2406 2973 2565 3030 facile
2607 2989 2712 3030 non
2764 2973 3124 3045 intelligeutcs
3162 2989 3282 3030 eam
3310 2990 3470 3045 prava
3504 2977 3712 3044 possint

2132 3065 2355 3120 sentire.
2382 3064 2517 3121 llinc
2537 3074 2642 3131 est,
2669 3066 2811 3137 quod
2832 3065 3135 3137 praedictus
3153 3076 3463 3123 sanctorum
3491 3067 3710 3123 van-um

2133 3155 2424 3212 mendosus
2455 3155 2786 3212 adulterator
2831 3156 3057 3220 merito,
3089 3158 3214 3211 dum
3248 3156 3490 3212 veritatis
3536 3173 3712 3229 neque

2129 3245 2200 3300 sit
2233 3244 2602 3316 investigator,
2632 3259 2807 3316 neque
2836 3246 3105 3311 inventor,
3135 3261 3238 3301 nun
3270 3260 3333 3301 ea
3356 3288 3369 3311 ,
3389 3261 3530 3317 quae
3559 3258 3711 3316 pater

2128 3336 2457 3407 Augustinus
2503 3337 2616 3395 suis
2661 3337 2837 3394 verbis
2885 3337 3162 3393 insinuare
3192 3338 3380 3396 voluit.
3421 3337 3706 3403 intellexit,

2128 3429 2224 3483 sed
2248 3438 2409 3493 utea,
2435 3443 2574 3500 quae
2595 3428 2708 3499 ipse
2736 3442 2766 3482 a
2794 3442 2853 3484 se
2879 3428 2995 3499 ipso
3020 3439 3182 3498 atque
3211 3427 3425 3484 diabolo
3459 3428 3501 3461 ³³
3528 3429 3707 3488 tinvit.

2130 3524 2399 3587 suaderet,
2414 3520 2670 3591 praedicti
2692 3519 2871 3577 Patris
2896 3533 2998 3576 neu
3028 3519 3243 3590 quidem
3270 3521 3428 3577 verba
3459 3520 3512 3575 in
3538 3521 3642 3576 sibi
3669 3522 3711 3557 υ

2128 3611 2545 3678 convenientia,
2601 3611 2694 3667 sed
2749 3610 2907 3680 plane
2961 3612 3267 3667 resistentia
3314 3609 3578 3667 violenter
3628 3626 3711 3667 re-

2132 3699 2307 3754 torsit.

2199 3789 2287 3845 lli.
2324 3789 2425 3846 Ubi
2450 3791 2954 3863 primonotandum,
2976 3792 3118 3862 quod
3146 3802 3367 3847 sanctae
3394 3792 3708 3863 Scripturae

2128 3883 2753 3941 auctoritasineoncussa
2786 3883 2830 3915 “
2859 3884 3269 3955 praescicutiam
3294 3884 3455 3939 simul
3476 3895 3530 3940 et
3545 3898 3704 3955 prac-

2127 3973 2567 4040 destinationcm,
2615 3984 2710 4030 aut
2761 3975 2929 4031 solam
2985 3975 3228 4029 absolute
3258 3976 3706 4043 praedestinatio-

2128 4078 2272 4127 ncm,
2306 4076 2414 4118 non
2443 4065 2546 4120 nisi
2583 4065 2638 4120 in
2664 4065 2769 4130 his,
2797 4080 2933 4134 quos
2966 4067 3104 4120 Deus
3134 4065 3295 4133 elegit
3324 4064 3391 4118 ad
3429 4072 3709 4119 aeternam

2128 4152 2518 4209 beatitudinem
2564 4154 2965 4223 possidendam,
3014 4152 3319 4207 inveniatur
3371 4152 3616 4220 posuisse
3643 4153 3707 4206 ¹⁶.

2126 4242 2208 4297 Ad
2234 4244 2375 4313 quod
2404 4243 2739 4314 probandum
2767 4242 3006 4313 Apostoli
3037 4242 3177 4297 dicta
3209 4239 3497 4296 solliciunt.
3529 4242 3708 4311 Agens

2128 4334 2327 4404 quippe
2353 4334 2421 4389 ad
2452 4332 2765 4389 Romanos:
2791 4332 3023 4397 Scimus,
3076 4331 3269 4400 inquit,
3295 4332 3543 4402 quoniam
3580 4332 3707 4386 dili-

444 4417 610 4471 nihil.
640 4418 777 4486 Quid
829 4423 1012 4477 enim?
1057 4423 1307 4494 Nunquid
1352 4424 1436 4479 vel
1485 4426 1900 4495 praescientiam
1929 4427 2023 4483 Dei
2060 4462 2106 4521 υ
2131 4425 2367 4497 gentibus
2393 4425 2558 4481 Deum
2578 4425 2756 4479 omnia
2792 4427 3145 4493 cooperantur
3172 4425 3227 4477 in
3251 4423 3462 4488 bonum,
3488 4423 3591 4490 Itis,
3618 4425 3710 4494 qui
3784 4498 3789 4503 ι

448 4507 704 4575 destruit,
747 4511 830 4566 vel
864 4512 980 4581 ejus
1009 4513 1560 4583 praedestinatiouem
1587 4516 1901 4581 contemnit,
1932 4517 2026 4587 qui

446 4611 542 4653 cas
583 4601 841 4657 translate
868 4604 936 4658 de
963 4601 1075 4658 Deo
1096 4604 1401 4675 praedicari
1431 4604 1847 4672 asseritlQuasi
1871 4606 1892 4639 ⁸
1915 4621 2021 4661 non

442 4688 616 4758 possit
659 4706 693 4745 a
741 4693 1130 4773 temporalibus
1178 4694 1247 4750 ad
1294 4703 1512 4751 acterna
1585 4695 1868 4751 translatio
1907 4696 2020 4753 fieri

450 4782 609 4837 modo
633 4783 870 4853 quodam
914 4786 1306 4854 similitudinis,
1335 4798 1429 4844 aut
1456 4790 1524 4846 ab
1554 4790 1658 4855 bis,
1689 4788 1829 4860 quae
1873 4799 2022 4856 sunt,

442 4874 517 4928 ad
546 4890 632 4941 ea,
662 4891 808 4946 quae
835 4894 942 4933 non
966 4889 1117 4944 sunt,
1153 4882 1313 4937 modo
1338 4882 1701 4953 pulcherrimo
1727 4884 2025 4940 contrarie-

444 4966 607 5021 tatis?
641 4967 753 5025 Aut
792 4971 945 5039 quasi
979 4980 1158 5028 rectae
1184 4971 1306 5027 ﬁdei
1355 4974 1593 5039 resistat,
1626 4974 1671 5028 si
1701 4975 1825 5045 quis
1849 4974 2019 5038 ,dicat,

2130 4517 2418 4572 secundum
2459 4517 2781 4588 propositum
2824 4517 2991 4570 vocati
3038 4524 3198 4581 sunt;
3247 4516 3528 4586 quoniam,
3577 4533 3706 4588 quos

2121 4618 2250 4663 ante
2261 4610 2534 4678 praesciuit
2553 4648 2569 4675 ,
2597 4617 2645 4662 et
2673 4606 3076 4677 praedestinavit
3097 4606 3390 4676 conformes
3414 4608 3530 4675 ﬁeri
3566 4612 3704 4663 ima—

2118 4698 2266 4768 :ginis
2290 4696 2417 4752 Filii
2445 4698 2550 4764 sui,
2569 4705 2623 4751 ut
2643 4698 2708 4753 sit
2728 4698 2837 4768 ipse
2855 4698 3228 4769 primogenitus
3252 4699 3309 4752 in
3328 4698 3505 4753 multis
3527 4699 3709 4769 fratri-

2131 4791 2246 4847 bus.
2293 4790 2436 4857 Quos
2475 4801 2649 4847 autent
2671 4791 3094 4862 praedestinavit,
3142 4790 3262 4845 illos
3300 4800 3346 4844 et
3390 4792 3623 4855 vocavit;
3658 4799 3706 4843 et

2129 4896 2260 4954 quos
2293 4886 2512 4948 vocavit,
2550 4883 2691 4952 ipsos
2721 4892 2767 4936 et
2789 4880 3140 4952 justiticavit;
3179 4897 3308 4937 cuos
3345 4890 3516 4935 autent
3541 4880 3707 4949 justi-

2131 4976 2336 5045 ﬁcavit,
2376 4976 2516 5046 ipsos
2558 4986 2608 5032 et
2650 4975 2960 5049 gloriﬁcavit
2990 4987 3038 5028 ι.
3084 4974 3215 5030 Item
3257 4974 3324 5029 ad
3355 4970 3701 5046 Ephesios":

1687 5106 1940 5163 VARIAE
1973 5108 2369 5169 LECTIONES.

513 5218 533 5250 ¹
558 5216 650 5272 Sic
671 5218 821 5282 cod.,
845 5218 914 5271 Μ.
938 5236 1020 5274 ea.
1096 5222 1117 5251 '
1144 5220 1235 5275 Sic
1264 5220 1410 5281 cod.,
1438 5218 1508 5273 M.
1531 5232 1669 5272 vero.

439 5286 770 5357 deligentius.

1749 5217 1769 5294 ξ
1800 5216 1952 5274 Corr.
1980 5219 2074 5294 lit,
2100 5221 2221 5275 eod.
2250 5224 2605 5294 praecutiunt,
2657 5224 2681 5255 ι
2704 5221 2860 5294 corr.
2892 5219 2986 5294 il,
3023 5219 3146 5294 eod.
3172 5220 3448 5294 urgentia.
3504 5216 3696 5294 _'__Cod.

872 5289 893 5320 ⁸
926 5289 1072 5362 _Cod._
1096 5293 1296 5360 quaesi.
1373 5290 1504 5362 [Sic
1535 5290 1680 5353 cod.,
1716 5287 1786 5362 lli.
1813 5291 2085 5362 praesciuit
2135 5300 2183 5345 et
2226 5287 2648 5362 praedestinavit.

2742 5293 2764 5324 ⁸
2793 5290 2923 5346 Cod.
2955 5289 3105 5343 nutu.
3173 5286 3217 5322 "
3240 5286 3373 5342 Cod.
3400 5287 3696 5356 per/tilium.

442 5356 488 5431 ff
536 5357 739 5431 Eadem
772 5366 865 5431 aut
895 5356 1167 5413 simillima
1201 5360 1444 5431 aequalis
1484 5373 1688 5431 manus
1711 5359 1776 5411 ad
1810 5356 1977 5431 marg.
2011 5361 2188 5415 adscr.
2226 5356 2331 5415 ilic
2373 5362 2499 5416 dicit
2540 5359 3062 5431 praedestinatiouem
3104 5358 3455 5431 necessitatem
3494 5356 3701 5431 inferre

445 5426 505 5499 ut;
529 5426 713 5499 conj”
761 5428 885 5499 cod,
900 5497 916 5499 _
935 5430 1190 5499 nunquid.

438 5497 540 5550 sibi
562 5498 793 5566 quidem.
873 5497 919 5529 ¹³
938 5497 1070 5554 Cod.
1107 5500 1407 5555 inconcusa.
1489 5499 1532 5530 ¹⁶
1555 5497 1686 5555 Cod.
1717 5497 1995 5559 possuisse.

510 5687 535 5716 ⁸
569 5676 725 5733 Rom.
753 5630 897 5746 Vlll,‘
916 5679 987 5735 28
1014 5696 1163 5751 seqq.

1315 5431 1356 5461 "
1405 5427 1507 5483 Sed
1548 5428 1688 5499 quod
1710 5457 1776 5467 -ο
1805 5426 2036 5482 videmus
2074 5445 2184 5483 om.
2214 5431 2283 5484 Μ.
2364 5433 2406 5464 ⁸³

1315 5516 1407 5555 tsa.
1489 5499 1532 5530 ¹⁶
1555 5498 1686 5555 Cod.
1717 5497 1995 5559 possuisse.
2079 5501 2117 5530 ¹⁷
2147 5500 2277 5556 Cod.
2308 5501 2432 5571 efesi

2190 5515 2277 5556 00.
2308 5515 2512 5556 etesias.

1914 5596 2185 5664 αΝυΐΑΕ.

2364 5433 2406 5464 ³³
2432 5422 2568 5485 Cod.
2593 5429 2828 5485 diabulo.
2911 5427 2953 5458 ”
2980 5427 3072 5482 Sic
3101 5427 3250 5492 cod.,
3289 5422 3360 5479 Μ.
3395 5422 3574 5482 verba
3596 5443 3700 5481 non
