4194 6276
538 320 643 397 599'

1909 342 2191 400 JOANNIS
2231 344 2429 400 SCOTI
2473 348 2477 353 ’

3678 343 3784 397 ἰαῦ

540 450 849 507 Benedictus
877 454 1015 507 Deus
1045 464 1092 507 et
1123 450 1280 508 Pater
1302 452 1512 509 Domini
1542 455 1704 509 nostri
1731 455 1859 509 Jesu
1886 454 2100 518 Christi,
2134 458 2179 516 Α
2216 474 2233 507 ι
2269 456 2365 510 Est
2390 454 2604 525 quidam
2627 453 2854 524 populus
2873 462 3226 524 praeparatus
3251 452 3318 509 ad
3335 452 3468 507 iram
3490 451 3606 520 Dei,
3630 455 3786 508 dam-

540 543 630 610 qui
662 543 920 597 benedixit
951 559 1044 596 nos
1082 544 1140 597 in
1178 545 1318 598 omni
1355 547 1707 600 benedictione
1751 547 2013 617 spirituali
2052 549 2108 601 in

543 631 848 686 coelestibus
876 633 929 686 in
952 630 1158 687 Christo
1178 633 1309 688 Jesu
1340 636 1471 690 sicut
1497 637 1645 706 elegit
1668 654 1761 693 nos
1782 638 1837 691 in
1857 641 1967 706 ipso
1991 647 2117 692 ante

544 723 963 776 constitutionem
990 725 1192 788 mundi,
1250 735 1305 779 ut
1337 742 1563 781 essemus
1588 730 1758 781 sancti
1783 738 1830 781 et
1848 728 1964 781 sine
1994 745 2111 781 ma-

543 810 669 864 cula
713 812 768 863 in
790 803 1063 881 conspectu
1087 813 1202 882 ejus
1229 814 1283 867 in
1311 816 1569 879 caritate;
1596 818 1987 885 praedestinans
2019 832 2117 870 nos

544 900 601 952 in
621 899 949 969 adoptionem
974 899 1207 968 ﬁliorum
1231 918 1325 971 per
1343 902 1525 956 Jesum
1546 902 1811 957 Christum
1839 907 1893 958 in
1916 907 2111 974 ipsum,

543 989 826 1044 secundum
856 990 1105 1060 placitum
1129 991 1412 1047 voluntatis
1425 980 1575 1059 suae,
1589 996 1658 1047 ad
1686 995 1894 1049 laudem
1915 997 2115 1066 gloriae

545 1081 745 1149 gratiae
764 1096 925 1147 suae,
964 1083 1019 1135 in
1058 1098 1162 1153 qua
1201 1083 1627 1153 gratiﬁcauitnos
1666 1086 1724 1138 in
1755 1085 1942 1140 dilecto
1971 1086 2115 1141 Filio

545 1185 665 1235 suo,
709 1170 764 1224 in
790 1187 894 1241 qua
934 1170 1183 1227 habemus
1230 1173 1631 1240 redemptio‘nem
1675 1192 1768 1243 per
1805 1177 2115 1246 sanguinem

544 1261 686 1330 ejus,
710 1262 1063 1321 remissionem
1082 1273 1409 1333 peccatorum
1447 1265 1731 1319 secundum
1761 1267 1971 1321 divitias
1994 1285 2116 1339 gra-

404 1353 407 1356 ’
494 1385 498 1389 ι
542 1355 649 1411 tiae
675 1357 809 1427 ejus,
824 1362 1401 1431 qmtesttperabuudaoit
1426 1363 1583 1418 innos
1599 1365 1652 1417 in
1677 1363 1818 1417 omni
1839 1362 2115 1431 sapientia,

545 1458 602 1515 et,
613 1451 920 1518 prudentia;
951 1453 1223 1508 ostendens
1250 1443 1811 1509 nobis-sacramentum
1834 1454 2117 1509 uoluntatis

545 1556 693 1605 suae,
719 1541 1003 1595 secundum
1029 1542 1219 1596 bonum
1246 1542 1661 1613 placitum'ejus,
1688 1544 1828 1614 quod
1843 1542 2119 1612 proposuit

545 1632 600 1684 in
622 1647 702 1696 eo,
726 1631 799 1683 ad
829 1632 1223 1701 dispositionem
1256 1632 1593 1702 plenitudinis
1623 1642 1931 1703 temporum,
1954 1642 2011 1686 ut
2034 1648 2117 1685 re-

545 1731 844 1776 staurentur
855 1722 1028 1776 omnia
1042 1725 1096 1776 in
1111 1722 1337 1786 Christo,
1355 1739 1489 1793 quae
1507 1732 1628 1778 sunt
1647 1725 1701 1777 in
1716 1722 1895 1787 caelis,
1915 1731 1963 1776 et
1984 1737 2117 1792 quae

2210 550 2420 603 nandus
2440 564 2563 604 cum
2585 548 2798 602 diabolo
2819 550 2839 578 ²
2862 564 2909 611 ›;
2940 548 3069 601 item
3097 547 3163 601 de
3182 545 3400 603 Judaeis
3421 546 3439 586 τ
3463 565 3477 601 :
3498 547 3624 601 «.lsti
3650 547 3795 601 indi-

2212 646 2438 706 gnantes
2465 638 2659 692 mortui
2687 646 2740 691 et
2761 638 2918 691 morti
2947 636 3308 705 sempiternae
3321 636 3700 706 praedestinati
3735 655 3788 690 ν,

2210 728 2343 785 Item
2371 747 2386 785 :
2416 749 2434 781 ι
2463 730 2640 796 Quare
2675 729 2809 783 dixit
2829 728 3088 781 Dominus
3104 724 3341 790 Iudaeis,
3371 741 3463 781 vos
3491 742 3593 780 non
3625 724 3795 779 credi-

2213 819 2296 883 tis,
2331 818 2453 890 quia
2480 834 2583 871 non
2605 818 2727 871 estis
2748 832 2813 870 ea:
2835 815 3014 869 ovibus
3033 816 3159 868 meis
3190 816 3237 879 Β,
3278 813 3382 868 nisi
3410 813 3534 883 quia
3568 814 3793 868 videbat

2217 922 2312 962 eos
2380 908 2447 962 ad
2492 907 2877 976 sempiternum
2915 904 3189 959 interitum
3214 904 3642 975 praedestinaws
3664 905 3696 944 Ιι
3725 919 3785 968 »ς

2215 997 2527 1063 identidem,
2556 997 2700 1066 quod
2735 996 2989 1051 Dominus
3019 995 3190 1051 dicit:
3221 1011 3371 1049 nemo
3405 1004 3569 1064 potest
3605 1011 3789 1064 rapere

2215 1089 2280 1143 de
2321 1105 2481 1142 manu
2522 1087 2685 1154 patris
2722 1088 2823 1141 mei
2867 1088 2914 1152 ί,
2943 1085 3278 1156 explanando
3329 1085 3667 1154 persequitur
3710 1083 3790 1138 di-

2217 1193 2346 1234 cens
2376 1197 2389 1232 :
2421 1197 2441 1230 (
2475 1178 2612 1245 Quid
2651 1183 2829 1246 potest
2852 1175 3030 1245 lupus,
3057 1174 3185 1244 quid
3220 1181 3397 1243 potest
3417 1172 3504 1228 fur
3535 1182 3590 1227 et
3614 1172 3792 1226 latro?

2218 1268 2333 1324 Non
2354 1268 2598 1338 perdunt,
2627 1266 2730 1321 nisi
2762 1265 2827 1321 ad
2851 1265 3124 1321 interitum
3148 1262 3576 1334 praedestinatos
3601 1261 3614 1311 i
3662 1281 3706 1314 ι.
3731 1261 3791 1315 lu

2218 1359 2374 1425 libro,
2401 1372 2562 1429 quem
2593 1364 2747 1413 vocat
2775 1355 3117 1411 Encbiridion
3153 1355 3176 1387 ³
3205 1372 3220 1408 :
3252 1374 3271 1406 ‹
3305 1353 3451 1409 Haec
3481 1361 3608 1409 sunt
3635 1372 3681 1419 ι,
3713 1354 3793 1407 in-

2220 1451 2355 1519 quit,
2382 1469 2400 1501 c
2427 1465 2619 1520 magna
2640 1463 2796 1515 opera
2820 1445 3028 1500 Domini
3045 1445 3304 1516 exquisita
3329 1447 3384 1499 in
3411 1445 3793 1499 omnesoolun—

2220 1549 2353 1594 tates
2384 1540 2498 1609 ejus
2530 1539 2579 1603 ιι,
2608 1544 2662 1592 et
2685 1548 2791 1591 tam
2821 1536 3089 1605 sapienter
3110 1533 3399 1603 exquisita,
3433 1541 3534 1597 ut...
3556 1548 3680 1588 cum
3704 1548 3797 1586 an-

2221 1632 2393 1702 gelica
2437 1639 2495 1685 et
2519 1631 2753 1684 humana
2805 1636 3051 1683 creatura
3097 1630 3392 1695 peccasset,
3444 1624 3499 1678 id
3528 1632 3643 1688 est,
3686 1637 3796 1677 non

2224 1725 2368 1795 quod
2413 1724 2525 1790 ille,
2553 1724 2647 1778 sed
2671 1721 2814 1791 quod
2842 1720 3011 1777 voluit
3056 1718 3197 1787 ipsa,
3223 1715 3463 1780 fecisset,
3489 1715 3657 1770 etiam
3696 1727 3797 1782 per

545 1826 702 1879 super
728 1819 944 1878 terram,
989 1812 1044 1865 in
1088 1813 1220 1882 ipso,
1266 1814 1323 1866 in
1350 1828 1450 1882 quo
1483 1822 1532 1867 et
1553 1822 1690 1867 sorte
1720 1815 1886 1867 vocati
1910 1829 2112 1878 sumus,
2148 1817 2191 1876 Β
2219 1816 2444 1873 eandem
2480 1822 2762 1870 creaturae
2782 1810 3136 1875 voluntatem,
3160 1821 3267 1876 qua
3294 1804 3492 1860 factum
3519 1812 3624 1867 est,
3649 1801 3797 1871 quod

544 1901 918 1970 praedestinati
970 1902 1254 1957 secundum
1303 1905 1625 1973 propositum
1661 1902 1756 1958 Dei
1796 1904 1860 1958 ab
1895 1921 1954 1958 eo
1976 1944 1990 1969 ,
2026 1905 2117 1975 qui

548 1993 723 2047 omnia
746 2003 990 2062 operatur
1007 1993 1290 2047 secundum
1314 1994 1587 2047 consilium
1613 1992 1895 2049 voluntatis
1923 2010 2050 2049 suae
2063 2007 2112 2048 ει.

546 2082 749 2142 Contra
792 2084 949 2138 istam
971 2084 1217 2138 veritatis
1236 2094 1342 2138 tam
1369 2083 1569 2138 claram
1594 2085 1775 2138 tubam
1807 2084 1928 2153 quis
1959 2084 2118 2138 homo

538 2172 762 2229 sobriae
787 2173 1164 2244 vigilantisque
1201 2174 1322 2229 ﬁdei
1352 2188 1516 2228 voces
1550 2174 1799 2228 admittat
1822 2174 2118 2230 humanas?

549 2264 683 2331 Quis
712 2266 766 2321 in
796 2282 860 2321 ea
887 2281 992 2321 non
1026 2267 1206 2321 audiat
1238 2267 1780 2335 praedestinationem
1811 2268 2118 2325 omnimodo

549 2370 672 2413 esse
720 2365 1035 2413 sanctorum
1060 2399 1077 2425 ,
1137 2357 1284 2413 nullo
1337 2359 1495 2415 modo
1546 2374 1706 2429 posse
1760 2358 1878 2415 ﬁeri
1930 2374 2117 2430 repro-

549 2447 780 2503 borum?

619 2536 709 2592 IV.
741 2538 1005 2605 Quoniam
1051 2554 1183 2597 vero
1220 2547 1440 2597 sanctus
1466 2549 1621 2612 pater
1662 2540 1914 2596 Aurelius
1946 2540 2125 2611 Augu-

554 2626 757 2694 stinus,
774 2629 1113 2700 eloquentiae
1138 2616 1476 2686 Christianae
1490 2631 1893 2700 copiosissimus
1914 2640 2123 2695 auctor,

553 2719 940 2776 solertissimus
960 2722 1202 2777 veritatis
1218 2722 1520 2790 inquisitor,
1545 2722 1797 2792 propriae
1810 2721 2129 2776 translatae-

552 2824 659 2879 que
684 2809 985 2873 locutionis,
1026 2812 1092 2867 ad
1112 2813 1431 2868 exercitium
1458 2827 1667 2876 eorum,
1694 2812 1784 2881 qui
1811 2826 1933 2867 eum
1961 2811 2129 2865 lectu-

549 2899 599 2953 ri
630 2907 834 2965 essent,
856 2899 1219 2957 nobilissimus
1242 2903 1452 2968 doctor,
1471 2900 1791 2970 aliquotiens
1821 2901 1873 2953 in
1909 2914 2129 2954 suorum

548 2988 810 3045 librorum
842 2992 862 3024 ¹
890 2992 1030 3047 serie
1068 2993 1342 3047 invenitur
1364 2991 1597 3056 dixisse,
1637 2990 1804 3044 Deum
1840 2987 2134 3059 praedesti-

2217 1907 2440 1964 Creator
2458 1904 2649 1969 noluit,
2669 1901 2913 1973 impleret
2933 1900 3068 1970 ipse,
3092 1897 3237 1967 quod
3261 1894 3446 1959 voluit,
3468 1892 3607 1948 bene
3626 1900 3792 1946 utens

2219 2006 2275 2053 et
2300 1996 2485 2061 malis,
2511 2002 2761 2062 tanquam
2785 2004 2994 2044 summe
3021 1989 3216 2051 bonus,
3249 1984 3318 2038 ad
3359 1997 3544 2038 eorum
3570 1981 3795 2037 damna-

2222 2089 2441 2152 tionem,
2467 2099 2602 2154 quos
2620 2083 2766 2151 iuste
2786 2077 3210 2152 praedestinavit
3243 2075 3313 2131 ad
3353 2088 3606 2145 poenam,
3633 2079 3689 2126 et
3725 2070 3800 2125 ad

2219 2192 2403 2235 eorum
2427 2175 2677 2238 salutem,
2702 2187 2838 2242 quos
2881 2169 3112 2238 benigne
3139 2165 3562 2238 praedestinavit
3582 2163 3657 2217 ad
3673 2176 3797 2232 gra-

2222 2269 2351 2322 tiam
2385 2264 2411 2306 ι
2447 2285 2493 2320 ι.
2543 2264 2674 2318 Item
2717 2276 2784 2318 ex
2809 2261 2999 2315 eodem
3033 2258 3172 2313 libro
3215 2271 3234 2310 :
3278 2274 3298 2307 ι
3340 2254 3602 2309 Dicuntur
3631 2251 3837 2333 etiam,

2220 2357 2316 2427 filii
2343 2357 2628 2426 gehennae,
2651 2367 2756 2406 non
2775 2364 2844 2404 ex
2869 2349 2959 2404 illa
2987 2349 3125 2413 nati,
3156 2346 3253 2403 sed
3273 2345 3329 2400 in
3351 2344 3497 2399 illam
3512 2355 3802 2427 praepara-

2224 2426 2284 2510 ti,
2315 2445 2455 2500 sicut
2483 2442 2576 2496 ﬁlii
2598 2440 2748 2509 regni
2770 2444 3161 2508 praeparantur
3182 2435 3235 2488 in
3261 2447 3486 2503 regnum
3510 2442 3554 2470 ιιι
3574 2449 3621 2483 ι.
3652 2428 3712 2484 ln
3737 2426 3801 2482 li-

2222 2534 2321 2590 bro
2346 2534 2410 2588 de
2431 2529 2761 2601 perfectione
2778 2526 3020 2595 iustitiae
3053 2522 3287 2579 hominis
3314 2539 3328 2575 :
3358 2539 3377 2573 ι
3406 2519 3461 2579 ιη
3483 2531 3549 2574 eo
3585 2537 3605 2571 ›
3635 2556 3651 2583 ,
3687 2517 3802 2582 ait,

2230 2642 2250 2675 ι
2275 2636 2471 2693 genere
2492 2620 2792 2683 hominum,
2814 2614 2955 2685 quod
2969 2612 3421 2684 praedestinatum
3445 2615 3529 2664 est
3546 2607 3613 2663 ad
3634 2607 3799 2661 inter-

2227 2714 2360 2769 itum
2388 2722 2417 2750 ιι
2453 2732 2499 2765 ι.
2541 2710 2599 2765 In
2621 2708 2780 2763 libris
2803 2707 2868 2762 de
2889 2705 3119 2761 Civitate
3146 2703 3237 2758 Dei
3265 2720 3281 2756 :
3315 2719 3336 2752 ε
3368 2699 3507 2767 Quid
3526 2697 3675 2752 dabit
3695 2697 3804 2762 eis,

2229 2818 2368 2875 quos
2387 2799 2809 2872 praedestinavit
2829 2797 2895 2852 ad
2911 2796 3096 2861 vitam,
3115 2793 3207 2864 qui
3226 2795 3360 2849 haec
3380 2790 3524 2848 dedit
3542 2789 3645 2855 eis,
3664 2802 3809 2859 quos

2227 2889 2650 2964 praedestinavit
2680 2887 2746 2941 ad
2775 2894 3000 2941 mortem
3028 2891 3053 2919 ο
3080 2903 3129 2937 ι.

2307 2982 2389 3038 Vl.
2425 2982 2520 3037 His
2562 2988 2617 3037 et
2652 2976 2959 3047 huiusmodi
3001 2974 3182 3031 verbis
3224 2971 3475 3029 catholici
3510 2970 3533 3002 ⁸
3565 2966 3809 3024 auctoris

549 3096 714 3136 nasse
743 3081 939 3152 impios
983 3083 1052 3136 ad
1090 3082 1368 3138 interitum
1420 3096 1516 3136 seu
1545 3096 1768 3151 poenas,
1797 3096 1860 3134 ac
1904 3095 2000 3150 per
2030 3081 2133 3134 hoc
2233 3074 2372 3130 solet
2409 3073 2677 3129 haeretica
2715 3069 2954 3124 insanire
2980 3064 3262 3130 vecordia,
3309 3061 3579 3152 ﬁdemque
3625 3059 3807 3152 minus

550 3149 976 3239 intelligentibus
1000 3185 1145 3235 eum,
1170 3179 1230 3224 ut
1258 3171 1336 3224 ait
1355 3149 1667 3238 Apostolus,
1694 3169 1865 3238 factus
1894 3149 1969 3221 est
1997 3167 2126 3219 odor
2154 3156 2199 3218 C
2228 3164 2561 3218 eruditorum
2584 3159 2782 3229 lupinis
2807 3156 3059 3231 dentibus
3081 3154 3304 3209 laniare.
3328 3151 3461 3220 Quis
3485 3151 3626 3206 enim
3653 3149 3805 3239 ignot-

550 3262 687 3316 uitae
713 3262 767 3315 in
789 3262 967 3325 vitam,
993 3276 1098 3314 non
1120 3259 1541 3330 intelligentibus
1562 3272 1692 3312 vero
1718 3258 1847 3310 odor
1864 3257 2046 3310 mortis
2072 3256 2128 3309 in

552 3360 773 3405 mortem
790 3351 840 3416 ι),
862 3350 1163 3419 praesentis
1188 3363 1383 3404 causae
1398 3349 1536 3402 ratio
1550 3345 1805 3417 postulat,
1820 3345 1987 3414 ipsius
2002 3360 2126 3399 ver-

551 3444 623 3498 ba
652 3443 805 3510 quasi
851 3441 1066 3495 sibimet
1118 3440 1466 3510 repugnantia
1514 3452 1797 3508 ponamus,
1834 3436 1913 3490 uti
1960 3435 2130 3490 lector

554 3530 1114 3601 intelligensefacilius
1141 3531 1403 3594 intendat,
1451 3544 1558 3600 quo
1604 3544 1801 3597 genere
1842 3525 2131 3582 locutionis

555 3621 774 3686 dixerit,
797 3619 1336 3689 praedestinationem
1356 3620 1597 3675 divinam
1613 3620 1826 3689 utrique
1851 3617 2130 3673 hominum

557 3710 741 3780 generi
782 3709 1090 3775 convenire,
1120 3710 1371 3764 videlicet
1409 3710 1596 3764 electis
1622 3725 1722 3780 per
1762 3709 2010 3780 gratiam,
2050 3722 2134 3762 re-

556 3798 808 3867 lictisque
873 3814 971 3868 per
1012 3798 1297 3870 justitiam,
1352 3800 1650 3868 eademque
1718 3798 1880 3864 dicta,
1937 3798 2131 3867 quibus

559 3889 701 3945 male
725 3891 926 3945 utendo
945 3890 1249 3945 haereticus
1273 3891 1476 3944 erroris
1501 3890 1582 3945 sui
1606 3888 1885 3959 perfidiam
1907 3897 2132 3943 conatur

558 3988 825 4048 astruere,
872 3983 1119 4052 ponenda
1145 3997 1263 4037 esse
1294 3979 1675 4048 indicavimus,
1704 3990 1763 4036 ut
1791 3983 1995 4037 eisdem
2040 3996 2129 4037 sa-

560 4076 729 4146 gittis,
760 4090 902 4145 quas
923 4076 977 4130 in
1003 4076 1166 4130 corda
1194 4074 1517 4145 simplicium
1542 4074 1791 4131 incautus
1809 4081 2128 4138 extorserat,

559 4165 874 4221 vulneratus
902 4165 1139 4221 recedat.

572 4268 577 4269 ⁷
632 4265 699 4320 V.
738 4264 828 4320 Ait
851 4278 980 4335 ergo
1002 4263 1333 4335 Augustinus
1354 4263 1406 4319 in
1428 4264 1659 4335 quadam
1691 4263 1913 4318 bomilia
1942 4263 2007 4318 ad
2032 4276 2132 4333 po-

559 4354 744 4425 pulum
800 4369 1077 4424 exponens
1130 4353 1259 4409 illud
1299 4353 1574 4423 Evangelii
1625 4372 1638 4406 :
1681 4350 1934 4422 Princeps
1975 4351 2134 4421 hujus

561 4445 744 4498 mundi
751 4445 865 4512 jam
874 4443 1148 4511 judicatus
1160 4451 1235 4497 est
1258 4454 1305 4507 ο,
1329 4462 1347 4493 ι
1374 4442 1424 4495 id
1444 4450 1526 4496 est
1540 4441 1744 4510 judicio
1764 4441 1903 4512 ignis
1927 4440 2131 4494 aeterni

2234 3253 2464 3307 rantium
2493 3250 2680 3305 modos
2704 3247 3060 3311 locutionum,
3089 3244 3288 3314 quibus
3311 3242 3484 3298 sancti
3508 3240 3697 3295 Patres
3723 3236 3802 3292 uti

2230 3342 2425 3406 solent,
2452 3354 2559 3395 non
2586 3337 2744 3392 facile
2772 3335 2941 3406 possit
2968 3334 3170 3399 seduci,
3209 3329 3478 3386 audiendo
3496 3325 3801 3400 praedesti-

2228 3443 2388 3490 natos
2402 3440 2625 3487 aeterno
2646 3429 2757 3500 igni
2777 3469 2791 3494 ,
2816 3434 3164 3498 praeparatos
3183 3423 3403 3479 adiram
3422 3420 3550 3487 Dei,
3577 3416 3803 3490 praede-

2231 3524 2459 3579 stinatos
2483 3520 2643 3576 morti
2665 3518 3047 3588 sempiternae,
3075 3513 3503 3586 praedestinatos
3529 3509 3597 3564 ad
3637 3507 3804 3562 inter-

2231 3616 2385 3677 itum,
2418 3612 2485 3667 ad
2510 3624 2738 3680 poenam
2754 3649 2777 3677 ,
2799 3616 3087 3677 ceteraque
3129 3606 3183 3663 id
3209 3617 3407 3674 genus,
3461 3608 3539 3664 ut,
3555 3598 3670 3653 sine
3698 3595 3804 3651 ulla

2232 3703 2588 3759 haesitatione
2633 3699 2912 3766 concedat,
2941 3707 3035 3753 aut
3073 3697 3210 3753 duas
3259 3688 3805 3765 praedestinationes,

2233 3811 2395 3853 unam
2435 3794 2593 3866 plane
2619 3800 2955 3857 sanctorum,
2981 3789 3214 3844 alteram.
3238 3784 3522 3855 impiorum
3543 3820 3558 3846 ,
3590 3777 3807 3834 sibimet

2233 3902 2333 3959 per
2385 3886 2565 3942 omnia
2598 3883 2920 3948 contrarias,
2967 3887 3062 3934 aut
3089 3892 3251 3932 unam
3298 3873 3628 3939 eandemque
3672 3867 3807 3923 divi-

2234 3993 2358 4033 nam
2397 3974 2942 4047 praedestinationem
2990 3977 3317 4036 sanctosque
3354 3962 3657 4033 impiosque
3692 3972 3807 4047 am-

2231 4046 2413 4139 plecti,
2452 4079 2679 4135 eamque
2707 4061 2871 4118 simul
2913 4056 3330 4118 contrariorum,
3361 4051 3506 4122 quod
3538 4046 3811 4139 ratiohde-

2234 4138 2415 4228 negat,
2443 4170 2563 4212 esse
2581 4168 2855 4226 capacem.
2873 4151 2971 4207 Cui
2997 4146 3269 4205 delendae.
3289 4143 3541 4200 miseriae
3581 4138 3809 4194 utillime

2235 4246 2624 4313 succurritur',
2647 4245 2863 4315 quando
2882 4243 3069 4298 eadem
3084 4233 3506 4310 praedestinatio
3520 4230 3812 4288 secundum
3841 4291 3847 4297 ι

2235 4336 2462 4393 eundem
2505 4334 2862 4403 Augustinum
2905 4330 3160 4386 deﬁnitur
3200 4326 3256 4393 °,
3309 4323 3539 4393 eiusque
3573 4316 3812 4375 deﬁnitio

2237 4429 2351 4483 suis
2400 4426 2724 4482 dictionibus
2764 4421 3087 4478 defenditur.
3125 4418 3259 4473 Esto
3284 4415 3481 4485 igitur,
3518 4408 3809 4471 haeretice,

562 4496 993 4586 irrevocabiliter
1037 4496 1334 4586 destinatus
1379 4540 1463 4585 est
1508 4496 1623 4583 (ι’).
1676 4529 1738 4584 In
1783 4496 2129 4598 Expositione
2164 4499 2212 4558 θ
2234 4525 2479 4591 parabis.
2515 4522 2610 4569 θυι
2656 4522 2710 4569 ιθ
2742 4512 3053 4576 defendere.
3080 4507 3222 4578 (ιιιοά
3251 4504 3409 4598 ηυΠοᾼ
3445 4500 3603 4556 “mdo
3640 4496 3809 4598 ξξθιθδθ

563 4636 779 4690 quoque
824 4620 1096 4689 Evangelii
1125 4622 1415 4676 secundum
1442 4621 1725 4685 Joannem,
1763 4621 1853 4676 ubi
1889 4621 2134 4676 testimo-

564 4712 715 4766 nium
746 4711 1121 4780 praecursoris
1140 4712 1226 4765 sui
1250 4711 1318 4764 de
1341 4710 1554 4766 Christo
1585 4711 1854 4779 explanat,
1906 4709 2037 4764 dicit
2061 4720 2084 4747 θ
2119 4724 2137 4759 :

2241 4589 2334 4669 aut
2357 4622 2413 4668 te
2429 4611 2740 4675 emendare,
2769 4608 2911 4679 quod
2939 4614 3108 4676 potes,
3136 4602 3182 4656 si
3200 4595 3415 4654 veritati
3437 4589 3807 4679 contradicere

2247 4706 2481 4762 desinas.
2504 4701 2645 4756 Audi
2671 4672 3167 4769 praedestinationis
3186 4686 3399 4743 divinae
3427 4678 3686 4737 terminos
3705 4672 3800 4728 de-

1841 4820 2098 4875 VARIAE
2134 4813 2534 4874 LECTIONES.

635 4931 652 4963 ί
691 4922 802 4978 Sic.
836 4917 982 4982 cod.,
1022 4914 1073 4969 Μ
1137 4913 1388 4968 librorum
1428 4928 1665 4967 suorum.
1740 4912 1763 4943 ’
1813 4911 1944 4966 Cod.
1990 4910 2222 4964 diabulo.
2296 4909 2318 4940 ³
2344 4907 2475 4963 Cod.
2515 4901 2862 4961 encheiridon.
2936 4898 2960 4929 δ
2986 4893 3118 4950 Cod.
3173 4884 3435 4949 catoloci;
3508 4881 3588 4939 sic
3617 4886 3804 4945 saepe-

570 5017 593 5050 '
622 5016 732 5073 Sic.
771 5015 841 5072 Μ.
863 5054 878 5080 ,
937 5013 1061 5068 cod.
1107 5001 1502 5067 succureitntur.
1578 5008 1600 5041 ⁸
1626 5008 1757 5065 Cod.
1789 5005 2059 5077 diﬁinitur,
2084 5005 2163 5060 sic
2188 5003 2405 5073 ubique.

2062 5116 2310 5176 NOTAE.
2328 5171 2333 5175 .

639 5241 666 5270 ι
692 5230 891 5300 Ephes.
912 5227 965 5300 _l_,
996 5226 1211 5300 bseqq.

639 5301 669 5341 ι)
693 5296 882 5356 ΠὉοτ.
911 5297 974 5354 ll.
994 5296 1080 5351 16.

646 5369 841 5425 ¢Joan.
873 5366 1012 5430 XVI,
1050 5367 1171 5436 iis,
1436 5430 1478 5436 __
1650 5428 1661 5436 _
1726 5426 1746 5436 ,
1896 5423 1908 5436 ,

639 5440 666 5477 ιι
699 5437 981 5507 Augustin.
1001 5426 1229 5490 'homilia
1255 5433 1324 5489 95
1353 5449 1407 5507 in
1430 5428 1680 5501 Evangel.
1712 5426 1954 5483 Joannis.

647 5522 670 5575 ει
700 5503 979 5575 Augustin.
1004 5507 1134 5558 ibid.
1161 5512 1315 5559 tract.
1347 5503 1432 5558 M.

647 5574 668 5611 ί
700 5574 1139 5644 Λυςιιεζίηηὶὺὶά.

648 5647 672 5682 Β
698 5643 852 5697 Joan.
880 5643 948 5707 Χ,
975 5643 1060 5696 46.

646 5714 671 5753 ιι
698 5713 984 5782 Augustin.
1010 5711 1138 5765 ibid.
1167 5720 1318 5766 tract.
1350 5711 1437 5764 48.

2318 5210 2333 5248 i
2366 5204 2522 5261 Joan.
2554 5202 2627 5269 Χ,
2649 5202 2740 5257 29.

2315 5274 2647 5397 ἰῖὶιιςῖιεὲἓ.
2748 5268 2787 5323 l.

2413 5360 2510 5397 sa.
2641 5382 2655 5397 .
2725 5379 2738 5392 .

2413 5360 2510 5398 sal.
2543 5360 2655 5406 ωι,
2683 5360 2738 5393 z.

2320 5415 2333 5451 ι
2365 5396 2654 5481 signum:
2678 5403 3025 5481 Enchiridion
3061 5396 3259 5456 c.100.

2314 5492 2349 5513 ὐ
2371 5478 2651 5548 Augustin.
2678 5478 2806 5548 ibid.
2865 5542 2880 5548 Δ
3008 5540 3021 5548 .
3251 5533 3309 5548 __

2318 5563 2344 5589 η
2372 5535 2656 5619 Augustin.
2679 5546 2742 5619 de
2760 5540 3216 5619 perfect._jus_t:_e.
3246 5535 3333 5619 Et:

2325 5631 2348 5655 ο
2372 5601 2654 5690 Augustin.
2687 5601 2932 5669 ue'criu.
2962 5601 3054 5664 o'et
3078 5606 3241 5669 xxn,
3268 5601 3361 5656 at.
