4194 6276
381 332 481 396 401

1477 333 1678 388 LIBER
1718 333 1802 388 DE
1841 332 2542 389 PRAEDESTINATIONE.

3521 333 3626 389 402

387 444 665 509 ﬁnitionis,
716 459 853 515 quos
883 443 1058 500 nullus
1097 453 1248 517 recte
1286 446 1618 502 credentium
1650 454 1745 500 aut
1774 446 1952 500 minus
1980 447 2026 504 A
2054 460 2239 497 verum
2284 453 2389 506 est,
2433 457 2551 508 sua,
2602 456 2740 511 quae
2785 443 2892 498 falli
2939 445 3242 514 mutarique
3287 459 3394 499 non
3425 454 3619 514 potest,

386 544 590 599 artare,
621 543 712 590 aut
747 536 864 606 plus
893 537 1053 590 audet
1098 538 1404 598 extendere,
1439 537 1615 592 nullus
1653 539 1953 592 contentio-

389 639 484 679 sus
515 633 690 694 potest
716 625 1004 680 inﬁrmare.
1033 625 1089 679 In
1118 625 1258 680 libro
1286 627 1352 679 ad
1379 625 1699 696 Prosperum
1728 637 1781 680 et
1806 627 1953 682 Hila-

393 715 532 770 rium
553 734 566 769 :
587 735 604 766 α
626 715 1048 771 Praedestinatio
1061 724 1145 770 est
1167 735 1214 781 ι,
1232 717 1424 785 inquit,
1448 736 1466 768 ι
1490 731 1627 785 quae
1647 717 1764 772 sine
1795 732 1957 784 prae-

387 806 612 861 scientia
633 820 736 860 non
764 813 935 874 potest
955 819 1095 860 esse.
1122 797 1307 860 Potest
1332 816 1512 860 autem
1526 821 1646 861 esse
1661 807 1780 861 sine
1808 819 1960 874 prae-

386 895 742 949 destinatione
777 896 1161 965 praescientia.
1205 892 1707 950 Praedestinatione
1757 894 1956 964 quippe

384 985 525 1040 Deus
552 1001 613 1040 ea
643 987 966 1056 praescivit,
994 1001 1134 1054 quae
1166 985 1341 1040 fuerat
1367 987 1480 1054 ipse
1507 986 1744 1041 facturus
1770 1003 1783 1041 :
1816 987 1959 1040 unde

384 1074 586 1129 dictum
619 1085 703 1130 est
730 1075 881 1140 fecit,
909 1091 1050 1145 quae
1078 1076 1255 1128 futura
1284 1086 1426 1130 sunt.
1467 1075 1748 1130 Praeseire
1777 1084 1958 1128 autem

384 1174 564 1234 potest
586 1167 602 1196 ¹
639 1166 825 1232 etiam,
846 1180 986 1236 quae
1013 1166 1128 1235 ipse
1153 1181 1258 1219 non
1274 1164 1423 1231 facit,
1445 1166 1585 1220 sicut
1611 1180 1963 1236 quaecunque

388 1263 612 1322 peccata
635 1266 660 1294 τι
699 1274 746 1309 ι.

469 1343 579 1397 Vll.
632 1344 885 1410 Attende,
940 1344 1116 1414 qualis
1169 1346 1242 1400 sit
1282 1346 1384 1401 ista
1437 1347 1695 1411 deﬁnitio,
1743 1363 1880 1417 quae
1930 1363 1962 1402 a

395 1431 698 1488 differentia
723 1443 804 1488 est
833 1443 1103 1504 assumpta
1130 1437 1170 1488 ³.
1199 1436 1295 1490 Est
1327 1437 1489 1507 igitur
1518 1439 1640 1494 talis
1661 1439 1963 1493 differentia

395 1524 542 1578 inter
552 1523 1089 1593 praedestinationem
1106 1533 1157 1578 et
1171 1527 1605 1594 praescientiam,
1627 1529 1768 1598 quod
1791 1529 1966 1583 omnis

392 1615 813 1684 praedestinatio
841 1617 1198 1685 praescientia
1219 1658 1234 1682 ,
1259 1634 1364 1672 non
1395 1629 1572 1674 autem
1602 1620 1778 1674 omnis
1809 1634 1968 1690 prae-

392 1705 616 1761 scientia
648 1707 1087 1784 praedestinatio.
1141 1708 1508 1766 Praescientia
1542 1727 1776 1781 namque
1827 1715 1965 1782 ipsa,

2054 538 2410 607 praescienlia
2437 551 2599 606 opera
2629 551 2725 590 sua
2757 536 2935 591 futura
2969 537 3273 606 disponere,
3297 537 3351 590 id
3379 538 3625 600 omnino,

2056 645 2156 684 nec
2182 629 2323 682 aliud
2352 628 2642 698 quidquam
2666 636 2750 681 est
2773 627 3173 696 praedestinare
3205 645 3219 679 :
3247 642 3434 680 verum
3463 637 3546 680 est
3574 628 3625 680 id

2057 720 2274 775 omnino
2289 735 2420 774 :nec
2433 719 2576 773 aliud
2597 719 2885 788 quidquam
2907 732 2991 773 eSt
3017 718 3438 787 praedestinare,
3464 733 3626 784 quam

2057 811 2112 865 in
2138 825 2259 876 sua,
2291 825 2431 880 quae
2461 809 2571 863 falli
2600 809 2904 877 mutarique
2919 823 3022 862 non
3049 815 3245 877 potest,
3270 806 3629 875 praescicntia

2057 915 2220 970 opera
2247 916 2343 954 sua
2367 900 2546 954 futura
2569 899 2875 967 disponere.
2907 897 3045 951 Hinc
3069 895 3351 951 conﬁcitur
3370 895 3472 950 alia
3501 911 3633 950 con-

2056 991 2256 1045 versio.
2292 990 2348 1044 Si
2391 990 2568 1044 omnis
2615 988 2990 1058 praescientia,
3025 1003 3132 1056 qua
3161 989 3302 1041 Deus
3340 1002 3503 1057 opera
3531 1001 3630 1040 sua

2060 1083 2238 1137 futura
2281 1081 2561 1150 disposuit,
2595 1081 2773 1134 divina
2811 1077 3230 1149 praedestinatio
3257 1087 3342 1131 est
3385 1094 3399 1130 :
3453 1078 3634 1132 omnis

2060 1172 2502 1244 praedestinatio,
2531 1186 2636 1240 qua
2668 1172 2810 1226 Deus
2835 1185 3000 1240 opera
3017 1184 3112 1225 sua
3140 1159 3320 1222 futura
3348 1169 3633 1239 disposuit,

2061 1265 2242 1318 divina
2264 1263 2619 1332 praescientia
2637 1272 2720 1318 est
2744 1280 2758 1316 :
2781 1263 3064 1317 conﬁcitur
3087 1277 3232 1331 ergo,
3255 1259 3606 1331 praedestina

2036 1359 2264 1429 ,tionem
2290 1357 2387 1410 Dei
2431 1371 2540 1411 non
2582 1371 2702 1412 esse
2740 1356 2841 1410 nisi
2877 1357 2931 1410 in
2968 1351 3222 1426 operibus
3251 1355 3387 1425 ejus,
3419 1353 3641 1422 quando

2065 1449 2199 1504 nihil
2230 1449 2428 1511 minus,
2458 1447 2593 1502 nihil
2637 1447 2868 1518 amplius
2890 1447 3198 1502 continetur
3220 1445 3272 1498 in
3295 1442 3412 1512 ejus
3443 1441 3637 1497 deﬁni-

2066 1539 2210 1594 tione
2233 1545 2448 1607 praeter
2473 1537 2773 1592 divinorum
2786 1549 3008 1605 operum
3038 1534 3462 1602 dispositionem.

2136 1631 2201 1686 ll.
2233 1629 2338 1685 Sed
2367 1630 2434 1683 ad
2463 1629 2597 1682 haec
2615 1627 2856 1680 dicturus
2885 1641 2944 1680 es
2975 1643 2987 1679 :
3019 1625 3098 1678 Ad
3146 1625 3236 1690 Dei
3257 1637 3432 1692 opera
3468 1619 3638 1690 perti-

2068 1735 2222 1786 nere,
2247 1720 2393 1791 jttste
2427 1717 2759 1774 damnandos
2807 1715 3219 1785 praedestinare
3264 1713 3331 1766 ad
3377 1726 3634 1782 poenam,

389 1810 498 1866 qua
545 1796 686 1852 Deus
711 1797 1001 1865 praescivit
1045 1814 1132 1864 ea,
1161 1815 1303 1870 quae
1332 1801 1502 1856 fuerat
1548 1804 1661 1872 ipse
1701 1804 1964 1868 facturus,
1997 1793 2040 1851 Β
2068 1813 2210 1869 sicut
2250 1813 2318 1866 ad
2352 1811 2468 1881 ejus
2491 1824 2654 1879 opera
2681 1807 2930 1877 pertinet,
2955 1806 3125 1875 gratia
3152 1804 3437 1859 salvandos
3479 1815 3638 1871 prac-

390 1891 812 1959 praedestinatio
855 1907 981 1948 vere
1027 1895 1440 1966 specialiterque
1482 1897 1697 1954 dicitur.
1731 1898 1804 1952 Ea
1839 1915 1969 1966 vero

390 1981 774 2050 praeseientia,
786 1999 890 2052 qua
904 1999 964 2038 ea
976 2024 990 2049 ,
1005 1999 1143 2054 quae
1161 2000 1264 2039 non
1284 1985 1440 2052 facit,
1455 1989 1768 2057 praescivit,
1794 1990 1846 2045 id
1862 1999 1966 2057 est,

394 2081 613 2142 peccata
640 2088 934 2145 eorumque
957 2079 1552 2147 poenas,praescientia
1583 2081 1829 2137 absolute
1856 2082 1972 2152 pla-

395 2163 505 2215 cuit
527 2165 730 2227 vocari,
747 2164 840 2228 ita,
867 2173 925 2218 ut
953 2180 1015 2219 ea
1034 2169 1401 2222 tantummodo
1417 2171 1799 2238 praescientia,
1829 2187 1970 2241 quae

396 2253 594 2308 dicitur
630 2257 1070 2324 praedestinatio,
1099 2259 1151 2312 in
1180 2260 1321 2314 bono
1351 2276 1568 2331 semper
1596 2264 1967 2332 intelligatur;

398 2342 514 2398 sola
542 2359 669 2399 vero
697 2347 1048 2414 praeseientia
1079 2349 1194 2404 sine
1217 2351 1712 2418 praedestinatione
1747 2356 1970 2411 omnino

402 2431 666 2486 malorum
694 2444 798 2498 est,
829 2449 966 2503 quae
995 2435 1139 2491 Deus
1167 2453 1271 2491 non
1310 2438 1458 2494 facit.
1489 2441 1556 2495 Et
1579 2457 1648 2495 ne
1677 2443 1816 2498 ullus
1847 2445 1971 2500 inde

403 2521 692 2582 dubitaret.
729 2525 921 2593 adjecit
972 2545 986 2580 :
1045 2546 1065 2578 ε
1109 2526 1370 2594 Quocirca
1407 2533 1827 2599 praedestinatio
1856 2536 1968 2595 Dei,

402 2629 545 2681 quae
566 2614 619 2668 in
635 2615 774 2669 bono
795 2624 898 2680 est,
917 2617 1123 2686 gratiae
1153 2628 1234 2674 est
1264 2623 1637 2689 praeparatio;
1661 2625 1831 2694 gratia
1848 2641 1973 2681 vero

399 2715 486 2760 est
516 2706 683 2775 ipsius
701 2708 1204 2775 praedestinationis
1218 2709 1444 2766 effectus
1470 2712 1498 2752 ιι
1529 2733 1571 2768 ι.
1599 2714 1740 2768 Idem
1760 2716 1811 2769 in
1837 2715 1973 2772 libro

401 2795 470 2851 de
497 2797 646 2852 Dono
672 2801 1104 2867 perseverantiae
1126 2802 1314 2857 eadem
1333 2803 1544 2873 planius
1560 2806 1732 2874 aperit
1756 2806 1970 2861 dicens:

410 2905 430 2938 σ
461 2887 567 2942 Ista
615 2889 778 2958 igitur
808 2903 903 2944 sua
934 2892 1094 2959 dona,
1144 2894 1554 2964 quibuscumque
1606 2895 1743 2950 Deus
1789 2874 1972 2964 donat,

403 2979 591 3042 procul
645 2980 808 3034 dubio
834 2997 892 3036 se
923 2983 1173 3038 daturum
1215 3001 1336 3042 esse
1384 2989 1688 3057 praescivit,
1714 2997 1768 3043 et
1797 2990 1847 3044 in
1878 3006 1973 3045 sua

405 3071 767 3136 praescientia
799 3074 1155 3141 praeparavit.
1189 3075 1330 3140 Quos
1386 3091 1514 3147 ergo
1551 3079 1972 3146 praedestinavit,

407 3159 552 3230 ipso;
578 3170 626 3212 et
655 3163 849 3214 vocavit
872 3173 921 3228 ε,
948 3165 1228 3219 vocatione
1256 3165 1360 3228 illa,
1384 3168 1450 3221 de
1471 3183 1573 3236 qua
1604 3168 1804 3224 dictum
1846 3180 1932 3225 est
1958 3186 1973 3224 :
2004 3152 2048 3214 (ἶ

411 3247 540 3302 Sine
583 3252 896 3318 poenitentia
923 3263 1044 3307 sunt
1073 3255 1208 3310 dona
1235 3265 1281 3310 et
1319 3258 1515 3311 vocalia
1542 3259 1638 3312 Dei
1659 3260 1708 3313 ἀ.
1735 3259 1978 3330 Namque

404 3338 458 3390 in
488 3354 605 3404 sua,
636 3355 776 3408 quae
802 3340 908 3396 falli
937 3345 1236 3414 mutarique
1261 3361 1365 3400 non
1391 3357 1589 3416 potest,
1620 3352 1976 3419 praescientia

402 3442 566 3496 opera
619 3445 716 3484 sua
766 3428 941 3486 futura
975 3433 1280 3502 disponere,
1323 3437 1376 3490 id
1428 3440 1678 3503 omnino,
1708 3455 1805 3495 nec
1836 3442 1979 3496 aliud

401 3521 694 3589 quidquam
736 3534 819 3578 est
852 3526 1256 3592 praedestinare
1304 3541 1328 3568 ο
1382 3549 1426 3584 ι.
1480 3531 1618 3586 Huic
1649 3532 1982 3589 clarissimae

392 3611 563 3664 tubae
591 3617 754 3681 atque
787 3616 1162 3682 apertissimae
1197 3617 1631 3676 Christianorum
1677 3632 1979 3678 castrorum

405 3700 525 3765 quis
556 3701 836 3758 dissonare
862 3703 884 3735 ³
911 3715 1220 3772 praesumat
1238 3708 1261 3761 ’ἱ
1292 3707 1442 3774 Quae
1466 3711 1807 3781 apertissima
1853 3728 1982 3768 voce

409 3804 663 3845 resonare
711 3808 818 3846 non
851 3794 1062 3860 desinit,
1117 3796 1170 3849 id
1217 3798 1457 3864 omnino,
1507 3815 1607 3856 nec
1649 3801 1792 3856 aliud
1841 3819 1981 3868 esse,

410 3879 580 3932 Deum
624 3883 1051 3949 praedestinare,
1080 3899 1241 3953 quam
1284 3889 1639 3956 praescientia
1672 3906 1766 3944 sua
1796 3889 1980 3959 opera,

411 3985 552 4038 quae
599 3971 710 4040 ipse
751 3971 988 4049 factums
1013 3975 1214 4041 fuerat,
1251 3978 1558 4046 disponere.
1609 3979 1727 4045 Dic,
1759 3995 1984 4048 quaeso,

408 4069 588 4115 utrum
621 4063 722 4116 ista
755 4064 994 4121 definitio
1039 4068 1550 4136 praedestinationis
1587 4087 1714 4126 vera
1763 4074 1872 4137 sit,
1915 4089 1984 4126 an

408 4151 587 4207 falsa?
618 4152 674 4207 Si
706 4153 836 4209 falsa
867 4164 971 4218 est,
1022 4158 1354 4226 reprehende
1379 4160 1753 4228 Augustinum;
1783 4163 1826 4216 si
1858 4177 1984 4215 vera

409 4251 515 4306 est,
548 4243 672 4297 talis
699 4243 813 4298 ﬁeri
855 4261 1074 4303 necesse
1097 4256 1197 4314 est,
1228 4249 1404 4317 qualis
1433 4251 1545 4319 ipse
1576 4251 1653 4305 ait
1679 4253 1731 4306 in
1760 4252 1897 4306 libro
1919 4255 1986 4306 de

412 4331 627 4384 animae
659 4333 958 4399 quantitate
1007 4349 1022 4391 :
1074 4354 1093 4387 ‹
1128 4336 1381 4392 Deﬁnitio
1404 4339 1425 4370 ’⁵
1457 4339 1594 4394 nihil
1624 4341 1818 4403 minus,
1854 4340 1988 4395 nihil

414 4421 649 4489 amplius
677 4425 930 4491 continet,
958 4443 1119 4497 quam
1157 4429 1247 4493 id,‘
1273 4431 1416 4499 quod
1449 4442 1760 4501 susceptum
1788 4441 1871 4488 est
1893 4449 1988 4488 ex-

412 4509 752 4577 plicandum;
779 4513 934 4570 aliter
961 4518 1182 4571 omnino
1209 4519 1400 4574 vitiosa
1429 4530 1512 4576 est
1541 4522 1562 4561 ί
1605 4542 1647 4576 i.
1678 4522 1868 4576 Utrum
1891 4539 1987 4576 au-

415 4591 523 4653 tem
566 4601 866 4672 hujusmodi
899 4606 1044 4662 vitiis
1071 4617 1276 4674 careat,
1313 4610 1666 4667 conversione
1693 4612 1713 4643 ⁸
1743 4611 1988 4683 explora-

413 4697 519 4745 tur.

919 4765 1318 4823 CAPITULUM
1355 4767 1466 4824 XII.

729 4853 809 4907 De
834 4853 1135 4923 deﬁnitione
1156 4860 1666 4928 praedestinationis.

487 4959 528 5014 l.
561 4959 678 5017 Fiat
704 4961 867 5035 igitur
913 4963 1073 5034 hujus
1107 4966 1436 5024 deﬁnitionis
1472 4969 1753 5024 conversio
1795 4968 1894 5024 sic.
1928 4969 1988 5024 Si

2072 1905 2341 1960 destinare
2355 1904 2421 1958 ad
2444 1900 2855 1965 beatitudinem,
2873 1908 2926 1954 et
2945 1900 3048 1954 hoc
3064 1897 3384 1953 testimoniis
3397 1894 3643 1962 ejusdem

2071 1997 2242 2054 sancti
2265 1994 2547 2064 Augustini
2573 1992 2787 2046 ﬁrmare
2812 1990 3114 2046 conaberis.
3137 1988 3286 2054 Quae
3313 2002 3398 2050 eo,
3423 1999 3528 2052 quo
3551 1999 3648 2053 po-

2072 2087 2245 2149 suisti,
2275 2086 2464 2140 ordine
2500 2084 2796 2154 posuimus,
2825 2091 2886 2135 ut
2915 2081 2967 2135 in
2993 2081 3096 2142 eis,
3124 2095 3228 2133 non
3263 2076 3404 2146 quod
3439 2081 3514 2140 tu,
3549 2073 3644 2128 sed

2073 2179 2214 2250 quod
2255 2177 2342 2232 ille
2386 2176 2576 2240 voluit,
2623 2175 2918 2228 videamus.
2951 2171 3188 2240 Quonim
3224 2169 3270 2224 si
3304 2183 3469 2222 unum
3501 2173 3648 2220 recte

2075 2269 2234 2326 fuerit
2273 2268 2606 2338 expositum,
2657 2264 2882 2320 sufficiet
2931 2265 2998 2318 ad
3030 2262 3228 2317 "cetera
3283 2256 3644 2327 intelligenda.

2073 2359 2342 2414 Ponamus
2367 2371 2493 2426 ergo
2519 2355 2707 2410 illudzt
2730 2355 2922 2424 Magna
2945 2368 3099 2422 opera
3133 2350 3362 2413 Domini,
3389 2345 3650 2417 exquisita

2073 2452 2128 2504 in
2165 2465 2341 2503 omnes
2370 2447 2655 2502 votuntales
2681 2447 2796 2512 eius
2823 2447 2870 2509 ⁸,
2899 2453 2955 2499 et
2979 2453 3088 2497 tam
3117 2441 3388 2511 sapienter
3413 2435 3648 2505 exquisi-

2075 2552 2153 2606 ta,
2177 2548 2253 2604 ut,
2277 2555 2399 2594 eum
2422 2539 2660 2608 angelica
2682 2545 2735 2592 et
2753 2537 2985 2590 humana
3007 2543 3250 2588 creatura
3273 2536 3570 2600 peccasset,
3590 2525 3644 2579 id

2075 2639 2178 2694 est,
2233 2645 2341 2684 non
2369 2630 2510 2698 quod
2538 2627 2626 2681 ille
2646 2667 2661 2692 ,
2691 2625 2788 2682 sed
2839 2624 2980 2694 quod
3008 2621 3176 2676 voluit
3222 2620 3334 2688 ipsa
3359 2623 3378 2683 ;
3409 2616 3644 2678 fecisset,

2069 2720 2238 2775 etiam
2253 2734 2348 2788 per
2371 2718 2597 2773 eandem
2623 2724 2903 2771 creaturae
2924 2712 3250 2767 voluntatem
3275 2748 3292 2773 ,
3313 2723 3418 2777 qua
3443 2707 3646 2760 factum

2074 2819 2182 2876 est,
2199 2809 2340 2880 quod
2366 2809 2590 2864 Creator
2615 2805 2824 2870 noluit,
2855 2802 3102 2873 impleret
3127 2801 3264 2869 ipse,
3290 2797 3431 2865 quod
3457 2795 3649 2857 voluit,

2077 2908 2215 2961 bene
2264 2911 2423 2958 utens
2463 2907 2518 2956 et
2569 2898 2726 2954 malis
2751 2937 2766 2963 ,
2823 2904 3076 2963 tanquam
3105 2905 3313 2948 summe
3341 2891 3534 2951 bonus,
3581 2887 3649 2942 ad

2078 2976 2266 3051 eorum
2293 2991 2710 3054 damnationem,
2747 3001 2883 3056 quos
2921 2985 3065 3054 juste
3111 2979 3530 3053 praedestinavit
3582 2977 3651 3031 ad

2080 3099 2335 3156 poenam,
2367 3081 2501 3135 etad
2525 3093 2712 3134 eorum
2744 3076 2994 3137 salutem,
3023 3069 3403 3142 quosbenigne
3419 3065 3648 3136 praede-

2081 3175 2300 3231 stinavit
2325 3174 2392 3228 ad
2437 3171 2666 3243 gratiam
2690 3169 2720 3210 ιι
2752 3187 2794 3222 ι.
2825 3166 2964 3238 Ecce
2995 3165 3046 3218 in
3074 3176 3181 3216 una
3209 3159 3508 3226 eademque
3531 3169 3654 3209 sen-

2083 3266 2245 3322 tentia
2263 3282 2279 3318 :
2297 3283 2315 3315 t
2339 3261 2792 3318 Praedestinaviti
2805 3299 2819 3323 ,
2838 3257 3061 3325 inquit,t
3081 3253 3145 3308 ad
3166 3265 3390 3321 poenam
3403 3268 3420 3299 ι
3435 3260 3650 3316 ,cprae-

2079 3355 2370 3412 destinavit
2392 3355 2458 3408 ad
2485 3352 2713 3422 gratiam
2735 3370 2779 3404 ι.
2816 3348 2938 3410 Ubi,
2955 3357 3302 3415 quaesumus,
3328 3337 3655 3408 respondeas

2081 3447 2146 3500 ad
2171 3461 2253 3510 ea,
2272 3458 2409 3513 quae
2432 3444 2841 3510 interrogamus,
2865 3445 3044 3490 utrum
3075 3433 3140 3487 ad
3152 3430 3418 3500 justitiam
3437 3427 3550 3490 Dei,
3583 3441 3652 3479 an

2081 3537 2147 3590 ad
2191 3535 2306 3604 ejus
2346 3533 2574 3604 gratiam
2620 3530 2887 3599 pertineat
2922 3523 3322 3595 praedestinare
3360 3518 3552 3588 impios
3589 3515 3656 3568 ad

2081 3603 2310 3692 poenam
2333 3603 2367 3675 id
2416 3617 2805 3688 Respondebis,
2863 3614 3056 3678 credo,
3117 3611 3184 3665 ad
3212 3607 3518 3683 justitiam;
3584 3603 3660 3677 ait

2082 3714 2247 3777 enim,
2266 3726 2402 3780 quos
2417 3710 2560 3778 iuste
2581 3705 3000 3780 praedestinavit
3023 3703 3086 3781 ad
3102 3715 3352 3773 poenam,
3375 3711 3483 3771 non
3501 3695 3664 3766 igitur

2072 3804 2150 3858 ad
2171 3803 2419 3872 gratiam.
2436 3802 2515 3856 Ac
2537 3815 2630 3870 per
2660 3800 2785 3863 hoc,
2811 3798 2855 3852 si
2880 3809 3086 3865 poenae
3114 3789 3537 3863 praedestinatio
3564 3786 3664 3839 do-

2085 3909 2212 3948 num
2254 3892 2348 3946 Dei
2376 3907 2480 3946 non
2511 3899 2616 3955 est,
2663 3889 2758 3944 sed
2797 3887 3005 3957 peccati
3029 3883 3310 3952 judicium,
3353 3875 3665 3934 necessario

2085 3983 2350 4051 sequitur,
2382 3989 2443 4035 ut
2471 3988 2563 4034 aut
2614 3979 2808 4034 falsum
2835 3978 2926 4041 sit,
2979 3975 3124 4044 quod
3172 3973 3284 4040 ipse
3335 3968 3667 4037 Augustinus

2087 4074 2162 4127 ait
2195 4090 2210 4125 :
2251 4091 2268 4122 ι
2297 4068 2723 4125 Praedcstinatio
2754 4065 2880 4129 Dei,
2908 4078 3046 4134 quae
3084 4063 3139 4114 in
3163 4062 3306 4114 bono
3327 4066 3429 4120 est,
3463 4053 3668 4123 gratiae

2086 4175 2168 4222 est
2189 4162 2526 4234 praeparatio
2553 4163 2567 4201 ἱ
2610 4180 2628 4212 ›
2651 4177 2665 4225 ;
2689 4167 2782 4212 aut
2801 4173 2832 4211 e
2857 4152 3130 4210 contrario
3150 4149 3412 4217 accipitur
3441 4143 3666 4234 praede-

2088 4232 2305 4312 stinatio
2334 4265 2654 4322 poenarum.
2693 4249 2787 4302 Est
2817 4255 2997 4300 autem
3020 4255 3207 4296 verum
3231 4246 3284 4293 et
3309 4232 3663 4294 immutabile,

2087 4344 2229 4414 quod
2245 4343 2402 4407 dixit,
2430 4335 2848 4410 praedestinatio
2877 4334 2992 4396 Dei,
3016 4343 3156 4400 quae
3184 4328 3236 4381 in
3251 4327 3391 4380 bono
3413 4331 3518 4414 est,
3540 4335 3667 4414 gra-

2091 4409 2199 4489 tiae
2217 4443 2299 4488 est
2317 4409 2675 4501 praeparatio.
2694 4427 2736 4480 E
2750 4423 3024 4480 contrario
3038 4420 3200 4490 igitur
3228 4413 3451 4484 intelligi
3476 4409 3665 4473 voluit,

2091 4524 2233 4595 quod
2260 4522 2454 4593 posuit,
2487 4515 2909 4590 praedestinavit
2931 4514 2996 4568 ad
3025 4523 3274 4582 poenam.

2161 4613 2245 4668 lII.
2260 4591 2384 4667 Sed
2407 4627 2474 4665 ne
2503 4609 2638 4663 forte
2659 4605 2882 4675 objicias
2905 4604 2925 4636 °
2951 4621 2964 4657 :
2988 4602 3103 4657 Non
3128 4591 3670 4667 dixit,praedeslina«

2091 4707 2167 4759 tio
2193 4705 2289 4759 Dei
2317 4714 2399 4758 est
2425 4701 2632 4772 gratiae
2683 4695 3025 4769 praeparatio
3047 4736 3062 4761 ,
3117 4692 3211 4748 sed
3248 4686 3667 4760 praedestinatio

2094 4794 2212 4857 Dei,
2257 4806 2394 4860 quae
2422 4791 2475 4844 in
2503 4790 2643 4843 bono
2672 4796 2776 4852 est,
2805 4786 3010 4855 gratiae
3049 4791 3133 4838 est
3171 4777 3530 4850 praeparatio.
3563 4773 3665 4828 Ubi

2091 4883 2300 4936 videtur
2315 4881 2462 4936 locus
2490 4879 2719 4948 relinqui
2742 4876 2966 4931 alterius
2985 4867 3508 4945 praedestinationis.
3527 4877 3666 4931 quae

2092 4981 2344 5041 tanquam
2373 4971 2426 5025 in
2453 4970 2596 5025 malo
2644 4968 2744 5030 sit;
2798 4973 2892 5020 aut
2937 4965 3122 5020 eadem
3150 4954 3587 5032 praedestinatio,
3617 4950 3662 5004 si

1715 5083 1968 5139 VARIAE
2009 5084 2404 5142 LECTIONES.

490 5189 507 5217 ³
541 5185 611 5240 al.
649 5196 830 5256 potens
854 5198 951 5244 est.

1059 5191 1081 5223 ²
1109 5191 1240 5249 Cod.
1289 5203 1549 5263 asumpta.

414 5258 632 5311 obicias.

1650 5193 1672 5225 ³
1723 5193 1855 5248 Cod.
1907 5194 2170 5248 disonare.

2273 5195 2296 5225 ‘
2334 5195 2466 5250 Cod.
2503 5191 2720 5262 difﬁnio.
2796 5190 2818 5222 '
2841 5188 2971 5244 Cod.
3003 5184 3370 5240 converisione.
3459 5178 3480 5209 ‘
3527 5174 3660 5230 Cod.

1926 5325 2177 5382 NOTAE.

491 5431 517 5490 ξ
539 5419 826 5490 Augustin.
857 5422 920 5476 de
943 5419 1140 5475 Praed.
1166 5419 1483 5476 Sanctorum
1513 5433 1562 5475 c.
1587 5419 1672 5474 IO.

491 5489 520 5527 ¹³
540 5489 829 5558 Augustin.
865 5491 902 5542 ι.
919 5491 955 5542 ι.

489 5568 511 5595 π
548 5559 702 5612 Rom.
740 5559 872 5622 VIII,
910 5560 997 5613 ὅθ.

487 5627 514 5665 ἀ
547 5627 702 5681 Rom.
744 5628 836 5692 XI,
857 5629 948 5683 29.

496 5706 520 5734 ε
550 5698 841 5768 Augustin.
873 5699 937 5753 de
958 5697 1107 5754 Dono
1137 5714 1386 5767 persever.
1416 5713 1461 5751 ρ.
1489 5697 1565 5752 l7.

2174 5417 2195 5456 ί
2227 5417 2511 5486 Augustin.
2539 5421 2603 5473 de
2633 5418 2872 5484 Quantit.
2905 5414 3130 5468 animae.

2175 5489 2199 5526 ⁸
2227 5487 2364 5541 Psal.
2397 5488 2510 5552 CX,
2547 5489 2602 5541 2.

2171 5558 2197 5595 lt
2225 5550 2506 5626 Augustin.
2541 5554 2879 5626 Euchiridion
2903 5568 2952 5606 c.
2987 5550 3103 5626 IOQ.

2181 5639 2194 5665 ι
2228 5620 2455 5698 August.
2488 5627 2551 5680 de
2575 5625 2767 5680 Praed.
2794 5632 2960 5677 sanet.
2985 5637 3034 5676 c.
3061 5620 3146 5676 l0.
