4194 6276
536 313 643 367 403
1427 314 1433 321 ’
1794 310 1799 316 ’
1913 307 2033 364 10A
2042 308 2135 363 NN

2237 308 2434 366 SCOTI
2493 319 2499 324 ‘
2727 350 2732 353 -
3690 308 3797 367 ιοι

539 444 643 484 una
668 428 897 499 solaque
924 433 1026 491 est,
1057 425 1111 481 in
1145 426 1286 480 bono
1312 430 1370 481 et
1396 425 1451 481 iu
1482 425 1625 481 malo
1652 425 1770 482 ﬁeri
1809 441 1966 495 posse
2012 443 2116 482 non
2149 437 2193 490 Α
2224 425 2524 495 Scriptura,
2555 425 2993 496 quemadmodum
3037 425 3329 494 iruerfellat
3359 425 3525 483 Deum
3553 430 3798 487 adversus

540 528 789 591 negatur.
837 519 1075 574 Primum
1121 518 1361 581 attende,
1386 533 1548 571 unam
1591 517 1961 573 deﬁnitionem
1989 519 2126 574 duas
2229 515 2397 569 Israel
2424 527 2447 554 ο
2474 524 2528 571 et
2554 524 2756 570 cetera.
2790 514 2893 569 Sed
2920 517 3046 585 quid
3090 517 3215 571 dicit
3247 516 3343 579 illi,
3374 518 3567 588 inquit,
3600 537 3805 590 respon-

542 607 1063 678 praedestinationes
1112 606 1335 660 omnino
1369 621 1474 660 non
1500 622 1658 676 posse
1682 607 1996 671 continere;
2035 608 2127 661 de-

544 700 686 762 inde,
722 697 886 766 quod,
932 695 980 749 si
1013 693 1157 748 nulla
1198 694 1302 749 alia
1346 694 1588 749 deﬁnitio
1616 696 2127 766 praedestinationis

542 789 726 843 verior
765 783 1397 855 aptiorqueinveniatur,
1429 799 1591 852 quam
1623 783 1732 846 illa,
1764 800 1904 853 quae
1917 784 2129 852 praedi-

544 885 630 931 cta
655 874 757 937 est,
789 881 844 928 et
866 872 1000 927 nihil
1020 872 1123 926 nisi
1138 884 1301 941 opera
1326 869 1508 926 divina
1536 872 1966 942 comprehendit,
1986 885 2128 940 quae

547 967 694 1021 nullo
719 964 806 1035 pie
835 963 1168 1019 credentium
1195 961 1477 1017 dubitante
1505 964 1647 1018 bona
1673 972 1799 1017 sunt
1826 980 1839 1016 :
1872 962 2000 1033 quid
2029 977 2130 1019 nos

548 1057 710 1128 cogit,
737 1055 884 1111 aliud
911 1054 1113 1124 aliquid
1142 1052 1456 1118 subaudire,
1487 1053 1801 1119 audientes,
1831 1052 2131 1122 praedesti-

550 1149 825 1204 nationem
850 1146 966 1210 Dei,
994 1160 1134 1215 quae
1162 1145 1218 1198 in
1248 1144 1390 1200 bono
1407 1151 1511 1209 est,
1556 1143 1663 1198 nisi
1693 1156 1906 1213 semper
1929 1150 2131 1215 eam_et

548 1242 749 1296 bonam
777 1247 833 1294 et
868 1240 922 1294 in
951 1239 1092 1294 bono
1111 1236 1272 1293 esse?

622 1329 712 1384 IV.
754 1327 812 1384 Si
865 1339 1043 1384 autem
1092 1328 1251 1393 dicis,
1295 1328 1497 1382 bonum
1547 1333 1669 1392 est,
1722 1326 2132 1396 praedestinare

557 1423 756 1493 impios
786 1424 853 1477 ad
878 1434 1130 1493 poenam,
1159 1431 1216 1476 et
1241 1421 1362 1476 ideo
1393 1420 1533 1475 inter
1558 1432 1720 1489 opera
1754 1420 1850 1475 Dei
1876 1429 2132 1490 reputan-

554 1515 702 1579 dum,
733 1514 1141 1583 respondemus,
1182 1513 1408 1578 bonum,
1449 1511 1576 1581 quia
1597 1509 1827 1578 justum.
1861 1510 1971 1566 Sed
1996 1527 2133 1581 quo-

553 1602 699 1655 niam
730 1616 836 1656 non
873 1609 958 1656 est
1003 1603 1097 1657 Dei
1141 1603 1375 1666 donum,
1418 1615 1542 1654 cum
1588 1598 1706 1667 ejus
1749 1599 1820 1655 sit
1842 1599 2127 1670 judicium,

553 1691 730 1745 omnis
752 1699 931 1746 autem
962 1690 1383 1761 praedestinatio
1410 1688 1506 1743 Dei
1535 1690 1755 1745 omnino
1797 1696 1881 1744 est
1905 1702 2131 1758 praepa-

2226 620 2340 657 sum
2370 604 2601 657 dirinum
2619 605 2645 658 2
2665 602 2869 673 Reliqui
2892 605 3019 657 milii
3042 614 3237 672 septem
3258 606 3426 660 millia
3451 607 3802 678 virorum,qui

2227 710 2332 747 non
2378 704 2717 749 curvaverant
2740 711 2909 764 genua
2936 697 2957 729 ³
2985 706 3106 748 ante
3142 696 3279 750 Baal
3310 696 3353 751 ί.
3382 697 3500 752 Non
3526 700 3671 753 enim
3702 700 3797 763 ait,

2228 784 2414 839 relicta
2439 793 2567 839 sunt
2590 785 2743 848 mihi,
2770 794 2864 839 aut
2885 785 3221 854 reliquerunt
3240 801 3298 842 se
3322 788 3475 851 mihi,
3501 790 3594 843 sed
3617 788 3803 858 reliqui

2227 873 2375 926 mihi.
2400 871 2490 926 Sic
2516 889 2660 943 ergo,
2684 873 2880 941 inquit,
2913 885 2961 928 et
2986 874 3042 926 in
3070 874 3165 927 hoc
3189 885 3414 946 tempore
3442 877 3689 946 reliquiae
3709 892 3805 946 per

2226 962 2522 1017 electionem
2560 964 2760 1033 gratiae
2791 962 3011 1034 [salvae]
3043 963 3085 995 ‘°
3112 964 3284 1032 factae
3328 976 3467 1020 sunt.
3518 964 3574 1021 Si
3625 977 3800 1020 autem

2227 1053 2418 1122 gratia,
2441 1052 2559 1121 jam
2590 1067 2695 1105 non
2722 1067 2786 1104 ex
2808 1051 3068 1121 operibus,
3099 1052 3331 1123 alioquin
3359 1057 3525 1123 gratia
3546 1056 3658 1125 jam
3697 1072 3802 1111 non

2228 1151 2302 1195 est
2324 1142 2493 1210 gratia
2518 1142 2563 1195 ³.
2582 1140 2650 1195 Ει
2668 1148 2998 1196 cenuectcns
3020 1142 3128 1205 illa,
3146 1158 3289 1212 quae
3310 1142 3424 1212 jam
3448 1160 3609 1215 supra
3636 1146 3803 1200 inter-

2229 1234 2380 1304 posui
2400 1252 2412 1286 :
2443 1232 2583 1299 Quid
2602 1234 2763 1303 ergo?
2781 1233 2847 1287 Et
2867 1234 2993 1289 huic
3015 1236 3420 1304 interrogationi
3443 1240 3800 1307 respondens:

2228 1323 2366 1393 quod
2388 1323 2690 1392 quaerebat,
2713 1324 2908 1393 inquit,
2925 1323 3116 1391 Israel,
3137 1326 3238 1380 hoc
3258 1344 3362 1381 non
3380 1336 3455 1381 est
3478 1339 3804 1395 consecutus,

2228 1410 2407 1465 electio
2427 1421 2599 1465 autem
2616 1422 2887 1467 consecuta
2904 1422 2999 1477 est,
3030 1415 3185 1467 ceteri
3209 1430 3329 1468 vero
3341 1417 3605 1470 excaecati
3620 1426 3737 1471 sunt
3751 1418 3802 1471 ιι.

2228 1500 2288 1556 In
2317 1501 2416 1556 hac
2449 1517 2578 1572 ergo
2610 1503 2893 1569 electione,
2924 1511 2978 1559 et
3020 1505 3075 1558 in
3121 1504 3206 1559 his
3241 1506 3518 1576 reliquiis,
3551 1522 3690 1577 quae
3716 1524 3808 1578 per

2230 1594 2527 1651 electionem
2548 1599 2750 1668 gratiae
2794 1598 2967 1654 saluae
2995 1600 3166 1669 [actae
3192 1610 3352 1668 sunt,
3380 1602 3552 1657 voluit
3578 1602 3807 1673 intelligi

2229 1684 2441 1754 plebem
2467 1728 2483 1754 ,
2530 1704 2693 1758 quam
2728 1697 3012 1760 propterea
3062 1691 3203 1746 Deus
3248 1707 3355 1747 non
3404 1694 3636 1763 repulit,
3678 1695 3806 1764 quia

556 1782 693 1836 ratio
736 1784 962 1853 gratiae,
1010 1783 1297 1852 omnisque
1344 1782 1519 1853 gratia
1548 1783 1746 1837 donum
1766 1821 1781 1847 ,
1829 1783 2138 1838 necessario
2168 1770 2212 1829 Β
2241 1778 2551 1847 praescivit.
2570 1777 2810 1835 Haecest
2832 1780 2921 1835 illa
2941 1780 3155 1845 electio,
3179 1797 3283 1851 qua
3308 1796 3423 1848 eos,
3451 1797 3586 1852 quos
3613 1782 3806 1849 voluit,

554 1869 828 1939 colligitur
849 1871 1027 1929 omnis
1065 1871 1246 1925 divina
1283 1870 1710 1940 praedestinatio
1732 1869 1991 1925 donorum
2017 1868 2135 1938 ejus

553 1960 918 2030 praeparatio.
935 1960 1114 2016 Poena
1128 1961 1315 2031 procul
1331 1960 1492 2015 dubio
1520 1957 1872 2031 impiosjuste
1899 1967 2132 2030 torquet,

555 2050 699 2119 quod
721 2052 921 2107 donum
947 2067 1055 2108 non
1080 2060 1195 2118 est;
1229 2052 1493 2121 alioquin,
1522 2052 1568 2107 si
1601 2061 1745 2107 esset
1770 2051 2000 2117 donum,
2027 2068 2134 2109 non

556 2149 877 2211 torqueret,
932 2142 1028 2198 sed
1095 2143 1282 2212 utique
1336 2143 1614 2203 liberaret.
1668 2142 1791 2199 Non
1838 2150 1922 2198 est
1973 2144 2136 2214 igitur

556 2232 981 2300 praedestinatio
1005 2248 1199 2302 poena.
1221 2231 1375 2299 Quod
1396 2234 1441 2288 si
1463 2240 1627 2298 esset,
1651 2247 1760 2287 non
1784 2240 1929 2289 esset
1938 2248 2133 2303 poena,

556 2326 655 2381 sed
677 2326 871 2397 gratia.
891 2325 989 2382 Est
1013 2335 1193 2382 autem
1212 2341 1403 2395 poena.
1421 2324 1537 2383 Non
1556 2333 1641 2380 est
1662 2325 1827 2395 igitur
1846 2326 2138 2395 praedesti-

558 2417 852 2487 natioejus.
870 2419 1103 2475 Proinde
1119 2419 1665 2490 praedestiationem
1684 2418 1738 2472 in
1754 2417 1909 2474 donis
1923 2418 2138 2474 divinae

558 2510 831 2582 largitatis
861 2527 1077 2583 semper
1102 2511 1507 2581 intelligendam
1539 2524 1681 2576 esse,
1715 2512 1762 2566 si
1800 2510 1924 2582 quis
1955 2512 2138 2570 adhuc

559 2603 789 2669 dubitat,
819 2605 1014 2660 librum
1036 2604 1207 2660 sancti
1221 2604 1503 2675 Augustini
1529 2604 1594 2659 de
1616 2604 1767 2659 Dono
1781 2618 2137 2674 perseveran-

556 2693 670 2748 tiae
684 2695 926 2751 intentus
938 2697 1245 2768 perspiciat,
1262 2698 1318 2752 in
1333 2712 1400 2754 eo
1409 2697 1547 2762 loco,
1565 2698 1655 2753 ubi
1670 2697 1777 2752 ait:
1798 2716 1816 2749 ι
1841 2697 1986 2752 Ilaec
1998 2716 2039 2762 ι,
2058 2698 2140 2751 in-

558 2799 748 2854 quam,
779 2806 797 2839 r
827 2788 923 2843 Dei
952 2788 1091 2844 dona
1109 2829 1124 2855 ,
1148 2789 1193 2844 si
1222 2789 1369 2844 nulla
1391 2797 1475 2844 est
1505 2788 1948 2859 praedestinatio,
1975 2804 2138 2858 quam

558 2879 918 2947 defendimus,
933 2897 1042 2937 non
1058 2883 1436 2953 praesciuntur
1450 2897 1480 2935 a
1494 2882 1626 2937 Deo.
1642 2881 2026 2936 Praesciuntur
2040 2896 2138 2935 au-

558 2984 691 3030 tem.
714 2975 861 3031 Haec
878 2985 961 3031 est
973 2977 1137 3047 igitur
1150 2976 1590 3045 praedestinatio,
1603 2988 1763 3045 quam
1780 2972 2135 3028 defendimus.

2235 1865 2385 1935 elegit
2432 1867 2489 1922 in
2537 1868 2742 1923 Christo
2794 1879 2916 1924 ante
2960 1872 3379 1925 constitutionem
3428 1870 3606 1925 mundi
3636 1870 3702 1938 “,
3749 1880 3808 1926 ut

2235 1968 2402 2013 essent
2436 1961 2605 2014 sancti
2620 1970 2678 2014 et
2705 1960 3029 2016 inmaculati
3076 1964 3133 2017 in
3172 1972 3443 2032 conspectu
3486 1964 3601 2034 ejus
3638 1965 3694 2018 in
3718 1980 3809 2019 ca-

2235 2049 2425 2117 ritate,
2472 2051 2864 2119 praedestinans
2908 2068 2993 2108 eos
3030 2052 3085 2106 in
3125 2053 3454 2124 adoptionem
3496 2052 3727 2124 ﬁliorum
3759 2056 3804 2109 ί.

2234 2137 2423 2193 Nullus
2456 2139 2638 2210 igitur,
2670 2143 2762 2212 qui
2784 2143 2918 2197 haec
2938 2142 3425 2214 intelligit,negare
3449 2145 3533 2201 vel
3559 2147 3812 2202 dubi'are

2234 2232 2585 2302 permittitur,
2635 2233 2727 2289 ubi
2774 2235 2851 2290 ait
2895 2235 3235 2305 Apostolus:
3270 2236 3394 2292 Non
3435 2237 3621 2308 repulit
3667 2236 3810 2292 Deus

2234 2320 2429 2390 plebem
2457 2339 2625 2387 suam,
2653 2340 2811 2394 quam
2837 2324 3129 2394 praesciuit,
3160 2326 3711 2394 praedestinationem
3739 2328 3813 2381 si-

2237 2409 2495 2480 gniﬁcare
2538 2412 2794 2467 voluisse.
2841 2412 3141 2468 Praescivit
3185 2416 3330 2469 enim
3376 2416 3653 2485 reliquias,
3679 2432 3813 2486 quas

2239 2503 2539 2558 secundum
2588 2503 2908 2559 electionem
2955 2505 3161 2573 gratiae
3207 2504 3387 2559 fuerat
3414 2506 3527 2576 ipse
3547 2505 3808 2571 facturus,

2239 2594 2344 2649 hoc
2368 2602 2451 2649 est
2468 2609 2598 2662 ergo
2612 2595 3064 2664 praedestinavit;
3094 2594 3210 2651 sine
3233 2596 3395 2650 dubio
3406 2596 3549 2651 enim
3572 2598 3812 2666 praesci-

2239 2686 2348 2750 vit,
2396 2685 2441 2740 si
2471 2685 2913 2754 praedestinavit.
2961 2685 3067 2741 Sed
3106 2682 3539 2757 praedestinasse
3581 2695 3666 2741 est
3708 2687 3814 2742 hoc

2240 2775 2559 2844 praescisse,
2587 2776 2730 2844 quod
2755 2775 2931 2831 fuerat
2960 2776 3073 2845 ipse
3094 2774 3354 2831 facturus.
3386 2774 3525 2841 Quid
3553 2790 3681 2846 ergo
3711 2793 3812 2832 nos

2240 2865 2509 2933 prohibet,
2542 2866 2759 2932 quando
2782 2865 2920 2934 apud
2945 2866 3156 2935 aliquos
3179 2864 3329 2919 verbi
3370 2865 3463 2919 Dei
3490 2868 3814 2920 traCtatores

2242 2951 2472 3021 legimus
2502 2953 2598 3007 Dei
2629 2952 3045 3023 praescientiam
3069 2991 3085 3020 ,
3116 2961 3172 3007 et
3199 2953 3378 3021 agitur
3417 2952 3484 3006 de
3530 2954 3815 3008 vocatione

562 3067 715 3123 Unde
760 3040 1049 3137 aliquando
1095 3040 1284 3123 eadem
1331 3040 1755 3138 praedestinatio
1802 3064 2135 3134 signiﬁcatur

2243 3042 2574 3107 elecmrum,
2620 3043 2846 3096 eandem
2884 3042 3432 3112 .praedestinationem
3478 3040 3809 3110 intelligere;

559 3159 722 3213 etiam
745 3123 965 3215 nomine
981 3123 1393 3228 praescientiae,
1412 3123 1984 3226 sicutaitApostqus:
2015 3152 2139 3208 Non
2166 3123 2209 3184 Ο
2243 3133 2412 3228 "uisis
2437 3133 2580 3228 e"_im
2610 3131 3224 3228 "_r°':ff‘sse_"°l_“fr}"“
3251 3134 3355 3186 hoc
3394 3132 3555 3187 verbo
3579 3130 3631 3185 i"
3661 3146 3725 3185 ea
3754 3146 3815 3185 re

508 3313 527 3329 Ι
560 3251 748 3305 rettulit
799 3251 941 3307 Deus
990 3251 1187 3321 plebem
1214 3266 1396 3313 suam,
1424 3265 1583 3319 quam
1611 3248 1886 3316 praesciuit
1912 3258 1960 3298 α.
1993 3245 2092 3299 ilic
2119 3246 2135 3276 ⁸

559 3343 703 3411 quod
736 3342 807 3396 ait
834 3341 1147 3412 praescivit,
1171 3350 1276 3394 nan
1308 3348 1455 3393 recte
1489 3336 1824 3405 intelligitur,
1853 3335 1956 3389 nisi
1979 3348 2139 3404 prae-

559 3433 873 3497 destinavit,
900 3431 1041 3500 quod
1070 3430 1472 3487 circumstantia
1497 3429 1665 3498 ipsius
1689 3426 1935 3481 lectionis
1956 3436 2138 3480 osten-

560 3521 659 3575 dit.
691 3520 1032 3589 Loquebatur
1056 3521 1199 3573 enim
1223 3521 1289 3575 de
1313 3519 1554 3588 reliquiis
1595 3515 1921 3570 Iudaeorum
1943 3554 1958 3579 ,
1997 3529 2137 3583 quae

561 3608 739 3664 saluae
764 3610 934 3679 factae
960 3618 1080 3663 sunt
1114 3609 1465 3679 pereuntibus
1494 3605 1709 3662 ceteris.
1734 3605 1865 3658 Nam
1889 3604 2137 3673 superius

560 3700 772 3754 dixerat
817 3700 883 3753 ad
939 3700 1167 3765 Israel”,
1197 3700 1399 3754 dixisse
1446 3698 1767 3766 Prophetam
1813 3711 1826 3747 :
1879 3694 2008 3747 Tota
2053 3694 2139 3747 die

559 3791 766 3846 extendi
798 3791 819 3823 ³
851 3807 1040 3845 manus
1070 3807 1212 3845 meas
1233 3787 1579 3860 adpopulnm
1614 3803 1718 3840 non
1746 3784 2058 3847 credentem,
2089 3792 2137 3837 et

559 3880 996 3934 contradicentem
1042 3880 1091 3933 b.
1137 3880 1201 3933 Et
1246 3886 1500 3948 tanquam
1548 3874 1994 3944 responderetur,
2047 3871 2139 3925 ubi

558 3978 829 4041 sunt-ergo
852 3968 1027 4024 factae
1045 3967 1432 4039 promissiones
1460 3966 1557 4020 Dei
1579 3965 1648 4019 ad
1670 3962 1857 4027 Israel,
1882 3961 2139 4016 continuo

560 4057 839 4127 subjunxit
865 4077 878 4112 :
912 4058 1040 4112 Dico
1068 4075 1211 4129 ergo,
1242 4057 1478 4128 nunquid
1500 4053 1688 4124 repulit
1714 4053 1737 4085 "
1766 4053 1908 4106 Deus
1940 4050 2137 4121 plebem

558 4152 753 4207 suam?
784 4152 964 4217 Absit;
995 4167 1116 4205 nant
1160 4159 1210 4203 et
1243 4166 1337 4220 ego
1382 4145 1629 4202 lsraelita
1655 4160 1804 4207 sum,
1837 4158 1901 4196 ea:
1945 4139 2141 4195 semine

558 4243 827 4298 Abraham
852 4243 894 4309 ⁸,
937 4242 1076 4297 tribu
1100 4242 1122 4274 °
1159 4240 1441 4311 Benjamin
1469 4250 1517 4292 ε.
1553 4237 1846 4307 Tanquam
1888 4234 2134 4288 diceret:

560 4333 696 4390 Nam
725 4341 780 4390 et
805 4349 903 4406 ego
929 4348 996 4389 ex
1021 4335 1136 4404 ipsa
1160 4332 1318 4402 plebe
1345 4347 1487 4388 sum.
1517 4329 1722 4384 Deinde
1745 4324 1972 4389 addidit,
1998 4322 2140 4376 unde

560 4440 706 4479 nunc
743 4424 950 4493 agimus
980 4441 1126 4479 :non
1151 4424 1340 4492 repulit
1372 4422 1512 4476 Deus
1541 4419 1740 4490 plebem
1774 4432 1948 4481 suam,
1981 4428 2137 4485 quam

2242 3224 2340 3288 uti,
2373 3221 2517 3293 quod
2563 3231 2621 3277 et
2658 3221 2871 3276 facilius
2909 3220 3253 3293 intelligitur,
3297 3232 3352 3277 et
3393 3237 3498 3276 non
3528 3228 3811 3289 repugnat,

2243 3314 2351 3369 imo
2396 3323 2452 3368 et
2498 3313 2752 3385 congruit
2779 3312 3031 3377 veritati,
3063 3328 3204 3381 quae
3233 3314 3298 3366 de
3322 3311 3813 3381 praedestinatione

2238 3405 2446 3473 gratiae
2469 3402 2827 3473 praedicatur.
2859 3400 2974 3456 Hoc
3001 3402 3137 3467 scio,
3162 3400 3427 3456 neminem
3442 3408 3627 3455 contra
3653 3400 3812 3454 istam

2238 3490 2988 3561 praedestinationem,quam
3018 3490 3314 3544 secundum
3353 3488 3660 3557 Scriptores
3681 3503 3813 3541 san-

2241 3589 2358 3634 ctas
2382 3578 2735 3643 defendimus,
2766 3577 2869 3632 nisi
2898 3578 3132 3632 errando
3160 3578 3433 3648 disputare
3460 3578 3700 3647 potuisse
3724 3574 3738 3626 i
3759 3596 3807 3631 ι.

2310 3685 2374 3740 ν.
2403 3684 2461 3739 Si
2490 3698 2619 3752 ergo
2646 3684 2819 3738 sancti
2849 3682 3135 3752 Augustini
3162 3683 3487 3738 credendum
3518 3691 3603 3738 est
3623 3691 3811 3737 aucto-

2237 3774 2404 3836 ritati,
2432 3775 2597 3827 immo
2629 3787 2724 3841 per
2757 3787 2876 3826 eam
2907 3772 3158 3838 veritati,
3194 3772 3512 3827 inconcusse
3556 3772 3812 3827 debemus

2239 3865 2379 3919 hanc
2402 3861 2638 3933 regulam
2667 3872 2871 3927 tenere,
2895 3871 2955 3915 ut
2978 3862 3406 3931 quotiescunque
3426 3876 3524 3916 seu
3548 3861 3600 3915 in
3624 3868 3806 3916 sancta

2240 3955 2515 4025 Scriptura
2525 3993 2539 4018 ,
2554 3968 2649 4008 seu
2665 3953 2717 4007 in
2734 3954 3115 4009 tractatoribus
3130 3953 3246 4024 ejus
3260 3953 3670 4023 praescientiam
3684 3951 3816 4007 divi-

2239 4061 2362 4099 nam
2381 4045 2733 4114 reperiamus,
2749 4044 2875 4098 side
2886 4052 3195 4098 sanctorum
3218 4043 3479 4098 electione
3502 4057 3680 4098 sermo
3695 4041 3815 4096 iue-

2241 4137 2332 4201 ril,
2372 4135 2673 4190 nullatenus
2699 4150 2796 4204 per
2821 4149 2943 4188 eam
2964 4134 3065 4189 nisi
3088 4133 3631 4203 praedestinationem
3648 4132 3814 4202 signi-

2242 4223 2392 4277 ﬁcari
2406 4223 2752 4294 accipiamus.
2771 4221 2840 4276 Et
2850 4222 2896 4277 si
2916 4222 2998 4277 sic
3013 4222 3246 4291 est,quis
3260 4237 3363 4276 non
3382 4221 3585 4286 videat,
3599 4231 3813 4274 omnem

2241 4313 2335 4368 Dei
2353 4313 2770 4383 praescientiam
2793 4311 2863 4367 ad
2885 4320 3102 4367 sanctos
3128 4312 3486 4381 pertinentem
3509 4309 3641 4364 nihil
3669 4308 3815 4363 aliud

2241 4420 2383 4469 esse,
2415 4404 2520 4458 nisi
2570 4418 2758 4459 eorum
2804 4401 3650 4472 praedestinationem.’Proinde
3692 4415 3817 4454 con-

560 4483 854 4582 ρναεεείιζξι,
899 4513 1075 4583 Atque
1122 4522 1182 4568 ιιι
1206 4483 1565 4576 ὀειεηάρτθί,
1596 4510 1690 4567 Dei
1744 4505 1918 4577 gratia
1972 4483 2141 4559 fuisse
2169 4483 2219 4542 D
2246 4494 2477 4550 nexione
2514 4507 2677 4583 verae
2706 4492 3133 4583 ratiocinationis
3161 4492 3337 4563 colligi
3367 4499 3542 4583 potest
3575 4489 3813 4583 somnis

565 4601 783 4655 relictas
808 4601 1085 4670 reliquias,
1119 4616 1226 4656 non
1260 4602 1469 4657 meritis
1497 4613 1721 4670 operum
1749 4609 1960 4659 eorum,
1988 4607 2140 4648 secu-

542 4698 653 4748 'tus
701 4693 941 4764 adjunxit
964 4695 983 4726 ⁷
1013 4708 1029 4748 :
1059 4694 1142 4747 An
1175 4695 1381 4747 nescitis
1427 4696 1483 4746 in
1536 4691 1695 4746 Helia
1741 4687 1881 4760 quod
1907 4686 1930 4718 ⁸
1950 4686 2078 4739 dicit
2107 4681 2137 4722 ά

2246 4582 2604 4655 praescientia
2628 4583 2906 4652 pertinens
2931 4583 3000 4639 ad
3021 4582 3224 4637 electos
3237 4579 3658 4649 praedestinatio
3686 4586 3768 4630 est
3794 4591 3809 4630 :

2246 4674 2391 4730 nulla
2416 4673 2860 4743 praedestinatio,
2881 4672 2983 4727 nisi
3009 4672 3300 4727 electorum
3331 4676 3413 4722 est
3439 4685 3455 4721 :
3483 4668 3625 4720 nulla
3653 4665 3817 4735 igitur

1840 4816 2091 4876 VARIAE
2130 4808 2531 4869 LECTIONES.

637 4945 655 4976 ¹
686 4941 780 4998 Sic
811 4940 955 5004 cod.,
987 4939 1058 4995 Μ.
1084 4937 1222 4993 Hoc.
1274 4937 1296 4968 ’
1321 4935 1454 4992 Cod.
1485 4931 1712 5004 israltel,
1740 4930 1821 5004 sic
1845 4930 2061 5004 ubique.

563 4988 1243 5073 ιιηιινῖιὶῖαιῖιῖ“’ἒὲἷὲ’ἑὸἁῖ,
1264 4988 1426 5060 Mida
1457 5005 1617 5061 tribu.
1687 4988 1831 5073 iSic
1857 4988 2004 5073 gout,
2054 4988 2416 5062 M.adjungit.
2492 4988 2610 5044 “al.
2634 4988 2779 5058 quid.

566 5085 605 5116 “
638 5084 728 5138 Sic
757 5082 900 5148 cod.,
930 5081 995 5137 M.
1028 5077 1210 5135 mundi
1230 5067 1669 5133 constitutionem.
1712 5072 1756 5104 ¹²
1839 5067 1911 5124 al.
1945 5080 2138 5123 autem.

2160 4924 2182 4954 ³
2214 4922 2285 4975 al.
2338 4919 2585 4991 expendi.
2653 4917 2676 4947 ⁸
2711 4916 2854 4991 Δ(ᾆοά.
2876 4916 3144 4991 _reppulit,
3183 4914 3526 4991 sic‘ubiqne.

3622 4914 3644 4950 '
3677 4915 3809 4971 Cod.

2875 4986 2896 5016 ’
2926 4984 3002 5040 al.‘
3024 5003 3179 5057 genu.
3226 4984 3291 5020 ’ίο
3327 4984 3502 5042 saluae
3550 5002 3661 5043 om.
3690 4987 3811 5041 cod.

2048 5172 2296 5233 NOTAE.

633 5328 655 5354 ⁸
687 5315 844 5368 Rom.
885 5312 979 5379 XI,
1008 5313 1066 5367 2.

636 5386 660 5423 ι)
691 5388 812 5439 lsai.
842 5384 958 5447 XV,
988 5384 1044 5437 Ξ.

636 5466 655 5490 ο
693 5456 846 5508 Rom.
877 5454 970 5516 XI,
1002 5455 1052 5507 I.

630 5522 652 5559 ἀ
689 5523 845 5575 Rom.
876 5522 965 5584 XI,
994 5523 1049 5576 2.

642 5604 663 5627 υ
697 5590 856 5643 Rom.
887 5590 978 5650 XI,
1010 5592 1061 5645 4.

642 5660 657 5699 ί
693 5660 756 5719 ιιι
788 5660 918 5729 Reg.
951 5658 1091 5726 XIX,
1131 5661 1209 5714 l8.

2309 5291 2339 5332 δ
2365 5289 2519 5342 Rom.
2554 5286 2646 5345 XI.
2680 5285 2734 5353 5,
2765 5286 2820 5342 ϐ.

2309 5361 2335 5400 ιι
2374 5359 2528 5411 Rom.
2555 5356 2721 5421 XI,7.

2315 5431 2331 5469 ί
2371 5427 2563 5496 Epltes.
2587 5427 2627 5486 Ι,
2657 5425 2714 5491 4,
2737 5422 2807 5496 δε
3283 5489 3297 5496 ,
3470 5483 3529 5496 .-
3552 5482 3567 5495 .

2318 5497 2330 5546 i
2371 5480 2659 5565 Allgustin.
2687 5480 2750 5549 de
2773 5491 2923 5550 Dono
2951 5489 3429 5567 perseuerantiaelc.
3465 5483 3529 5539 I7
3552 5482 3606 5538 in
3631 5480 3734 5535 ﬁne
3756 5486 3813 5536 et

2242 5585 2292 5624 c.
2330 5568 2417 5623 18.
3359 5568 3362 5577 ν
