4194 6276
384 376 495 435 405

1488 357 1692 413 LIBER
1735 354 1821 410 DE
1838 368 1841 373 ‘
1861 338 2579 406 PRAEDESTINATIONE.

3538 316 3645 373 496

388 484 751 561 praescientia
779 482 1057 554 pertinens
1083 477 1150 533 ad
1176 475 1381 531 electos
1406 467 1830 543 praedestinatio
1858 478 1964 518 non
1996 466 2042 524 Α
2070 464 2193 526 bus,
2228 460 2359 530 quid
2386 455 2554 511 futuri
2599 447 2728 508 sunt
2753 451 2797 515 ⁷,
2829 462 2939 503 non
2966 445 3037 501 ab
3064 442 3186 509 ἰηον
3217 436 3312 510 (lui
3357 449 3452 493 θθθ
3499 432 3650 486 ¹¹⁰νίῑ

2210 552 2224 561 .
2286 551 2297 561 .
2504 560 2511 561 ,
2542 559 2569 561 α
2589 540 2915 561 -,_-_--_.:-...
2984 548 3118 561 nm...
3142 531 3214 561 ,Α
3242 530 3453 561 malum
3480 522 3650 561 vitam

390 590 475 635 est
489 592 539 632 ι.
554 577 743 632 Nullus
762 573 978 642 eligitur
996 570 1062 624 ad
1086 581 1311 639 poenam
1335 585 1349 618 :
1366 561 1634 633 quomodo
1660 573 1791 628 ergo
1811 569 1969 627 prae-

391 673 695 729 destinatur
711 681 900 738 poena,
931 675 1071 733 quae
1092 659 1445 729 reprob'orum
1476 663 1563 709 est
1588 649 1847 722 propria?
1884 647 1969 700 An

394 761 569 826 forte,
598 753 1048 830 quemadmodum
1078 749 1237 806 electi
1260 748 1555 811 dicuntur,
1584 742 1678 812 qui
1704 754 1812 795 non
1842 743 1971 792 sunt

394 852 573 915 eiecti,
604 850 677 904 ita
703 843 1090 918 praedestinati
1118 883 1134 909 ,
1159 841 1251 911 qui
1270 855 1379 894 non
1407 845 1532 894 sunt
1560 829 1969 909 praedestinati,

397 895 573 915 -..,.,..,
604 895 677 904 .-_
704 895 1088 918 ,-_-_-____,--,_
1118 895 1133 909 ,
1172 895 1195 911 ι
1562 895 1577 907 _

393 951 450 995 et
470 939 567 994 ﬁlii
596 938 712 1003 Dei,
740 936 833 1007 qui
863 949 971 990 non
1001 941 1128 988 sunt
1149 931 1243 985 ﬁlii
1273 929 1413 1000 eius,
1440 926 1720 997 praedicto
1749 895 1972 978 contra-

393 1031 606 1087 rietatis
627 1029 789 1084 modo
822 1026 892 1082 ab
923 1022 1239 1080 auctoribus
1259 1033 1422 1090 saepe
1446 1016 1623 1073 solent
1650 1011 1853 1068 vocari.

466 1123 560 1180 Vl.
576 1122 634 1178 Si
649 1128 832 1176 autem
853 1106 1094 1189 quaeris,
1108 1115 1198 1169 ubi
1211 1112 1558 1167 inveniuntur
1571 1104 1783 1175 reprobi
1796 1099 1978 1173 appel-

395 1213 503 1268 lari
528 1211 721 1272 electi,
750 1224 874 1264 cum
902 1222 1009 1261 non
1037 1206 1144 1261 sint
1169 1201 1359 1266 electi,
1387 1208 1444 1255 et
1470 1196 1564 1253 ﬁlii
1594 1196 1711 1261 Dei,
1741 1193 1833 1264 qui
1868 1204 1978 1247 non

401 1312 535 1360 sunt
561 1301 658 1356 ﬁlii
685 1298 837 1370 eius;
864 1297 983 1368 lege
1005 1302 1250 1352 sanctum
1283 1290 1638 1362 Augustinum
1671 1286 1725 1339 in
1751 1284 1888 1338 libro
1911 1280 1981 1335 ad

403 1394 733 1463 Prosperum
757 1388 1064 1446 etliilarum
1081 1380 1387 1454 huiusmodi
1402 1381 1579 1437 verbis
1592 1378 1898 1447 loquentem
1918 1372 1976 1425 δε

411 1504 431 1537 ι
466 1484 786 1552 Quicunque
822 1479 973 1535 electi
995 1518 1010 1545 ,
1046 1477 1164 1533 sine
1206 1472 1373 1531 dubio
1417 1472 1579 1528 etiam
1622 1466 1826 1531 uocati,
1873 1476 1981 1518 non

406 1587 591 1632 autem
639 1551 942 1643 quicunque
987 1568 1203 1633 vocati,
1233 1568 1629 1634 consequenter
1649 1557 1804 1615 electi
1828 1565 1878 1610 ο.
1904 1551 1985 1609 liii

403 1680 538 1735 ergo
566 1663 745 1727 eiecti,
782 1669 843 1715 ut
868 1673 1032 1729 saepe
1059 1658 1263 1713 dictum
1294 1664 1400 1719 est,
1423 1653 1513 1724 qui
1550 1649 1987 1714 secundumepro-

400 1757 633 1828 positum
648 1755 838 1820 uocati,
851 1753 1118 1825 quietiam
1142 1747 1538 1820 praedestinati,
1552 1750 1707 1813 atque
1719 1733 1982 1810 praesciti.

2074 567 2182 607 non
2210 522 2413 606 habere
2454 540 2918 616 perseverantiam
2935 576 2949 600 ,
2981 548 3120 604 quae
3142 531 3215 586 ad
3242 530 3456 587 beatam
3480 522 3653 576 vitam

2071 642 2318 715 perducit
2364 639 2566 694 electos
2583 674 2600 701 ,
2627 632 2838 700 scitque
2865 626 2985 682 illos
3014 622 3137 696 [ita]
3165 620 3187 652 ⁸
3215 629 3380 681 stare,
3404 623 3464 667 ut
3490 624 3651 682 prae-

2073 733 2262 791 scierit
2282 734 2303 767 ⁸
2329 743 2450 785 esse
2496 723 2767 780 casurosh
2798 739 2842 772 ι.
2899 736 2918 770 ι
2956 715 3070 770 Nec
3115 726 3215 766 nos
3243 712 3476 769 moveat,
3505 701 3650 770 quod

2075 824 2199 880 ﬁliis
2241 821 2356 876 suis
2403 814 2726 887 quibusdam
2764 810 2905 864 Deus
2947 820 3054 859 non
3087 801 3368 857 datistam
3397 806 3650 865 perseve-

2075 912 2333 971 rantiam.
2363 881 2521 964 Absit
2548 905 2693 959 enim
2724 909 2781 954 ut
2825 896 2898 952 ita
2928 904 3096 957 esset,
3127 891 3171 946 si
3198 890 3264 944 de
3295 886 3401 943 illis
3426 881 3651 956 praede-

2076 1004 2295 1060 slinutis
2318 1005 2599 1063 essent,et
2629 989 2910 1048 secundum
2942 983 3267 1057 propositum
3296 975 3513 1033 uocalis.
3546 971 3649 1040 Qui

2078 1110 2207 1151 vero
2232 1107 2338 1148 non
2368 1096 2497 1145 sunt
2522 1085 2616 1140 ﬁlii
2642 1076 3023 1153 promissionis
3048 1073 3111 1135 ³⁰,
3141 1071 3252 1141 iam
3280 1066 3389 1132 isti,
3416 1079 3539 1121 cum
3565 1062 3654 1133 pie

2076 1188 2285 1247 vivunt,
2314 1183 2568 1237 dicuntur
2593 1170 2686 1231 ﬁlii
2723 1171 2839 1226 Dei.
2871 1166 2978 1223 Sed
3008 1164 3262 1235 quoniam
3289 1155 3486 1212 victuri
3529 1160 3655 1208 sunt

2082 1277 2265 1347 impie,
2291 1278 2346 1328 et
2375 1272 2430 1325 in
2455 1268 2645 1324 eadem
2676 1261 2952 1332 impietate
2972 1252 3244 1315 morituri,
3273 1263 3380 1304 non
3409 1261 3503 1301 eos
3523 1243 3658 1299 dicit

2081 1334 2222 1420 ﬁlios
2234 1334 2326 1417 Dei
2344 1354 2700 1430 praescientia
2725 1350 2839 1405 Dei.
2856 1344 3147 1402 Suntenim
3172 1340 3265 1393 ﬁlii
3287 1337 3401 1401 Dei,
3414 1334 3506 1404 qui
3525 1347 3659 1387 nono

2083 1459 2209 1514 dum
2231 1462 2356 1510 sunt
2371 1449 2548 1514 nobis,
2563 1454 2617 1503 et
2631 1440 2879 1511 suntiam
2898 1440 3026 1494 Deo.
3039 1435 3115 1490 De
3127 1432 3323 1505 quibus
3334 1430 3407 1485 ait
3422 1438 3658 1495 evange-s

2084 1552 2205 1606 lista
2232 1547 2469 1601 Joannes
2494 1540 2568 1593 “z
2597 1537 2737 1603 Quia
2763 1532 2919 1587 Iesus
2946 1528 3231 1583 moriturus
3246 1526 3356 1577 erat
3369 1534 3464 1590 pro
3489 1524 3659 1588 gente,

2088 1656 2178 1696 nec
2207 1646 2410 1691 tantum
2423 1646 2517 1702 pro
2531 1637 2699 1701 gente,
2714 1624 2803 1680 sed
2824 1624 3007 1686 etiam,
3031 1628 3085 1672 ut
3112 1616 3249 1687 ﬁlios
3272 1613 3370 1668 Dei
3401 1610 3662 1680 dispersos

2088 1696 2500 1801 congregaret‘in
2529 1696 2692 1775 unum
2713 1719 2757 1770 i.
2792 1712 2948 1783 Quod
2971 1696 3458 1780 u‘tique‘credendo
3495 1696 3662 1754 futuri

401 1796 633 1828 μννιυιοησ
652 1796 939 1825 υννκυ-,Ὶκ-
955 1796 1118 1808 ν---ι--η
1142 1796 1191 1820 r-
1207 1796 1538 1810 v-v—vv-—-v-v~,
1558 1796 1579 1798 η
1619 1796 1632 1813 ,
1719 1796 1729 1810 ,
2187 1796 2204 1801 ν
2280 1796 2291 1798 -

401 1845 611 1902 Horum
640 1842 685 1899 si
711 1843 998 1914 quisquam
1044 1840 1207 1913 perit,
1258 1836 1460 1891 fallitur
1485 1837 1650 1891 Deus.
1683 1831 1792 1888 Sed
1821 1839 1981 1883 nemo
2011 1814 2056 1874 Β
2083 1829 2357 1889 erantper
2382 1810 2657 1882 Evangelii
2682 1802 3161 1878 praedicationem,
3190 1805 3247 1852 et
3268 1803 3477 1857 tamen,
3507 1796 3661 1843 ante.

2409 1913 2414 1914 ,
2457 1902 2478 1914 ι.
2548 1911 2556 1914 .
2703 1897 2717 1914 ς
2778 1911 2803 1914 .-
2839 1893 2928 1914 n12:
2970 1890 3061 1914 nn:
3096 1893 3247 1914 anno
3280 1876 3661 1914 :n'mmnria“

400 1951 594 1993 eorum
620 1933 780 2004 perit,
805 1932 932 2003 quia
959 1946 1068 1987 non
1110 1928 1316 1984 fallitur
1340 1927 1502 1982 Deus.
1536 1922 1743 1979 Horum
1771 1923 1816 1977 si
1841 1918 1988 1990 quis-

404 2040 570 2097 quam
596 2022 909 2094 perit,vitio
934 2021 1172 2076 humano
1210 2017 1445 2072 vincitur
1485 2015 1649 2071 Deus.
1683 2012 1789 2069 Sed
1828 2025 1988 2067 nemo

405 2130 594 2172 eorum
617 2113 780 2184 perit,
799 2112 924 2183 quia
945 2110 1091 2165 nulla
1106 2123 1165 2165 re
1184 2108 1418 2163 vincitur
1444 2105 1611 2160 Deus.
1642 2102 1813 2159 Electi
1842 2102 1988 2157 enim

411 2215 541 2262 sunt
592 2206 659 2260 ad
708 2203 1039 2273 regnandum
1086 2216 1210 2256 cum
1253 2198 1471 2254 Christo
1494 2236 1511 2263 ,
1557 2211 1665 2251 non
1717 2191 1991 2264 quomodo

411 2300 620 2355 electus
647 2306 732 2353 est
754 2296 952 2361 ludas,
985 2295 1052 2349 ad
1099 2308 1236 2364 opus
1279 2292 1368 2347 cui
1411 2287 1769 2360 congruebat;
1799 2286 1870 2341 ab
1897 2283 1993 2338 illo

419 2389 621 2458 quippe
658 2387 862 2443 electus
898 2394 982 2441 est
1003 2385 1133 2455 ,‘qui
1161 2383 1312 2439 novit
1334 2384 1475 2438 bene
1503 2381 1579 2435 uti
1607 2381 1771 2435 etiam
1808 2374 1992 2440 malis,

422 2490 483 2584 ut
528 2489 584 2535 et
624 2493 726 2550 per
753 2477 866 2547 ejus
905 2492 1040 2548 opus
1088 2473 1397 2532 damnabile
1426 2474 1578 2559 illud,
1607 2479 1827 2543 propter
1851 2468 1995 2538 quod

423 2571 541 2640 ipse
561 2577 807 2634 venerat,
831 2583 969 2638 opus
999 2564 1310 2621 venerabile
1334 2563 1718 2633 compleretur.
1742 2560 1876 2616 Cum
1900 2559 1999 2612 ita-

421 2673 528 2730 que
556 2659 847 2714 audimus:
878 2655 1070 2710 Nonne
1088 2670 1180 2725 ego
1203 2670 1293 2709 vos
1316 2652 1593 2707 duodecim
1617 2649 1766 2720 elegi,
1797 2658 1844 2702 et
1866 2661 1998 2701 unus

419 2767 485 2806 ex
530 2749 671 2804 vobis
726 2748 968 2813 diabolus
1011 2757 1087 2802 est
1125 2744 1177 2811 ἀ,
1228 2744 1349 2800 illos
1395 2742 1653 2798 debemus
1704 2738 1999 2808 intelligere

421 2841 624 2898 electos
644 2855 745 2912 per
772 2837 1226 2902 misericordiam,
1254 2835 1408 2891 illum
1428 2846 1536 2904 per
1557 2830 1847 2902 iudicium;
1879 2825 2000 2881 illos

426 2934 580 3005 [ergo
600 2931 784 3004 elegit]
806 2933 827 2964 ¹
851 2932 921 2987 ad
941 2918 1291 2986 obtinendum
1329 2926 1350 2959 ³
1393 2926 1612 2998 regnum
1638 2936 1818 2986 suum,
1848 2920 1998 2974 illum

426 3027 496 3081 ad
526 3026 855 3080 fundendum
883 3022 1200 3090 sanguinem
1230 3034 1387 3076 suum
1422 3037 1463 3070 ι.
1504 3035 1524 3068 ι
1554 3014 1794 3069 Firmum
1824 3020 2000 3065 autem

429 3115 833 3187 fundamentum
892 3113 987 3167 Dei
1042 3120 1186 3176 stat,
1236 3108 1430 3164 habens
1477 3101 1803 3175 signaculum
1855 3101 1997 3153 hoc:

431 3204 601 3261 Scivit
646 3203 809 3269 Deus,
847 3201 939 3272 qui
979 3198 1239 3268 sunt‘ejus
1264 3208 1309 3251 ο.
1342 3194 1543 3249 Horum
1574 3192 1727 3261 ﬁdes,
1748 3204 1885 3260 quae
1910 3203 2002 3257 per

425 3293 754 3349 dilectionem
783 3299 1027 3362 operatur
1056 3288 1104 3355 ί,
1132 3278 1375 3358 proiecto
1404 3295 1499 3339 aut
1527 3284 1752 3338 omnino
1777 3293 1884 3335 non
1912 3278 2001 3333 de-

422 3385 556 3451 ﬁcit,
603 3392 698 3439 aut
738 3383 786 3438 si
828 3382 922 3453 qui
964 3388 1120 3445 sunt,
1168 3392 1399 3449 quorum
1439 3372 1655 3438 deﬁcit,
1692 3378 1998 3441 reparatur,

423 3483 716 3545 antequam
744 3472 855 3528 vita
881 3473 996 3543 ipsa
1026 3471 1262 3536 ﬁniatur,
1304 3476 1360 3524 et
1386 3467 1589 3532 deleta,
1617 3477 1781 3534 quam
1816 3462 2000 3515 incur-

425 3573 572 3622 rerat
593 3563 641 3631 ⁸,
669 3563 956 3634 iniquitate
1006 3574 1176 3630 usque
1198 3560 1255 3615 in
1282 3557 1443 3611 ﬁnem
1471 3549 1878 3626 perseverantia
1907 3547 2004 3603 de-

424 3664 664 3728 putatur.
697 3653 798 3721 Qui
823 3668 954 3709 vero
974 3648 1375 3722 perseveraturi
1402 3662 1514 3703 non
1546 3653 1692 3710 sunt,
1740 3657 1806 3697 ac
1843 3640 1924 3695 sic
1971 3654 2003 3692 a

429 3747 535 3801 ﬁde
551 3745 860 3827 Christiana
882 3751 937 3797 et
958 3740 1370 3798 conversatione
1390 3736 1592 3808 lapsuri
1617 3741 1765 3798 sunt,
1788 3743 1851 3787 ut
1875 3729 2006 3784 tales

429 3851 527 3892 eos
554 3824 698 3893 vitae
721 3822 881 3906 huius
912 3834 1039 3890 ﬁnis
1083 3831 1360 3898 inveniat,
1384 3827 1570 3900 procul
1596 3825 1758 3881 dubio
1787 3838 1886 3878 nec
1917 3819 2007 3876 illo

433 3934 718 3995 tempore,
761 3939 868 3995 quo
914 3925 1053 3981 bene
1110 3924 1314 3997 pieque
1380 3921 1600 3984 vivunt,
1651 3918 1705 3973 in
1776 3916 2005 3971 istorum

432 4015 1035 4087 numerofcomputandi
1065 4022 1210 4070 sunt.
1254 4011 1369 4067 Non
1400 4009 1543 4064 enim
1580 4015 1708 4063 sunt
1749 4021 1779 4060 a
1827 4018 2007 4059 massa

430 4109 523 4164 illa
566 4108 895 4180 perditionis
920 4108 1283 4181 praescientia
1314 4106 1410 4162 Dei
1437 4113 1491 4160 et
1520 4098 2011 4174 praedestinatione

431 4203 670 4260 discreti.
695 4202 765 4260 Et
785 4204 909 4260 ideo
929 4218 1030 4260 nec
1050 4203 1345 4259 secundum
1367 4198 1700 4271 propositum
1725 4192 1921 4256 vocati,
1947 4205 2011 4245 ac

430 4305 531 4364 per
550 4292 655 4347 hoc
672 4305 776 4348 nec
796 4292 977 4359 electi,
1000 4293 1094 4350 sed
1116 4292 1168 4346 in
1189 4292 1271 4347 eis
1287 4289 1486 4355 vocati,
1504 4289 1570 4344 de
1587 4286 1785 4356 quibus
1810 4284 2013 4338 dictum

431 4388 518 4435 est
556 4396 572 4433 :
614 4380 767 4437 multi
811 4384 1000 4448 vocati,
1032 4382 1111 4456 [et
1136 4396 1244 4437 non
1278 4381 1331 4435 in
1361 4379 1462 4445 eis,
1492 4378 1559 4434 de
1587 4376 1783 4447 quibus
1811 4375 2014 4430 dictum

433 4468 541 4542 est]
563 4471 608 4537 ³,
651 4474 809 4542 pauci
836 4490 954 4528 vero
980 4473 1129 4529 electi
1170 4474 1217 4525 ε.
1250 4472 1318 4526 Et
1346 4480 1527 4526 tamen
1554 4468 1676 4538 quis
1716 4480 1810 4523 eos
1855 4470 2012 4534 neget

432 4565 666 4632 eiectos,
696 4582 819 4624 cum
850 4568 1119 4634 credunt,
1149 4574 1205 4622 et
1230 4564 1601 4636 baptizantur,
1628 4570 1683 4615 et
1713 4556 2008 4615 secundum

433 4654 602 4711 Deum
631 4657 855 4713 vivunt?
884 4656 1089 4713 Tamen
1109 4657 1133 4689 ⁸
1156 4656 1409 4712 dicuntur
1455 4651 1611 4709 electi
1640 4667 1672 4708 a
1714 4647 2009 4706 nescienti~

2086 1876 2424 1983 quam.esset
2454 1876 2811 1968 iactuum—jam
2839 1893 2932 1949 lilii
2968 1890 3064 1945 Dei
3093 1893 3250 1943 erant
3280 1885 3341 1938 in
3359 1876 3664 1937 memoriali

2086 2003 2265 2062 Patris
2298 2000 2383 2057 sui
2413 1994 2745 2052 inconcussa
2778 1986 3073 2044 stabilitate
3100 1974 3414 2056 conscripti.
3442 1972 3511 2026 Et
3537 1979 3666 2024 sunt

2088 2058 2278 2154 rursus
2304 2091 2548 2163 quidam,
2572 2088 2665 2156 qui
2688 2084 2729 2114 η
2760 2080 2856 2135 ﬁlii
2887 2076 2981 2132 Dei
3008 2082 3230 2146 pr0pter
3248 2074 3556 2134 susceptam
3578 2058 3667 2115 vel

2092 2184 2461 2257 temporaliter
2484 2177 2713 2252 gratiam
2735 2143 3031 2229 dicuntura
3044 2163 3220 2228 nobis,
3235 2172 3336 2215 nec
3348 2158 3668 2213 Sunttamen
3704 2143 3717 2153 ’

2095 2247 2225 2334 Deo:
2244 2275 2321 2330 De
2348 2247 2544 2342 quibus
2569 2268 2646 2321 ait
2666 2264 2811 2320 idem
2830 2259 3068 2314 Joannes
3093 2272 3107 2308 :
3132 2249 3217 2306 Ex
3238 2248 3386 2303 nobis
3408 2247 3666 2303 exierunt,

2095 2371 2186 2426 sed
2220 2382 2322 2421 non
2351 2338 2500 2418 erant
2530 2375 2595 2414 ex-
2622 2354 2773 2411 nobis
2799 2352 2845 2408 i.
2869 2352 3005 2407 Cum
3027 2362 3156 2420 ergo
3183 2343 3276 2399 ﬁlii
3301 2341 3394 2396 Dei
3418 2338 3671 2394 dicuntur

2096 2460 2165 2514 de
2191 2457 2301 2521 bis,
2328 2452 2419 2523 qui
2449 2445 2912 2521 perseverantiam
2940 2456 3048 2496 non
3075 2437 3402 2496 habuerunt,
3432 2445 3497 2484 ea:
3525 2426 3670 2481 nobis

2097 2549 2335 2604 exierunt
2363 2585 2378 2610 ,
2426 2517 2515 2597 sed
2563 2555 2667 2593 non
2711 2542 2859 2591 erant
2905 2547 2971 2587 ex
3020 2528 3165 2583 nobis
3192 2566 3208 2591 ,
3253 2533 3309 2579 et
3358 2520 3576 2576 additur
3603 2517 3671 2582 ⁸³,

2096 2638 2237 2710 quod
2293 2636 2340 2690 si
2404 2633 2622 2704 fuissent
2677 2643 2745 2683 ea:
2799 2624 2988 2687 nobis,
3042 2615 3445 2689 pet-mansissent
3494 2610 3674 2678 utique

2101 2704 2404 2789 nobiscum,
2462 2720 2593 2791 quid
2640 2716 2785 2772 aliud
2830 2715 3082 2769 dicuntur
3118 2707 3183 2774 ”,
3226 2704 3329 2759 nisi
3372 2712 3478 2757 non
3519 2706 3676 2753 erant

2102 2817 2224 2884 ﬁlii,
2273 2816 2437 2870 etiam
2477 2809 2695 2882 quando
2733 2813 2885 2862 erant
2919 2803 2971 2856 in
3000 2795 3335 2872 professione
3364 2800 3420 2846 et
3459 2789 3678 2846 nomine

2103 2912 2338 2968 ﬁliorum
2360 2908 2387 2947 ι
2419 2924 2438 2957 ι
2463 2905 2488 2959 ?

2597 2981 2996 3047 CAPITULUM
3051 2979 3192 3037 Xlll.

2180 3089 2319 3158 Quid
2345 3094 2509 3160 potest
2535 3081 2711 3152 colligi
2741 3092 2805 3133 ex
2835 3074 3100 3160 praedicta
3137 3066 3305 3135 sancti
3331 3061 3609 3135 Augustini

2757 3147 3032 3203 sententia.

2148 3283 2190 3338 l.
2207 3279 2372 3352 Cujus
2385 3270 2681 3332 sententiae
2697 3269 2837 3326 dicta
2855 3263 3012 3336 paulo
3024 3255 3330 3328 diligentius
3344 3250 3681 3309 considerata

2104 3373 2374 3432 sufﬁciunt
2398 3368 2506 3433 bis,
2534 3378 2674 3436 quae
2694 3360 2922 3419 suadrre
2943 3367 3220 3415 conamur,
3245 3344 3557 3419 probandis.
3581 3342 3683 3397 As-

2106 3477 2331 3521 sumens
2368 3432 2572 3528 itaque,
2603 3453 2748 3524 quod
2775 3448 3035 3506 Dominus
3063 3442 3176 3499 suis
3201 3439 3338 3496 dixit
3365 3432 3640 3505 discipulis
3664 3448 3680 3486 :

2106 3556 2296 3612 Nonne
2332 3568 2426 3623 ego
2452 3566 2539 3605 vos
2569 3543 2844 3601 duodecim
2873 3538 3025 3610 elegi,
3069 3544 3119 3589 et
3145 3549 3281 3588 unus
3306 3546 3371 3585 ex
3395 3527 3535 3583 vobis
3561 3524 3682 3579 dia-

2107 3647 2253 3702 bolus
2278 3617 2709 3710 est'1,subjunxit
2728 3642 2782 3689 et
2806 3631 2911 3686 ait:
2932 3630 3054 3683 Illos
3076 3626 3335 3681 debemus
3362 3617 3682 3684 intelligere,

2106 3737 2359 3794 videlicet
2405 3728 2677 3802 apostolos
2722 3721 2976 3780 undecim
3019 3728 3145 3773 tunc
3190 3727 3436 3776 numero,
3464 3713 3686 3763 vocatos

2108 3827 2404 3886 secundum
2434 3797 2769 3894 propositum
2811 3812 3039 3885 gratiae,
3072 3807 3219 3862 illum
3263 3818 3360 3873 per
3397 3797 3680 3871 judicium,

2108 3918 2681 3990 seilicctproditorem,
2698 3908 2992 3965 secundum
3015 3913 3312 3970 aequamen
3335 3893 3580 3963 iustitiae
3596 3903 3685 3944 re-

2110 3979 2347 4085 pulsum:
2377 4008 2457 4065 nn
2487 4006 2555 4060 ad
2599 4001 2828 4073 gloriam
2864 3995 3056 4058 electi,
3107 3990 3195 4044 ille
3225 3987 3291 4041 ad
3331 3997 3598 4053 poenam;
3629 3979 3684 4033 in

2110 4068 2216 4160 illis
2241 4113 2428 4157 omnes
2451 4068 2692 4151 saltandi
2707 4105 2805 4160 per
2827 4086 3077 4158 gratiam,
3096 4081 3162 4134 ad
3181 4078 3340 4132 ﬁnem
3363 4071 3525 4139 hujus
3546 4068 3689 4123 vitae

2114 4193 2168 4248 in
2194 4192 2341 4246 bono
2371 4180 2611 4241 mansuri
2644 4174 2970 4246 accipiendi,
3018 4171 3069 4224 in
3107 4168 3197 4223 illo
3225 4176 3414 4220 omnes
3440 4159 3686 4214 morituri

2112 4296 2211 4353 per
2252 4275 2537 4347 judicium.
2575 4270 2658 4324 Ad
2702 4275 2915 4333 tempus
2943 4258 3152 4321 vocati,
3184 4269 3308 4308 mox
3354 4250 3688 4321 propositum

2114 4374 2203 4444 pie
2231 4366 2447 4427 vivendi
2477 4359 2768 4424 deserturi,
2797 4368 2985 4413 omnes
3022 4359 3199 4403 tamen
3231 4340 3483 4400 dicuntur
3507 4338 3690 4403 electi,

2117 4479 2245 4521 cum
2288 4474 2397 4515 non
2436 4456 2546 4512 sint
2579 4449 2774 4517 electi,
2817 4444 2922 4500 nisi
2973 4438 3266 4508 conformes
3303 4430 3548 4502 imaginis
3587 4426 3689 4498 ﬁlii

2119 4553 2233 4608 Dei.
2260 4548 2438 4606 Ceteri
2479 4559 2608 4605 vero
2635 4545 2890 4612 putantur
2919 4531 3073 4589 electi
3099 4546 3128 4585 a
3153 4524 3540 4587 nescientibus,
3562 4518 3692 4590 quid

2120 4644 2284 4699 futuri
2316 4647 2462 4705 sunt,
2493 4651 2557 4691 ac
2585 4648 2682 4705 per
2710 4632 2813 4687 hoc
2841 4642 2949 4685 non
2970 4624 3151 4689 electi,
3171 4621 3267 4677 sed
3296 4614 3511 4689 reprobi
3544 4622 3690 4670 sunt.

1713 4782 1967 4842 VARIAE
2000 4777 2400 4837 LECTIONES.

505 4881 523 4911 ⁸
551 4878 624 4933 al.
652 4888 849 4935 autem.

438 4949 464 4983 ⁵
485 4958 534 5003 et
562 4965 665 5004 non
690 4951 866 5014 ineis,
886 4951 953 5005 de

437 5017 508 5073 ll.
581 5018 604 5050 ’
630 5019 702 5073 al.
735 5017 1040 5090 praesciret.
1115 5020 1265 5076 “Sic
1290 5021 1437 5090 cod.,
1466 5020 1539 5074 al.

956 4880 980 4913 ⁸
1006 4896 1130 4963 ergo
1154 4879 1309 4963 elegit
1339 4894 1449 4936 om.
1477 4880 1622 4963 cod,
1675 4878 1799 4963 add.
1832 4875 1902 4931 Μ.

437 5017 508 5073 ll.
581 5018 604 5050 ⁹
630 5019 702 5122 ξι..
735 5012 1040 5102 praescire}.
1115 5020 1265 5076 “Sic
1290 5021 1437 5084 cod.,
1466 5020 1539 5074 al.
1569 5019 1664 5099 qui
1687 5033 1800 5072 vere
1820 5025 1940 5069 sunt
1965 5012 2065 5082 ﬁlii
2107 5027 2241 5081 prout

436 5103 561 5157 que.
715 5107 807 5187 qui
851 5106 963 5146 om.
999 5091 1148 5159 cod.,
1190 5090 1315 5147 add.
1366 5089 1438 5146 Μ.
1533 5088 1579 5121 ⁸³
1610 5088 1702 5143 Sic
1729 5086 1874 5153 C0il.,
1902 5082 1971 5137 M.
2019 5083 2241 5139 addunt.

1250 4880 1309 4964 fit
1339 4894 1449 4936 om.
1477 4880 1622 4964 cod,
1675 4878 1799 4964 add.
1832 4875 1935 4964 Μ..
1957 4945 1972 4964 1
1995 4874 2016 4906 ³
2045 4871 2177 4964 Clod.
2192 4862 2672 4964 ‘optinendumjsic
2699 4861 2918 4964 ultique.
2957 4858 3014 4964 ,ι
3041 4855 3272 4960 ξιξ-φωρ
3292 4853 3690 4964 interfiat-remi.

2241 4955 2265 4964 ’-
2355 4955 2390 4964 -
2417 4952 2510 4964 -···
2574 4951 2623 4964 υ·
2770 4948 2797 4964 η
2874 4945 2952 4964 M-
3122 4938 3194 4964 Νη
3223 4940 3312 4964 nm
3370 4936 3435 4964 οη
3477 4956 3518 4964 .-
3563 4933 3593 4964 a
3676 4953 3690 4964 .

984 4917 1644 5019 «utrumnam.
1673 4917 2002 5019 33533“.
2015 4917 2644 5019 ,ξιϊῗλἾεξίῖξῇἱῴἷέῇε-
2692 4934 2741 5014 ,⁷
2765 4917 3009 5019 sil-"fre,
3067 4917 3334 5019 ξὶίμεριη-
3362 4920 3518 5004 ,οθίίεν
3563 4917 3691 5019 “3;?-

2107 4983 2487 5081 promiuionis.
2524 4983 2661 5081 Nam
2692 4983 2943 5081 ἱξιείξίηίί
2971 4996 3103 5053 Cod.
3139 4993 3421 5058 Johannis,
3453 4988 3532 5043 sic
3570 4983 3692 5041 ubi-

2340 5079 2384 5113 ”
2412 5077 2503 5132 Sic
2529 5074 2676 5151 cod.,
2721 5070 2793 5127 M.
2832 5070 3032 5124 dicunt.

1918 5173 2171 5232 NOTAE.

499 5286 540 5360 ’ξ
569 5273 628 5360 id
673 5275 902 5360 veritati.
940 5291 1048 5360 non
1085 5275 1352 5360 congruit.
1400 5273 1536 5359 'Nam
1579 5268 1799 5328 omnino
1832 5282 2014 5360 ,νωλε-

437 5344 725 5417 scientiam
768 5345 859 5401 Dei
887 5347 1030 5401 inter
1063 5354 1120 5401 et
1143 5339 1690 5417 pFaedestinationetn
1731 5342 1898 5411 probe
1930 5339 2009 5394 di-

436 5415 822 5471 stinguendum
850 5424 955 5471 est.
1145 5415 1154 5417 ’
1610 5420 1615 5423 ι
1746 5418 1751 5425 ·

510 5485 538 5523 ιι
552 5480 881 5557 Prudentius
899 5504 913 5537 :
938 5485 989 5540 Ν
996 5496 1287 5557 unquamet
1305 5484 1490 5540 Patres
1503 5485 1576 5537 ita
1588 5484 1827 5557 sensisse,
1850 5490 1903 5535 ut
1918 5480 2020 5557 ele-

437 5562 548 5663 clo:
564 5568 664 5679 Et?
684 5555 1030 5679 ῧέῗιέιεὲςί,
1043 5551 1184 5683 ﬂio:
1210 5556 1301 5611 Dei
1320 5570 1416 5626 pro
1442 5571 1543 5610 non
1568 5552 1692 5623 ﬁliis
1719 5551 2016 5625 posuerint.

507 5692 533 5733 «ι
561 5664 1023 5756 ῖὸἑιηῗῖἱῗῆἱῗ³³
1047 5664 1127 5683 ’ν’

513 5774 535 5805 ⁸
562 5764 606 5825 ll
636 5763 778 5819 Tim.
810 5764 871 5831 ll,
906 5765 990 5821 l9.

2198 5262 2217 5299 ί
2250 5259 2368 5314 Gal.
2406 5258 2473 5322 γ,
2503 5256 2557 5311 ϐ.

2194 5334 2219 5374 ⁸
2248 5330 2436 5384 Matth.
2464 5324 2585 5392 XX,
2619 5324 2704 5380 l6.

2194 5402 2223 5441 h
2249 5381 2537 5469 Eligitur).
2565 5381 2633 5469 de
2659 5394 2895 5469 (ζει-νομί.
2927 5396 2974 5443 et
3001 5384 3152 5441 Grai.
3180 5396 3229 5436 c.
3259 5381 3312 5433 7.

2202 5471 2220 5512 ί
2253 5464 2410 5523 ιοίῇι.
2439 5466 2531 5529 XI,
2563 5466 2651 5530 51,
2678 5464 2767 5517 52.

2199 5541 2212 5590 i
2250 5539 2450 5594 lJoan.
2480 5535 2544 5599 il,
2576 5536 2663 5589 l9.

2200 5612 2225 5649 ὶ
2253 5605 2538 5676 Augustin.
2560 5603 2689 5676 ibid.
2719 5616 2768 5656 c.
2793 5600 2846 5657 9.

2204 5678 2219 5717 ι
2253 5674 2407 5734 lauit.
2442 5674 2528 5739 γι,
2558 5674 2645 5726 7l.
