  <div class='ocr_page' id='page_1' title='image "/cluster/home/n/w/nwhite01/storage/ocr_20150623/122/pst.000018028355/241.png"; bbox 0 0 4194 6276; ppageno 0'>
   <div class='ocr_carea' id='block_1_1' title="bbox 509 284 614 341">
    <p class='ocr_par' dir='ltr' id='par_1_1' title="bbox 509 284 614 341">
     <span class='ocr_line' id='line_1_1' title="bbox 509 284 614 341; baseline -0.029 0"><span class='ocrx_word' id='word_1_1' title='bbox 509 284 614 341; x_wconf 69' lang='grc'><strong>407</strong></span> 
     </span>
    </p>
   </div>
   <div class='ocr_carea' id='block_1_2' title="bbox 1871 297 2383 355">
    <p class='ocr_par' dir='ltr' id='par_1_2' title="bbox 1871 297 2383 355">
     <span class='ocr_line' id='line_1_2' title="bbox 1871 297 2383 355; baseline 0 -3"><span class='ocrx_word' id='word_1_2' title='bbox 1871 297 2152 354; x_wconf 68' lang='grc' dir='ltr'><strong>ΙΟᾹΝΝΙΒ</strong></span> <span class='ocrx_word' id='word_1_3' title='bbox 2188 297 2383 355; x_wconf 76' lang='lat' dir='ltr'><strong>SCOTI</strong></span> 
     </span>
    </p>
   </div>
   <div class='ocr_carea' id='block_1_3' title="bbox 3638 299 3744 358">
    <p class='ocr_par' dir='ltr' id='par_1_3' title="bbox 3638 299 3744 358">
     <span class='ocr_line' id='line_1_3' title="bbox 3638 299 3744 358; baseline 0.019 -2"><span class='ocrx_word' id='word_1_4' title='bbox 3638 299 3744 358; x_wconf 68' lang='lat'><strong>408</strong></span> 
     </span>
    </p>
   </div>
   <div class='ocr_carea' id='block_1_4' title="bbox 499 409 3742 482">
    <p class='ocr_par' dir='ltr' id='par_1_4' title="bbox 499 409 3742 482">
     <span class='ocr_line' id='line_1_4' title="bbox 499 409 3742 482; baseline -0 -16"><span class='ocrx_word' id='word_1_5' title='bbox 499 414 763 470; x_wconf 78' lang='lat' dir='ltr'><strong>Dicuntur</strong></span> <span class='ocrx_word' id='word_1_6' title='bbox 808 413 903 469; x_wconf 89' lang='lat' dir='ltr'><strong>ﬁlii</strong></span> <span class='ocrx_word' id='word_1_7' title='bbox 944 411 1059 475; x_wconf 88' lang='lat' dir='ltr'><strong>Dei,</strong></span> <span class='ocrx_word' id='word_1_8' title='bbox 1097 426 1221 466; x_wconf 88' lang='lat' dir='ltr'><strong>cum</strong></span> <span class='ocrx_word' id='word_1_9' title='bbox 1264 412 1371 468; x_wconf 88' lang='lat' dir='ltr'><strong>sint</strong></span> <span class='ocrx_word' id='word_1_10' title='bbox 1416 412 1511 467; x_wconf 91' lang='lat' dir='ltr'><strong>ﬁlii</strong></span> <span class='ocrx_word' id='word_1_11' title='bbox 1549 411 1893 482; x_wconf 86' lang='lat' dir='ltr'><strong>perditionis,</strong></span> <span class='ocrx_word' id='word_1_12' title='bbox 1932 426 2068 482; x_wconf 89' lang='lat' dir='ltr'><strong>quos</strong></span> <span class='ocrx_word' id='word_1_13' title='bbox 2100 414 2143 470; x_wconf 75' lang='grc' dir='ltr'><strong>Α</strong></span> <span class='ocrx_word' id='word_1_14' title='bbox 2173 410 2332 464; x_wconf 86' lang='lat' dir='ltr'><strong>modo</strong></span> <span class='ocrx_word' id='word_1_15' title='bbox 2357 409 2616 465; x_wconf 90' lang='lat' dir='ltr'><strong>vacillat:</strong></span> <span class='ocrx_word' id='word_1_16' title='bbox 2654 409 2698 465; x_wconf 88' lang='lat' dir='ltr'><strong>si</strong></span> <span class='ocrx_word' id='word_1_17' title='bbox 2745 423 2934 465; x_wconf 86' lang='lat' dir='ltr'><strong>omnes</strong></span> <span class='ocrx_word' id='word_1_18' title='bbox 2965 409 3352 480; x_wconf 86' lang='lat' dir='ltr'><strong>praedestinati</strong></span> <span class='ocrx_word' id='word_1_19' title='bbox 3394 417 3522 468; x_wconf 87' lang='lat' dir='ltr'><strong>sunt</strong></span> <span class='ocrx_word' id='word_1_20' title='bbox 3564 409 3742 474; x_wconf 88' lang='lat' dir='ltr'><strong>electi,</strong></span> 
     </span>
    </p>
   </div>
   <div class='ocr_carea' id='block_1_5' title="bbox 499 500 2072 571">
    <p class='ocr_par' dir='ltr' id='par_1_5' title="bbox 499 500 2072 571">
     <span class='ocr_line' id='line_1_5' title="bbox 499 500 2072 571; baseline -0.003 -13"><span class='ocrx_word' id='word_1_21' title='bbox 499 517 691 558; x_wconf 87' lang='lat' dir='ltr'><strong>omnes</strong></span> <span class='ocrx_word' id='word_1_22' title='bbox 717 503 772 557; x_wconf 93' lang='lat' dir='ltr'><strong>in</strong></span> <span class='ocrx_word' id='word_1_23' title='bbox 804 501 1080 571; x_wconf 86' lang='lat' dir='ltr'><strong>proditore</strong></span> <span class='ocrx_word' id='word_1_24' title='bbox 1128 502 1144 531; x_wconf 87' lang='grc'>¹</span> <span class='ocrx_word' id='word_1_25' title='bbox 1178 516 1277 556; x_wconf 89' lang='lat' dir='ltr'><strong>suo</strong></span> <span class='ocrx_word' id='word_1_26' title='bbox 1313 502 1569 556; x_wconf 91' lang='lat' dir='ltr'><strong>Dominus</strong></span> <span class='ocrx_word' id='word_1_27' title='bbox 1611 500 1862 571; x_wconf 89' lang='lat' dir='ltr'><strong>signavit.</strong></span> <span class='ocrx_word' id='word_1_28' title='bbox 1898 500 2072 556; x_wconf 86' lang='lat' dir='ltr'><strong>Oraus</strong></span> 
     </span>
    </p>
   </div>
   <div class='ocr_carea' id='block_1_6' title="bbox 2174 498 3740 563">
    <p class='ocr_par' dir='ltr' id='par_1_6' title="bbox 2174 498 3740 563">
     <span class='ocr_line' id='line_1_6' title="bbox 2174 498 3740 563; baseline 0.003 -13"><span class='ocrx_word' id='word_1_29' title='bbox 2174 499 2315 553; x_wconf 90' lang='lat' dir='ltr'><strong>unde</strong></span> <span class='ocrx_word' id='word_1_30' title='bbox 2360 513 2518 553; x_wconf 87' lang='lat' dir='ltr'><strong>nemo</strong></span> <span class='ocrx_word' id='word_1_31' title='bbox 2569 498 2802 554; x_wconf 86' lang='lat' dir='ltr'><strong>ﬁdelium</strong></span> <span class='ocrx_word' id='word_1_32' title='bbox 2850 499 3093 563; x_wconf 76' lang='lat' dir='ltr'><strong>dubitat;</strong></span> <span class='ocrx_word' id='word_1_33' title='bbox 3125 513 3316 554; x_wconf 90' lang='lat' dir='ltr'><strong>omnes</strong></span> <span class='ocrx_word' id='word_1_34' title='bbox 3356 509 3541 554; x_wconf 86' lang='lat' dir='ltr'><strong>autem</strong></span> <span class='ocrx_word' id='word_1_35' title='bbox 3587 500 3740 555; x_wconf 80' lang='lat' dir='ltr'><strong>electi</strong></span> 
     </span>
    </p>
   </div>
   <div class='ocr_carea' id='block_1_7' title="bbox 500 588 3737 662">
    <p class='ocr_par' dir='ltr' id='par_1_7' title="bbox 500 588 3737 662">
     <span class='ocr_line' id='line_1_7' title="bbox 500 588 3737 662; baseline -0 -17"><span class='ocrx_word' id='word_1_36' title='bbox 500 591 700 662; x_wconf 82' lang='lat' dir='ltr'><strong>quippe</strong></span> <span class='ocrx_word' id='word_1_37' title='bbox 740 591 957 645; x_wconf 87' lang='lat' dir='ltr'><strong>Patrem</strong></span> <span class='ocrx_word' id='word_1_38' title='bbox 987 605 1087 659; x_wconf 89' lang='lat' dir='ltr'><strong>pro</strong></span> <span class='ocrx_word' id='word_1_39' title='bbox 1129 590 1315 646; x_wconf 87' lang='lat' dir='ltr'><strong>electis</strong></span> <span class='ocrx_word' id='word_1_40' title='bbox 1358 593 1508 647; x_wconf 88' lang='lat' dir='ltr'><strong>suis:</strong></span> <span class='ocrx_word' id='word_1_41' title='bbox 1543 591 1708 656; x_wconf 80' lang='lat' dir='ltr'><strong>Quos,</strong></span> <span class='ocrx_word' id='word_1_42' title='bbox 1748 592 1854 655; x_wconf 87' lang='lat' dir='ltr'><strong>ait,</strong></span> <span class='ocrx_word' id='word_1_43' title='bbox 1884 592 2073 645; x_wconf 83' lang='lat' dir='ltr'><strong>dedisti</strong></span> <span class='ocrx_word' id='word_1_44' title='bbox 2172 591 2394 643; x_wconf 85' lang='lat' dir='ltr'><strong>omnino</strong></span> <span class='ocrx_word' id='word_1_45' title='bbox 2420 589 2543 644; x_wconf 89' lang='lat' dir='ltr'><strong>Filii</strong></span> <span class='ocrx_word' id='word_1_46' title='bbox 2577 588 2673 644; x_wconf 86' lang='lat' dir='ltr'><strong>Dei</strong></span> <span class='ocrx_word' id='word_1_47' title='bbox 2711 589 2881 653; x_wconf 82' lang='lat' dir='ltr'><strong>sunt;&#39;</strong></span> <span class='ocrx_word' id='word_1_48' title='bbox 2911 604 3101 643; x_wconf 87' lang='lat' dir='ltr'><strong>omnes</strong></span> <span class='ocrx_word' id='word_1_49' title='bbox 3154 589 3317 659; x_wconf 81' lang='lat' dir='ltr'><strong>igitur</strong></span> <span class='ocrx_word' id='word_1_50' title='bbox 3360 589 3737 658; x_wconf 83' lang='lat' dir='ltr'><strong>praedestinati</strong></span> 
     </span>
    </p>
   </div>
   <div class='ocr_carea' id='block_1_8' title="bbox 501 681 2074 762">
    <p class='ocr_par' dir='ltr' id='par_1_8' title="bbox 501 681 2074 762">
     <span class='ocr_line' id='line_1_8' title="bbox 501 681 2074 762; baseline -0.001 -26"><span class='ocrx_word' id='word_1_51' title='bbox 501 682 653 748; x_wconf 71' lang='lat' dir='ltr'><strong>mihi,</strong></span> <span class='ocrx_word' id='word_1_52' title='bbox 681 681 966 744; x_wconf 74' lang='lat' dir='ltr'><strong>custodiri,</strong></span> <span class='ocrx_word' id='word_1_53' title='bbox 992 689 1039 734; x_wconf 84' lang='lat' dir='ltr'><strong>et</strong></span> <span class='ocrx_word' id='word_1_54' title='bbox 1068 697 1217 735; x_wconf 83' lang='lat' dir='ltr'><strong>nemo</strong></span> <span class='ocrx_word' id='word_1_55' title='bbox 1250 698 1314 735; x_wconf 76' lang='lat' dir='ltr'><strong>ea:</strong></span> <span class='ocrx_word' id='word_1_56' title='bbox 1347 682 1427 735; x_wconf 82' lang='lat' dir='ltr'><strong>his</strong></span> <span class='ocrx_word' id='word_1_57' title='bbox 1452 683 1629 751; x_wconf 76' lang='lat' dir='ltr'><strong>periit,</strong></span> <span class='ocrx_word' id='word_1_58' title='bbox 1665 682 1765 762; x_wconf 71' lang='lat' dir='ltr'><strong>nisi</strong></span> <span class='ocrx_word' id='word_1_59' title='bbox 1791 681 1932 762; x_wconf 79' lang='lat' dir='ltr'><strong>ﬁlius</strong></span> <span class='ocrx_word' id='word_1_60' title='bbox 1958 699 2074 751; x_wconf 76' lang='lat' dir='ltr'><strong>per-</strong></span> 
     </span>
    </p>
   </div>
   <div class='ocr_carea' id='block_1_9' title="bbox 502 757 2073 842">
    <p class='ocr_par' dir='ltr' id='par_1_9' title="bbox 502 757 2073 842">
     <span class='ocr_line' id='line_1_9' title="bbox 502 757 2073 842; baseline -0.001 -14"><span class='ocrx_word' id='word_1_61' title='bbox 502 773 718 828; x_wconf 81' lang='lat' dir='ltr'><strong>ditionis</strong></span> <span class='ocrx_word' id='word_1_62' title='bbox 739 784 788 826; x_wconf 79' lang='grc' dir='ltr'>ι.</span> <span class='ocrx_word' id='word_1_63' title='bbox 822 772 1042 826; x_wconf 82' lang='lat' dir='ltr'><strong>Electus</strong></span> <span class='ocrx_word' id='word_1_64' title='bbox 1083 770 1247 840; x_wconf 78' lang='lat' dir='ltr'><strong>igitur</strong></span> <span class='ocrx_word' id='word_1_65' title='bbox 1286 773 1565 828; x_wconf 83' lang='lat' dir='ltr'><strong>dicebatur</strong></span> <span class='ocrx_word' id='word_1_66' title='bbox 1588 757 1789 839; x_wconf 76' lang='lat' dir='ltr'><strong>Iudas,</strong></span> <span class='ocrx_word' id='word_1_67' title='bbox 1820 757 1945 842; x_wconf 82' lang='lat' dir='ltr'><strong>quia</strong></span> <span class='ocrx_word' id='word_1_68' title='bbox 1981 788 2073 827; x_wconf 40' lang='lat' dir='ltr'><strong>vos</strong></span> 
     </span>
    </p>
   </div>
   <div class='ocr_carea' id='block_1_10' title="bbox 504 860 2078 932">
    <p class='ocr_par' dir='ltr' id='par_1_10' title="bbox 504 860 2078 932">
     <span class='ocr_line' id='line_1_10' title="bbox 504 860 2078 932; baseline -0.001 -15"><span class='ocrx_word' id='word_1_69' title='bbox 504 871 659 917; x_wconf 81' lang='lat' dir='ltr'><strong>catus</strong></span> <span class='ocrx_word' id='word_1_70' title='bbox 702 870 787 916; x_wconf 89' lang='lat' dir='ltr'><strong>est</strong></span> <span class='ocrx_word' id='word_1_71' title='bbox 830 862 973 916; x_wconf 90' lang='lat' dir='ltr'><strong>inter</strong></span> <span class='ocrx_word' id='word_1_72' title='bbox 1012 860 1246 926; x_wconf 90' lang='lat' dir='ltr'><strong>electos;</strong></span> <span class='ocrx_word' id='word_1_73' title='bbox 1281 860 1423 917; x_wconf 87' lang='lat' dir='ltr'><strong>ﬁlius</strong></span> <span class='ocrx_word' id='word_1_74' title='bbox 1450 863 1751 929; x_wconf 74' lang='lat' dir='ltr'><strong>dicebatur,</strong></span> <span class='ocrx_word' id='word_1_75' title='bbox 1781 864 1905 932; x_wconf 86' lang='lat' dir='ltr'><strong>quia</strong></span> <span class='ocrx_word' id='word_1_76' title='bbox 1937 865 2078 917; x_wconf 91' lang='lat' dir='ltr'><strong>inter</strong></span> 
     </span>
    </p>
   </div>
   <div class='ocr_carea' id='block_1_11' title="bbox 507 949 2078 1009">
    <p class='ocr_par' dir='ltr' id='par_1_11' title="bbox 507 949 2078 1009">
     <span class='ocr_line' id='line_1_11' title="bbox 507 949 2078 1009; baseline 0.003 -4"><span class='ocrx_word' id='word_1_77' title='bbox 507 949 705 1007; x_wconf 76' lang='lat' dir='ltr'><strong>fratres</strong></span> <span class='ocrx_word' id='word_1_78' title='bbox 723 950 922 1007; x_wconf 86' lang='lat' dir='ltr'><strong>Christi</strong></span> <span class='ocrx_word' id='word_1_79' title='bbox 947 965 977 1004; x_wconf 94' lang='lat' dir='ltr'><strong>a</strong></span> <span class='ocrx_word' id='word_1_80' title='bbox 1002 951 1366 1007; x_wconf 83' lang='lat' dir='ltr'><strong>nescientibus</strong></span> <span class='ocrx_word' id='word_1_81' title='bbox 1386 955 1892 1008; x_wconf 86' lang='lat' dir='ltr'><strong>connumerabatur.</strong></span> <span class='ocrx_word' id='word_1_82' title='bbox 1927 954 2078 1009; x_wconf 90' lang='lat' dir='ltr'><strong>Sicut</strong></span> 
     </span>
    </p>
   </div>
   <div class='ocr_carea' id='block_1_12' title="bbox 506 1039 2079 1110">
    <p class='ocr_par' dir='ltr' id='par_1_12' title="bbox 506 1039 2079 1110">
     <span class='ocr_line' id='line_1_12' title="bbox 506 1039 2079 1110; baseline 0.003 -17"><span class='ocrx_word' id='word_1_83' title='bbox 506 1048 687 1095; x_wconf 76' lang='lat' dir='ltr'><strong>autem</strong></span> <span class='ocrx_word' id='word_1_84' title='bbox 703 1040 882 1095; x_wconf 87' lang='lat' dir='ltr'><strong>nullus</strong></span> <span class='ocrx_word' id='word_1_85' title='bbox 901 1039 1144 1110; x_wconf 84' lang='lat' dir='ltr'><strong>ambigit,</strong></span> <span class='ocrx_word' id='word_1_86' title='bbox 1166 1054 1207 1094; x_wconf 85' lang='lat' dir='ltr'><strong>e.</strong></span> <span class='ocrx_word' id='word_1_87' title='bbox 1219 1041 1495 1095; x_wconf 87' lang='lat' dir='ltr'><strong>contrario</strong></span> <span class='ocrx_word' id='word_1_88' title='bbox 1510 1041 1693 1096; x_wconf 88' lang='lat' dir='ltr'><strong>vocari</strong></span> <span class='ocrx_word' id='word_1_89' title='bbox 1710 1041 1848 1095; x_wconf 90' lang='lat' dir='ltr'><strong>ﬁlios</strong></span> <span class='ocrx_word' id='word_1_90' title='bbox 1865 1051 2079 1110; x_wconf 88' lang='lat' dir='ltr'><strong>praeter</strong></span> 
     </span>
    </p>
   </div>
   <div class='ocr_carea' id='block_1_13' title="bbox 509 1130 2080 1200">
    <p class='ocr_par' dir='ltr' id='par_1_13' title="bbox 509 1130 2080 1200">
     <span class='ocr_line' id='line_1_13' title="bbox 509 1130 2080 1200; baseline 0.001 -15"><span class='ocrx_word' id='word_1_91' title='bbox 509 1145 626 1192; x_wconf 87' lang='lat' dir='ltr'><strong>eos.</strong></span> <span class='ocrx_word' id='word_1_92' title='bbox 653 1131 849 1200; x_wconf 85' lang='lat' dir='ltr'><strong>quibus</strong></span> <span class='ocrx_word' id='word_1_93' title='bbox 876 1130 1184 1187; x_wconf 83' lang='lat' dir='ltr'><strong>haereditas</strong></span> <span class='ocrx_word' id='word_1_94' title='bbox 1207 1139 1434 1198; x_wconf 88' lang='lat' dir='ltr'><strong>paterna</strong></span> <span class='ocrx_word' id='word_1_95' title='bbox 1466 1132 1796 1197; x_wconf 85' lang='lat' dir='ltr'><strong>destinatur;</strong></span> <span class='ocrx_word' id='word_1_96' title='bbox 1824 1132 2080 1187; x_wconf 85' lang='lat' dir='ltr'><strong>itaecon-</strong></span> 
     </span>
    </p>
   </div>
   <div class='ocr_carea' id='block_1_14' title="bbox 510 1221 2076 1291">
    <p class='ocr_par' dir='ltr' id='par_1_14' title="bbox 510 1221 2076 1291">
     <span class='ocr_line' id='line_1_14' title="bbox 510 1221 2076 1291; baseline 0 -15"><span class='ocrx_word' id='word_1_97' title='bbox 510 1222 679 1277; x_wconf 87' lang='lat' dir='ltr'><strong>trario</strong></span> <span class='ocrx_word' id='word_1_98' title='bbox 715 1221 899 1276; x_wconf 82' lang='lat' dir='ltr'><strong>vocari</strong></span> <span class='ocrx_word' id='word_1_99' title='bbox 931 1221 1162 1286; x_wconf 82' lang='lat' dir='ltr'><strong>electos,</strong></span> <span class='ocrx_word' id='word_1_100' title='bbox 1193 1221 1293 1276; x_wconf 89' lang='lat' dir='ltr'><strong>nisi</strong></span> <span class='ocrx_word' id='word_1_101' title='bbox 1333 1222 1460 1291; x_wconf 92' lang='lat' dir='ltr'><strong>quia</strong></span> <span class='ocrx_word' id='word_1_102' title='bbox 1503 1221 1781 1277; x_wconf 89' lang='lat' dir='ltr'><strong>consortio</strong></span> <span class='ocrx_word' id='word_1_103' title='bbox 1824 1221 2076 1287; x_wconf 87' lang='lat' dir='ltr'><strong>aliorum,</strong></span> 
     </span>
    </p>
   </div>
   <div class='ocr_carea' id='block_1_15' title="bbox 510 1293 2090 1383">
    <p class='ocr_par' dir='ltr' id='par_1_15' title="bbox 510 1293 2090 1383">
     <span class='ocr_line' id='line_1_15' title="bbox 510 1293 2090 1383; baseline 0 -15"><span class='ocrx_word' id='word_1_104' title='bbox 510 1326 649 1383; x_wconf 85' lang='lat' dir='ltr'><strong>quos</strong></span> <span class='ocrx_word' id='word_1_105' title='bbox 692 1311 838 1381; x_wconf 90' lang='lat' dir='ltr'><strong>juste</strong></span> <span class='ocrx_word' id='word_1_106' title='bbox 884 1327 1061 1367; x_wconf 85' lang='lat' dir='ltr'><strong>massa</strong></span> <span class='ocrx_word' id='word_1_107' title='bbox 1095 1312 1349 1367; x_wconf 87' lang='lat' dir='ltr'><strong>damnata</strong></span> <span class='ocrx_word' id='word_1_108' title='bbox 1392 1312 1446 1366; x_wconf 92' lang='lat' dir='ltr'><strong>in</strong></span> <span class='ocrx_word' id='word_1_109' title='bbox 1495 1311 1711 1367; x_wconf 87' lang='lat' dir='ltr'><strong>miseria</strong></span> <span class='ocrx_word' id='word_1_110' title='bbox 1757 1311 1981 1377; x_wconf 89' lang='lat' dir='ltr'><strong>detinet,</strong></span> <span class='ocrx_word' id='word_1_111' title='bbox 2013 1293 2090 1368; x_wconf 77' lang='lat' dir='ltr'><strong>ad</strong></span> 
     </span>
    </p>
   </div>
   <div class='ocr_carea' id='block_1_16' title="bbox 511 1403 2081 1475">
    <p class='ocr_par' dir='ltr' id='par_1_16' title="bbox 511 1403 2081 1475">
     <span class='ocr_line' id='line_1_16' title="bbox 511 1403 2081 1475; baseline -0.001 -15"><span class='ocrx_word' id='word_1_112' title='bbox 511 1405 865 1460; x_wconf 82' lang='lat' dir='ltr'><strong>beatitudinis</strong></span> <span class='ocrx_word' id='word_1_113' title='bbox 884 1404 1136 1475; x_wconf 79' lang='lat' dir='ltr'><strong>gaudium</strong></span> <span class='ocrx_word' id='word_1_114' title='bbox 1158 1412 1525 1474; x_wconf 88' lang='lat' dir='ltr'><strong>segregantur.</strong></span> <span class='ocrx_word' id='word_1_115' title='bbox 1549 1403 1615 1457; x_wconf 88' lang='lat' dir='ltr'><strong>Et</strong></span> <span class='ocrx_word' id='word_1_116' title='bbox 1632 1404 2081 1472; x_wconf 87' lang='lat' dir='ltr'><strong>quemadmodum</strong></span> 
     </span>
    </p>
   </div>
   <div class='ocr_carea' id='block_1_17' title="bbox 514 1491 2082 1557">
    <p class='ocr_par' dir='ltr' id='par_1_17' title="bbox 514 1491 2082 1557">
     <span class='ocr_line' id='line_1_17' title="bbox 514 1491 2082 1557; baseline -0.002 -8"><span class='ocrx_word' id='word_1_117' title='bbox 514 1506 621 1549; x_wconf 87' lang='lat' dir='ltr'><strong>non</strong></span> <span class='ocrx_word' id='word_1_118' title='bbox 671 1500 800 1548; x_wconf 89' lang='lat' dir='ltr'><strong>sunt</strong></span> <span class='ocrx_word' id='word_1_119' title='bbox 844 1492 969 1556; x_wconf 85' lang='lat' dir='ltr'><strong>ﬁlii,</strong></span> <span class='ocrx_word' id='word_1_120' title='bbox 999 1492 1045 1547; x_wconf 90' lang='lat' dir='ltr'><strong>si</strong></span> <span class='ocrx_word' id='word_1_121' title='bbox 1073 1508 1177 1548; x_wconf 88' lang='lat' dir='ltr'><strong>non</strong></span> <span class='ocrx_word' id='word_1_122' title='bbox 1212 1492 1321 1547; x_wconf 90' lang='lat' dir='ltr'><strong>sint</strong></span> <span class='ocrx_word' id='word_1_123' title='bbox 1344 1492 1637 1557; x_wconf 85' lang='lat' dir='ltr'><strong>baeredes,</strong></span> <span class='ocrx_word' id='word_1_124' title='bbox 1678 1492 1757 1545; x_wconf 89' lang='lat' dir='ltr'><strong>sic</strong></span> <span class='ocrx_word' id='word_1_125' title='bbox 1784 1491 1942 1546; x_wconf 87' lang='lat' dir='ltr'><strong>electi</strong></span> <span class='ocrx_word' id='word_1_126' title='bbox 1975 1508 2082 1546; x_wconf 92' lang='lat' dir='ltr'><strong>non</strong></span> 
     </span>
    </p>
   </div>
   <div class='ocr_carea' id='block_1_18' title="bbox 515 1580 2085 1653">
    <p class='ocr_par' dir='ltr' id='par_1_18' title="bbox 515 1580 2085 1653">
     <span class='ocr_line' id='line_1_18' title="bbox 515 1580 2085 1653; baseline 0.001 -18"><span class='ocrx_word' id='word_1_127' title='bbox 515 1589 642 1635; x_wconf 85' lang='lat' dir='ltr'><strong>sunt</strong></span> <span class='ocrx_word' id='word_1_128' title='bbox 662 1620 678 1646; x_wconf 92' lang='lat'><strong>,</strong></span> <span class='ocrx_word' id='word_1_129' title='bbox 720 1581 769 1636; x_wconf 89' lang='lat' dir='ltr'><strong>si</strong></span> <span class='ocrx_word' id='word_1_130' title='bbox 809 1596 919 1637; x_wconf 91' lang='lat' dir='ltr'><strong>non</strong></span> <span class='ocrx_word' id='word_1_131' title='bbox 948 1581 1056 1637; x_wconf 89' lang='lat' dir='ltr'><strong>sint</strong></span> <span class='ocrx_word' id='word_1_132' title='bbox 1085 1580 1286 1636; x_wconf 85' lang='lat' dir='ltr'><strong>dilecti.</strong></span> <span class='ocrx_word' id='word_1_133' title='bbox 1315 1580 1594 1647; x_wconf 87' lang='lat' dir='ltr'><strong>Quomodo</strong></span> <span class='ocrx_word' id='word_1_134' title='bbox 1617 1596 1747 1653; x_wconf 86' lang='lat' dir='ltr'><strong>ergo</strong></span> <span class='ocrx_word' id='word_1_135' title='bbox 1768 1581 1930 1636; x_wconf 85' lang='lat' dir='ltr'><strong>nisie</strong></span> <span class='ocrx_word' id='word_1_136' title='bbox 1955 1597 2085 1636; x_wconf 83' lang='lat' dir='ltr'><strong>con-</strong></span> 
     </span>
    </p>
   </div>
   <div class='ocr_carea' id='block_1_19' title="bbox 513 1671 2084 1739">
    <p class='ocr_par' dir='ltr' id='par_1_19' title="bbox 513 1671 2084 1739">
     <span class='ocr_line' id='line_1_19' title="bbox 513 1671 2084 1739; baseline 0.001 -14"><span class='ocrx_word' id='word_1_137' title='bbox 513 1671 688 1728; x_wconf 83' lang='lat' dir='ltr'><strong>trario</strong></span> <span class='ocrx_word' id='word_1_138' title='bbox 702 1671 1148 1727; x_wconf 83' lang='lat' dir='ltr'><strong>dicereturJudas</strong></span> <span class='ocrx_word' id='word_1_139' title='bbox 1162 1672 1384 1739; x_wconf 85' lang='lat' dir='ltr'><strong>electus,</strong></span> <span class='ocrx_word' id='word_1_140' title='bbox 1403 1672 1527 1727; x_wconf 90' lang='lat' dir='ltr'><strong>dum</strong></span> <span class='ocrx_word' id='word_1_141' title='bbox 1541 1687 1646 1727; x_wconf 86' lang='lat' dir='ltr'><strong>non</strong></span> <span class='ocrx_word' id='word_1_142' title='bbox 1663 1681 1809 1729; x_wconf 87' lang='lat' dir='ltr'><strong>esset</strong></span> <span class='ocrx_word' id='word_1_143' title='bbox 1826 1673 2084 1728; x_wconf 89' lang='lat' dir='ltr'><strong>dilectus?</strong></span> 
     </span>
    </p>
   </div>
   <div class='ocr_carea' id='block_1_20' title="bbox 2172 677 3738 744">
    <p class='ocr_par' dir='ltr' id='par_1_20' title="bbox 2172 677 3738 744">
     <span class='ocr_line' id='line_1_20' title="bbox 2172 677 3738 744; baseline 0.003 -13"><span class='ocrx_word' id='word_1_144' title='bbox 2172 677 2300 731; x_wconf 85' lang='lat' dir='ltr'><strong>Filii</strong></span> <span class='ocrx_word' id='word_1_145' title='bbox 2351 678 2446 732; x_wconf 90' lang='lat' dir='ltr'><strong>Dei</strong></span> <span class='ocrx_word' id='word_1_146' title='bbox 2489 687 2635 733; x_wconf 89' lang='lat' dir='ltr'><strong>sunt.</strong></span> <span class='ocrx_word' id='word_1_147' title='bbox 2687 678 2835 744; x_wconf 86' lang='lat' dir='ltr'><strong>Quae</strong></span> <span class='ocrx_word' id='word_1_148' title='bbox 2886 678 3151 734; x_wconf 78' lang='lat' dir='ltr'><strong>connexio</strong></span> <span class='ocrx_word' id='word_1_149' title='bbox 3199 688 3345 735; x_wconf 89' lang='lat' dir='ltr'><strong>stare</strong></span> <span class='ocrx_word' id='word_1_150' title='bbox 3387 679 3535 734; x_wconf 85' lang='lat' dir='ltr'><strong>nullo</strong></span> <span class='ocrx_word' id='word_1_151' title='bbox 3587 681 3738 736; x_wconf 72' lang='lat' dir='ltr'><strong>mods</strong></span> 
     </span>
    </p>
   </div>
   <div class='ocr_carea' id='block_1_21' title="bbox 2176 768 3747 843">
    <p class='ocr_par' dir='ltr' id='par_1_21' title="bbox 2176 768 3747 843">
     <span class='ocr_line' id='line_1_21' title="bbox 2176 768 3747 843; baseline 0.002 -21"><span class='ocrx_word' id='word_1_152' title='bbox 2176 778 2382 843; x_wconf 82' lang='lat' dir='ltr'><strong>posset,</strong></span> <span class='ocrx_word' id='word_1_153' title='bbox 2425 769 2469 823; x_wconf 88' lang='lat' dir='ltr'><strong>si</strong></span> <span class='ocrx_word' id='word_1_154' title='bbox 2511 768 2566 823; x_wconf 87' lang='lat' dir='ltr'><strong>bi</strong></span> <span class='ocrx_word' id='word_1_155' title='bbox 2615 777 2724 823; x_wconf 92' lang='lat' dir='ltr'><strong>tres</strong></span> <span class='ocrx_word' id='word_1_156' title='bbox 2772 768 2988 823; x_wconf 86' lang='lat' dir='ltr'><strong>termini</strong></span> <span class='ocrx_word' id='word_1_157' title='bbox 3019 768 3268 837; x_wconf 84' lang='lat' dir='ltr'><strong>aequales</strong></span> <span class='ocrx_word' id='word_1_158' title='bbox 3315 784 3421 823; x_wconf 87' lang='lat' dir='ltr'><strong>non</strong></span> <span class='ocrx_word' id='word_1_159' title='bbox 3462 778 3667 832; x_wconf 88' lang='lat' dir='ltr'><strong>essent,</strong></span> <span class='ocrx_word' id='word_1_160' title='bbox 3694 769 3747 825; x_wconf 84' lang='lat' dir='ltr'><strong>itl.</strong></span> 
     </span>
    </p>
   </div>
   <div class='ocr_carea' id='block_1_22' title="bbox 2176 857 3765 927">
    <p class='ocr_par' dir='ltr' id='par_1_22' title="bbox 2176 857 3765 927">
     <span class='ocr_line' id='line_1_22' title="bbox 2176 857 3765 927; baseline -0.003 -14"><span class='ocrx_word' id='word_1_161' title='bbox 2176 868 2259 913; x_wconf 87' lang='lat' dir='ltr'><strong>est</strong></span> <span class='ocrx_word' id='word_1_162' title='bbox 2285 859 2538 923; x_wconf 89' lang='lat' dir='ltr'><strong>ﬁliolitas,</strong></span> <span class='ocrx_word' id='word_1_163' title='bbox 2580 858 2795 922; x_wconf 85' lang='lat' dir='ltr'><strong>electio,</strong></span> <span class='ocrx_word' id='word_1_164' title='bbox 2838 857 3564 927; x_wconf 70' lang='lat' dir='ltr'><strong>praedestiiuttio..Quantum</strong></span> <span class='ocrx_word' id='word_1_165' title='bbox 3598 858 3765 919; x_wconf 78' lang='lat' dir='ltr'><strong>enim.</strong></span> 
     </span>
    </p>
   </div>
   <div class='ocr_carea' id='block_1_23' title="bbox 2177 950 3759 1019">
    <p class='ocr_par' dir='ltr' id='par_1_23' title="bbox 2177 950 3759 1019">
     <span class='ocr_line' id='line_1_23' title="bbox 2177 950 3759 1019; baseline -0.001 -14"><span class='ocrx_word' id='word_1_166' title='bbox 2177 951 2590 1019; x_wconf 85' lang='lat' dir='ltr'><strong>comprehendit</strong></span> <span class='ocrx_word' id='word_1_167' title='bbox 2639 950 2902 1014; x_wconf 87' lang='lat' dir='ltr'><strong>ﬁliolitas,</strong></span> <span class='ocrx_word' id='word_1_168' title='bbox 2937 959 3142 1004; x_wconf 90' lang='lat' dir='ltr'><strong>tantum</strong></span> <span class='ocrx_word' id='word_1_169' title='bbox 3176 951 3386 1016; x_wconf 87' lang='lat' dir='ltr'><strong>electio,</strong></span> <span class='ocrx_word' id='word_1_170' title='bbox 3435 960 3491 1006; x_wconf 92' lang='lat' dir='ltr'><strong>et</strong></span> <span class='ocrx_word' id='word_1_171' title='bbox 3536 960 3759 1017; x_wconf 43' lang='lat' dir='ltr'><strong>tantum,</strong></span> 
     </span>
    </p>
   </div>
   <div class='ocr_carea' id='block_1_24' title="bbox 2177 1028 3807 1112">
    <p class='ocr_par' dir='ltr' id='par_1_24' title="bbox 2177 1028 3807 1112">
     <span class='ocr_line' id='line_1_24' title="bbox 2177 1028 3807 1112; baseline 0.001 -15"><span class='ocrx_word' id='word_1_172' title='bbox 2177 1042 2390 1105; x_wconf 89' lang='lat' dir='ltr'><strong>electio,</strong></span> <span class='ocrx_word' id='word_1_173' title='bbox 2418 1049 2678 1111; x_wconf 87' lang='lat' dir='ltr'><strong>quantum</strong></span> <span class='ocrx_word' id='word_1_174' title='bbox 2715 1042 3159 1111; x_wconf 84' lang='lat' dir='ltr'><strong>praedestinatio.</strong></span> <span class='ocrx_word' id='word_1_175' title='bbox 3196 1043 3435 1111; x_wconf 86' lang='lat' dir='ltr'><strong>Ideoque</strong></span> <span class='ocrx_word' id='word_1_176' title='bbox 3459 1052 3566 1098; x_wconf 86' lang='lat' dir='ltr'><strong>tres</strong></span> <span class='ocrx_word' id='word_1_177' title='bbox 3587 1058 3747 1112; x_wconf 80' lang='lat' dir='ltr'><strong>pares</strong></span> <span class='ocrx_word' id='word_1_178' title='bbox 3798 1028 3807 1035; x_wconf 63' lang='grc'><em>’</em></span> 
     </span>
    </p>
   </div>
   <div class='ocr_carea' id='block_1_25' title="bbox 2183 1119 3751 1202">
    <p class='ocr_par' dir='ltr' id='par_1_25' title="bbox 2183 1119 3751 1202">
     <span class='ocr_line' id='line_1_25' title="bbox 2183 1119 3751 1202; baseline -0.001 -16"><span class='ocrx_word' id='word_1_179' title='bbox 2183 1133 2397 1187; x_wconf 88' lang='lat' dir='ltr'><strong>termini</strong></span> <span class='ocrx_word' id='word_1_180' title='bbox 2446 1132 2563 1188; x_wconf 88' lang='lat' dir='ltr'><strong>sine</strong></span> <span class='ocrx_word' id='word_1_181' title='bbox 2607 1132 2717 1187; x_wconf 85' lang='lat' dir='ltr'><strong>ullo</strong></span> <span class='ocrx_word' id='word_1_182' title='bbox 2767 1133 2900 1187; x_wconf 88' lang='lat' dir='ltr'><strong>vitio</strong></span> <span class='ocrx_word' id='word_1_183' title='bbox 2942 1141 3188 1197; x_wconf 90' lang='lat' dir='ltr'><strong>currunt,</strong></span> <span class='ocrx_word' id='word_1_184' title='bbox 3234 1119 3397 1202; x_wconf 79' lang='lat' dir='ltr'><strong>atque</strong></span> <span class='ocrx_word' id='word_1_185' title='bbox 3440 1146 3751 1187; x_wconf 85' lang='lat' dir='ltr'><strong>recurrunt.</strong></span> 
     </span>
    </p>
   </div>
   <div class='ocr_carea' id='block_1_26' title="bbox 2182 1225 3760 1296">
    <p class='ocr_par' dir='ltr' id='par_1_26' title="bbox 2182 1225 3760 1296">
     <span class='ocr_line' id='line_1_26' title="bbox 2182 1225 3760 1296; baseline -0.001 -14"><span class='ocrx_word' id='word_1_186' title='bbox 2182 1226 2334 1282; x_wconf 86' lang='lat' dir='ltr'><strong>Sicut</strong></span> <span class='ocrx_word' id='word_1_187' title='bbox 2367 1242 2497 1296; x_wconf 83' lang='lat' dir='ltr'><strong>ergo</strong></span> <span class='ocrx_word' id='word_1_188' title='bbox 2524 1226 2727 1281; x_wconf 79' lang='lat' dir='ltr'><strong>frustra</strong></span> <span class='ocrx_word' id='word_1_189' title='bbox 2751 1236 3084 1295; x_wconf 88' lang='lat' dir='ltr'><strong>quaeruntur</strong></span> <span class='ocrx_word' id='word_1_190' title='bbox 3113 1225 3232 1280; x_wconf 87' lang='lat' dir='ltr'><strong>Filii</strong></span> <span class='ocrx_word' id='word_1_191' title='bbox 3272 1227 3363 1280; x_wconf 87' lang='lat' dir='ltr'><strong>Dei</strong></span> <span class='ocrx_word' id='word_1_192' title='bbox 3393 1237 3609 1296; x_wconf 88' lang='lat' dir='ltr'><strong>praeter</strong></span> <span class='ocrx_word' id='word_1_193' title='bbox 3636 1225 3760 1295; x_wconf 83' lang='lat' dir='ltr'><strong>ejus</strong></span> 
     </span>
    </p>
   </div>
   <div class='ocr_carea' id='block_1_27' title="bbox 2180 1312 3758 1385">
    <p class='ocr_par' dir='ltr' id='par_1_27' title="bbox 2180 1312 3758 1385">
     <span class='ocr_line' id='line_1_27' title="bbox 2180 1312 3758 1385; baseline -0.002 -15"><span class='ocrx_word' id='word_1_194' title='bbox 2180 1316 2405 1376; x_wconf 89' lang='lat' dir='ltr'><strong>electos.</strong></span> <span class='ocrx_word' id='word_1_195' title='bbox 2434 1317 2508 1369; x_wconf 91' lang='lat' dir='ltr'><strong>ita</strong></span> <span class='ocrx_word' id='word_1_196' title='bbox 2538 1313 2738 1371; x_wconf 82' lang='lat' dir='ltr'><strong>frustra</strong></span> <span class='ocrx_word' id='word_1_197' title='bbox 2782 1324 3043 1385; x_wconf 83' lang='lat' dir='ltr'><strong>putantur</strong></span> <span class='ocrx_word' id='word_1_198' title='bbox 3086 1312 3202 1383; x_wconf 82' lang='lat' dir='ltr'><strong>ejus</strong></span> <span class='ocrx_word' id='word_1_199' title='bbox 3238 1315 3399 1370; x_wconf 89' lang='lat' dir='ltr'><strong>electi</strong></span> <span class='ocrx_word' id='word_1_200' title='bbox 3441 1323 3658 1384; x_wconf 83' lang='lat' dir='ltr'><strong>praeter</strong></span> <span class='ocrx_word' id='word_1_201' title='bbox 3685 1315 3758 1367; x_wconf 86' lang='lat' dir='ltr'><strong>ab</strong></span> 
     </span>
    </p>
   </div>
   <div class='ocr_carea' id='block_1_28' title="bbox 2182 1402 3757 1476">
    <p class='ocr_par' dir='ltr' id='par_1_28' title="bbox 2182 1402 3757 1476">
     <span class='ocr_line' id='line_1_28' title="bbox 2182 1402 3757 1476; baseline -0.004 -14"><span class='ocrx_word' id='word_1_202' title='bbox 2182 1421 2250 1462; x_wconf 90' lang='lat' dir='ltr'><strong>eo</strong></span> <span class='ocrx_word' id='word_1_203' title='bbox 2282 1406 2733 1476; x_wconf 87' lang='lat' dir='ltr'><strong>praedestinatos.</strong></span> <span class='ocrx_word' id='word_1_204' title='bbox 2791 1406 2860 1459; x_wconf 84' lang='lat' dir='ltr'><strong>Et</strong></span> <span class='ocrx_word' id='word_1_205' title='bbox 2916 1405 3291 1474; x_wconf 82' lang='lat' dir='ltr'><strong>reciprocatim</strong></span> <span class='ocrx_word' id='word_1_206' title='bbox 3340 1419 3356 1459; x_wconf 91' lang='lat'><strong>:</strong></span> <span class='ocrx_word' id='word_1_207' title='bbox 3399 1403 3551 1458; x_wconf 88' lang='lat' dir='ltr'><strong>Sicut</strong></span> <span class='ocrx_word' id='word_1_208' title='bbox 3594 1402 3757 1472; x_wconf 90' lang='lat' dir='ltr'><strong>impie</strong></span> 
     </span>
    </p>
   </div>
   <div class='ocr_carea' id='block_1_29' title="bbox 2185 1493 3754 1568">
    <p class='ocr_par' dir='ltr' id='par_1_29' title="bbox 2185 1493 3754 1568">
     <span class='ocr_line' id='line_1_29' title="bbox 2185 1493 3754 1568; baseline -0.004 -15"><span class='ocrx_word' id='word_1_209' title='bbox 2185 1508 2445 1568; x_wconf 81' lang='lat' dir='ltr'><strong>putantur</strong></span> <span class='ocrx_word' id='word_1_210' title='bbox 2467 1497 2852 1568; x_wconf 78' lang='lat' dir='ltr'><strong>praedestinati</strong></span> <span class='ocrx_word' id='word_1_211' title='bbox 2894 1512 2935 1550; x_wconf 64' lang='lat' dir='ltr'><strong>a.</strong></span> <span class='ocrx_word' id='word_1_212' title='bbox 2963 1498 3072 1551; x_wconf 91' lang='lat' dir='ltr'><strong>Deo</strong></span> <span class='ocrx_word' id='word_1_213' title='bbox 3117 1504 3333 1566; x_wconf 89' lang='lat' dir='ltr'><strong>praeter</strong></span> <span class='ocrx_word' id='word_1_214' title='bbox 3370 1493 3487 1563; x_wconf 89' lang='lat' dir='ltr'><strong>ejus</strong></span> <span class='ocrx_word' id='word_1_215' title='bbox 3533 1493 3754 1559; x_wconf 86' lang='lat' dir='ltr'><strong>electos,</strong></span> 
     </span>
    </p>
   </div>
   <div class='ocr_carea' id='block_1_30' title="bbox 2186 1584 3758 1662">
    <p class='ocr_par' dir='ltr' id='par_1_30' title="bbox 2186 1584 3758 1662">
     <span class='ocr_line' id='line_1_30' title="bbox 2186 1584 3758 1662; baseline -0.004 -15"><span class='ocrx_word' id='word_1_216' title='bbox 2186 1594 2260 1647; x_wconf 88' lang='lat' dir='ltr'><strong>ita</strong></span> <span class='ocrx_word' id='word_1_217' title='bbox 2304 1606 2640 1662; x_wconf 84' lang='lat' dir='ltr'><strong>supervacuo</strong></span> <span class='ocrx_word' id='word_1_218' title='bbox 2689 1590 3043 1645; x_wconf 84' lang='lat' dir='ltr'><strong>aestimantur</strong></span> <span class='ocrx_word' id='word_1_219' title='bbox 3080 1589 3233 1644; x_wconf 90' lang='lat' dir='ltr'><strong>electi</strong></span> <span class='ocrx_word' id='word_1_220' title='bbox 3259 1587 3355 1643; x_wconf 88' lang='lat' dir='ltr'><strong>Dei</strong></span> <span class='ocrx_word' id='word_1_221' title='bbox 3386 1594 3601 1656; x_wconf 88' lang='lat' dir='ltr'><strong>praeter</strong></span> <span class='ocrx_word' id='word_1_222' title='bbox 3642 1584 3758 1653; x_wconf 87' lang='lat' dir='ltr'><strong>ejus</strong></span> 
     </span>
    </p>
   </div>
   <div class='ocr_carea' id='block_1_31' title="bbox 2188 1664 3760 1755">
    <p class='ocr_par' dir='ltr' id='par_1_31' title="bbox 2188 1664 3760 1755">
     <span class='ocr_line' id='line_1_31' title="bbox 2188 1664 3760 1755; baseline -0.007 -16"><span class='ocrx_word' id='word_1_223' title='bbox 2188 1683 2349 1739; x_wconf 87' lang='lat' dir='ltr'><strong>ﬁlios.</strong></span> <span class='ocrx_word' id='word_1_224' title='bbox 2400 1680 2514 1736; x_wconf 86' lang='lat' dir='ltr'><strong>Non</strong></span> <span class='ocrx_word' id='word_1_225' title='bbox 2567 1689 2695 1736; x_wconf 88' lang='lat' dir='ltr'><strong>sunt</strong></span> <span class='ocrx_word' id='word_1_226' title='bbox 2742 1680 2907 1750; x_wconf 79' lang='lat' dir='ltr'><strong>igitur</strong></span> <span class='ocrx_word' id='word_1_227' title='bbox 2952 1677 3355 1748; x_wconf 87' lang='lat' dir='ltr'><strong>praedestinati,</strong></span> <span class='ocrx_word' id='word_1_228' title='bbox 3405 1676 3593 1755; x_wconf 86' lang='lat' dir='ltr'><strong>sinon</strong></span> <span class='ocrx_word' id='word_1_229' title='bbox 3632 1664 3760 1730; x_wconf 83' lang='lat' dir='ltr'><strong>sunt</strong></span> 
     </span>
    </p>
   </div>
   <div class='ocr_carea' id='block_1_32' title="bbox 516 1760 2095 1839">
    <p class='ocr_par' dir='ltr' id='par_1_32' title="bbox 516 1760 2083 1835">
     <span class='ocr_line' id='line_1_32' title="bbox 516 1760 2083 1835; baseline 0.001 -18"><span class='ocrx_word' id='word_1_230' title='bbox 516 1760 574 1817; x_wconf 91' lang='lat' dir='ltr'><strong>Si</strong></span> <span class='ocrx_word' id='word_1_231' title='bbox 621 1764 764 1818; x_wconf 87' lang='lat' dir='ltr'><strong>enim</strong></span> <span class='ocrx_word' id='word_1_232' title='bbox 812 1763 1144 1834; x_wconf 79' lang='lat' dir='ltr'><strong>diligeretur,</strong></span> <span class='ocrx_word' id='word_1_233' title='bbox 1175 1763 1361 1833; x_wconf 84' lang='lat' dir='ltr'><strong>utique</strong></span> <span class='ocrx_word' id='word_1_234' title='bbox 1405 1778 1514 1819; x_wconf 89' lang='lat' dir='ltr'><strong>non</strong></span> <span class='ocrx_word' id='word_1_235' title='bbox 1562 1763 1929 1835; x_wconf 87' lang='lat' dir='ltr'><strong>repelleretur.</strong></span> <span class='ocrx_word' id='word_1_236' title='bbox 1977 1766 2083 1819; x_wconf 83' lang='lat' dir='ltr'><strong>Aut</strong></span> 
     </span>
    </p>
   </div>
   <div class='ocr_carea' id='block_1_33' title="bbox 2177 1760 3761 1839">
    <p class='ocr_par' dir='ltr' id='par_1_33' title="bbox 2193 1766 3761 1839">
     <span class='ocr_line' id='line_1_33' title="bbox 2193 1766 3761 1839; baseline -0.004 -10"><span class='ocrx_word' id='word_1_237' title='bbox 2193 1775 2283 1830; x_wconf 85' lang='lat' dir='ltr'><strong>Dei</strong></span> <span class='ocrx_word' id='word_1_238' title='bbox 2315 1774 2458 1829; x_wconf 85' lang='lat' dir='ltr'><strong>Filii.</strong></span> <span class='ocrx_word' id='word_1_239' title='bbox 2488 1773 2559 1828; x_wconf 88' lang='lat' dir='ltr'><strong>Ut</strong></span> <span class='ocrx_word' id='word_1_240' title='bbox 2581 1773 2721 1827; x_wconf 86' lang='lat' dir='ltr'><strong>cuitu</strong></span> <span class='ocrx_word' id='word_1_241' title='bbox 2753 1771 2912 1827; x_wconf 83' lang='lat' dir='ltr'><strong>simul</strong></span> <span class='ocrx_word' id='word_1_242' title='bbox 2952 1785 3057 1825; x_wconf 89' lang='lat' dir='ltr'><strong>non</strong></span> <span class='ocrx_word' id='word_1_243' title='bbox 3087 1778 3259 1839; x_wconf 87' lang='lat' dir='ltr'><strong>potest</strong></span> <span class='ocrx_word' id='word_1_244' title='bbox 3284 1782 3424 1833; x_wconf 88' lang='lat' dir='ltr'><strong>esse,</strong></span> <span class='ocrx_word' id='word_1_245' title='bbox 3456 1776 3515 1821; x_wconf 87' lang='lat' dir='ltr'><strong>ut</strong></span> <span class='ocrx_word' id='word_1_246' title='bbox 3543 1776 3597 1823; x_wconf 92' lang='lat' dir='ltr'><strong>et</strong></span> <span class='ocrx_word' id='word_1_247' title='bbox 3639 1766 3761 1823; x_wconf 85' lang='lat' dir='ltr'><strong>Filii</strong></span> 
     </span>
    </p>
   </div>
   <div class='ocr_carea' id='block_1_34' title="bbox 518 1851 2089 1924">
    <p class='ocr_par' dir='ltr' id='par_1_34' title="bbox 518 1851 2089 1924">
     <span class='ocr_line' id='line_1_34' title="bbox 518 1851 2089 1924; baseline 0.003 -18"><span class='ocrx_word' id='word_1_248' title='bbox 518 1853 791 1919; x_wconf 79' lang='lat' dir='ltr'><strong>quomodo</strong></span> <span class='ocrx_word' id='word_1_249' title='bbox 819 1852 1023 1909; x_wconf 85' lang='lat' dir='ltr'><strong>electus</strong></span> <span class='ocrx_word' id='word_1_250' title='bbox 1057 1853 1124 1907; x_wconf 89' lang='lat' dir='ltr'><strong>ad</strong></span> <span class='ocrx_word' id='word_1_251' title='bbox 1159 1851 1421 1921; x_wconf 86' lang='lat' dir='ltr'><strong>judicium</strong></span> <span class='ocrx_word' id='word_1_252' title='bbox 1469 1852 1611 1924; x_wconf 85' lang='lat' dir='ltr'><strong>ignis</strong></span> <span class='ocrx_word' id='word_1_253' title='bbox 1632 1855 1837 1911; x_wconf 81' lang='lat' dir='ltr'><strong>aeterni</strong></span> <span class='ocrx_word' id='word_1_254' title='bbox 1856 1895 1871 1920; x_wconf 93' lang='lat'><strong>,</strong></span> <span class='ocrx_word' id='word_1_255' title='bbox 1901 1856 2013 1923; x_wconf 92' lang='lat' dir='ltr'><strong>qui,</strong></span> <span class='ocrx_word' id='word_1_256' title='bbox 2042 1857 2089 1910; x_wconf 90' lang='lat' dir='ltr'><strong>si</strong></span> 
     </span>
    </p>
   </div>
   <div class='ocr_carea' id='block_1_35' title="bbox 518 1941 2092 2014">
    <p class='ocr_par' dir='ltr' id='par_1_35' title="bbox 518 1941 2092 2014">
     <span class='ocr_line' id='line_1_35' title="bbox 518 1941 2092 2014; baseline 0.003 -18"><span class='ocrx_word' id='word_1_257' title='bbox 518 1952 665 1997; x_wconf 86' lang='lat' dir='ltr'><strong>esset</strong></span> <span class='ocrx_word' id='word_1_258' title='bbox 694 1941 921 2009; x_wconf 88' lang='lat' dir='ltr'><strong>electus,</strong></span> <span class='ocrx_word' id='word_1_259' title='bbox 948 1942 1312 2014; x_wconf 85' lang='lat' dir='ltr'><strong>proculdubio</strong></span> <span class='ocrx_word' id='word_1_260' title='bbox 1337 1944 1405 2009; x_wconf 80' lang='lat' dir='ltr'><strong>ad</strong></span> <span class='ocrx_word' id='word_1_261' title='bbox 1424 1942 1588 1998; x_wconf 86' lang='lat' dir='ltr'><strong>vitam</strong></span> <span class='ocrx_word' id='word_1_262' title='bbox 1615 1944 2092 2014; x_wconf 85' lang='lat' dir='ltr'><strong>pertineretaeter-</strong></span> 
     </span>
    </p>
   </div>
   <div class='ocr_carea' id='block_1_36' title="bbox 521 2032 687 2086">
    <p class='ocr_par' dir='ltr' id='par_1_36' title="bbox 521 2032 687 2086">
     <span class='ocr_line' id='line_1_36' title="bbox 521 2032 687 2086; baseline 0 0"><span class='ocrx_word' id='word_1_263' title='bbox 521 2032 687 2086; x_wconf 76' lang='lat' dir='ltr'><strong>nam?</strong></span> 
     </span>
    </p>
   </div>
   <div class='ocr_carea' id='block_1_37' title="bbox 588 2112 2093 2193">
    <p class='ocr_par' dir='ltr' id='par_1_37' title="bbox 588 2112 2093 2193">
     <span class='ocr_line' id='line_1_37' title="bbox 588 2112 2093 2193; baseline 0.002 -18"><span class='ocrx_word' id='word_1_264' title='bbox 588 2121 655 2176; x_wconf 90' lang='lat' dir='ltr'><strong>ll.</strong></span> <span class='ocrx_word' id='word_1_265' title='bbox 685 2120 837 2189; x_wconf 85' lang='lat' dir='ltr'><strong>Quod</strong></span> <span class='ocrx_word' id='word_1_266' title='bbox 861 2122 905 2178; x_wconf 88' lang='lat' dir='ltr'><strong>si</strong></span> <span class='ocrx_word' id='word_1_267' title='bbox 926 2123 993 2177; x_wconf 90' lang='lat' dir='ltr'><strong>ad</strong></span> <span class='ocrx_word' id='word_1_268' title='bbox 1018 2112 1513 2193; x_wconf 87' lang='lat' dir='ltr'><strong>haecimpudenter</strong></span> <span class='ocrx_word' id='word_1_269' title='bbox 1531 2122 1819 2187; x_wconf 85' lang='lat' dir='ltr'><strong>resistitur,</strong></span> <span class='ocrx_word' id='word_1_270' title='bbox 1836 2123 2093 2178; x_wconf 82' lang='lat' dir='ltr'><strong>debemus</strong></span> 
     </span>
    </p>
   </div>
   <div class='ocr_carea' id='block_1_38' title="bbox 522 2210 2090 2282">
    <p class='ocr_par' dir='ltr' id='par_1_38' title="bbox 522 2210 2090 2282">
     <span class='ocr_line' id='line_1_38' title="bbox 522 2210 2090 2282; baseline 0.001 -18"><span class='ocrx_word' id='word_1_271' title='bbox 522 2210 771 2280; x_wconf 82' lang='lat' dir='ltr'><strong>accipere</strong></span> <span class='ocrx_word' id='word_1_272' title='bbox 806 2226 904 2281; x_wconf 88' lang='lat' dir='ltr'><strong>per</strong></span> <span class='ocrx_word' id='word_1_273' title='bbox 930 2211 1099 2267; x_wconf 86' lang='lat' dir='ltr'><strong>Judae</strong></span> <span class='ocrx_word' id='word_1_274' title='bbox 1120 2213 1418 2282; x_wconf 88' lang='lat' dir='ltr'><strong>proditoris</strong></span> <span class='ocrx_word' id='word_1_275' title='bbox 1443 2212 1716 2267; x_wconf 84' lang='lat' dir='ltr'><strong>abusivam</strong></span> <span class='ocrx_word' id='word_1_276' title='bbox 1749 2211 2090 2278; x_wconf 83' lang='lat' dir='ltr'><strong>electionem,</strong></span> 
     </span>
    </p>
   </div>
   <div class='ocr_carea' id='block_1_39' title="bbox 516 2298 2093 2371">
    <p class='ocr_par' dir='ltr' id='par_1_39' title="bbox 516 2298 2093 2371">
     <span class='ocr_line' id='line_1_39' title="bbox 516 2298 2093 2371; baseline 0.001 -19"><span class='ocrx_word' id='word_1_277' title='bbox 516 2298 720 2370; x_wconf 82' lang='lat' dir='ltr'><strong>justam</strong></span> <span class='ocrx_word' id='word_1_278' title='bbox 754 2299 1372 2371; x_wconf 53' lang='lat' dir='ltr'><strong>ejus‘reprobationem;</strong></span> <span class='ocrx_word' id='word_1_279' title='bbox 1402 2316 1499 2371; x_wconf 88' lang='lat' dir='ltr'><strong>per</strong></span> <span class='ocrx_word' id='word_1_280' title='bbox 1538 2300 1654 2370; x_wconf 84' lang='lat' dir='ltr'><strong>ejus</strong></span> <span class='ocrx_word' id='word_1_281' title='bbox 1688 2315 1838 2365; x_wconf 85' lang='lat' dir='ltr'><strong>vero,</strong></span> <span class='ocrx_word' id='word_1_282' title='bbox 1867 2314 1973 2370; x_wconf 90' lang='lat' dir='ltr'><strong>qua</strong></span> <span class='ocrx_word' id='word_1_283' title='bbox 2024 2298 2093 2353; x_wconf 91' lang='lat' dir='ltr'><strong>ad</strong></span> 
     </span>
    </p>
   </div>
   <div class='ocr_carea' id='block_1_40' title="bbox 524 2388 2095 2461">
    <p class='ocr_par' dir='ltr' id='par_1_40' title="bbox 524 2388 2095 2461">
     <span class='ocr_line' id='line_1_40' title="bbox 524 2388 2095 2461; baseline -0.001 -16"><span class='ocrx_word' id='word_1_284' title='bbox 524 2399 737 2461; x_wconf 84' lang='lat' dir='ltr'><strong>tempus</strong></span> <span class='ocrx_word' id='word_1_285' title='bbox 779 2400 1028 2455; x_wconf 86' lang='lat' dir='ltr'><strong>vocatus,</strong></span> <span class='ocrx_word' id='word_1_286' title='bbox 1056 2391 1399 2455; x_wconf 89' lang='lat' dir='ltr'><strong>ﬁliolitatem,</strong></span> <span class='ocrx_word' id='word_1_287' title='bbox 1422 2389 1623 2460; x_wconf 88' lang='lat' dir='ltr'><strong>justam</strong></span> <span class='ocrx_word' id='word_1_288' title='bbox 1652 2388 1766 2458; x_wconf 89' lang='lat' dir='ltr'><strong>ejus</strong></span> <span class='ocrx_word' id='word_1_289' title='bbox 1794 2390 2095 2456; x_wconf 86' lang='lat' dir='ltr'><strong>meritoque</strong></span> 
     </span>
    </p>
   </div>
   <div class='ocr_carea' id='block_1_41' title="bbox 523 2479 2092 2558">
    <p class='ocr_par' dir='ltr' id='par_1_41' title="bbox 523 2479 2092 2558">
     <span class='ocr_line' id='line_1_41' title="bbox 523 2479 2092 2558; baseline -0.003 -21"><span class='ocrx_word' id='word_1_290' title='bbox 523 2491 800 2537; x_wconf 84' lang='lat' dir='ltr'><strong>aeternam</strong></span> <span class='ocrx_word' id='word_1_291' title='bbox 832 2482 1245 2547; x_wconf 85' lang='lat' dir='ltr'><strong>abdicationem,</strong></span> <span class='ocrx_word' id='word_1_292' title='bbox 1275 2481 1399 2551; x_wconf 87' lang='lat' dir='ltr'><strong>quia</strong></span> <span class='ocrx_word' id='word_1_293' title='bbox 1434 2495 1705 2552; x_wconf 83' lang='lat' dir='ltr'><strong>nunquam</strong></span> <span class='ocrx_word' id='word_1_294' title='bbox 1735 2480 1941 2558; x_wconf 79' lang='lat' dir='ltr'><strong>electus</strong></span> <span class='ocrx_word' id='word_1_295' title='bbox 1975 2479 2092 2544; x_wconf 80' lang='lat' dir='ltr'><strong>fuit,</strong></span> 
     </span>
    </p>
   </div>
   <div class='ocr_carea' id='block_1_42' title="bbox 523 2556 2093 2644">
    <p class='ocr_par' dir='ltr' id='par_1_42' title="bbox 523 2556 2093 2644">
     <span class='ocr_line' id='line_1_42' title="bbox 523 2556 2093 2644; baseline -0.003 -14"><span class='ocrx_word' id='word_1_296' title='bbox 523 2575 667 2631; x_wconf 83' lang='lat' dir='ltr'><strong>sicut</strong></span> <span class='ocrx_word' id='word_1_297' title='bbox 684 2589 957 2644; x_wconf 88' lang='lat' dir='ltr'><strong>nunquam</strong></span> <span class='ocrx_word' id='word_1_298' title='bbox 974 2576 1234 2644; x_wconf 89' lang='lat' dir='ltr'><strong>reprobus</strong></span> <span class='ocrx_word' id='word_1_299' title='bbox 1260 2588 1365 2627; x_wconf 89' lang='lat' dir='ltr'><strong>non</strong></span> <span class='ocrx_word' id='word_1_300' title='bbox 1389 2572 1492 2626; x_wconf 83' lang='lat' dir='ltr'><strong>fuit</strong></span> <span class='ocrx_word' id='word_1_301' title='bbox 1516 2573 1570 2624; x_wconf 68' lang='grc' dir='ltr'><strong>’ς</strong></span> <span class='ocrx_word' id='word_1_302' title='bbox 1596 2556 1845 2628; x_wconf 76' lang='lat' dir='ltr'><strong>similiter</strong></span> <span class='ocrx_word' id='word_1_303' title='bbox 1867 2556 2093 2635; x_wconf 82' lang='lat' dir='ltr'><strong>amicus,</strong></span> 
     </span>
    </p>
   </div>
   <div class='ocr_carea' id='block_1_43' title="bbox 524 2656 2097 2734">
    <p class='ocr_par' dir='ltr' id='par_1_43' title="bbox 524 2656 2097 2734">
     <span class='ocr_line' id='line_1_43' title="bbox 524 2656 2097 2734; baseline -0.004 -14"><span class='ocrx_word' id='word_1_304' title='bbox 524 2665 618 2734; x_wconf 90' lang='lat' dir='ltr'><strong>qui</strong></span> <span class='ocrx_word' id='word_1_305' title='bbox 650 2678 864 2733; x_wconf 87' lang='lat' dir='ltr'><strong>semper</strong></span> <span class='ocrx_word' id='word_1_306' title='bbox 898 2673 1016 2719; x_wconf 87' lang='lat' dir='ltr'><strong>erat</strong></span> <span class='ocrx_word' id='word_1_307' title='bbox 1054 2663 1322 2719; x_wconf 90' lang='lat' dir='ltr'><strong>inimicus.</strong></span> <span class='ocrx_word' id='word_1_308' title='bbox 1356 2662 1588 2717; x_wconf 90' lang='lat' dir='ltr'><strong>Proinde</strong></span> <span class='ocrx_word' id='word_1_309' title='bbox 1632 2678 1737 2717; x_wconf 89' lang='lat' dir='ltr'><strong>non</strong></span> <span class='ocrx_word' id='word_1_310' title='bbox 1774 2656 1969 2726; x_wconf 82' lang='lat' dir='ltr'><strong>video,</strong></span> <span class='ocrx_word' id='word_1_311' title='bbox 2001 2676 2097 2714; x_wconf 82' lang='lat' dir='ltr'><strong>cur</strong></span> 
     </span>
    </p>
   </div>
   <div class='ocr_carea' id='block_1_44' title="bbox 498 2749 2097 2822">
    <p class='ocr_par' dir='ltr' id='par_1_44' title="bbox 498 2749 2097 2822">
     <span class='ocr_line' id='line_1_44' title="bbox 498 2749 2097 2822; baseline -0.003 -14"><span class='ocrx_word' id='word_1_312' title='bbox 498 2753 700 2808; x_wconf 66' lang='lat' dir='ltr'><strong>~sancti</strong></span> <span class='ocrx_word' id='word_1_313' title='bbox 732 2752 921 2807; x_wconf 78' lang='lat' dir='ltr'><strong>Patres</strong></span> <span class='ocrx_word' id='word_1_314' title='bbox 950 2752 1297 2817; x_wconf 88' lang='lat' dir='ltr'><strong>dubitarent,</strong></span> <span class='ocrx_word' id='word_1_315' title='bbox 1336 2750 1564 2822; x_wconf 87' lang='lat' dir='ltr'><strong>pulchro</strong></span> <span class='ocrx_word' id='word_1_316' title='bbox 1601 2750 1888 2805; x_wconf 91' lang='lat' dir='ltr'><strong>locutionis</strong></span> <span class='ocrx_word' id='word_1_317' title='bbox 1935 2749 2097 2804; x_wconf 90' lang='lat' dir='ltr'><strong>modo</strong></span> 
     </span>
    </p>
   </div>
   <div class='ocr_carea' id='block_1_45' title="bbox 529 2838 2097 2911">
    <p class='ocr_par' dir='ltr' id='par_1_45' title="bbox 529 2838 2097 2911">
     <span class='ocr_line' id='line_1_45' title="bbox 529 2838 2097 2911; baseline -0.003 -15"><span class='ocrx_word' id='word_1_318' title='bbox 529 2840 851 2897; x_wconf 86' lang='lat' dir='ltr'><strong>ﬁducialiter</strong></span> <span class='ocrx_word' id='word_1_319' title='bbox 877 2842 1160 2897; x_wconf 87' lang='lat' dir='ltr'><strong>enuntiare</strong></span> <span class='ocrx_word' id='word_1_320' title='bbox 1188 2841 1615 2911; x_wconf 88' lang='lat' dir='ltr'><strong>praedestinatos</strong></span> <span class='ocrx_word' id='word_1_321' title='bbox 1644 2840 1708 2893; x_wconf 89' lang='lat' dir='ltr'><strong>ad</strong></span> <span class='ocrx_word' id='word_1_322' title='bbox 1736 2854 1983 2908; x_wconf 88' lang='lat' dir='ltr'><strong>poenam,</strong></span> <span class='ocrx_word' id='word_1_323' title='bbox 2012 2838 2097 2893; x_wconf 82' lang='lat' dir='ltr'><strong>vel</strong></span> 
     </span>
    </p>
   </div>
   <div class='ocr_carea' id='block_1_46' title="bbox 528 2928 2096 3001">
    <p class='ocr_par' dir='ltr' id='par_1_46' title="bbox 528 2928 2096 3001">
     <span class='ocr_line' id='line_1_46' title="bbox 528 2928 2096 3001; baseline -0.001 -17"><span class='ocrx_word' id='word_1_324' title='bbox 528 2930 802 2985; x_wconf 88' lang='lat' dir='ltr'><strong>interitum</strong></span> <span class='ocrx_word' id='word_1_325' title='bbox 824 2972 840 2997; x_wconf 91' lang='lat'><strong>,</strong></span> <span class='ocrx_word' id='word_1_326' title='bbox 885 2939 1169 3000; x_wconf 88' lang='lat' dir='ltr'><strong>ceteraque</strong></span> <span class='ocrx_word' id='word_1_327' title='bbox 1196 2930 1530 3001; x_wconf 81' lang='lat' dir='ltr'><strong>ltujusmodi,</strong></span> <span class='ocrx_word' id='word_1_328' title='bbox 1560 2929 1775 3000; x_wconf 86' lang='lat' dir='ltr'><strong>quoties</strong></span> <span class='ocrx_word' id='word_1_329' title='bbox 1822 2929 1902 2982; x_wconf 90' lang='lat' dir='ltr'><strong>eis</strong></span> <span class='ocrx_word' id='word_1_330' title='bbox 1933 2929 1986 2982; x_wconf 90' lang='lat' dir='ltr'><strong>in</strong></span> <span class='ocrx_word' id='word_1_331' title='bbox 2029 2928 2096 2982; x_wconf 87' lang='lat' dir='ltr'><strong>li-</strong></span> 
     </span>
    </p>
   </div>
   <div class='ocr_carea' id='block_1_47' title="bbox 525 3018 2096 3088">
    <p class='ocr_par' dir='ltr' id='par_1_47' title="bbox 525 3018 2096 3088">
     <span class='ocr_line' id='line_1_47' title="bbox 525 3018 2096 3088; baseline -0.003 -14"><span class='ocrx_word' id='word_1_332' title='bbox 525 3018 747 3074; x_wconf 85' lang='lat' dir='ltr'><strong>brorum</strong></span> <span class='ocrx_word' id='word_1_333' title='bbox 789 3034 1008 3074; x_wconf 88' lang='lat' dir='ltr'><strong>suorum</strong></span> <span class='ocrx_word' id='word_1_334' title='bbox 1056 3020 1196 3074; x_wconf 87' lang='lat' dir='ltr'><strong>serie</strong></span> <span class='ocrx_word' id='word_1_335' title='bbox 1229 3018 1429 3087; x_wconf 88' lang='lat' dir='ltr'><strong>placuit</strong></span> <span class='ocrx_word' id='word_1_336' title='bbox 1474 3032 1708 3088; x_wconf 90' lang='lat' dir='ltr'><strong>ponere,</strong></span> <span class='ocrx_word' id='word_1_337' title='bbox 1760 3032 1882 3071; x_wconf 91' lang='lat' dir='ltr'><strong>cum</strong></span> <span class='ocrx_word' id='word_1_338' title='bbox 1926 3018 2096 3085; x_wconf 90' lang='lat' dir='ltr'><strong>ipsam</strong></span> 
     </span>
    </p>
   </div>
   <div class='ocr_carea' id='block_1_48' title="bbox 2189 1857 3759 1932">
    <p class='ocr_par' dir='ltr' id='par_1_48' title="bbox 2189 1857 3759 1932">
     <span class='ocr_line' id='line_1_48' title="bbox 2189 1857 3759 1932; baseline -0.008 -11"><span class='ocrx_word' id='word_1_339' title='bbox 2189 1866 2284 1921; x_wconf 89' lang='lat' dir='ltr'><strong>Dei</strong></span> <span class='ocrx_word' id='word_1_340' title='bbox 2307 1865 2463 1920; x_wconf 90' lang='lat' dir='ltr'><strong>electi</strong></span> <span class='ocrx_word' id='word_1_341' title='bbox 2501 1865 2630 1929; x_wconf 88' lang='lat' dir='ltr'><strong>sint,</strong></span> <span class='ocrx_word' id='word_1_342' title='bbox 2666 1871 2718 1918; x_wconf 89' lang='lat' dir='ltr'><strong>et</strong></span> <span class='ocrx_word' id='word_1_343' title='bbox 2758 1860 3143 1932; x_wconf 88' lang='lat' dir='ltr'><strong>praedestinati</strong></span> <span class='ocrx_word' id='word_1_344' title='bbox 3189 1875 3293 1914; x_wconf 92' lang='lat' dir='ltr'><strong>non</strong></span> <span class='ocrx_word' id='word_1_345' title='bbox 3322 1859 3447 1922; x_wconf 82' lang='lat' dir='ltr'><strong>sint,</strong></span> <span class='ocrx_word' id='word_1_346' title='bbox 3476 1859 3545 1912; x_wconf 88' lang='lat' dir='ltr'><strong>ita</strong></span> <span class='ocrx_word' id='word_1_347' title='bbox 3595 1857 3759 1912; x_wconf 89' lang='lat' dir='ltr'><strong>simul</strong></span> 
     </span>
    </p>
   </div>
   <div class='ocr_carea' id='block_1_49' title="bbox 2190 1950 3759 2026">
    <p class='ocr_par' dir='ltr' id='par_1_49' title="bbox 2190 1950 3759 2026">
     <span class='ocr_line' id='line_1_49' title="bbox 2190 1950 3759 2026; baseline -0.007 -14"><span class='ocrx_word' id='word_1_348' title='bbox 2190 1972 2297 2012; x_wconf 83' lang='lat' dir='ltr'><strong>non</strong></span> <span class='ocrx_word' id='word_1_349' title='bbox 2328 1964 2505 2026; x_wconf 88' lang='lat' dir='ltr'><strong>potest</strong></span> <span class='ocrx_word' id='word_1_350' title='bbox 2531 1970 2673 2020; x_wconf 89' lang='lat' dir='ltr'><strong>esse,</strong></span> <span class='ocrx_word' id='word_1_351' title='bbox 2722 1963 2784 2008; x_wconf 90' lang='lat' dir='ltr'><strong>ut</strong></span> <span class='ocrx_word' id='word_1_352' title='bbox 2834 1962 2889 2007; x_wconf 91' lang='lat' dir='ltr'><strong>et</strong></span> <span class='ocrx_word' id='word_1_353' title='bbox 2938 1951 3323 2022; x_wconf 87' lang='lat' dir='ltr'><strong>praedestinati</strong></span> <span class='ocrx_word' id='word_1_354' title='bbox 3354 1968 3384 2004; x_wconf 73' lang='grc' dir='ltr'>ει</span> <span class='ocrx_word' id='word_1_355' title='bbox 3412 1951 3520 2004; x_wconf 89' lang='lat' dir='ltr'><strong>Deo</strong></span> <span class='ocrx_word' id='word_1_356' title='bbox 3544 1950 3674 2011; x_wconf 88' lang='lat' dir='ltr'><strong>sint,</strong></span> <span class='ocrx_word' id='word_1_357' title='bbox 3704 1956 3759 2002; x_wconf 87' lang='lat' dir='ltr'><strong>ct</strong></span> 
     </span>
    </p>
   </div>
   <div class='ocr_carea' id='block_1_50' title="bbox 2190 2038 3759 2113">
    <p class='ocr_par' dir='ltr' id='par_1_50' title="bbox 2190 2038 3759 2113">
     <span class='ocr_line' id='line_1_50' title="bbox 2190 2038 3759 2113; baseline -0.008 -11"><span class='ocrx_word' id='word_1_358' title='bbox 2190 2047 2344 2102; x_wconf 87' lang='lat' dir='ltr'><strong>electi</strong></span> <span class='ocrx_word' id='word_1_359' title='bbox 2403 2046 2498 2099; x_wconf 92' lang='lat' dir='ltr'><strong>ﬁlii</strong></span> <span class='ocrx_word' id='word_1_360' title='bbox 2531 2044 2646 2113; x_wconf 90' lang='lat' dir='ltr'><strong>ejus</strong></span> <span class='ocrx_word' id='word_1_361' title='bbox 2701 2059 2803 2099; x_wconf 91' lang='lat' dir='ltr'><strong>non</strong></span> <span class='ocrx_word' id='word_1_362' title='bbox 2855 2042 2982 2096; x_wconf 91' lang='lat' dir='ltr'><strong>sint.</strong></span> <span class='ocrx_word' id='word_1_363' title='bbox 3032 2041 3264 2096; x_wconf 87' lang='lat' dir='ltr'><strong>Proinde</strong></span> <span class='ocrx_word' id='word_1_364' title='bbox 3308 2038 3759 2109; x_wconf 84' lang='lat' dir='ltr'><strong>quemadmodum</strong></span> 
     </span>
    </p>
   </div>
   <div class='ocr_carea' id='block_1_51' title="bbox 2189 2133 3771 2206">
    <p class='ocr_par' dir='ltr' id='par_1_51' title="bbox 2189 2133 3771 2206">
     <span class='ocr_line' id='line_1_51' title="bbox 2189 2133 3771 2206; baseline -0.005 -14"><span class='ocrx_word' id='word_1_365' title='bbox 2189 2135 2377 2192; x_wconf 83' lang='lat' dir='ltr'><strong>Judaei</strong></span> <span class='ocrx_word' id='word_1_366' title='bbox 2404 2136 2614 2205; x_wconf 89' lang='lat' dir='ltr'><strong>perﬁdi,</strong></span> <span class='ocrx_word' id='word_1_367' title='bbox 2632 2137 2826 2206; x_wconf 88' lang='lat' dir='ltr'><strong>quibus</strong></span> <span class='ocrx_word' id='word_1_368' title='bbox 2844 2137 3094 2192; x_wconf 87' lang='lat' dir='ltr'><strong>Salvator</strong></span> <span class='ocrx_word' id='word_1_369' title='bbox 3119 2137 3196 2191; x_wconf 89' lang='lat' dir='ltr'><strong>ait</strong></span> <span class='ocrx_word' id='word_1_370' title='bbox 3222 2150 3237 2188; x_wconf 88' lang='lat'><strong>:</strong></span> <span class='ocrx_word' id='word_1_371' title='bbox 3269 2151 3354 2190; x_wconf 74' lang='lat' dir='ltr'><strong>vos</strong></span> <span class='ocrx_word' id='word_1_372' title='bbox 3377 2151 3441 2189; x_wconf 78' lang='lat' dir='ltr'><strong>ea:</strong></span> <span class='ocrx_word' id='word_1_373' title='bbox 3467 2144 3612 2203; x_wconf 68' lang='lat' dir='ltr'><strong>patre</strong></span> <span class='ocrx_word' id='word_1_374' title='bbox 3637 2133 3771 2186; x_wconf 62' lang='grc' dir='ltr'><strong>Δία-⁸</strong></span> 
     </span>
    </p>
   </div>
   <div class='ocr_carea' id='block_1_52' title="bbox 2191 2212 3765 2300">
    <p class='ocr_par' dir='ltr' id='par_1_52' title="bbox 2191 2212 3765 2300">
     <span class='ocr_line' id='line_1_52' title="bbox 2191 2212 3765 2300; baseline -0.003 -17"><span class='ocrx_word' id='word_1_375' title='bbox 2191 2229 2304 2284; x_wconf 83' lang='lat' dir='ltr'><strong>bolo</strong></span> <span class='ocrx_word' id='word_1_376' title='bbox 2341 2232 2463 2285; x_wconf 81' lang='lat' dir='ltr'><strong>estis</strong></span> <span class='ocrx_word' id='word_1_377' title='bbox 2495 2231 2543 2295; x_wconf 78' lang='grc' dir='ltr'><strong>ιο,</strong></span> <span class='ocrx_word' id='word_1_378' title='bbox 2582 2212 2613 2284; x_wconf 78' lang='lat' dir='ltr'><strong>a</strong></span> <span class='ocrx_word' id='word_1_379' title='bbox 2648 2231 2759 2286; x_wconf 85' lang='lat' dir='ltr'><strong>Deo</strong></span> <span class='ocrx_word' id='word_1_380' title='bbox 2791 2229 3172 2300; x_wconf 81' lang='lat' dir='ltr'><strong>praedestinati</strong></span> <span class='ocrx_word' id='word_1_381' title='bbox 3202 2238 3326 2283; x_wconf 90' lang='lat' dir='ltr'><strong>sunt</strong></span> <span class='ocrx_word' id='word_1_382' title='bbox 3352 2228 3419 2282; x_wconf 86' lang='lat' dir='ltr'><strong>ad</strong></span> <span class='ocrx_word' id='word_1_383' title='bbox 3459 2226 3765 2287; x_wconf 77' lang='lat' dir='ltr'><strong>interitum,</strong></span> 
     </span>
    </p>
   </div>
   <div class='ocr_carea' id='block_1_53' title="bbox 2193 2312 3763 2393">
    <p class='ocr_par' dir='ltr' id='par_1_53' title="bbox 2193 2312 3763 2393">
     <span class='ocr_line' id='line_1_53' title="bbox 2193 2312 3763 2393; baseline -0.004 -20"><span class='ocrx_word' id='word_1_384' title='bbox 2193 2334 2317 2374; x_wconf 88' lang='lat' dir='ltr'><strong>cum</strong></span> <span class='ocrx_word' id='word_1_385' title='bbox 2345 2320 2522 2375; x_wconf 90' lang='lat' dir='ltr'><strong>omnis</strong></span> <span class='ocrx_word' id='word_1_386' title='bbox 2548 2336 2577 2373; x_wconf 91' lang='lat' dir='ltr'><strong>a</strong></span> <span class='ocrx_word' id='word_1_387' title='bbox 2606 2320 2716 2374; x_wconf 91' lang='lat' dir='ltr'><strong>Deo</strong></span> <span class='ocrx_word' id='word_1_388' title='bbox 2743 2321 3178 2389; x_wconf 85' lang='lat' dir='ltr'><strong>praedestinatus</strong></span> <span class='ocrx_word' id='word_1_389' title='bbox 3216 2332 3437 2372; x_wconf 86' lang='lat' dir='ltr'><strong>necesse</strong></span> <span class='ocrx_word' id='word_1_390' title='bbox 3467 2324 3568 2379; x_wconf 84' lang='lat' dir='ltr'><strong>est,</strong></span> <span class='ocrx_word' id='word_1_391' title='bbox 3586 2325 3664 2393; x_wconf 18' lang='lat' dir='ltr'><strong>aut</strong></span> <span class='ocrx_word' id='word_1_392' title='bbox 3682 2312 3763 2367; x_wconf 83' lang='lat' dir='ltr'><strong>sit</strong></span> 
     </span>
    </p>
   </div>
   <div class='ocr_carea' id='block_1_54' title="bbox 2192 2402 3766 2486">
    <p class='ocr_par' dir='ltr' id='par_1_54' title="bbox 2192 2402 3766 2486">
     <span class='ocr_line' id='line_1_54' title="bbox 2192 2402 3766 2486; baseline -0.003 -22"><span class='ocrx_word' id='word_1_393' title='bbox 2192 2409 2308 2478; x_wconf 85' lang='lat' dir='ltr'><strong>ejus</strong></span> <span class='ocrx_word' id='word_1_394' title='bbox 2349 2411 2576 2475; x_wconf 91' lang='lat' dir='ltr'><strong>electus,</strong></span> <span class='ocrx_word' id='word_1_395' title='bbox 2603 2426 2667 2465; x_wconf 92' lang='lat' dir='ltr'><strong>ac</strong></span> <span class='ocrx_word' id='word_1_396' title='bbox 2705 2426 2803 2480; x_wconf 85' lang='lat' dir='ltr'><strong>per</strong></span> <span class='ocrx_word' id='word_1_397' title='bbox 2841 2411 2946 2466; x_wconf 89' lang='lat' dir='ltr'><strong>boc</strong></span> <span class='ocrx_word' id='word_1_398' title='bbox 2992 2409 3110 2478; x_wconf 82' lang='lat' dir='ltr'><strong>ejus</strong></span> <span class='ocrx_word' id='word_1_399' title='bbox 3141 2410 3305 2472; x_wconf 85' lang='lat' dir='ltr'><strong>ﬁlius,</strong></span> <span class='ocrx_word' id='word_1_400' title='bbox 3353 2402 3593 2486; x_wconf 64' lang='lat' dir='ltr'><strong>invenire</strong></span> <span class='ocrx_word' id='word_1_401' title='bbox 3640 2406 3766 2475; x_wconf 87' lang='lat' dir='ltr'><strong>quis</strong></span> 
     </span>
    </p>
   </div>
   <div class='ocr_carea' id='block_1_55' title="bbox 2192 2495 3764 2568">
    <p class='ocr_par' dir='ltr' id='par_1_55' title="bbox 2192 2495 3764 2568">
     <span class='ocr_line' id='line_1_55' title="bbox 2192 2495 3764 2568; baseline -0.005 -15"><span class='ocrx_word' id='word_1_402' title='bbox 2192 2507 2390 2568; x_wconf 89' lang='lat' dir='ltr'><strong>potest,</strong></span> <span class='ocrx_word' id='word_1_403' title='bbox 2420 2500 2464 2554; x_wconf 91' lang='lat' dir='ltr'><strong>si</strong></span> <span class='ocrx_word' id='word_1_404' title='bbox 2495 2513 2600 2552; x_wconf 87' lang='lat' dir='ltr'><strong>non</strong></span> <span class='ocrx_word' id='word_1_405' title='bbox 2644 2499 2699 2554; x_wconf 90' lang='lat' dir='ltr'><strong>in</strong></span> <span class='ocrx_word' id='word_1_406' title='bbox 2724 2498 2897 2561; x_wconf 86' lang='lat' dir='ltr'><strong>illum,</strong></span> <span class='ocrx_word' id='word_1_407' title='bbox 2931 2514 3092 2567; x_wconf 87' lang='lat' dir='ltr'><strong>quem</strong></span> <span class='ocrx_word' id='word_1_408' title='bbox 3125 2511 3285 2566; x_wconf 89' lang='lat' dir='ltr'><strong>saepe</strong></span> <span class='ocrx_word' id='word_1_409' title='bbox 3323 2495 3576 2558; x_wconf 70' lang='lat' dir='ltr'><strong>diximus,</strong></span> <span class='ocrx_word' id='word_1_410' title='bbox 3602 2508 3764 2563; x_wconf 77' lang='lat' dir='ltr'><strong>oppo-</strong></span> 
     </span>
    </p>
   </div>
   <div class='ocr_carea' id='block_1_56' title="bbox 2195 2578 3763 2662">
    <p class='ocr_par' dir='ltr' id='par_1_56' title="bbox 2195 2578 3763 2662">
     <span class='ocr_line' id='line_1_56' title="bbox 2195 2578 3763 2662; baseline -0.004 -16"><span class='ocrx_word' id='word_1_411' title='bbox 2195 2592 2423 2646; x_wconf 87' lang='lat' dir='ltr'><strong>sitorum</strong></span> <span class='ocrx_word' id='word_1_412' title='bbox 2452 2591 2628 2645; x_wconf 90' lang='lat' dir='ltr'><strong>locum</strong></span> <span class='ocrx_word' id='word_1_413' title='bbox 2660 2592 3000 2659; x_wconf 86' lang='lat' dir='ltr'><strong>respiciatur,</strong></span> <span class='ocrx_word' id='word_1_414' title='bbox 3038 2604 3147 2662; x_wconf 83' lang='lat' dir='ltr'><strong>quo</strong></span> <span class='ocrx_word' id='word_1_415' title='bbox 3176 2578 3403 2644; x_wconf 86' lang='lat' dir='ltr'><strong>sumitur</strong></span> <span class='ocrx_word' id='word_1_416' title='bbox 3443 2587 3564 2642; x_wconf 86' lang='lat' dir='ltr'><strong>talis</strong></span> <span class='ocrx_word' id='word_1_417' title='bbox 3586 2602 3618 2640; x_wconf 86' lang='lat' dir='ltr'><strong>a</strong></span> <span class='ocrx_word' id='word_1_418' title='bbox 3638 2602 3763 2641; x_wconf 77' lang='lat' dir='ltr'><strong>con-</strong></span> 
     </span>
    </p>
   </div>
   <div class='ocr_carea' id='block_1_57' title="bbox 2197 2679 3023 2746">
    <p class='ocr_par' dir='ltr' id='par_1_57' title="bbox 2197 2679 3023 2746">
     <span class='ocr_line' id='line_1_57' title="bbox 2197 2679 3023 2746; baseline 0.006 -12"><span class='ocrx_word' id='word_1_419' title='bbox 2197 2679 2366 2735; x_wconf 89' lang='lat' dir='ltr'><strong>trario</strong></span> <span class='ocrx_word' id='word_1_420' title='bbox 2390 2679 2562 2735; x_wconf 77' lang='lat' dir='ltr'><strong>forma</strong></span> <span class='ocrx_word' id='word_1_421' title='bbox 2586 2680 2837 2735; x_wconf 87' lang='lat' dir='ltr'><strong>dicendi?</strong></span> <span class='ocrx_word' id='word_1_422' title='bbox 2954 2732 2960 2739; x_wconf 95' lang='lat'><strong>.</strong></span> <span class='ocrx_word' id='word_1_423' title='bbox 3018 2738 3023 2746; x_wconf 79' lang='lat'><strong>,</strong></span> 
     </span>
    </p>
   </div>
   <div class='ocr_carea' id='block_1_58' title="bbox 2266 2765 3762 2841">
    <p class='ocr_par' dir='ltr' id='par_1_58' title="bbox 2266 2765 3762 2841">
     <span class='ocr_line' id='line_1_58' title="bbox 2266 2765 3762 2841; baseline -0.003 -17"><span class='ocrx_word' id='word_1_424' title='bbox 2266 2769 2353 2825; x_wconf 83' lang='lat' dir='ltr'><strong>IV.</strong></span> <span class='ocrx_word' id='word_1_425' title='bbox 2378 2769 2565 2825; x_wconf 86' lang='lat' dir='ltr'><strong>Jaceat</strong></span> <span class='ocrx_word' id='word_1_426' title='bbox 2601 2785 2731 2841; x_wconf 78' lang='lat' dir='ltr'><strong>ergo</strong></span> <span class='ocrx_word' id='word_1_427' title='bbox 2746 2769 3147 2834; x_wconf 64' lang='lat' dir='ltr'><strong>haereticorum</strong></span> <span class='ocrx_word' id='word_1_428' title='bbox 3178 2768 3388 2840; x_wconf 85' lang='lat' dir='ltr'><strong>garrula</strong></span> <span class='ocrx_word' id='word_1_429' title='bbox 3437 2765 3762 2836; x_wconf 86' lang='lat' dir='ltr'><strong>procacitas,</strong></span> 
     </span>
    </p>
   </div>
   <div class='ocr_carea' id='block_1_59' title="bbox 2198 2844 3763 2933">
    <p class='ocr_par' dir='ltr' id='par_1_59' title="bbox 2198 2844 3763 2933">
     <span class='ocr_line' id='line_1_59' title="bbox 2198 2844 3763 2933; baseline -0.004 -18"><span class='ocrx_word' id='word_1_430' title='bbox 2198 2868 2377 2916; x_wconf 86' lang='lat' dir='ltr'><strong>teneat</strong></span> <span class='ocrx_word' id='word_1_431' title='bbox 2402 2876 2532 2933; x_wconf 74' lang='lat' dir='ltr'><strong>sapa</strong></span> <span class='ocrx_word' id='word_1_432' title='bbox 2578 2844 2710 2916; x_wconf 81' lang='lat' dir='ltr'><strong>ﬁdes</strong></span> <span class='ocrx_word' id='word_1_433' title='bbox 2743 2845 3286 2930; x_wconf 81' lang='lat' dir='ltr'><strong>praedestinatorum,</strong></span> <span class='ocrx_word' id='word_1_434' title='bbox 3331 2858 3648 2919; x_wconf 88' lang='lat' dir='ltr'><strong>electorum,</strong></span> <span class='ocrx_word' id='word_1_435' title='bbox 3673 2857 3763 2910; x_wconf 86' lang='lat' dir='ltr'><strong>Fi-</strong></span> 
     </span>
    </p>
   </div>
   <div class='ocr_carea' id='block_1_60' title="bbox 2197 2946 3764 3021">
    <p class='ocr_par' dir='ltr' id='par_1_60' title="bbox 2197 2946 3764 3021">
     <span class='ocr_line' id='line_1_60' title="bbox 2197 2946 3764 3021; baseline -0.003 -18"><span class='ocrx_word' id='word_1_436' title='bbox 2197 2950 2511 3021; x_wconf 77' lang='lat' dir='ltr'><strong>liorumDei</strong></span> <span class='ocrx_word' id='word_1_437' title='bbox 2552 2952 2692 3005; x_wconf 85' lang='lat' dir='ltr'><strong>hanc</strong></span> <span class='ocrx_word' id='word_1_438' title='bbox 2720 2951 3041 3006; x_wconf 87' lang='lat' dir='ltr'><strong>inconcusse</strong></span> <span class='ocrx_word' id='word_1_439' title='bbox 3060 2948 3391 3019; x_wconf 84' lang='lat' dir='ltr'><strong>regulam,ut</strong></span> <span class='ocrx_word' id='word_1_440' title='bbox 3417 2946 3764 3016; x_wconf 89' lang='lat' dir='ltr'><strong>quotiescun-</strong></span> 
     </span>
    </p>
   </div>
   <div class='ocr_carea' id='block_1_61' title="bbox 2100 3034 3767 3110">
    <p class='ocr_par' dir='ltr' id='par_1_61' title="bbox 2100 3034 3767 3110">
     <span class='ocr_line' id='line_1_61' title="bbox 2100 3034 3767 3110; baseline -0.004 -16"><span class='ocrx_word' id='word_1_441' title='bbox 2100 3070 2164 3110; x_wconf 56' lang='grc' dir='ltr'>ι-</span> <span class='ocrx_word' id='word_1_442' title='bbox 2197 3056 2305 3110; x_wconf 82' lang='lat' dir='ltr'><strong>que</strong></span> <span class='ocrx_word' id='word_1_443' title='bbox 2353 3040 2434 3096; x_wconf 87' lang='lat' dir='ltr'><strong>vel</strong></span> <span class='ocrx_word' id='word_1_444' title='bbox 2488 3040 2776 3105; x_wconf 88' lang='lat' dir='ltr'><strong>audierint,</strong></span> <span class='ocrx_word' id='word_1_445' title='bbox 2826 3039 2910 3094; x_wconf 89' lang='lat' dir='ltr'><strong>vel</strong></span> <span class='ocrx_word' id='word_1_446' title='bbox 2952 3039 3177 3107; x_wconf 84' lang='lat' dir='ltr'><strong>legerint</strong></span> <span class='ocrx_word' id='word_1_447' title='bbox 3222 3036 3646 3107; x_wconf 81' lang='lat' dir='ltr'><strong>praedestinatos</strong></span> <span class='ocrx_word' id='word_1_448' title='bbox 3699 3034 3767 3088; x_wconf 82' lang='lat' dir='ltr'><strong>ad</strong></span> 
     </span>
    </p>
   </div>
   <div class='ocr_carea' id='block_1_62' title="bbox 527 3103 3768 3203">
    <p class='ocr_par' dir='ltr' id='par_1_62' title="bbox 527 3103 3768 3203">
     <span class='ocr_line' id='line_1_62' title="bbox 527 3103 3768 3203; baseline -0.001 -39"><span class='ocrx_word' id='word_1_449' title='bbox 527 3110 811 3166; x_wconf 75' lang='lat' dir='ltr'><strong>veritatem</strong></span> <span class='ocrx_word' id='word_1_450' title='bbox 834 3126 939 3165; x_wconf 91' lang='lat' dir='ltr'><strong>non</strong></span> <span class='ocrx_word' id='word_1_451' title='bbox 956 3109 1455 3165; x_wconf 89' lang='lat' dir='ltr'><strong>dubitarinteodem</strong></span> <span class='ocrx_word' id='word_1_452' title='bbox 1475 3110 1633 3163; x_wconf 91' lang='lat' dir='ltr'><strong>modo</strong></span> <span class='ocrx_word' id='word_1_453' title='bbox 1649 3108 1885 3164; x_wconf 90' lang='lat' dir='ltr'><strong>locutam</strong></span> <span class='ocrx_word' id='word_1_454' title='bbox 1908 3107 2092 3173; x_wconf 71' lang='lat' dir='ltr'><strong>l‘ui’s&#39;se,</strong></span> <span class='ocrx_word' id='word_1_455' title='bbox 2121 3103 2166 3164; x_wconf 90' lang='lat' dir='ltr'><strong>C</strong></span> <span class='ocrx_word' id='word_1_456' title='bbox 2198 3103 2417 3200; x_wconf 36' lang='lat' dir='ltr'><strong>imum,</strong></span> <span class='ocrx_word' id='word_1_457' title='bbox 2464 3135 2532 3190; x_wconf 68' lang='lat' dir='ltr'><strong>ad</strong></span> <span class='ocrx_word' id='word_1_458' title='bbox 2578 3103 2800 3203; x_wconf 38' lang='lat' dir='ltr'><strong>poenas,</strong></span> <span class='ocrx_word' id='word_1_459' title='bbox 2848 3133 2915 3186; x_wconf 67' lang='lat' dir='ltr'><strong>ad</strong></span> <span class='ocrx_word' id='word_1_460' title='bbox 2959 3103 3256 3195; x_wconf 53' lang='grc' dir='ltr'><strong>ίηῖθτηηης,</strong></span> <span class='ocrx_word' id='word_1_461' title='bbox 3288 3145 3383 3185; x_wconf 65' lang='lat' dir='ltr'><strong>seu</strong></span> <span class='ocrx_word' id='word_1_462' title='bbox 3426 3126 3768 3197; x_wconf 48' lang='lat' dir='ltr'><strong>supplicium,</strong></span> 
     </span>
    </p>
   </div>
   <div class='ocr_carea' id='block_1_63' title="bbox 534 3198 2098 3268">
    <p class='ocr_par' dir='ltr' id='par_1_63' title="bbox 534 3198 2098 3268">
     <span class='ocr_line' id='line_1_63' title="bbox 534 3198 2098 3268; baseline -0.001 -15"><span class='ocrx_word' id='word_1_463' title='bbox 534 3207 799 3268; x_wconf 85' lang='lat' dir='ltr'><strong>quatenus</strong></span> <span class='ocrx_word' id='word_1_464' title='bbox 813 3207 868 3253; x_wconf 92' lang='lat' dir='ltr'><strong>et</strong></span> <span class='ocrx_word' id='word_1_465' title='bbox 891 3213 1134 3253; x_wconf 91' lang='lat' dir='ltr'><strong>summae</strong></span> <span class='ocrx_word' id='word_1_466' title='bbox 1165 3198 1479 3266; x_wconf 87' lang='lat' dir='ltr'><strong>sapientiae,</strong></span> <span class='ocrx_word' id='word_1_467' title='bbox 1507 3212 1645 3267; x_wconf 89' lang='lat' dir='ltr'><strong>quae</strong></span> <span class='ocrx_word' id='word_1_468' title='bbox 1668 3198 1721 3259; x_wconf 87' lang='lat' dir='ltr'><strong>in</strong></span> <span class='ocrx_word' id='word_1_469' title='bbox 1749 3198 1827 3252; x_wconf 90' lang='lat' dir='ltr'><strong>eis</strong></span> <span class='ocrx_word' id='word_1_470' title='bbox 1845 3198 2098 3265; x_wconf 87' lang='lat' dir='ltr'><strong>loqueba-</strong></span> 
     </span>
    </p>
   </div>
   <div class='ocr_carea' id='block_1_64' title="bbox 536 3282 2098 3358">
    <p class='ocr_par' dir='ltr' id='par_1_64' title="bbox 536 3282 2098 3358">
     <span class='ocr_line' id='line_1_64' title="bbox 536 3282 2098 3358; baseline -0.001 -16"><span class='ocrx_word' id='word_1_471' title='bbox 536 3298 648 3354; x_wconf 88' lang='lat' dir='ltr'><strong>tur,</strong></span> <span class='ocrx_word' id='word_1_472' title='bbox 678 3288 904 3358; x_wconf 83' lang='lat' dir='ltr'><strong>vcstigia</strong></span> <span class='ocrx_word' id='word_1_473' title='bbox 938 3302 1042 3340; x_wconf 92' lang='lat' dir='ltr'><strong>uon</strong></span> <span class='ocrx_word' id='word_1_474' title='bbox 1091 3282 1529 3349; x_wconf 46' lang='lat' dir='ltr'><strong>desererentfet~</strong></span> <span class='ocrx_word' id='word_1_475' title='bbox 1559 3288 1709 3340; x_wconf 84' lang='lat' dir='ltr'><strong>suam</strong></span> <span class='ocrx_word' id='word_1_476' title='bbox 1740 3286 2098 3355; x_wconf 84' lang='lat' dir='ltr'><strong>eloquentiam</strong></span> 
     </span>
    </p>
   </div>
   <div class='ocr_carea' id='block_1_65' title="bbox 532 3367 2102 3445">
    <p class='ocr_par' dir='ltr' id='par_1_65' title="bbox 532 3367 2102 3445">
     <span class='ocr_line' id='line_1_65' title="bbox 532 3367 2102 3445; baseline -0.001 -15"><span class='ocrx_word' id='word_1_477' title='bbox 532 3377 757 3432; x_wconf 88' lang='lat' dir='ltr'><strong>lecturis</strong></span> <span class='ocrx_word' id='word_1_478' title='bbox 817 3376 1063 3445; x_wconf 85' lang='lat' dir='ltr'><strong>exemplo</strong></span> <span class='ocrx_word' id='word_1_479' title='bbox 1120 3367 1353 3430; x_wconf 77' lang='lat' dir='ltr'><strong>ﬁituram</strong></span> <span class='ocrx_word' id='word_1_480' title='bbox 1410 3375 1816 3445; x_wconf 73' lang='lat' dir='ltr'><strong>pretiosissimis</strong></span> <span class='ocrx_word' id='word_1_481' title='bbox 1844 3375 2102 3445; x_wconf 85' lang='lat' dir='ltr'><strong>ﬁguratae</strong></span> 
     </span>
    </p>
   </div>
   <div class='ocr_carea' id='block_1_66' title="bbox 519 3456 2105 3543">
    <p class='ocr_par' dir='ltr' id='par_1_66' title="bbox 519 3456 2105 3543">
     <span class='ocr_line' id='line_1_66' title="bbox 519 3456 2105 3543; baseline 0.001 -24"><span class='ocrx_word' id='word_1_482' title='bbox 519 3456 988 3543; x_wconf 70' lang='lat' dir='ltr'><strong>pronuntiationis</strong></span> <span class='ocrx_word' id='word_1_483' title='bbox 1020 3457 1284 3533; x_wconf 81' lang='lat' dir='ltr'><strong>lapidibus</strong></span> <span class='ocrx_word' id='word_1_484' title='bbox 1306 3474 1583 3519; x_wconf 87' lang='lat' dir='ltr'><strong>ornarent.</strong></span> <span class='ocrx_word' id='word_1_485' title='bbox 1608 3466 1664 3520; x_wconf 91' lang='lat' dir='ltr'><strong>Si</strong></span> <span class='ocrx_word' id='word_1_486' title='bbox 1688 3480 1817 3536; x_wconf 86' lang='lat' dir='ltr'><strong>ergo</strong></span> <span class='ocrx_word' id='word_1_487' title='bbox 1849 3466 2105 3521; x_wconf 89' lang='lat' dir='ltr'><strong>Dominus</strong></span> 
     </span>
    </p>
   </div>
   <div class='ocr_carea' id='block_1_67' title="bbox 534 3548 2107 3625">
    <p class='ocr_par' dir='ltr' id='par_1_67' title="bbox 534 3548 2107 3625">
     <span class='ocr_line' id='line_1_67' title="bbox 534 3548 2107 3625; baseline 0.003 -18"><span class='ocrx_word' id='word_1_488' title='bbox 534 3548 862 3625; x_wconf 75' lang='lat' dir='ltr'><strong>proditarem</strong></span> <span class='ocrx_word' id='word_1_489' title='bbox 885 3570 1042 3609; x_wconf 87' lang='lat' dir='ltr'><strong>suum</strong></span> <span class='ocrx_word' id='word_1_490' title='bbox 1073 3571 1177 3608; x_wconf 89' lang='lat' dir='ltr'><strong>non</strong></span> <span class='ocrx_word' id='word_1_491' title='bbox 1202 3555 1415 3609; x_wconf 87' lang='lat' dir='ltr'><strong>erubuit</strong></span> <span class='ocrx_word' id='word_1_492' title='bbox 1440 3555 1710 3624; x_wconf 90' lang='lat' dir='ltr'><strong>appellare</strong></span> <span class='ocrx_word' id='word_1_493' title='bbox 1732 3557 1985 3623; x_wconf 86' lang='lat' dir='ltr'><strong>electum,</strong></span> <span class='ocrx_word' id='word_1_494' title='bbox 2009 3573 2107 3612; x_wconf 89' lang='lat' dir='ltr'><strong>cur</strong></span> 
     </span>
    </p>
   </div>
   <div class='ocr_carea' id='block_1_68' title="bbox 520 3638 2107 3713">
    <p class='ocr_par' dir='ltr' id='par_1_68' title="bbox 520 3638 2107 3713">
     <span class='ocr_line' id='line_1_68' title="bbox 520 3638 2107 3713; baseline 0.001 -15"><span class='ocrx_word' id='word_1_495' title='bbox 520 3638 650 3711; x_wconf 66' lang='lat' dir='ltr'><strong>&#39;ejus</strong></span> <span class='ocrx_word' id='word_1_496' title='bbox 677 3644 915 3697; x_wconf 85' lang='lat' dir='ltr'><strong>imitator</strong></span> <span class='ocrx_word' id='word_1_497' title='bbox 943 3652 1162 3699; x_wconf 88' lang='lat' dir='ltr'><strong>sanctus</strong></span> <span class='ocrx_word' id='word_1_498' title='bbox 1194 3643 1525 3713; x_wconf 76' lang='lat' dir='ltr'><strong>Augustinus</strong></span> <span class='ocrx_word' id='word_1_499' title='bbox 1567 3643 1931 3709; x_wconf 89' lang='lat' dir='ltr'><strong>erubesceret,</strong></span> <span class='ocrx_word' id='word_1_500' title='bbox 1957 3660 2107 3699; x_wconf 90' lang='lat' dir='ltr'><strong>eum-</strong></span> 
     </span>
    </p>
   </div>
   <div class='ocr_carea' id='block_1_69' title="bbox 537 3732 2109 3803">
    <p class='ocr_par' dir='ltr' id='par_1_69' title="bbox 537 3732 2109 3803">
     <span class='ocr_line' id='line_1_69' title="bbox 537 3732 2109 3803; baseline 0.001 -15"><span class='ocrx_word' id='word_1_501' title='bbox 537 3734 658 3789; x_wconf 86' lang='lat' dir='ltr'><strong>dem</strong></span> <span class='ocrx_word' id='word_1_502' title='bbox 680 3773 695 3799; x_wconf 91' lang='lat'><strong>,</strong></span> <span class='ocrx_word' id='word_1_503' title='bbox 744 3732 953 3787; x_wconf 88' lang='lat' dir='ltr'><strong>scilicet</strong></span> <span class='ocrx_word' id='word_1_504' title='bbox 983 3734 1351 3802; x_wconf 89' lang='lat' dir='ltr'><strong>proditorem,</strong></span> <span class='ocrx_word' id='word_1_505' title='bbox 1386 3748 1583 3788; x_wconf 90' lang='lat' dir='ltr'><strong>vocare</strong></span> <span class='ocrx_word' id='word_1_506' title='bbox 1613 3733 2109 3803; x_wconf 88' lang='lat' dir='ltr'><strong>praedestinatum?</strong></span> 
     </span>
    </p>
   </div>
   <div class='ocr_carea' id='block_1_70' title="bbox 540 3823 2110 3896">
    <p class='ocr_par' dir='ltr' id='par_1_70' title="bbox 540 3823 2110 3896">
     <span class='ocr_line' id='line_1_70' title="bbox 540 3823 2110 3896; baseline 0.002 -17"><span class='ocrx_word' id='word_1_507' title='bbox 540 3823 907 3893; x_wconf 88' lang='lat' dir='ltr'><strong>Similiterque</strong></span> <span class='ocrx_word' id='word_1_508' title='bbox 920 3823 1197 3879; x_wconf 83' lang='lat' dir='ltr'><strong>Judaicum</strong></span> <span class='ocrx_word' id='word_1_509' title='bbox 1215 3823 1487 3896; x_wconf 89' lang='lat' dir='ltr'><strong>populum,</strong></span> <span class='ocrx_word' id='word_1_510' title='bbox 1507 3824 1718 3879; x_wconf 84' lang='lat' dir='ltr'><strong>invidae</strong></span> <span class='ocrx_word' id='word_1_511' title='bbox 1732 3825 1987 3893; x_wconf 89' lang='lat' dir='ltr'><strong>perﬁdiae</strong></span> <span class='ocrx_word' id='word_1_512' title='bbox 2002 3827 2022 3856; x_wconf 82' lang='grc'><strong><em>⁸</em></strong></span> <span class='ocrx_word' id='word_1_513' title='bbox 2033 3842 2110 3882; x_wconf 91' lang='lat' dir='ltr'><strong>re-</strong></span> 
     </span>
    </p>
   </div>
   <div class='ocr_carea' id='block_1_71' title="bbox 543 3914 2110 3982">
    <p class='ocr_par' dir='ltr' id='par_1_71' title="bbox 543 3914 2110 3982">
     <span class='ocr_line' id='line_1_71' title="bbox 543 3914 2110 3982; baseline 0.002 -12"><span class='ocrx_word' id='word_1_514' title='bbox 543 3915 761 3981; x_wconf 77' lang='lat' dir='ltr'><strong>fertum,</strong></span> <span class='ocrx_word' id='word_1_515' title='bbox 797 3914 1006 3970; x_wconf 87' lang='lat' dir='ltr'><strong>Domini</strong></span> <span class='ocrx_word' id='word_1_516' title='bbox 1040 3925 1209 3973; x_wconf 78' lang='lat' dir='ltr'><strong>[IOSII&#39;I</strong></span> <span class='ocrx_word' id='word_1_517' title='bbox 1239 3916 1365 3972; x_wconf 87' lang='lat' dir='ltr'><strong>Jesu</strong></span> <span class='ocrx_word' id='word_1_518' title='bbox 1409 3916 1609 3971; x_wconf 87' lang='lat' dir='ltr'><strong>Cbristi</strong></span> <span class='ocrx_word' id='word_1_519' title='bbox 1660 3918 1994 3982; x_wconf 90' lang='lat' dir='ltr'><strong>traditorem,</strong></span> <span class='ocrx_word' id='word_1_520' title='bbox 2046 3933 2110 3974; x_wconf 89' lang='lat' dir='ltr'><strong>ac</strong></span> 
     </span>
    </p>
   </div>
   <div class='ocr_carea' id='block_1_72' title="bbox 537 4007 2111 4076">
    <p class='ocr_par' dir='ltr' id='par_1_72' title="bbox 537 4007 2111 4076">
     <span class='ocr_line' id='line_1_72' title="bbox 537 4007 2111 4076; baseline 0.001 -15"><span class='ocrx_word' id='word_1_521' title='bbox 537 4020 636 4076; x_wconf 88' lang='lat' dir='ltr'><strong>per</strong></span> <span class='ocrx_word' id='word_1_522' title='bbox 649 4007 749 4061; x_wconf 85' lang='lat' dir='ltr'><strong>hoc</strong></span> <span class='ocrx_word' id='word_1_523' title='bbox 764 4007 1223 4076; x_wconf 87' lang='lat' dir='ltr'><strong>interemptorem,</strong></span> <span class='ocrx_word' id='word_1_524' title='bbox 1239 4023 1337 4063; x_wconf 90' lang='lat' dir='ltr'><strong>cur</strong></span> <span class='ocrx_word' id='word_1_525' title='bbox 1354 4009 1643 4062; x_wconf 86' lang='lat' dir='ltr'><strong>haesitaret</strong></span> <span class='ocrx_word' id='word_1_526' title='bbox 1656 4009 2111 4076; x_wconf 89' lang='lat' dir='ltr'><strong>praedestinatum</strong></span> 
     </span>
    </p>
   </div>
   <div class='ocr_carea' id='block_1_73' title="bbox 541 4096 2114 4167">
    <p class='ocr_par' dir='ltr' id='par_1_73' title="bbox 541 4096 2114 4167">
     <span class='ocr_line' id='line_1_73' title="bbox 541 4096 2114 4167; baseline 0.001 -16"><span class='ocrx_word' id='word_1_527' title='bbox 541 4096 720 4151; x_wconf 86' lang='lat' dir='ltr'><strong>dicere</strong></span> <span class='ocrx_word' id='word_1_528' title='bbox 771 4096 839 4151; x_wconf 89' lang='lat' dir='ltr'><strong>ad</strong></span> <span class='ocrx_word' id='word_1_529' title='bbox 889 4098 1199 4153; x_wconf 85' lang='lat' dir='ltr'><strong>interitum?</strong></span> <span class='ocrx_word' id='word_1_530' title='bbox 1246 4097 1355 4154; x_wconf 90' lang='lat' dir='ltr'><strong>Cur</strong></span> <span class='ocrx_word' id='word_1_531' title='bbox 1399 4112 1503 4152; x_wconf 90' lang='lat' dir='ltr'><strong>non</strong></span> <span class='ocrx_word' id='word_1_532' title='bbox 1556 4096 1748 4152; x_wconf 90' lang='lat' dir='ltr'><strong>deinde</strong></span> <span class='ocrx_word' id='word_1_533' title='bbox 1793 4098 2114 4167; x_wconf 85' lang='lat' dir='ltr'><strong>generaliter</strong></span> 
     </span>
    </p>
   </div>
   <div class='ocr_carea' id='block_1_74' title="bbox 539 4188 2115 4260">
    <p class='ocr_par' dir='ltr' id='par_1_74' title="bbox 539 4188 2115 4260">
     <span class='ocr_line' id='line_1_74' title="bbox 539 4188 2115 4260; baseline 0.001 -18"><span class='ocrx_word' id='word_1_534' title='bbox 539 4202 727 4244; x_wconf 88' lang='lat' dir='ltr'><strong>omnes</strong></span> <span class='ocrx_word' id='word_1_535' title='bbox 752 4188 899 4259; x_wconf 88' lang='lat' dir='ltr'><strong>impii</strong></span> <span class='ocrx_word' id='word_1_536' title='bbox 927 4190 993 4245; x_wconf 89' lang='lat' dir='ltr'><strong>ad</strong></span> <span class='ocrx_word' id='word_1_537' title='bbox 1018 4189 1336 4260; x_wconf 89' lang='lat' dir='ltr'><strong>supplicium</strong></span> <span class='ocrx_word' id='word_1_538' title='bbox 1361 4189 1739 4260; x_wconf 88' lang='lat' dir='ltr'><strong>praedestinati</strong></span> <span class='ocrx_word' id='word_1_539' title='bbox 1768 4190 2115 4245; x_wconf 89' lang='lat' dir='ltr'><strong>enuntiaren-</strong></span> 
     </span>
    </p>
   </div>
   <div class='ocr_carea' id='block_1_75' title="bbox 541 4278 2112 4345">
    <p class='ocr_par' dir='ltr' id='par_1_75' title="bbox 541 4278 2112 4345">
     <span class='ocr_line' id='line_1_75' title="bbox 541 4278 2112 4345; baseline 0.001 -16"><span class='ocrx_word' id='word_1_540' title='bbox 541 4283 649 4342; x_wconf 85' lang='lat' dir='ltr'><strong>tur,</strong></span> <span class='ocrx_word' id='word_1_541' title='bbox 678 4294 801 4332; x_wconf 90' lang='lat' dir='ltr'><strong>cum</strong></span> <span class='ocrx_word' id='word_1_542' title='bbox 838 4286 892 4333; x_wconf 90' lang='lat' dir='ltr'><strong>et</strong></span> <span class='ocrx_word' id='word_1_543' title='bbox 935 4279 1218 4334; x_wconf 85' lang='lat' dir='ltr'><strong>verissima</strong></span> <span class='ocrx_word' id='word_1_544' title='bbox 1249 4279 1386 4333; x_wconf 86' lang='lat' dir='ltr'><strong>ratio</strong></span> <span class='ocrx_word' id='word_1_545' title='bbox 1415 4279 1660 4341; x_wconf 90' lang='lat' dir='ltr'><strong>suadeat,</strong></span> <span class='ocrx_word' id='word_1_546' title='bbox 1692 4286 1746 4332; x_wconf 91' lang='lat' dir='ltr'><strong>et</strong></span> <span class='ocrx_word' id='word_1_547' title='bbox 1777 4278 2112 4345; x_wconf 84' lang='lat' dir='ltr'><strong>apertissima</strong></span> 
     </span>
    </p>
   </div>
   <div class='ocr_carea' id='block_1_76' title="bbox 543 4366 2113 4438">
    <p class='ocr_par' dir='ltr' id='par_1_76' title="bbox 543 4366 2113 4438">
     <span class='ocr_line' id='line_1_76' title="bbox 543 4366 2113 4438; baseline 0 -18"><span class='ocrx_word' id='word_1_548' title='bbox 543 4367 858 4438; x_wconf 87' lang='lat' dir='ltr'><strong>comprobet</strong></span> <span class='ocrx_word' id='word_1_549' title='bbox 907 4369 1202 4424; x_wconf 87' lang='lat' dir='ltr'><strong>auctoritas</strong></span> <span class='ocrx_word' id='word_1_550' title='bbox 1228 4408 1243 4434; x_wconf 86' lang='lat'><strong>,</strong></span> <span class='ocrx_word' id='word_1_551' title='bbox 1275 4384 1381 4423; x_wconf 88' lang='lat' dir='ltr'><strong>non</strong></span> <span class='ocrx_word' id='word_1_552' title='bbox 1424 4382 1544 4423; x_wconf 89' lang='lat' dir='ltr'><strong>esse</strong></span> <span class='ocrx_word' id='word_1_553' title='bbox 1582 4366 1748 4421; x_wconf 85' lang='lat' dir='ltr'><strong>Filios</strong></span> <span class='ocrx_word' id='word_1_554' title='bbox 1780 4366 1871 4421; x_wconf 89' lang='lat' dir='ltr'><strong>Dei</strong></span> <span class='ocrx_word' id='word_1_555' title='bbox 1898 4376 2113 4435; x_wconf 86' lang='lat' dir='ltr'><strong>praeter</strong></span> 
     </span>
    </p>
   </div>
   <div class='ocr_carea' id='block_1_77' title="bbox 2199 3217 3767 3290">
    <p class='ocr_par' dir='ltr' id='par_1_77' title="bbox 2199 3217 3767 3290">
     <span class='ocr_line' id='line_1_77' title="bbox 2199 3217 3767 3290; baseline -0.008 -10"><span class='ocrx_word' id='word_1_556' title='bbox 2199 3227 2335 3280; x_wconf 83' lang='lat' dir='ltr'><strong>nihil</strong></span> <span class='ocrx_word' id='word_1_557' title='bbox 2359 3224 2505 3279; x_wconf 85' lang='lat' dir='ltr'><strong>aliud</strong></span> <span class='ocrx_word' id='word_1_558' title='bbox 2552 3225 2787 3279; x_wconf 88' lang='lat' dir='ltr'><strong>sentiant</strong></span> <span class='ocrx_word' id='word_1_559' title='bbox 2838 3223 2940 3277; x_wconf 89' lang='lat' dir='ltr'><strong>nisi</strong></span> <span class='ocrx_word' id='word_1_560' title='bbox 2990 3238 3097 3276; x_wconf 88' lang='lat' dir='ltr'><strong>non</strong></span> <span class='ocrx_word' id='word_1_561' title='bbox 3136 3219 3583 3290; x_wconf 81' lang='lat' dir='ltr'><strong>praedestinatos,</strong></span> <span class='ocrx_word' id='word_1_562' title='bbox 3616 3217 3708 3271; x_wconf 87' lang='lat' dir='ltr'><strong>sed</strong></span> <span class='ocrx_word' id='word_1_563' title='bbox 3737 3232 3767 3268; x_wconf 88' lang='lat' dir='ltr'><strong>a</strong></span> 
     </span>
    </p>
   </div>
   <div class='ocr_carea' id='block_1_78' title="bbox 2202 3307 3767 3381">
    <p class='ocr_par' dir='ltr' id='par_1_78' title="bbox 2202 3307 3767 3381">
     <span class='ocr_line' id='line_1_78' title="bbox 2202 3307 3767 3381; baseline -0.008 -11"><span class='ocrx_word' id='word_1_564' title='bbox 2202 3330 2380 3370; x_wconf 88' lang='lat' dir='ltr'><strong>massa</strong></span> <span class='ocrx_word' id='word_1_565' title='bbox 2432 3313 2725 3368; x_wconf 88' lang='lat' dir='ltr'><strong>damnabili</strong></span> <span class='ocrx_word' id='word_1_566' title='bbox 2784 3312 2979 3368; x_wconf 88' lang='lat' dir='ltr'><strong>merito</strong></span> <span class='ocrx_word' id='word_1_567' title='bbox 3030 3310 3238 3381; x_wconf 87' lang='lat' dir='ltr'><strong>peccati</strong></span> <span class='ocrx_word' id='word_1_568' title='bbox 3286 3307 3572 3379; x_wconf 44' lang='lat' dir='ltr'><strong>originalis.</strong></span> <span class='ocrx_word' id='word_1_569' title='bbox 3609 3317 3767 3372; x_wconf 85' lang='lat' dir='ltr'><strong>atque</strong></span> 
     </span>
    </p>
   </div>
   <div class='ocr_carea' id='block_1_79' title="bbox 2203 3396 3770 3475">
    <p class='ocr_par' dir='ltr' id='par_1_79' title="bbox 2203 3396 3770 3475">
     <span class='ocr_line' id='line_1_79' title="bbox 2203 3396 3770 3475; baseline -0.006 -17"><span class='ocrx_word' id='word_1_570' title='bbox 2203 3405 2405 3475; x_wconf 85' lang='lat' dir='ltr'><strong>proprii</strong></span> <span class='ocrx_word' id='word_1_571' title='bbox 2456 3419 2560 3458; x_wconf 86' lang='lat' dir='ltr'><strong>non</strong></span> <span class='ocrx_word' id='word_1_572' title='bbox 2608 3418 2729 3458; x_wconf 71' lang='lat' dir='ltr'><strong>esse</strong></span> <span class='ocrx_word' id='word_1_573' title='bbox 2776 3409 3080 3472; x_wconf 89' lang='lat' dir='ltr'><strong>separatos,</strong></span> <span class='ocrx_word' id='word_1_574' title='bbox 3130 3402 3354 3469; x_wconf 88' lang='lat' dir='ltr'><strong>ideoque</strong></span> <span class='ocrx_word' id='word_1_575' title='bbox 3387 3396 3551 3466; x_wconf 86' lang='lat' dir='ltr'><strong>impie</strong></span> <span class='ocrx_word' id='word_1_576' title='bbox 3590 3396 3770 3449; x_wconf 85' lang='lat' dir='ltr'><strong>vivere</strong></span> 
     </span>
    </p>
   </div>
   <div class='ocr_carea' id='block_1_80' title="bbox 2204 3484 3799 3564">
    <p class='ocr_par' dir='ltr' id='par_1_80' title="bbox 2204 3484 3799 3564">
     <span class='ocr_line' id='line_1_80' title="bbox 2204 3484 3799 3564; baseline -0.008 -14"><span class='ocrx_word' id='word_1_577' title='bbox 2204 3494 2494 3564; x_wconf 85' lang='lat' dir='ltr'><strong>permissos</strong></span> <span class='ocrx_word' id='word_1_578' title='bbox 2527 3492 2762 3557; x_wconf 84' lang='lat' dir='ltr'><strong>relictos,</strong></span> <span class='ocrx_word' id='word_1_579' title='bbox 2796 3492 3023 3546; x_wconf 89' lang='lat' dir='ltr'><strong>subinde</strong></span> <span class='ocrx_word' id='word_1_580' title='bbox 3056 3498 3276 3546; x_wconf 79' lang='lat' dir='ltr'><strong>aeterno</strong></span> <span class='ocrx_word' id='word_1_581' title='bbox 3302 3488 3411 3559; x_wconf 86' lang='lat' dir='ltr'><strong>igni</strong></span> <span class='ocrx_word' id='word_1_582' title='bbox 3438 3484 3799 3557; x_wconf 85' lang='lat' dir='ltr'><strong>plectendos.‘</strong></span> 
     </span>
    </p>
   </div>
   <div class='ocr_carea' id='block_1_81' title="bbox 2706 3616 3277 3675">
    <p class='ocr_par' dir='ltr' id='par_1_81' title="bbox 2706 3616 3277 3675">
     <span class='ocr_line' id='line_1_81' title="bbox 2706 3616 3277 3675; baseline -0.007 0"><span class='ocrx_word' id='word_1_583' title='bbox 2706 3618 3100 3675; x_wconf 86' lang='lat' dir='ltr'><strong>CAPITULUM</strong></span> <span class='ocrx_word' id='word_1_584' title='bbox 3138 3616 3277 3672; x_wconf 77' lang='lat' dir='ltr'><strong>XIV.</strong></span> 
     </span>
    </p>
   </div>
   <div class='ocr_carea' id='block_1_82' title="bbox 2211 3727 3769 3804">
    <p class='ocr_par' dir='ltr' id='par_1_82' title="bbox 2211 3727 3769 3804">
     <span class='ocr_line' id='line_1_82' title="bbox 2211 3727 3769 3804; baseline -0.008 -12"><span class='ocrx_word' id='word_1_585' title='bbox 2211 3736 2525 3791; x_wconf 81' lang='lat' dir='ltr'><strong>Testimouia</strong></span> <span class='ocrx_word' id='word_1_586' title='bbox 2569 3738 2736 3790; x_wconf 83' lang='lat' dir='ltr'><strong>sancti</strong></span> <span class='ocrx_word' id='word_1_587' title='bbox 2772 3733 3052 3804; x_wconf 82' lang='lat' dir='ltr'><strong>Augustini</strong></span> <span class='ocrx_word' id='word_1_588' title='bbox 3101 3731 3257 3804; x_wconf 82' lang='lat' dir='ltr'><strong>simul</strong></span> <span class='ocrx_word' id='word_1_589' title='bbox 3303 3727 3769 3804; x_wconf 80' lang='lat' dir='ltr'><strong>collecta,_quibus</strong></span> 
     </span>
    </p>
   </div>
   <div class='ocr_carea' id='block_1_83' title="bbox 2280 3800 3774 3873">
    <p class='ocr_par' dir='ltr' id='par_1_83' title="bbox 2280 3800 3774 3873">
     <span class='ocr_line' id='line_1_83' title="bbox 2280 3800 3774 3873; baseline -0.007 -15"><span class='ocrx_word' id='word_1_590' title='bbox 2280 3817 2453 3873; x_wconf 77' lang='lat' dir='ltr'><strong>aperte</strong></span> <span class='ocrx_word' id='word_1_591' title='bbox 2479 3805 2774 3873; x_wconf 83' lang='lat' dir='ltr'><strong>conﬁcitur,</strong></span> <span class='ocrx_word' id='word_1_592' title='bbox 2802 3800 2908 3857; x_wconf 75' lang='lat' dir='ltr'><strong>non</strong></span> <span class='ocrx_word' id='word_1_593' title='bbox 2943 3820 3053 3859; x_wconf 85' lang='lat' dir='ltr'><strong>esse</strong></span> <span class='ocrx_word' id='word_1_594' title='bbox 3082 3803 3182 3855; x_wconf 89' lang='lat' dir='ltr'><strong>nisi</strong></span> <span class='ocrx_word' id='word_1_595' title='bbox 3218 3817 3375 3854; x_wconf 88' lang='lat' dir='ltr'><strong>unam</strong></span> <span class='ocrx_word' id='word_1_596' title='bbox 3419 3800 3774 3873; x_wconf 70' lang='lat' dir='ltr'><strong>praedestina-</strong></span> 
     </span>
    </p>
   </div>
   <div class='ocr_carea' id='block_1_84' title="bbox 2280 3869 3701 3944">
    <p class='ocr_par' dir='ltr' id='par_1_84' title="bbox 2280 3869 3701 3944">
     <span class='ocr_line' id='line_1_84' title="bbox 2280 3869 3701 3944; baseline -0.006 -16"><span class='ocrx_word' id='word_1_597' title='bbox 2280 3869 2494 3941; x_wconf 81' lang='lat' dir='ltr'><strong>tiunem,</strong></span> <span class='ocrx_word' id='word_1_598' title='bbox 2523 3869 2737 3944; x_wconf 76' lang='lat' dir='ltr'><strong>eantque</strong></span> <span class='ocrx_word' id='word_1_599' title='bbox 2757 3873 3083 3928; x_wconf 80' lang='lat' dir='ltr'><strong>solummodo</strong></span> <span class='ocrx_word' id='word_1_600' title='bbox 3107 3872 3176 3924; x_wconf 83' lang='lat' dir='ltr'><strong>ad</strong></span> <span class='ocrx_word' id='word_1_601' title='bbox 3201 3881 3406 3925; x_wconf 83' lang='lat' dir='ltr'><strong>sanctos</strong></span> <span class='ocrx_word' id='word_1_602' title='bbox 3429 3869 3701 3939; x_wconf 69' lang='lat' dir='ltr'><strong>pertinere.</strong></span> 
     </span>
    </p>
   </div>
   <div class='ocr_carea' id='block_1_85' title="bbox 2279 4002 3772 4077">
    <p class='ocr_par' dir='ltr' id='par_1_85' title="bbox 2279 4002 3772 4077">
     <span class='ocr_line' id='line_1_85' title="bbox 2279 4002 3772 4077; baseline -0.008 -16"><span class='ocrx_word' id='word_1_603' title='bbox 2279 4006 2321 4061; x_wconf 88' lang='grc' dir='ltr'><strong>Ι.</strong></span> <span class='ocrx_word' id='word_1_604' title='bbox 2344 4006 2412 4060; x_wconf 89' lang='lat' dir='ltr'><strong>Et</strong></span> <span class='ocrx_word' id='word_1_605' title='bbox 2432 4021 2502 4061; x_wconf 92' lang='lat' dir='ltr'><strong>ne</strong></span> <span class='ocrx_word' id='word_1_606' title='bbox 2523 4005 2644 4077; x_wconf 89' lang='lat' dir='ltr'><strong>quis</strong></span> <span class='ocrx_word' id='word_1_607' title='bbox 2672 4003 2809 4059; x_wconf 84' lang='lat' dir='ltr'><strong>forte</strong></span> <span class='ocrx_word' id='word_1_608' title='bbox 2830 4017 2928 4058; x_wconf 91' lang='lat' dir='ltr'><strong>nos</strong></span> <span class='ocrx_word' id='word_1_609' title='bbox 2959 4002 3206 4057; x_wconf 89' lang='lat' dir='ltr'><strong>aestimet</strong></span> <span class='ocrx_word' id='word_1_610' title='bbox 3239 4007 3423 4054; x_wconf 88' lang='lat' dir='ltr'><strong>nostro</strong></span> <span class='ocrx_word' id='word_1_611' title='bbox 3462 4012 3620 4053; x_wconf 89' lang='lat' dir='ltr'><strong>sensu</strong></span> <span class='ocrx_word' id='word_1_612' title='bbox 3646 4011 3772 4066; x_wconf 84' lang='lat' dir='ltr'><strong>pro-</strong></span> 
     </span>
    </p>
   </div>
   <div class='ocr_carea' id='block_1_86' title="bbox 2213 4090 3778 4170">
    <p class='ocr_par' dir='ltr' id='par_1_86' title="bbox 2213 4090 3778 4170">
     <span class='ocr_line' id='line_1_86' title="bbox 2213 4090 3778 4170; baseline -0.008 -17"><span class='ocrx_word' id='word_1_613' title='bbox 2213 4099 2330 4170; x_wconf 93' lang='lat' dir='ltr'><strong>prio</strong></span> <span class='ocrx_word' id='word_1_614' title='bbox 2375 4097 2501 4151; x_wconf 91' lang='lat' dir='ltr'><strong>talia</strong></span> <span class='ocrx_word' id='word_1_615' title='bbox 2557 4096 2793 4158; x_wconf 85' lang='lat' dir='ltr'><strong>dixisse,</strong></span> <span class='ocrx_word' id='word_1_616' title='bbox 2838 4095 3038 4149; x_wconf 90' lang='lat' dir='ltr'><strong>nullius</strong></span> <span class='ocrx_word' id='word_1_617' title='bbox 3113 4090 3450 4147; x_wconf 88' lang='lat' dir='ltr'><strong>auctoritatis</strong></span> <span class='ocrx_word' id='word_1_618' title='bbox 3517 4090 3778 4160; x_wconf 85' lang='lat' dir='ltr'><strong>gravitate</strong></span> 
     </span>
    </p>
   </div>
   <div class='ocr_carea' id='block_1_87' title="bbox 2214 4180 3779 4258">
    <p class='ocr_par' dir='ltr' id='par_1_87' title="bbox 2214 4180 3779 4258">
     <span class='ocr_line' id='line_1_87' title="bbox 2214 4180 3779 4258; baseline -0.008 -14"><span class='ocrx_word' id='word_1_619' title='bbox 2214 4189 2432 4253; x_wconf 79' lang='lat' dir='ltr'><strong>suti&#39;ulti,</strong></span> <span class='ocrx_word' id='word_1_620' title='bbox 2457 4189 2655 4258; x_wconf 86' lang='lat' dir='ltr'><strong>placuit</strong></span> <span class='ocrx_word' id='word_1_621' title='bbox 2675 4187 2846 4251; x_wconf 89' lang='lat' dir='ltr'><strong>nobis,</strong></span> <span class='ocrx_word' id='word_1_622' title='bbox 2879 4185 3183 4242; x_wconf 87' lang='lat' dir='ltr'><strong>testimonia</strong></span> <span class='ocrx_word' id='word_1_623' title='bbox 3213 4183 3235 4216; x_wconf 71' lang='grc'><strong><em>³</em></strong></span> <span class='ocrx_word' id='word_1_624' title='bbox 3278 4183 3446 4238; x_wconf 90' lang='lat' dir='ltr'><strong>sancti</strong></span> <span class='ocrx_word' id='word_1_625' title='bbox 3482 4181 3650 4251; x_wconf 88' lang='lat' dir='ltr'><strong>patris</strong></span> <span class='ocrx_word' id='word_1_626' title='bbox 3673 4180 3779 4233; x_wconf 87' lang='lat' dir='ltr'><strong>Att-</strong></span> 
     </span>
    </p>
   </div>
   <div class='ocr_carea' id='block_1_88' title="bbox 2215 4274 3783 4348">
    <p class='ocr_par' dir='ltr' id='par_1_88' title="bbox 2215 4274 3783 4348">
     <span class='ocr_line' id='line_1_88' title="bbox 2215 4274 3783 4348; baseline -0.007 -16"><span class='ocrx_word' id='word_1_627' title='bbox 2215 4279 2412 4347; x_wconf 85' lang='lat' dir='ltr'><strong>gustini</strong></span> <span class='ocrx_word' id='word_1_628' title='bbox 2448 4276 2608 4332; x_wconf 91' lang='lat' dir='ltr'><strong>simul</strong></span> <span class='ocrx_word' id='word_1_629' title='bbox 2642 4277 2914 4348; x_wconf 86' lang='lat' dir='ltr'><strong>colligere,</strong></span> <span class='ocrx_word' id='word_1_630' title='bbox 2944 4287 3004 4329; x_wconf 90' lang='lat' dir='ltr'><strong>ut</strong></span> <span class='ocrx_word' id='word_1_631' title='bbox 3047 4274 3284 4345; x_wconf 89' lang='lat' dir='ltr'><strong>prudens</strong></span> <span class='ocrx_word' id='word_1_632' title='bbox 3314 4274 3540 4343; x_wconf 87' lang='lat' dir='ltr'><strong>quisque</strong></span> <span class='ocrx_word' id='word_1_633' title='bbox 3584 4284 3783 4340; x_wconf 86' lang='lat' dir='ltr'><strong>cogno-</strong></span> 
     </span>
    </p>
   </div>
   <div class='ocr_carea' id='block_1_89' title="bbox 2217 4361 3779 4436">
    <p class='ocr_par' dir='ltr' id='par_1_89' title="bbox 2217 4361 3779 4436">
     <span class='ocr_line' id='line_1_89' title="bbox 2217 4361 3779 4436; baseline -0.007 -12"><span class='ocrx_word' id='word_1_634' title='bbox 2217 4378 2353 4434; x_wconf 88' lang='lat' dir='ltr'><strong>scat,</strong></span> <span class='ocrx_word' id='word_1_635' title='bbox 2371 4369 2512 4423; x_wconf 93' lang='lat' dir='ltr'><strong>nullo</strong></span> <span class='ocrx_word' id='word_1_636' title='bbox 2525 4369 2681 4424; x_wconf 89' lang='lat' dir='ltr'><strong>modo</strong></span> <span class='ocrx_word' id='word_1_637' title='bbox 2701 4383 2821 4423; x_wconf 92' lang='lat' dir='ltr'><strong>eum</strong></span> <span class='ocrx_word' id='word_1_638' title='bbox 2834 4366 2968 4422; x_wconf 89' lang='lat' dir='ltr'><strong>duas</strong></span> <span class='ocrx_word' id='word_1_639' title='bbox 2982 4365 3499 4436; x_wconf 88' lang='lat' dir='ltr'><strong>praedestinatioucs</strong></span> <span class='ocrx_word' id='word_1_640' title='bbox 3514 4361 3779 4424; x_wconf 87' lang='lat' dir='ltr'><strong>docuisse,</strong></span> 
     </span>
    </p>
   </div>
   <div class='ocr_carea' id='block_1_90' title="bbox 542 4438 3782 4531">
    <p class='ocr_par' dir='ltr' id='par_1_90' title="bbox 542 4438 3782 4531">
     <span class='ocr_line' id='line_1_90' title="bbox 542 4438 3782 4531; baseline -0.002 -19"><span class='ocrx_word' id='word_1_641' title='bbox 542 4457 746 4512; x_wconf 85' lang='lat' dir='ltr'><strong>electos</strong></span> <span class='ocrx_word' id='word_1_642' title='bbox 772 4456 918 4526; x_wconf 86' lang='lat' dir='ltr'><strong>ejus,</strong></span> <span class='ocrx_word' id='word_1_643' title='bbox 946 4475 1120 4529; x_wconf 88' lang='lat' dir='ltr'><strong>neque</strong></span> <span class='ocrx_word' id='word_1_644' title='bbox 1147 4461 1347 4516; x_wconf 90' lang='lat' dir='ltr'><strong>electos</strong></span> <span class='ocrx_word' id='word_1_645' title='bbox 1388 4458 1503 4527; x_wconf 89' lang='lat' dir='ltr'><strong>ejus</strong></span> <span class='ocrx_word' id='word_1_646' title='bbox 1526 4468 1743 4531; x_wconf 88' lang='lat' dir='ltr'><strong>praeter</strong></span> <span class='ocrx_word' id='word_1_647' title='bbox 1779 4458 1847 4511; x_wconf 91' lang='lat' dir='ltr'><strong>ab</strong></span> <span class='ocrx_word' id='word_1_648' title='bbox 1872 4473 1936 4512; x_wconf 91' lang='lat' dir='ltr'><strong>eo</strong></span> <span class='ocrx_word' id='word_1_649' title='bbox 1958 4473 2116 4527; x_wconf 89' lang='lat' dir='ltr'><strong>prae-</strong></span> <span class='ocrx_word' id='word_1_650' title='bbox 2145 4438 2193 4496; x_wconf 78' lang='grc' dir='ltr'><strong>Ῑ)</strong></span> <span class='ocrx_word' id='word_1_651' title='bbox 2219 4475 2317 4515; x_wconf 89' lang='lat' dir='ltr'><strong>nec</strong></span> <span class='ocrx_word' id='word_1_652' title='bbox 2353 4474 2514 4514; x_wconf 90' lang='lat' dir='ltr'><strong>unam</strong></span> <span class='ocrx_word' id='word_1_653' title='bbox 2556 4458 2862 4528; x_wconf 89' lang='lat' dir='ltr'><strong>bipertitam</strong></span> <span class='ocrx_word' id='word_1_654' title='bbox 2883 4497 2897 4522; x_wconf 92' lang='lat'><strong>,</strong></span> <span class='ocrx_word' id='word_1_655' title='bbox 2927 4472 3031 4511; x_wconf 90' lang='lat' dir='ltr'><strong>nec</strong></span> <span class='ocrx_word' id='word_1_656' title='bbox 3074 4456 3287 4526; x_wconf 88' lang='lat' dir='ltr'><strong>duplam</strong></span> <span class='ocrx_word' id='word_1_657' title='bbox 3306 4495 3323 4521; x_wconf 94' lang='lat'><strong>,</strong></span> <span class='ocrx_word' id='word_1_658' title='bbox 3347 4462 3404 4507; x_wconf 89' lang='lat' dir='ltr'><strong>ut</strong></span> <span class='ocrx_word' id='word_1_659' title='bbox 3435 4452 3782 4507; x_wconf 79' lang='lat' dir='ltr'><strong>Gotescalcus</strong></span> 
     </span>
    </p>
   </div>
   <div class='ocr_carea' id='block_1_91' title="bbox 543 4545 2115 4616">
    <p class='ocr_par' dir='ltr' id='par_1_91' title="bbox 543 4545 2115 4616">
     <span class='ocr_line' id='line_1_91' title="bbox 543 4545 2115 4616; baseline 0.003 -19"><span class='ocrx_word' id='word_1_660' title='bbox 543 4545 872 4609; x_wconf 85' lang='lat' dir='ltr'><strong>destinatos;</strong></span> <span class='ocrx_word' id='word_1_661' title='bbox 913 4556 971 4600; x_wconf 91' lang='lat' dir='ltr'><strong>et</strong></span> <span class='ocrx_word' id='word_1_662' title='bbox 1017 4549 1318 4603; x_wconf 90' lang='lat' dir='ltr'><strong>conversim</strong></span> <span class='ocrx_word' id='word_1_663' title='bbox 1366 4565 1471 4603; x_wconf 93' lang='lat' dir='ltr'><strong>non</strong></span> <span class='ocrx_word' id='word_1_664' title='bbox 1523 4563 1641 4603; x_wconf 90' lang='lat' dir='ltr'><strong>esse</strong></span> <span class='ocrx_word' id='word_1_665' title='bbox 1686 4545 2115 4616; x_wconf 88' lang='lat' dir='ltr'><strong>praedestinatos</strong></span> 
     </span>
    </p>
   </div>
   <div class='ocr_carea' id='block_1_92' title="bbox 544 4634 1848 4707">
    <p class='ocr_par' dir='ltr' id='par_1_92' title="bbox 544 4634 1848 4707">
     <span class='ocr_line' id='line_1_92' title="bbox 544 4634 1848 4707; baseline 0.004 -23"><span class='ocrx_word' id='word_1_666' title='bbox 544 4643 761 4701; x_wconf 88' lang='lat' dir='ltr'><strong>praeter</strong></span> <span class='ocrx_word' id='word_1_667' title='bbox 781 4634 1002 4699; x_wconf 85' lang='lat' dir='ltr'><strong>electos,</strong></span> <span class='ocrx_word' id='word_1_668' title='bbox 1030 4651 1204 4704; x_wconf 87' lang='lat' dir='ltr'><strong>neque</strong></span> <span class='ocrx_word' id='word_1_669' title='bbox 1229 4637 1429 4692; x_wconf 90' lang='lat' dir='ltr'><strong>electos</strong></span> <span class='ocrx_word' id='word_1_670' title='bbox 1451 4647 1667 4707; x_wconf 86' lang='lat' dir='ltr'><strong>praeter</strong></span> <span class='ocrx_word' id='word_1_671' title='bbox 1692 4637 1848 4691; x_wconf 89' lang='lat' dir='ltr'><strong>ﬁlios.</strong></span> 
     </span>
    </p>
   </div>
   <div class='ocr_carea' id='block_1_93' title="bbox 614 4722 2115 4791">
    <p class='ocr_par' dir='ltr' id='par_1_93' title="bbox 614 4722 2115 4791">
     <span class='ocr_line' id='line_1_93' title="bbox 614 4722 2115 4791; baseline 0.004 -15"><span class='ocrx_word' id='word_1_672' title='bbox 614 4723 697 4778; x_wconf 89' lang='lat' dir='ltr'><strong>Ill.</strong></span> <span class='ocrx_word' id='word_1_673' title='bbox 728 4722 863 4779; x_wconf 79' lang='lat' dir='ltr'><strong>lliuc</strong></span> <span class='ocrx_word' id='word_1_674' title='bbox 893 4725 1178 4782; x_wconf 90' lang='lat' dir='ltr'><strong>conﬁcitur</strong></span> <span class='ocrx_word' id='word_1_675' title='bbox 1219 4728 1640 4783; x_wconf 88' lang='lat' dir='ltr'><strong>incommutabili</strong></span> <span class='ocrx_word' id='word_1_676' title='bbox 1680 4726 2042 4791; x_wconf 89' lang='lat' dir='ltr'><strong>conclusione,</strong></span> <span class='ocrx_word' id='word_1_677' title='bbox 2071 4729 2115 4782; x_wconf 88' lang='lat' dir='ltr'><strong>si</strong></span> 
     </span>
    </p>
   </div>
   <div class='ocr_carea' id='block_1_94' title="bbox 544 4813 2111 4887">
    <p class='ocr_par' dir='ltr' id='par_1_94' title="bbox 544 4813 2111 4887">
     <span class='ocr_line' id='line_1_94' title="bbox 544 4813 2111 4887; baseline 0.002 -18"><span class='ocrx_word' id='word_1_678' title='bbox 544 4827 734 4870; x_wconf 71' lang='lat' dir='ltr'><strong>ornttes</strong></span> <span class='ocrx_word' id='word_1_679' title='bbox 755 4813 878 4868; x_wconf 84' lang='lat' dir='ltr'><strong>Filii</strong></span> <span class='ocrx_word' id='word_1_680' title='bbox 905 4813 997 4871; x_wconf 88' lang='lat' dir='ltr'><strong>Dei</strong></span> <span class='ocrx_word' id='word_1_681' title='bbox 1029 4814 1186 4870; x_wconf 88' lang='lat' dir='ltr'><strong>electi</strong></span> <span class='ocrx_word' id='word_1_682' title='bbox 1210 4824 1359 4879; x_wconf 89' lang='lat' dir='ltr'><strong>sunt,</strong></span> <span class='ocrx_word' id='word_1_683' title='bbox 1381 4819 1525 4885; x_wconf 88' lang='lat' dir='ltr'><strong>quod</strong></span> <span class='ocrx_word' id='word_1_684' title='bbox 1546 4817 1767 4885; x_wconf 90' lang='lat' dir='ltr'><strong>impium</strong></span> <span class='ocrx_word' id='word_1_685' title='bbox 1791 4824 1874 4871; x_wconf 89' lang='lat' dir='ltr'><strong>est</strong></span> <span class='ocrx_word' id='word_1_686' title='bbox 1894 4832 2111 4887; x_wconf 83' lang='lat' dir='ltr'><strong>negare,</strong></span> 
     </span>
    </p>
   </div>
   <div class='ocr_carea' id='block_1_95' title="bbox 544 4902 2116 4973">
    <p class='ocr_par' dir='ltr' id='par_1_95' title="bbox 544 4902 2116 4973">
     <span class='ocr_line' id='line_1_95' title="bbox 544 4902 2116 4973; baseline -0.001 -14"><span class='ocrx_word' id='word_1_687' title='bbox 544 4917 735 4959; x_wconf 73' lang='lat' dir='ltr'><strong>omnes</strong></span> <span class='ocrx_word' id='word_1_688' title='bbox 760 4911 941 4958; x_wconf 89' lang='lat' dir='ltr'><strong>autem</strong></span> <span class='ocrx_word' id='word_1_689' title='bbox 969 4903 1123 4959; x_wconf 84' lang='lat' dir='ltr'><strong>electi</strong></span> <span class='ocrx_word' id='word_1_690' title='bbox 1152 4903 1524 4973; x_wconf 89' lang='lat' dir='ltr'><strong>proculdubio</strong></span> <span class='ocrx_word' id='word_1_691' title='bbox 1567 4902 1974 4973; x_wconf 87' lang='lat' dir='ltr'><strong>praedestinati,</strong></span> <span class='ocrx_word' id='word_1_692' title='bbox 1997 4918 2116 4960; x_wconf 87' lang='lat' dir='ltr'><strong>om-</strong></span> 
     </span>
    </p>
   </div>
   <div class='ocr_carea' id='block_1_96' title="bbox 548 4987 2113 5064">
    <p class='ocr_par' dir='ltr' id='par_1_96' title="bbox 548 4987 2113 5064">
     <span class='ocr_line' id='line_1_96' title="bbox 548 4987 2113 5064; baseline -0.001 -20"><span class='ocrx_word' id='word_1_693' title='bbox 548 5004 648 5047; x_wconf 84' lang='lat' dir='ltr'><strong>nes</strong></span> <span class='ocrx_word' id='word_1_694' title='bbox 675 4992 838 5064; x_wconf 86' lang='lat' dir='ltr'><strong>igitur</strong></span> <span class='ocrx_word' id='word_1_695' title='bbox 883 4991 1003 5046; x_wconf 84' lang='lat' dir='ltr'><strong>Filii</strong></span> <span class='ocrx_word' id='word_1_696' title='bbox 1057 4992 1153 5048; x_wconf 85' lang='lat' dir='ltr'><strong>Dei</strong></span> <span class='ocrx_word' id='word_1_697' title='bbox 1192 4990 1579 5062; x_wconf 89' lang='lat' dir='ltr'><strong>praedestinati</strong></span> <span class='ocrx_word' id='word_1_698' title='bbox 1611 4998 1755 5045; x_wconf 82' lang='lat' dir='ltr'><strong>sunt;</strong></span> <span class='ocrx_word' id='word_1_699' title='bbox 1786 4987 1935 5057; x_wconf 89' lang='lat' dir='ltr'><strong>Quae</strong></span> <span class='ocrx_word' id='word_1_700' title='bbox 1981 5005 2113 5045; x_wconf 89' lang='lat' dir='ltr'><strong>cou-</strong></span> 
     </span>
    </p>
   </div>
   <div class='ocr_carea' id='block_1_97' title="bbox 548 5079 2115 5150">
    <p class='ocr_par' dir='ltr' id='par_1_97' title="bbox 548 5079 2115 5150">
     <span class='ocr_line' id='line_1_97' title="bbox 548 5079 2115 5150; baseline -0.002 -12"><span class='ocrx_word' id='word_1_701' title='bbox 548 5083 709 5139; x_wconf 76' lang='lat' dir='ltr'><strong>nexio</strong></span> <span class='ocrx_word' id='word_1_702' title='bbox 745 5083 1093 5141; x_wconf 82' lang='lat' dir='ltr'><strong>conversione</strong></span> <span class='ocrx_word' id='word_1_703' title='bbox 1119 5083 1203 5140; x_wconf 88' lang='lat' dir='ltr'><strong>sui</strong></span> <span class='ocrx_word' id='word_1_704' title='bbox 1235 5082 1422 5137; x_wconf 83' lang='lat' dir='ltr'><strong>vitium</strong></span> <span class='ocrx_word' id='word_1_705' title='bbox 1447 5097 1557 5138; x_wconf 87' lang='lat' dir='ltr'><strong>non</strong></span> <span class='ocrx_word' id='word_1_706' title='bbox 1604 5079 1817 5150; x_wconf 90' lang='lat' dir='ltr'><strong>recipit,</strong></span> <span class='ocrx_word' id='word_1_707' title='bbox 1865 5094 1965 5135; x_wconf 92' lang='lat' dir='ltr'><strong>nec</strong></span> <span class='ocrx_word' id='word_1_708' title='bbox 2007 5080 2115 5135; x_wconf 90' lang='lat' dir='ltr'><strong>ullo</strong></span> 
     </span>
    </p>
   </div>
   <div class='ocr_carea' id='block_1_98' title="bbox 2213 4538 3780 4613">
    <p class='ocr_par' dir='ltr' id='par_1_98' title="bbox 2213 4538 3780 4613">
     <span class='ocr_line' id='line_1_98' title="bbox 2213 4538 3780 4613; baseline -0.01 -9"><span class='ocrx_word' id='word_1_709' title='bbox 2213 4549 2418 4613; x_wconf 86' lang='lat' dir='ltr'><strong>edocet,</strong></span> <span class='ocrx_word' id='word_1_710' title='bbox 2439 4555 2493 4602; x_wconf 90' lang='lat' dir='ltr'><strong>et</strong></span> <span class='ocrx_word' id='word_1_711' title='bbox 2519 4547 2664 4602; x_wconf 90' lang='lat' dir='ltr'><strong>illam</strong></span> <span class='ocrx_word' id='word_1_712' title='bbox 2690 4561 2850 4602; x_wconf 88' lang='lat' dir='ltr'><strong>unam</strong></span> <span class='ocrx_word' id='word_1_713' title='bbox 2872 4546 3124 4601; x_wconf 86' lang='lat' dir='ltr'><strong>videlicet</strong></span> <span class='ocrx_word' id='word_1_714' title='bbox 3153 4544 3388 4599; x_wconf 88' lang='lat' dir='ltr'><strong>divinam</strong></span> <span class='ocrx_word' id='word_1_715' title='bbox 3405 4543 3542 4595; x_wconf 86' lang='lat' dir='ltr'><strong>&#39;non</strong></span> <span class='ocrx_word' id='word_1_716' title='bbox 3585 4539 3695 4592; x_wconf 80' lang='lat' dir='ltr'><strong>nisi</strong></span> <span class='ocrx_word' id='word_1_717' title='bbox 3714 4538 3780 4590; x_wconf 87' lang='lat' dir='ltr'><strong>ad</strong></span> 
     </span>
    </p>
   </div>
   <div class='ocr_carea' id='block_1_99' title="bbox 2214 4632 3781 4709">
    <p class='ocr_par' dir='ltr' id='par_1_99' title="bbox 2214 4632 3781 4709">
     <span class='ocr_line' id='line_1_99' title="bbox 2214 4632 3781 4709; baseline -0.01 -14"><span class='ocrx_word' id='word_1_718' title='bbox 2214 4651 2430 4695; x_wconf 88' lang='lat' dir='ltr'><strong>sanctos</strong></span> <span class='ocrx_word' id='word_1_719' title='bbox 2457 4640 2748 4709; x_wconf 89' lang='lat' dir='ltr'><strong>pertinere,</strong></span> <span class='ocrx_word' id='word_1_720' title='bbox 2788 4639 3073 4709; x_wconf 90' lang='lat' dir='ltr'><strong>impiorum</strong></span> <span class='ocrx_word' id='word_1_721' title='bbox 3114 4650 3243 4691; x_wconf 89' lang='lat' dir='ltr'><strong>vero</strong></span> <span class='ocrx_word' id='word_1_722' title='bbox 3269 4633 3411 4688; x_wconf 89' lang='lat' dir='ltr'><strong>nullo</strong></span> <span class='ocrx_word' id='word_1_723' title='bbox 3439 4632 3594 4686; x_wconf 92' lang='lat' dir='ltr'><strong>modo</strong></span> <span class='ocrx_word' id='word_1_724' title='bbox 3621 4641 3781 4697; x_wconf 84' lang='lat' dir='ltr'><strong>posse</strong></span> 
     </span>
    </p>
   </div>
   <div class='ocr_carea' id='block_1_100' title="bbox 2215 4719 3780 4800">
    <p class='ocr_par' dir='ltr' id='par_1_100' title="bbox 2215 4719 3780 4800">
     <span class='ocr_line' id='line_1_100' title="bbox 2215 4719 3780 4800; baseline -0.01 -13"><span class='ocrx_word' id='word_1_725' title='bbox 2215 4746 2354 4787; x_wconf 90' lang='lat' dir='ltr'><strong>esse.</strong></span> <span class='ocrx_word' id='word_1_726' title='bbox 2389 4731 2448 4786; x_wconf 89' lang='lat' dir='ltr'><strong>In</strong></span> <span class='ocrx_word' id='word_1_727' title='bbox 2474 4731 2613 4785; x_wconf 88' lang='lat' dir='ltr'><strong>libro</strong></span> <span class='ocrx_word' id='word_1_728' title='bbox 2641 4730 2710 4785; x_wconf 91' lang='lat' dir='ltr'><strong>de</strong></span> <span class='ocrx_word' id='word_1_729' title='bbox 2737 4731 2981 4800; x_wconf 86' lang='lat' dir='ltr'><strong>Corrept.</strong></span> <span class='ocrx_word' id='word_1_730' title='bbox 3013 4726 3264 4783; x_wconf 86' lang='lat' dir='ltr'><strong>etGratia</strong></span> <span class='ocrx_word' id='word_1_731' title='bbox 3289 4743 3302 4778; x_wconf 89' lang='lat'><strong>:</strong></span> <span class='ocrx_word' id='word_1_732' title='bbox 3334 4743 3353 4776; x_wconf 70' lang='grc' dir='ltr'><strong>ε</strong></span> <span class='ocrx_word' id='word_1_733' title='bbox 3386 4722 3596 4777; x_wconf 87' lang='lat' dir='ltr'><strong>Sanctis</strong></span> <span class='ocrx_word' id='word_1_734' title='bbox 3618 4740 3636 4772; x_wconf 70' lang='grc' dir='ltr'><strong>ι</strong></span> <span class='ocrx_word' id='word_1_735' title='bbox 3662 4759 3675 4783; x_wconf 86' lang='grc'><strong><em>,</em></strong></span> <span class='ocrx_word' id='word_1_736' title='bbox 3696 4719 3780 4772; x_wconf 82' lang='lat' dir='ltr'><strong>in-</strong></span> 
     </span>
    </p>
   </div>
   <div class='ocr_carea' id='block_1_101' title="bbox 2217 4808 3779 4891">
    <p class='ocr_par' dir='ltr' id='par_1_101' title="bbox 2217 4808 3779 4891">
     <span class='ocr_line' id='line_1_101' title="bbox 2217 4808 3779 4891; baseline -0.008 -17"><span class='ocrx_word' id='word_1_737' title='bbox 2217 4821 2386 4890; x_wconf 74' lang='lat' dir='ltr'><strong>quit,t</strong></span> <span class='ocrx_word' id='word_1_738' title='bbox 2408 4821 2462 4875; x_wconf 92' lang='lat' dir='ltr'><strong>in</strong></span> <span class='ocrx_word' id='word_1_739' title='bbox 2479 4835 2705 4891; x_wconf 82' lang='lat' dir='ltr'><strong>regnum</strong></span> <span class='ocrx_word' id='word_1_740' title='bbox 2734 4820 2826 4874; x_wconf 89' lang='lat' dir='ltr'><strong>Dei</strong></span> <span class='ocrx_word' id='word_1_741' title='bbox 2855 4834 2952 4889; x_wconf 92' lang='lat' dir='ltr'><strong>per</strong></span> <span class='ocrx_word' id='word_1_742' title='bbox 2977 4818 3209 4888; x_wconf 88' lang='lat' dir='ltr'><strong>gratiam</strong></span> <span class='ocrx_word' id='word_1_743' title='bbox 3237 4815 3332 4870; x_wconf 89' lang='lat' dir='ltr'><strong>Dei</strong></span> <span class='ocrx_word' id='word_1_744' title='bbox 3361 4808 3779 4883; x_wconf 86' lang='lat' dir='ltr'><strong>praedestinatis</strong></span> 
     </span>
    </p>
   </div>
   <div class='ocr_carea' id='block_1_102' title="bbox 2222 4899 3786 4979">
    <p class='ocr_par' dir='ltr' id='par_1_102' title="bbox 2222 4899 3786 4979">
     <span class='ocr_line' id='line_1_102' title="bbox 2222 4899 3786 4979; baseline -0.008 -16"><span class='ocrx_word' id='word_1_745' title='bbox 2222 4910 2419 4965; x_wconf 89' lang='lat' dir='ltr'><strong>donum</strong></span> <span class='ocrx_word' id='word_1_746' title='bbox 2445 4909 2877 4979; x_wconf 84' lang='lat' dir='ltr'><strong>perseverantiae</strong></span> <span class='ocrx_word' id='word_1_747' title='bbox 2902 4908 3056 4960; x_wconf 86' lang='lat' dir='ltr'><strong>datur</strong></span> <span class='ocrx_word' id='word_1_748' title='bbox 3078 4920 3185 4960; x_wconf 89' lang='lat' dir='ltr'><strong>non</strong></span> <span class='ocrx_word' id='word_1_749' title='bbox 3224 4904 3419 4967; x_wconf 91' lang='lat' dir='ltr'><strong>solum,</strong></span> <span class='ocrx_word' id='word_1_750' title='bbox 3456 4911 3514 4956; x_wconf 94' lang='lat' dir='ltr'><strong>ut</strong></span> <span class='ocrx_word' id='word_1_751' title='bbox 3542 4901 3656 4955; x_wconf 89' lang='lat' dir='ltr'><strong>siue</strong></span> <span class='ocrx_word' id='word_1_752' title='bbox 3681 4899 3786 4953; x_wconf 87' lang='lat' dir='ltr'><strong>isto</strong></span> 
     </span>
    </p>
   </div>
   <div class='ocr_carea' id='block_1_103' title="bbox 2222 4987 3780 5068">
    <p class='ocr_par' dir='ltr' id='par_1_103' title="bbox 2222 4987 3780 5068">
     <span class='ocr_line' id='line_1_103' title="bbox 2222 4987 3780 5068; baseline -0.01 -14"><span class='ocrx_word' id='word_1_753' title='bbox 2222 4999 2362 5054; x_wconf 90' lang='lat' dir='ltr'><strong>dono</strong></span> <span class='ocrx_word' id='word_1_754' title='bbox 2384 5006 2790 5068; x_wconf 87' lang='lat' dir='ltr'><strong>perseverantes</strong></span> <span class='ocrx_word' id='word_1_755' title='bbox 2818 5008 2938 5051; x_wconf 90' lang='lat' dir='ltr'><strong>esse</strong></span> <span class='ocrx_word' id='word_1_756' title='bbox 2972 5008 3077 5049; x_wconf 91' lang='lat' dir='ltr'><strong>non</strong></span> <span class='ocrx_word' id='word_1_757' title='bbox 3101 4993 3337 5063; x_wconf 83' lang='lat' dir='ltr'><strong>possint;</strong></span> <span class='ocrx_word' id='word_1_758' title='bbox 3369 5004 3556 5045; x_wconf 89' lang='lat' dir='ltr'><strong>verum</strong></span> <span class='ocrx_word' id='word_1_759' title='bbox 3598 4987 3780 5046; x_wconf 88' lang='lat' dir='ltr'><strong>etiam,</strong></span> 
     </span>
    </p>
   </div>
   <div class='ocr_carea' id='block_1_104' title="bbox 2223 5074 3785 5157">
    <p class='ocr_par' dir='ltr' id='par_1_104' title="bbox 2223 5074 3785 5157">
     <span class='ocr_line' id='line_1_104' title="bbox 2223 5074 3785 5157; baseline -0.005 -18"><span class='ocrx_word' id='word_1_760' title='bbox 2223 5094 2276 5139; x_wconf 92' lang='lat' dir='ltr'><strong>ut</strong></span> <span class='ocrx_word' id='word_1_761' title='bbox 2302 5102 2398 5157; x_wconf 92' lang='lat' dir='ltr'><strong>per</strong></span> <span class='ocrx_word' id='word_1_762' title='bbox 2424 5089 2526 5143; x_wconf 90' lang='lat' dir='ltr'><strong>hoc</strong></span> <span class='ocrx_word' id='word_1_763' title='bbox 2554 5087 2752 5144; x_wconf 87' lang='lat' dir='ltr'><strong>donum</strong></span> <span class='ocrx_word' id='word_1_764' title='bbox 2775 5100 2880 5140; x_wconf 91' lang='lat' dir='ltr'><strong>non</strong></span> <span class='ocrx_word' id='word_1_765' title='bbox 2906 5084 3008 5140; x_wconf 89' lang='lat' dir='ltr'><strong>nisi</strong></span> <span class='ocrx_word' id='word_1_766' title='bbox 3043 5091 3456 5154; x_wconf 89' lang='lat' dir='ltr'><strong>perseverantes</strong></span> <span class='ocrx_word' id='word_1_767' title='bbox 3502 5074 3661 5134; x_wconf 77' lang='lat' dir='ltr'><strong>sint‘</strong></span> <span class='ocrx_word' id='word_1_768' title='bbox 3685 5086 3707 5115; x_wconf 75' lang='grc' dir='ltr'><strong>ο</strong></span> <span class='ocrx_word' id='word_1_769' title='bbox 3740 5094 3785 5142; x_wconf 77' lang='grc' dir='ltr'>ι,</span> 
     </span>
    </p>
   </div>
   <div class='ocr_carea' id='block_1_105' title="bbox 1833 5174 2519 5235">
    <p class='ocr_par' dir='ltr' id='par_1_105' title="bbox 1833 5174 2519 5235">
     <span class='ocr_line' id='line_1_105' title="bbox 1833 5174 2519 5235; baseline 0.009 -7"><span class='ocrx_word' id='word_1_770' title='bbox 1833 5174 2088 5229; x_wconf 77' lang='lat' dir='ltr'><strong>VARIAE</strong></span> <span class='ocrx_word' id='word_1_771' title='bbox 2124 5174 2519 5235; x_wconf 80' lang='lat' dir='ltr'><strong>LECTIONES.</strong></span> 
     </span>
    </p>
   </div>
   <div class='ocr_carea' id='block_1_106' title="bbox 621 5253 3783 5339">
    <p class='ocr_par' dir='ltr' id='par_1_106' title="bbox 621 5253 3783 5339">
     <span class='ocr_line' id='line_1_106' title="bbox 621 5253 3783 5339; baseline -0.005 -17"><span class='ocrx_word' id='word_1_772' title='bbox 621 5266 651 5339; x_wconf 25' lang='grc' dir='ltr'><strong>ί,</strong></span> <span class='ocrx_word' id='word_1_773' title='bbox 671 5265 763 5325; x_wconf 89' lang='lat' dir='ltr'><strong>Sic</strong></span> <span class='ocrx_word' id='word_1_774' title='bbox 787 5270 931 5331; x_wconf 81' lang='lat' dir='ltr'><strong>cod.,</strong></span> <span class='ocrx_word' id='word_1_775' title='bbox 956 5268 1026 5323; x_wconf 83' lang='grc' dir='ltr'>Μ.</span> <span class='ocrx_word' id='word_1_776' title='bbox 1060 5270 1338 5339; x_wconf 75' lang='lat' dir='ltr'><strong>pet-ditare.</strong></span> <span class='ocrx_word' id='word_1_777' title='bbox 1416 5269 1437 5299; x_wconf 82' lang='lat'>&#39;</span> <span class='ocrx_word' id='word_1_778' title='bbox 1460 5267 1642 5339; x_wconf 80' lang='lat' dir='ltr'><strong>Corr._,</strong></span> <span class='ocrx_word' id='word_1_779' title='bbox 1675 5267 1791 5339; x_wconf 81' lang='lat' dir='ltr'><strong>eod.</strong></span> <span class='ocrx_word' id='word_1_780' title='bbox 1818 5280 2083 5339; x_wconf 76' lang='lat' dir='ltr'><strong>nunquam</strong></span> <span class='ocrx_word' id='word_1_781' title='bbox 2113 5281 2218 5339; x_wconf 55' lang='lat' dir='ltr'><strong>non</strong></span> <span class='ocrx_word' id='word_1_782' title='bbox 2244 5270 2621 5339; x_wconf 56' lang='lat' dir='ltr'><strong>reprobustmn</strong></span> <span class='ocrx_word' id='word_1_783' title='bbox 2649 5267 2768 5339; x_wconf 76' lang='lat' dir='ltr'><strong>fuit,</strong></span> <span class='ocrx_word' id='word_1_784' title='bbox 2805 5264 2876 5320; x_wconf 77' lang='grc' dir='ltr'><strong>Μ.</strong></span> <span class='ocrx_word' id='word_1_785' title='bbox 2911 5277 3327 5339; x_wconf 52' lang='lat' dir='ltr'><strong>nunquantunon</strong></span> <span class='ocrx_word' id='word_1_786' title='bbox 3388 5257 3630 5339; x_wconf 71' lang='lat' dir='ltr'><strong>reprobus</strong></span> <span class='ocrx_word' id='word_1_787' title='bbox 3665 5253 3783 5339; x_wconf 54' lang='lat' dir='ltr'><strong>fuit.</strong></span> 
     </span>
    </p>
   </div>
   <div class='ocr_carea' id='block_1_107' title="bbox 551 5333 2135 5406">
    <p class='ocr_par' dir='ltr' id='par_1_107' title="bbox 551 5333 2135 5406">
     <span class='ocr_line' id='line_1_107' title="bbox 551 5333 2135 5406; baseline -0.003 -15"><span class='ocrx_word' id='word_1_788' title='bbox 551 5335 574 5406; x_wconf 49' lang='grc' dir='ltr'>ξ</span> <span class='ocrx_word' id='word_1_789' title='bbox 598 5336 688 5392; x_wconf 89' lang='lat' dir='ltr'><strong>Sic</strong></span> <span class='ocrx_word' id='word_1_790' title='bbox 708 5340 851 5404; x_wconf 85' lang='lat' dir='ltr'><strong>cod.,</strong></span> <span class='ocrx_word' id='word_1_791' title='bbox 879 5340 948 5392; x_wconf 90' lang='lat' dir='ltr'><strong>M.</strong></span> <span class='ocrx_word' id='word_1_792' title='bbox 974 5333 1200 5394; x_wconf 73' lang='lat' dir='ltr'><strong>invidiae</strong></span> <span class='ocrx_word' id='word_1_793' title='bbox 1237 5338 1476 5406; x_wconf 69' lang='lat' dir='ltr'><strong>perfidia.</strong></span> <span class='ocrx_word' id='word_1_794' title='bbox 1555 5337 1576 5367; x_wconf 72' lang='grc'><strong>⁸</strong></span> <span class='ocrx_word' id='word_1_795' title='bbox 1596 5336 1725 5391; x_wconf 87' lang='lat' dir='ltr'><strong>Cod.</strong></span> <span class='ocrx_word' id='word_1_796' title='bbox 1755 5333 2035 5406; x_wconf 82' lang='lat' dir='ltr'><strong>testimoni.</strong></span> <span class='ocrx_word' id='word_1_797' title='bbox 2113 5333 2135 5365; x_wconf 85' lang='lat'><strong>&#39;</strong></span> 
     </span>
    </p>
   </div>
   <div class='ocr_carea' id='block_1_108' title="bbox 2164 5321 3786 5402">
    <p class='ocr_par' dir='ltr' id='par_1_108' title="bbox 2164 5321 3786 5402">
     <span class='ocr_line' id='line_1_108' title="bbox 2164 5321 3786 5402; baseline -0.01 -11"><span class='ocrx_word' id='word_1_798' title='bbox 2164 5334 2254 5390; x_wconf 70' lang='lat' dir='ltr'><strong>Sic</strong></span> <span class='ocrx_word' id='word_1_799' title='bbox 2283 5321 2438 5402; x_wconf 31' lang='lat' dir='ltr'><strong>cadi,</strong></span> <span class='ocrx_word' id='word_1_800' title='bbox 2465 5321 2918 5391; x_wconf 23' lang='lat' dir='ltr'><strong>Maet&#39;divi&#39;nam.</strong></span> <span class='ocrx_word' id='word_1_801' title='bbox 2993 5321 3112 5388; x_wconf 64' lang='grc' dir='ltr'>ιἐι.</span> <span class='ocrx_word' id='word_1_802' title='bbox 3161 5329 3284 5385; x_wconf 84' lang='grc' dir='ltr'><strong>Νοη</strong></span> <span class='ocrx_word' id='word_1_803' title='bbox 3331 5321 3786 5384; x_wconf 64' lang='grc' dir='ltr'><strong>ιαηιίιηιεαιόιια-</strong></span> 
     </span>
    </p>
   </div>
   <div class='ocr_carea' id='block_1_109' title="bbox 544 5405 2725 5479">
    <p class='ocr_par' dir='ltr' id='par_1_109' title="bbox 544 5405 2725 5479">
     <span class='ocr_line' id='line_1_109' title="bbox 544 5405 2725 5479; baseline 0.002 -23"><span class='ocrx_word' id='word_1_804' title='bbox 544 5405 804 5471; x_wconf 86' lang='lat' dir='ltr'><strong>jutorium</strong></span> <span class='ocrx_word' id='word_1_805' title='bbox 840 5405 1253 5479; x_wconf 81' lang='lat' dir='ltr'><strong>perseverantiae</strong></span> <span class='ocrx_word' id='word_1_806' title='bbox 1286 5405 1461 5474; x_wconf 78' lang='lat' dir='ltr'><strong>datur,</strong></span> <span class='ocrx_word' id='word_1_807' title='bbox 1494 5406 1585 5462; x_wconf 82' lang='lat' dir='ltr'><strong>sed</strong></span> <span class='ocrx_word' id='word_1_808' title='bbox 1612 5409 1716 5460; x_wconf 83' lang='lat' dir='ltr'><strong>tate</strong></span> <span class='ocrx_word' id='word_1_809' title='bbox 1742 5414 1798 5458; x_wconf 85' lang='lat' dir='ltr'><strong>ut</strong></span> <span class='ocrx_word' id='word_1_810' title='bbox 1837 5405 1911 5458; x_wconf 84' lang='lat' dir='ltr'><strong>eis</strong></span> <span class='ocrx_word' id='word_1_811' title='bbox 1942 5407 2324 5474; x_wconf 80' lang='lat' dir='ltr'><strong>perseverantia</strong></span> <span class='ocrx_word' id='word_1_812' title='bbox 2344 5408 2459 5478; x_wconf 84' lang='lat' dir='ltr'><strong>ipsa</strong></span> <span class='ocrx_word' id='word_1_813' title='bbox 2479 5407 2725 5461; x_wconf 81' lang='lat' dir='ltr'><strong>donetur.</strong></span> 
     </span>
    </p>
   </div>
   <div class='ocr_carea' id='block_1_110' title="bbox 2074 5495 2324 5555">
    <p class='ocr_par' dir='ltr' id='par_1_110' title="bbox 2074 5495 2324 5555">
     <span class='ocr_line' id='line_1_110' title="bbox 2074 5495 2324 5555; baseline 0.028 -6"><span class='ocrx_word' id='word_1_814' title='bbox 2074 5495 2324 5555; x_wconf 77' lang='lat' dir='ltr'><strong>NOTAE.</strong></span> 
     </span>
    </p>
   </div>
   <div class='ocr_carea' id='block_1_111' title="bbox 625 5586 1132 5649">
    <p class='ocr_par' dir='ltr' id='par_1_111' title="bbox 625 5586 1132 5649">
     <span class='ocr_line' id='line_1_111' title="bbox 625 5586 1132 5649; baseline 0.014 -11"><span class='ocrx_word' id='word_1_815' title='bbox 625 5598 650 5625; x_wconf 68' lang='grc' dir='ltr'>η</span> <span class='ocrx_word' id='word_1_816' title='bbox 676 5586 830 5639; x_wconf 82' lang='lat' dir='ltr'><strong>Joan.</strong></span> <span class='ocrx_word' id='word_1_817' title='bbox 857 5587 1018 5649; x_wconf 80' lang='lat' dir='ltr'><strong>XVII,</strong></span> <span class='ocrx_word' id='word_1_818' title='bbox 1048 5590 1132 5645; x_wconf 71' lang='lat' dir='ltr'><strong>l2.</strong></span> 
     </span>
    </p>
   </div>
   <div class='ocr_carea' id='block_1_112' title="bbox 626 5656 1067 5725">
    <p class='ocr_par' dir='ltr' id='par_1_112' title="bbox 626 5656 1067 5725">
     <span class='ocr_line' id='line_1_112' title="bbox 626 5656 1067 5725; baseline 0.002 -13"><span class='ocrx_word' id='word_1_819' title='bbox 626 5656 652 5694; x_wconf 65' lang='grc' dir='ltr'>δ</span> <span class='ocrx_word' id='word_1_820' title='bbox 685 5657 778 5712; x_wconf 63' lang='grc' dir='ltr'><strong>,ιον</strong></span> <span class='ocrx_word' id='word_1_821' title='bbox 802 5672 839 5710; x_wconf 83' lang='grc' dir='ltr'>ι.</span> <span class='ocrx_word' id='word_1_822' title='bbox 870 5657 954 5725; x_wconf 85' lang='grc' dir='ltr'>ιιι,</span> <span class='ocrx_word' id='word_1_823' title='bbox 977 5658 1067 5713; x_wconf 62' lang='grc' dir='ltr'>ιιι.</span> 
     </span>
    </p>
   </div>
   <div class='ocr_carea' id='block_1_113' title="bbox 2293 5581 3429 5659">
    <p class='ocr_par' dir='ltr' id='par_1_113' title="bbox 2293 5581 3429 5659">
     <span class='ocr_line' id='line_1_113' title="bbox 2293 5581 3429 5659; baseline -0.01 -13"><span class='ocrx_word' id='word_1_824' title='bbox 2293 5601 2315 5629; x_wconf 76' lang='grc' dir='ltr'><strong>ο</strong></span> <span class='ocrx_word' id='word_1_825' title='bbox 2344 5588 2629 5659; x_wconf 80' lang='lat' dir='ltr'><strong>Augustin.</strong></span> <span class='ocrx_word' id='word_1_826' title='bbox 2657 5589 2722 5644; x_wconf 87' lang='lat' dir='ltr'><strong>de</strong></span> <span class='ocrx_word' id='word_1_827' title='bbox 2747 5587 2984 5659; x_wconf 83' lang='lat' dir='ltr'><strong>Corrept.</strong></span> <span class='ocrx_word' id='word_1_828' title='bbox 3009 5598 3055 5642; x_wconf 87' lang='lat' dir='ltr'><strong>et</strong></span> <span class='ocrx_word' id='word_1_829' title='bbox 3083 5585 3233 5642; x_wconf 74' lang='lat' dir='ltr'><strong>Crat.</strong></span> <span class='ocrx_word' id='word_1_830' title='bbox 3258 5600 3308 5640; x_wconf 91' lang='lat' dir='ltr'><strong>c.</strong></span> <span class='ocrx_word' id='word_1_831' title='bbox 3346 5581 3429 5637; x_wconf 70' lang='grc' dir='ltr'><strong>η.</strong></span> 
     </span>
    </p>
   </div>
  </div>
