4194 6276
411 374 517 432 409

1508 364 1707 418 LlBER
1749 329 1836 418 bE
1873 360 2582 419 PRAEDESTINATIONE.

3578 372 3678 428 4m

413 496 467 543 et
508 492 633 558 post
670 484 975 554 aliquanta:
1001 499 1022 533 ‹
1051 478 1168 549 ipse
1193 468 1471 549 igitur'eos
1490 476 1620 531 facit
1649 488 1997 545 perseverare
2029 476 2072 537 Λ
2102 474 2353 543 bipertita
2382 473 2600 537 divisio,
2628 472 2681 527 in
2704 487 2798 530 eos
2826 473 3016 542 procul
3038 472 3222 541 dubio,
3254 475 3346 547 qui
3374 474 3429 531 in
3452 492 3684 536 numero

415 579 471 632 in
510 572 674 639 bono,
723 574 813 643 qui
873 571 1000 625 fecit
1028 571 1047 605 ⁸
1075 570 1277 633 bonos;
1326 568 1420 638 qui
1465 576 1649 621 autem
1689 566 1909 631 cadunt,
1940 574 1996 620 et

411 673 681 737 pereunt,
734 664 786 718 in
848 659 1371 731 praedestinatorum
1429 668 1658 710 numero
1710 669 1819 711 non
1881 655 1996 709 fue-

415 766 591 813 runt!|
629 775 674 808 ι.
704 752 951 812 Attende,
980 764 1144 820 quam
1190 747 1437 802 absolute
1462 745 1747 814 dixit,-qui
1790 745 1997 800 cadunt

415 858 468 903 et
486 850 730 917 pereunt,
750 842 803 896 in
824 840 1348 911 praedestinatorum
1375 850 1600 891 numero
1622 850 1727 890 non
1752 833 1992 889 fuerunt.

412 939 689 1008 Quomodo
712 937 847 991 haec
881 934 1104 997 diceret,
1137 930 1184 986 si
1203 931 1290 986 vel
1310 931 1445 985 duas
1468 926 1994 999 praedestinationes

409 1032 569 1087 vellet
615 1040 887 1091 asserere,
935 1024 1026 1079 vel
1071 1036 1235 1078 unam
1274 1021 1329 1075 in
1356 1021 1495 1075 duas
1529 1028 1715 1090 partes
1740 1018 1990 1083 divisam,

406 1124 492 1178 vel
522 1123 759 1192 duplam,
788 1133 953 1174 unam
997 1116 1218 1187 quidem
1247 1123 1577 1179 sanctorum,
1609 1114 1834 1169 alteram
1865 1127 1993 1167 vero

412 1214 598 1285 impiis
640 1213 974 1281 deputatam.
1026 1205 1087 1261 Si
1112 1207 1135 1237 ²
1162 1204 1306 1259 enim
1353 1205 1491 1258 duae
1528 1210 1735 1267 essent,
1773 1216 1993 1258 necesse

413 1313 583 1371 esset,
608 1308 772 1358 unam
793 1300 894 1366 eis,
915 1298 1113 1369 quibus
1136 1296 1294 1350 datur
1314 1294 1512 1350 donum
1537 1293 1990 1364 perseverantiae,

417 1397 669 1460 alteram,
697 1394 895 1465 quibus
941 1388 1262 1446 cadentibus
1294 1396 1350 1443 et
1379 1387 1730 1458 pereuntibus
1769 1400 1875 1439 non
1904 1385 1995 1439 da-

415 1498 529 1552 tur,
559 1483 830 1548 distribui,
854 1480 1032 1536 nullus
1070 1488 1257 1533 tamen
1299 1477 1579 1532 hominum
1619 1476 1993 1531 excluderetur

415 1587 646 1632 numero
670 1570 1214 1644 praedestinatorum.
1252 1566 1388 1621 Nam
1418 1567 1465 1623 si
1505 1565 1865 1637 expelleretur
1894 1581 1994 1619 nuo

412 1678 565 1720 mero
586 1660 1133 1734 praedestinatorum,
1173 1657 1266 1728 qui
1313 1657 1506 1713 stando
1545 1657 1756 1723 vivunt,
1787 1657 1990 1726 recipe-

408 1762 561 1810 retur
577 1765 804 1807 numero
827 1749 1042 1805 illorum
1064 1747 1609 1818 praedestinatorum,
1634 1745 1727 1816 qui
1748 1747 1992 1801 cadendo

2097 568 2625 637 praedestinatorum
2647 576 2795 633 sunt,
2837 576 2894 622 et
2936 569 2988 622 in
3020 583 3136 635 eos,
3166 571 3260 640 qui
3301 580 3471 627 extra
3495 588 3678 629 nume

2068 672 2215 721 ~rum
2242 657 2765 726 praedestinatorum
2796 666 2943 713 sunt.
2978 676 2998 709 ί
3027 659 3342 716 Nescientes
3370 663 3514 717 enim
3538 665 3686 729 nir-

2095 745 2231 813 quit,
2253 762 2274 796 ι
2295 745 2419 814 quis
2436 745 2708 814 pertineat
2730 747 2796 800 ad
2822 747 3352 816 praedestinatorum
3373 765 3681 820 numerum,

2094 835 2216 905 quis
2241 849 2348 889 non
2370 836 2722 906 pertineat».
2749 836 2817 891 Ει
2840 836 3035 892 iterum
3071 856 3084 892 :
3123 857 3142 890 α
3172 838 3276 906 Qui
3307 841 3681 909 praedestina-

2095 936 2179 980 tos
2214 940 2243 979 a
2272 926 2688 995 praedestinatis
2717 927 3029 987 discernere
3056 943 3163 984 non
3191 929 3511 987 valemus).
3542 933 3682 989 Hinc

2093 1018 2299 1073 texitur
2339 1019 2728 1088 quadrifariam
2779 1021 3060 1091 inquisitio
3101 1023 3347 1079 veritatis
3389 1040 3487 1095 per
3517 1033 3681 1084 tetra-

2094 1124 2293 1179 gonum
2327 1128 2340 1164 :
2371 1109 2561 1166 Omnis
2599 1111 2762 1167 homo
2807 1119 2902 1167 aut
2922 1111 3103 1181 justus
3151 1121 3256 1180 est,
3310 1125 3404 1171 aut
3450 1116 3683 1186 iujustus
3721 1142 3731 1151 ~

2092 1210 2194 1256 est.
2226 1203 2381 1269 item,
2423 1204 2603 1259 omnis
2646 1205 2810 1260 homo
2842 1214 2937 1261 aut
2972 1208 3408 1276 praedestinatus
3444 1216 3554 1276 est,
3588 1223 3682 1268 aut

2095 1294 2529 1362 praedestinatus
2574 1310 2681 1349 non
2722 1302 2828 1351 est.
2859 1295 2918 1352 Si
2949 1311 3133 1351 verum
3162 1306 3267 1365 est,
3311 1300 3489 1356 omnis
3516 1302 3681 1355 homo

2089 1378 2271 1451 justus
2295 1381 2730 1450 praedestinatus
2775 1392 2880 1449 est,
2921 1384 3116 1439 falsum
3148 1395 3254 1453 est,
3293 1389 3473 1444 omnis
3516 1389 3680 1445 homo

2088 1471 2268 1541 justus
2310 1473 2742 1542 praedestinatus
2789 1490 2896 1530 non
2947 1485 3050 1531 est.
3081 1477 3234 1544 Item,
3265 1478 3310 1533 si
3353 1493 3541 1535 verum
3571 1489 3674 1536 est.

2093 1564 2273 1618 omnis
2300 1563 2462 1619 homo
2492 1565 2725 1636 iniustus
2762 1568 3195 1636 praedestinatus
3215 1585 3321 1625 non
3343 1579 3446 1637 est,
3479 1571 3673 1628 falsum

2093 1660 2198 1719 est,
2226 1655 2404 1709 omnis
2446 1654 2608 1711 homo
2638 1657 2869 1725 iniustus
2898 1661 3332 1729 praedestinatus
3363 1674 3462 1718 est.
3494 1664 3631 1721 Vide
3656 1663 3678 1696 ⁸

2093 1744 2202 1797 vim
2226 1745 2472 1800 rationis.
2499 1746 2614 1801 Duo
2633 1746 2952 1804 aliirmativa
2974 1751 3297 1808 universalia
3320 1755 3421 1808 sibi
3445 1756 3674 1812 invicem

406 1848 657 1915 pereunt.
674 1839 938 1896 Similiter
958 1838 1002 1894 si
1026 1852 1134 1892 una
1158 1844 1303 1892 esset
1325 1835 1523 1906 partita
1546 1835 1599 1889 in
1626 1835 1762 1890 duas
1784 1843 1987 1905 partes,
2021 1829 2066 1888 Β
2095 1835 2441 1904 reSpandent.
2475 1835 2627 1891 Sicut
2652 1838 2798 1893 enim
2842 1840 3018 1895 omnis
3051 1841 3214 1897 homo
3247 1842 3425 1911 justus
3446 1847 3670 1916 praede.

406 1934 491 1991 vel
520 1933 701 2003 dupla,
745 1929 1058 1986 necessario
1091 1929 1145 1983 in
1175 1943 1282 1982 una
1332 1926 1413 1982 sui
1441 1936 1596 1997 parte
1640 1927 1905 1998 perditos,
1939 1929 1991 1983 in

406 2025 578 2082 altera
618 2024 874 2079 liberatos
917 2019 1286 2076 concluderet.
1341 2019 1475 2087 Quis
1502 2034 1635 2092 ergo
1684 2020 1988 2085 hominum,

406 2129 503 2171 seu
545 2112 857 2185 angelorum
895 2111 1159 2166 bonorum
1209 2109 1296 2166 vel
1337 2110 1629 2176 malorum,
1673 2125 1782 2165 non
1828 2111 1901 2166 sit
1934 2112 1988 2166 in

406 2217 637 2258 numero
698 2199 1265 2273 praedestinatorum?
1322 2200 1405 2253 An
1477 2199 1621 2255 forte
1673 2201 1992 2257 haereticus

405 2294 567 2349 docet
583 2293 800 2348 tertium
821 2305 989 2362 genus
1007 2302 1062 2345 et
1080 2291 1362 2346 hominum
1383 2297 1439 2347 et
1460 2292 1793 2363 angelorum,
1821 2295 1987 2364 quod,

408 2382 540 2452 quia
566 2396 667 2436 nec
711 2381 915 2436 bonum
942 2393 1046 2434 nec
1082 2379 1283 2434 malum
1332 2379 1421 2446 sit,
1462 2383 1990 2451 praedestinatorum

409 2485 699 2526 numerum
737 2470 973 2527 excedit.
1005 2468 1158 2536 Quod
1186 2470 1231 2524 si
1277 2471 1750 2527 mendosissimum
1775 2485 1876 2539 est,
1906 2491 1991 2531 re-

407 2562 734 2631 linquuntur
768 2560 879 2615 duo
907 2567 1115 2613 tantum
1157 2573 1359 2629 genera
1386 2573 1509 2615 esse
1534 2569 1590 2615 et
1632 2554 1912 2617 hominum
1937 2572 1992 2620 et

406 2653 745 2725 angelorum.
771 2651 866 2706 Sic
897 2651 1041 2706 enim
1075 2650 1217 2706 ratio
1245 2649 1456 2716 dividit,
1492 2652 1673 2708 omnis
1697 2654 1860 2710 homo
1899 2663 1993 2710 aut

402 2746 579 2801 bonus
605 2753 695 2799 aut
714 2742 889 2799 malus
911 2750 1025 2808 est;
1057 2741 1309 2797 similiter
1336 2742 1404 2798 de
1428 2743 1638 2815 angelo.

474 2833 539 2888 ll.
569 2833 628 2888 Si
656 2832 820 2904 igitur
854 2830 1302 2903 praedestinatio,
1333 2839 1395 2886 ut
1421 2832 1621 2891 dictum
1643 2843 1747 2901 est,
1789 2835 1988 2892 divide-

401 2933 562 2979 retur
586 2924 643 2978 in
673 2924 808 2978 duas
827 2922 1036 2992 species
1058 2928 1151 2977 aut
1170 2933 1377 2992 partes,
1409 2938 1634 2993 quarum
1660 2941 1764 2980 una
1789 2927 1981 2995 honos,

406 3014 582 3070 altera
604 3012 775 3069 malos
797 3013 1115 3081 includeret,
1139 3014 1262 3083 quis
1281 3022 1435 3069 extra
1462 3016 1981 3085 praedestinatorum

2095 1925 2329 1979 stinatus
2364 1934 2467 1990 est,
2506 1927 2579 1981 ita
2612 1928 2789 1984 omnis
2840 1930 3002 1985 homo
3028 1933 3464 2002 praedestinatus
3493 1937 3674 2006 justus

2093 2021 2195 2070 est.
2229 2014 2406 2073 Simili
2437 2020 2597 2075 modo
2638 2020 2743 2075 duo
2774 2022 3101 2080 universalia
3129 2028 3376 2097 negativa
3400 2030 3503 2085 sibi
3532 2031 3674 2086 invi-

2092 2120 2212 2162 cem
2240 2110 2604 2164 consentiunt.
2631 2110 3093 2177 Quemadmodum
3121 2118 3264 2172 enim
3300 2119 3480 2176 omnis
3513 2121 3674 2177 homo

2092 2198 2326 2268 injustas
2348 2201 2783 2268 praedestinatus
2809 2220 2916 2260 non
2941 2214 3046 2272 est,
3077 2207 3151 2261 ita
3175 2210 3354 2265 omnis
3375 2210 3537 2267 homo
3562 2227 3668 2268 non

2089 2286 2528 2357 praedestinatus
2555 2290 2786 2359 iniustus
2826 2302 2929 2348 est.
2954 2295 3109 2363 item,
3137 2307 3198 2351 ut
3219 2298 3402 2353 verbis
3453 2307 3672 2356 utamur

2090 2379 2259 2450 ipsius
2286 2381 2594 2451 Augustini,
2618 2386 2796 2440 omnis
2819 2386 2979 2442 homo
3002 2397 3094 2442 aut
3119 2389 3186 2443 ad
3213 2404 3496 2446 numerum
3517 2407 3674 2461 prae-

2088 2466 2482 2524 destinatorum
2530 2472 2783 2540 pertinet,
2833 2483 2927 2529 aut
2968 2491 3076 2531 non
3122 2478 3375 2547 pertinet.
3413 2479 3668 2537 Omnium

2089 2568 2271 2614 autem
2321 2560 2599 2616 hominum
2629 2562 2737 2617 duo
2763 2578 2963 2634 genera
2999 2575 3140 2632 esse,
3188 2570 3312 2637 quis
3343 2570 3670 2640 sapientium

2088 2647 2318 2715 dubitat,
2349 2650 2476 2705 dum
2501 2653 2707 2707 veritas
2751 2654 2868 2708 sine
2907 2654 3137 2725 caligine
3161 2658 3381 2725 clamet,
3409 2676 3516 2716 non
3549 2677 3670 2717 esse

2087 2739 2304 2795 humani
2329 2743 2542 2812 generis
2580 2742 2685 2797 nisi
2712 2743 2846 2798 duos
2874 2743 3030 2809 lines,
3062 2761 3228 2801 unum
3255 2749 3472 2817 quidem
3499 2753 3668 2822 perti-

2086 2833 2328 2883 nentium
2384 2830 2451 2884 ad
2500 2830 2824 2899 supplicium
2875 2840 3194 2899 aeternum,
3250 2836 3483 2893 alterum
3537 2855 3668 2894 vero

2085 2915 2380 2971 fruentium
2407 2918 2515 2972 vita
2547 2919 2805 2972 acterna?
2842 2920 2955 2975 Duo
2984 2920 3165 2991 itaque
3194 2932 3320 2979 sunt
3345 2925 3447 2980 sibi
3478 2927 3669 2983 adver-

2084 3009 2282 3072 santia,
2298 3008 2405 3062 vita
2430 3017 2673 3074 aeterna,
2699 3018 2754 3064 et
2771 3010 3091 3081 supplicium
3111 3021 3414 3070 aeternum.
3435 3016 3670 3076 Proinde

407 3119 695 3160 numerum
739 3103 967 3175 reperiri
992 3104 1307 3174 posset?Et
1331 3105 1376 3161 si
1398 3105 1480 3160 sic
1517 3114 1679 3172 esset,
1712 3096 1983 3177 quomddo
2022 3173 2052 3177 _
2080 3099 2470 3168 pertinentium
2514 3101 2583 3155 ad
2636 3116 2920 3156 numerum
2964 3105 3495 3172 praedestinatorum
3543 3109 3668 3165 nis

405 3196 715 3266 praedictus
727 3173 924 3251 auctor
939 3173 1328 3265 pronuntiaret,
1347 3173 1978 3268 quicaduntetpereunt,
2009 3173 2054 3234 C
2085 3196 2169 3242 εει
2196 3188 2302 3263 Vi“!
2325 3196 2568 3253 aeterna.
2591 3204 2695 3244 n0"
2718 3191 3101 3261 Ρθτιίηθηιίυηι
3132 3208 3259 3249 νε)Γο
3279 3196 3347 3250 ad
3372 3211 3662 3252 numerum

403 3289 459 3342 in
483 3288 1004 3356 praedestinatorum
1032 3300 1256 3343 numero
1276 3301 1381 3342 non
1411 3286 1649 3343 fuerunt.
1684 3288 1805 3345 Non
1835 3293 1983 3347 enim

398 3380 495 3443 ait,
529 3380 583 3433 in
609 3378 1127 3449 praedestinatorum
1171 3379 1239 3434 ad
1273 3378 1438 3433 vitam
1465 3394 1693 3436 numero
1729 3396 1834 3436 non
1860 3382 1982 3437 fue-

399 3476 543 3532 runt,
575 3466 670 3523 sed
682 3466 949 3533 absolute,
969 3468 1053 3522 «in
1072 3468 1602 3537 praedestinatorum
1625 3486 1853 3528 numero
1874 3489 1980 3528 non

402 3559 617 3614 fuerunt
638 3579 682 3613 ι.
709 3558 767 3614 Si
812 3574 943 3630 ergo
973 3560 1028 3615 in
1063 3574 1289 3615 numero
1314 3561 1838 3631 praedestinatorum
1874 3580 1980 3620 non

400 3648 637 3714 fuerunt,
664 3657 815 3704 extra
839 3664 1028 3704 eorum
1059 3664 1345 3706 numerum
1388 3650 1627 3707 fuerunt.
1657 3652 1775 3721 Quo
1815 3656 1985 3711 conti.

401 3739 561 3802 citur,
606 3739 859 3795 cadentes
915 3747 971 3794 et
1030 3747 1321 3808 pereuntes
1364 3755 1472 3797 non
1536 3755 1659 3798 esse
1710 3743 1983 3799 ullomodo

400 3831 850 3900 praedestinatos.
909 3830 1063 3899 Quod
1124 3833 1467 3903 apertissime
1521 3835 1575 3889 in
1633 3837 1981 3906 sequentibus

403 3918 666 3989 a’peritur,
705 3922 799 3976 ubi
833 3921 910 3976 ait
941 3937 959 3977 :
994 3941 1013 3974 ι
1043 3921 1338 3978 Pastoralis
1373 3925 1672 3981 necessitas
1699 3926 1880 3993 habet,
1911 3943 1981 3983 ne

400 4029 501 4084 per
527 4013 709 4084 plures
735 4022 958 4085 serpant
980 4014 1096 4070 dira
1123 4016 1398 4087 contagia,
1419 4031 1675 4086 separare
1702 4019 1771 4074 ab
1788 4019 1981 4076 ovibus

401 4105 552 4159 sanis
591 4106 915 4173 morbidam,
948 4106 1018 4161 ab
1061 4107 1281 4174 illo,cui
1311 4107 1448 4164 nihil
1486 4118 1572 4165 est
1624 4111 1977 4181 impossibile,

400 4197 518 4265 ipsa
581 4196 806 4252 forsitan
869 4200 1206 4269 separatione
1280 4202 1600 4256 sanandam.
1669 4201 1984 4258 Nescientes

400 4285 572 4349 enim,
596 4286 721 4356 quis
745 4288 1010 4356 pertineat
1029 4290 1096 4344 ad
1122 4290 1645 4359 praedestinatorum
1673 4305 1978 4358 numerum,

402 4374 532 4443 quis
564 4389 673 4429 non
706 4377 1004 4446 pertineat,
1038 4378 1117 4433 sic
1159 4376 1298 4434 allici
1329 4377 1634 4451 [debemus]
1661 4379 1683 4411 ³
1734 4381 1982 4437 caritatis

402 4463 697 4531 ail‘ectu,ut
718 4481 908 4521 omnes
922 4468 1147 4523 velimus
1186 4469 1365 4524 salvos
1402 4468 1522 4523 ﬁeri
1546 4469 1577 4510 ιι
1606 4488 1652 4522 ι.
1697 4488 1718 4522 ‹
1745 4469 1979 4525 Proinde

2081 3276 2608 3343 praedestinatorum
2668 3279 2793 3335 linis
2846 3290 2931 3337 est
2982 3283 3307 3355 supplicium
3357 3297 3661 3343 aeternum.

2083 3364 2191 3421 Sed
2244 3369 2500 3437 quoniam
2551 3371 2921 3438 promisimus,
2978 3389 3078 3429 nos
3125 3376 3433 3432 testimonia
3486 3380 3662 3435 sancti

2081 3455 2367 3527 Augustini
2392 3459 2735 3527 collecturos,
2761 3462 2964 3532 placuit
2998 3478 3061 3519 ea
3104 3473 3313 3521 tantum
3359 3483 3663 3536 assumere,

2082 3548 2279 3616 quibus
2305 3548 2423 3605 luce
2445 3550 2647 3606 clarius
2691 3554 3010 3622 perhibetur
3029 3554 3210 3610 divina
3237 3559 3667 3627 praedestinatio

2082 3651 2189 3691 non
2212 3638 2316 3694 nisi
2345 3640 2411 3694 ad
2441 3644 2909 3711 praeparationem
2937 3645 3199 3701 donorum
3229 3647 3349 3713 Dei,
3385 3665 3527 3719 quae
3552 3651 3665 3706 suis

2081 3727 2267 3784 electis
2293 3729 2614 3802 largiturus,
2644 3735 2938 3802 pertinere,
2966 3751 3030 3790 ac
3064 3751 3162 3807 per
3190 3739 3295 3794 hoc
3314 3739 3382 3793 ad
3415 3756 3500 3805 ea,
3525 3754 3666 3810 quae

2082 3837 2189 3877 non
2244 3823 2312 3876 ad
2364 3822 2481 3893 ejus
2529 3825 2668 3880 dona
2724 3828 3253 3895 misericordissima,
3299 3832 3394 3886 sed
3433 3832 3503 3886 ad
3548 3832 3666 3902 ejus

2075 3908 2279 3978 judicia
2295 3911 2597 3980 justissima
2619 3916 3114 3986 occultissimaque,
3138 3919 3284 3973 nullo
3311 3921 3471 3974 modo
3494 3923 3666 3990 reapi-

2082 4015 2227 4056 cere.
2259 4000 2538 4068 Quamvis,
2570 4011 2631 4057 ut
2655 4019 2816 4073 saepe
2849 4006 3075 4071 dictum,
3103 4007 3450 4062 inveniantur
3477 4019 3669 4065 aucto-

2083 4108 2171 4148 res
2208 4101 2362 4162 tropo
2400 4095 2495 4151 illo,
2530 4094 2692 4150 solito
2736 4095 3140 4155 contrarietatis
3183 4097 3470 4151 enuntiare
3506 4114 3664 4168 prae-

2083 4184 2381 4239 destinatos
2435 4184 2503 4239 ad
2537 4199 2762 4255 poenas.
2808 4186 2866 4240 In
2914 4187 3053 4242 libro
3100 4187 3167 4242 de
3222 4188 3373 4243 Dono
3413 4204 3665 4258 perseve-

2084 4277 2290 4332 rantiae
2320 4295 2333 4331 :
2362 4296 2381 4330 ‹
2409 4276 2488 4331 Ex
2512 4277 2723 4333 duobus
2748 4277 2989 4348 parvulis
3018 4296 3037 4329 ι
3058 4317 3074 4343 ,
3103 4277 3315 4347 inquit,
3353 4298 3373 4330 ς
3404 4280 3658 4351 originali

2081 4375 2306 4440 peccato
2346 4368 2554 4437 pariter
2587 4366 2885 4431 obstrictis,
2921 4381 3018 4422 cur
3062 4366 3166 4421 iste
3207 4366 3545 4434 adsumatur,
3571 4370 3661 4425 ille

2083 4458 2439 4528 relinquatur,
2495 4465 2551 4512 et
2598 4471 2666 4512 ex
2717 4456 2926 4512 duobus
2981 4464 3160 4512 aetate
3198 4454 3313 4526 jam
3365 4459 3663 4529 grandibus

399 4564 664 4624 quantum
690 4557 759 4611 ad
784 4572 884 4613 nos
920 4559 1173 4628 pertinet,
1206 4560 1296 4628 qui
1343 4560 1772 4629 praedestinatos
1807 4576 1838 4615 a
1869 4577 1976 4635 non
2008 4532 2059 4592 θ
2082 4549 2265 4619 impiis
2295 4564 2393 4603 ουν
2421 4548 2523 4604 is“?
2549 4549 2621 4602 ίιδ
2662 4554 2909 4612 νοθείαν,
2940 4555 3003 4602 υι
3048 4557 3332 4602 vocantem
3376 4559 3657 4620 sequatur.

396 4646 815 4714 praedestinatis
863 4649 1173 4705 discernere
1218 4665 1322 4707 non
1373 4651 1634 4716 valemus,
1679 4662 1735 4709 et
1779 4654 1849 4709 ob
1877 4654 1979 4710 hoc

396 4751 586 4792 omnes
630 4738 810 4794 salvos
863 4738 980 4793 ﬁeri
1037 4739 1177 4794 velle
1238 4740 1518 4807 debemus,
1574 4743 1856 4809 omnibus,
1910 4758 1981 4798 ne

396 4835 644 4895 pereant,
668 4828 757 4883 vel
788 4844 854 4883 ne
872 4829 1007 4885 alios
1033 4830 1288 4899 perdant,
1312 4830 1616 4886 adhibenda
1647 4840 1733 4887 est
1763 4849 1793 4886 a
1824 4833 1978 4888 nobis

398 4918 797 4975 medicinaliter
822 4935 1010 4976 severa
1036 4921 1329 4991 correptio.
1362 4921 1460 4977 Dei
1503 4929 1590 4976 est
1633 4930 1837 4986 autem,
1868 4923 1978 4978 illis

396 5019 520 5060 eam
562 5004 742 5063 facere
782 5010 989 5071 utilem,
1018 5010 1144 5079 quia
1169 5009 1189 5040 δ
1239 5010 1356 5080 ipse
1390 5009 1687 5080 praescivit
1728 5018 1784 5064 et
1828 5022 1985 5079 prac-

397 5095 689 5152 destinavit
707 5097 1015 5155 conformes
1038 5099 1288 5171 imaginis
1326 5099 1425 5154 lilii
1459 5099 1541 5154 sui
1567 5109 1589 5139 α
1613 5118 1659 5153 ›.

467 5188 554 5243 lll.
587 5189 687 5246 Ubi
720 5192 882 5246 datur
910 5191 1137 5263 intelligi
1178 5191 1342 5248 totius
1372 5189 1651 5246 rationalis
1694 5197 1980 5246 creaturae

2080 4641 2170 4696 ille
2215 4649 2396 4695 autem
2443 4648 2537 4695 aut
2565 4655 2673 4695 non
2716 4648 2959 4705 vocetur,
2993 4648 3086 4717 aut
3132 4655 3241 4695 non
3287 4640 3360 4695 ita
3411 4650 3659 4712 vocetur,

2083 4730 2165 4803 [ut
2186 4738 2466 4786 vocantem
2492 4728 2772 4802 sequatur]
2802 4730 2851 4794 ⁸,
2906 4729 3278 4785 inscrutabilia
3306 4740 3433 4786 sunt
3454 4731 3658 4800 judicia

2080 4825 2195 4880 Dei.
2224 4823 2304 4878 Ex
2350 4823 2559 4878 duobus
2582 4831 2761 4877 autem
2795 4823 2898 4892 piis
2924 4837 3023 4879 cur
3050 4822 3177 4878 huic
3218 4822 3449 4879 donetur
3472 4839 3661 4894 perse-

2077 4915 2318 4972 verantia
2349 4930 2523 4985 usque
2549 4914 2604 4968 in
2629 4913 2811 4981 linem,
2828 4915 2903 4969 illi
2935 4930 3044 4970 non
3075 4898 3302 4979 detur'7,
3333 4916 3657 4971 inscrutabi-

2079 5008 2215 5063 liora
2258 5014 2386 5061 sunt
2417 5003 2621 5073 judicia
2649 5004 2767 5059 Dei.
2800 5004 2934 5058 illud
2978 5012 3159 5058 tamen
3207 5002 3453 5058 ﬁdelibus
3494 5002 3657 5059 debet

2077 5113 2199 5155 esse
2225 5097 2615 5161 certissimum,
2642 5097 2786 5151 hunc
2813 5109 2933 5151 esse
2954 5110 3020 5149 ex
3044 5095 3479 5163 praedestinatis,
3505 5094 3654 5148 illum

2076 5203 2184 5243 non
2211 5186 2372 5244 essed
2394 5207 2439 5240 ι.
2470 5185 2528 5240 ln
2557 5187 2782 5242 eodem:
2813 5203 2833 5237 ι
2865 5184 2949 5239 An
2976 5184 3266 5254 quisquam
3285 5184 3466 5239 dicere
3492 5184 3660 5237 audeo

1680 5298 1933 5356 VARIAE
1970 5298 2372 5356 LECTIONES.

472 5387 491 5419 ⁸
519 5388 592 5443 al.
639 5391 788 5459 facit.
863 5392 886 5424 ³
906 5393 1064 5458 Cod,
1101 5392 1172 5447 M.
1216 5394 1341 5447 sive.
1417 5391 1706 5458 {debemus
1751 5406 1861 5445 om.
1889 5391 2035 5454 cod.,
2059 5391 2179 5446 add.
2217 5389 2284 5442 M.
2361 5387 2383 5421 ἰ
2412 5387 2504 5443 SIC
2530 5387 2675 5455 cod.,
2706 5385 2776 5440 Μ.
2804 5400 2953 5453 quas.
3027 5382 3051 5417 ³
3071 5381 3164 5436 Sic
3193 5380 3290 5446 M.,
3325 5380 3444 5436 cod.
3479 5377 3603 5434 Und

398 5457 423 5489 ⁸
441 5469 496 5512 ut
523 5457 791 5516 vocantem
820 5457 1071 5533 sequatur
1094 5478 1203 5518 om.
1240 5462 1385 5529 cod.,
1407 5457 1529 5518 add.
1563 5460 1632 5516 Μ.
1708 5462 1728 5493 ⁷
1754 5460 1825 5515 al.
1858 5460 1938 5515 illi
1965 5472 2141 5515 autem
2166 5476 2270 5514 non
2298 5459 2538 5512 donetur.

1926 5568 2177 5627 NOTAE.

470 5675 497 5705 ι
529 5663 816 5734 Augustin.
848 5665 911 5718 de
938 5664 1173 5734 Corrept.
1202 5675 1250 5721 et
1274 5662 1424 5721 Crat.
1450 5680 1500 5723 c.
1526 5665 1614 5721 12.

470 5734 496 5772 δ
519 5733 808 5803 Augustin.
840 5734 968 5789 ibid.
1001 5750 1049 5790 c.
1083 5734 1169 5789 i5.

2158 5671 2180 5700 ο
2208 5659 2491 5729 Augustin.
2514 5657 2641 5729 ibid.
2671 5671 2721 5711 c.
2756 5653 2841 5709 l6.

2156 5729 2183 5769 ιι
2212 5721 2495 5802 Augustin.
2521 5729 2584 5782 de
2610 5726 2755 5781 Dono
2781 5724 3189 5796 perseverantiae
3211 5737 3258 5781 c.
3283 5721 3339 5779 8.
