4194 6276
545 354 645 408 411

1917 331 2198 391 JOANNIS
2237 332 2432 387 SCOTI

3687 331 3798 389 ΗΞ

545 465 647 530 bit,
679 463 846 518 Deum
877 473 981 514 non
1021 455 1362 527 praesciisse,
1393 451 1589 522 quibus
1616 457 1758 505 esset
1783 449 2028 511 daturus,
2058 455 2116 499 ut
2144 451 2192 505 Α
2222 442 2452 498 fatemur
2471 442 2496 482 ά
2521 461 2568 496 ι.
2592 459 2610 493 ι
2631 441 2884 498 'l‘enenda
2902 451 2986 497 est
3008 441 3175 510 igitur
3197 441 3612 501 inconcussae"
3636 444 3799 516 hujus

547 554 850 614 crederem,
885 554 980 601 aut
998 561 1135 614 quos
1161 545 1386 599 daturus
1407 549 1550 596 esset
1574 539 1684 594 ﬁlio
1703 552 1822 603 suo,
1847 544 1908 591 ut
1937 550 2005 590 ex
2039 535 2119 589 eis

547 661 654 699 non
680 642 930 713 perderet
971 650 1298 705 quemquam
1327 635 1350 687 ?
1405 634 1553 700 Quae
1597 631 1784 699 utique
1811 629 1856 684 si
1884 625 2118 696 praesci-

546 736 645 796 vit,
693 729 936 800 profecto
991 725 1251 781 beneﬁcia
1306 736 1424 786 sua,
1469 721 1666 790 quibus
1723 733 1824 774 nos
1867 718 2120 786 dignatur

547 825 798 883 liberare,
840 816 1148 886 praescivit.
1182 815 1327 868 Haec
1351 820 1434 867 est
1457 809 1880 881 praedestinatio
1902 815 2120 862 sancto-

545 927 689 974 rum,
710 917 777 964 .et
804 906 937 961 nihil
967 905 1111 960 aliud
1143 889 1195 966 ις
1254 899 1611 972 praescientia
1634 898 1842 954 scilicet
1871 905 1926 950 et
1958 909 2121 964 prae-

546 1001 758 1074 paratio
781 997 1168 1054 beneﬁciorum
1191 993 1306 1056 Dei,
1337 993 1533 1060 quibus
1561 989 1862 1046 certissime
1885 987 2122 1041 liberano

549 1103 658 1156 tur,
695 1090 1007 1161 quicunque
1056 1085 1372 1139 liberantur.
1433 1080 1611 1135 Ceteri
1663 1088 1865 1141 autem,
1896 1077 1984 1131 ubi
2017 1076 2121 1131 nisi

548 1187 603 1241 in
636 1198 813 1238 massa
842 1179 1160 1250 perditionis
1180 1177 1327 1246 justo
1371 1174 1554 1229 divino
1575 1171 1782 1238 judicio
1811 1169 2124 1238 relinquun-

549 1285 658 1340 tur,
681 1273 773 1328 ubi
797 1271 944 1342 Tyrii
973 1268 1142 1323 relicti
1164 1274 1286 1321 sunt
1311 1273 1365 1318 et
1409 1262 1650 1333 Sydonii,
1687 1260 1777 1328 qui
1820 1260 1981 1313 etiam
2012 1273 2126 1312 erc-

553 1366 683 1422 dere
709 1369 997 1433 potuerant
1024 1359 1127 1426 ',si
1158 1358 1290 1416 mira
1322 1355 1408 1408 illa
1437 1352 1633 1408 Christi
1661 1351 1812 1420 signa
1837 1348 2123 1403 vidissent?

549 1458 663 1514 Sed
710 1455 984 1526 quoniam,
1017 1462 1075 1505 ut
1101 1450 1403 1512 crederent,
1433 1461 1538 1501 non
1573 1444 1652 1497 eis
1705 1443 1726 1473 ³
1767 1449 1888 1496 erat
1913 1441 2118 1504 datum,

547 1547 715 1601 etiam
743 1543 885 1598 unde
910 1541 1217 1602 crederent,
1235 1545 1319 1591 est
1345 1542 1616 1606 negatum.
1647 1533 1720 1586 Ex
1747 1546 1854 1599 quo
1879 1539 2122 1598 apparet,

548 1636 754 1690 habere
777 1630 1036 1702 quosdam
1065 1629 1119 1681 in
1151 1628 1266 1696 ipso
1295 1625 1509 1695 ingenio
1537 1621 1774 1677 divinum
1807 1619 2126 1673 naturaliter

546 1738 744 1777 munus
795 1717 1199 1788 intelligentiae,
1239 1729 1344 1784 quo
1391 1720 1712 1767 moveantur
1758 1711 1825 1766 ad
1864 1712 2045 1773 ﬁdem,
2078 1709 2123 1762 si

2223 531 2602 602 disputationis
2630 532 2995 601 regula,quac
3019 533 3215 588 divinis
3230 535 3555 591 testimoniis
3579 537 3798 604 claruit,

2221 631 2537 691 peccatores
2565 623 2619 677 in
2651 623 2804 678 malis
2841 624 3074 693 propriis
3104 639 3226 680 esse
3253 627 3295 658 “
3325 627 3378 680 in
3413 628 3614 685 mundo
3643 646 3800 700 prae-

2222 714 2386 768 seitos
2413 722 2638 780 tantum,
2669 729 2776 769 non
2803 714 3258 783 praedestinatos;
3291 731 3520 785 poenam
3547 729 3726 776 autem
3757 722 3802 753 ⁸³

2221 806 2702 875 praedestinatam,
2731 805 3024 860 secundum
3053 806 3192 874 quod
3221 809 3478 876 praesciti
3510 818 3637 866 sunt
3671 823 3753 866 ε».

2296 896 2361 950 ν.
2401 894 2496 949 His
2525 903 2580 950 et
2614 895 2915 962 hujusmodi
2953 897 3278 952 sanctissimi
3314 898 3487 967 patris
3510 899 3797 970 Augustini

2223 987 2550 1042 dictionibus
2576 987 2732 1052 satis,
2763 996 2823 1042 ut
2848 987 3059 1056 opinor,
3093 989 3180 1058 pie
3205 991 3550 1048 credentibus
3577 1009 3800 1063 persua-

2224 1074 2336 1128 deri
2365 1082 2556 1143 potest,
2606 1076 2748 1144 quod
2777 1090 2902 1130 vera
2933 1078 3072 1131 ratio
3096 1080 3460 1144 commendat,
3508 1082 3674 1137 Deum
3712 1085 3795 1138 vi-

2224 1163 2418 1216 delicet
2455 1161 2522 1216 ad
2557 1163 2600 1194 ¹³
2630 1178 2857 1232 poenam
2887 1166 3032 1220 nullo
3070 1166 3228 1221 modo
3257 1177 3546 1236 peccantes
3570 1174 3796 1239 praede-

2224 1256 2458 1310 stinassc
2478 1295 2495 1324 ,
2527 1256 2620 1310 sed
2650 1256 2762 1310 suis
2791 1258 3001 1312 meritis
3036 1259 3300 1328 supplicia
3329 1262 3595 1331 condigna
3641 1277 3797 1332 prae-

2223 1347 2494 1402 destinata
2517 1348 2596 1402 eis
2619 1349 2687 1402 ab
2708 1363 2772 1402 eo
2792 1363 2932 1402 esse.
2953 1349 3106 1416 Quod
3135 1351 3296 1405 etiam
3324 1351 3531 1423 legibus
3554 1355 3802 1412 humanis

2223 1454 2508 1508 possumus
2537 1439 2825 1510 conjicere.
2851 1439 3005 1494 Nulla
3041 1441 3183 1495 enim
3218 1445 3536 1512 temporalia
3560 1443 3682 1512 jura
3707 1447 3802 1502 ho-

2225 1531 2425 1585 minem
2453 1531 2719 1585 deﬁniunt
2741 1531 2808 1586 ad
2843 1535 3207 1602 peccandum;
3239 1550 3442 1604 poenas
3473 1544 3653 1592 autem
3677 1553 3802 1607 pec-

2229 1621 2435 1677 caturis
2484 1621 2786 1677 deﬁniendo
2837 1623 2973 1677 nihil
3025 1624 3171 1678 aliud
3222 1627 3474 1680 videntur
3523 1636 3800 1697 appetere,

2226 1726 2388 1780 quam
2423 1726 2624 1780 pronos
2647 1713 2716 1767 ad
2744 1714 3075 1782 peccandum
3105 1716 3487 1785 suppliciorum
3517 1720 3802 1774 atrocitate

547 1833 786 1890 congrua
815 1816 926 1872 suis
949 1812 1223 1869 mentibus
1252 1809 1334 1862 vel
1381 1808 1601 1862 audiant
1629 1806 1814 1868 verba,
1837 1803 1924 1857 vel
1969 1803 2120 1872 signa
2152 1793 2196 1853 B
2227 1803 2448 1856 territos
2477 1803 2762 1870 cohibere,
2799 1820 2864 1860 ac
2904 1821 3002 1874 per
3027 1807 3132 1861 hoc
3159 1822 3264 1861 non
3295 1809 3473 1865 minus
3496 1810 3806 1866 misericor-

547 1909 903 1980 conspiciant,
933 1913 987 1962 et
1016 1913 1194 1959 tamen
1223 1899 1268 1955 si
1321 1898 1414 1953 Dei
1455 1898 1645 1951 altiore
1665 1896 1686 1926 ⁸
1708 1894 1913 1964 judicio
1941 1908 1971 1946 a
1998 1907 2122 1961 per-

549 2002 773 2059 ditionis
816 2011 994 2052 massa
1054 2009 1160 2048 non
1210 1997 1336 2045 sunt
1370 1988 1580 2060 gratiae
1627 1983 2122 2055 praedestinatione

549 2091 792 2156 discreti,
825 2104 924 2143 nec
966 2087 1082 2155 ipsa
1125 2083 1205 2138 eis
1236 2081 1559 2136 adhibentur
1599 2076 1684 2132 vel
1726 2075 1867 2130 dicta
1913 2073 2120 2137 divina,

546 2183 632 2238 vel
657 2182 819 2245 facta,
845 2192 939 2248 per
962 2188 1099 2244 quae
1118 2173 1326 2243 possint
1348 2170 1566 2224 credere
1596 2179 1620 2207 ιι
1648 2186 1696 2220 ι.
1720 2167 1788 2220 Et
1807 2164 1964 2234 paulo
1992 2170 2119 2216 ante

550 2275 712 2330 ﬁnem
738 2269 976 2340 ejusdem
1003 2284 1014 2318 :
1047 2284 1064 2317 ι
1090 2264 1300 2318 Nullum
1322 2270 1405 2316 est
1425 2280 1471 2325 ι,
1504 2259 1746 2327 inquam,
1775 2255 2078 2308 «illustrius
2098 2252 2120 2284 ⁸

546 2356 1060 2433 praedestinationis
1101 2351 1427 2423 exetuplum,
1469 2365 1631 2419 quam
1671 2348 1784 2416 ipse
1833 2346 2116 2399 mediator.

549 2452 808 2522 Quisquis
849 2447 1022 2502 ﬁdelis
1051 2445 1163 2498 vult
1189 2458 1308 2497 eam
1339 2441 1477 2495 bene
1517 2437 1834 2504 intelligere,
1878 2434 2120 2488 attendat

547 2546 746 2615 ipsum,
778 2551 938 2609 atque
963 2537 1015 2590 in
1057 2535 1146 2589 illo
1185 2532 1423 2586 inveniat
1469 2537 1524 2584 et
1569 2528 1801 2598 seipsum
1833 2527 1860 2565 ι)
1891 2544 1936 2588 ι,
1964 2538 2122 2593 prae-

545 2614 694 2688 clare
714 2629 1038 2686 concludens
1074 2639 1262 2680 omnes
1308 2619 1738 2692 praedestinatos
1783 2617 1836 2671 in
1877 2614 2118 2680 Christo,

546 2733 702 2778 extra
733 2734 912 2790 quem,
943 2715 1188 2786 quisquis
1216 2720 1319 2776 est,
1345 2709 1776 2780 praedestinatus
1805 2722 1912 2761 ncn
1942 2713 2046 2760 est.

614 2813 705 2868 IV.
741 2809 893 2876 Quod
923 2817 1100 2861 autem
1132 2805 1273 2859 Deus
1301 2802 1570 2856 nemiuem
1599 2799 2022 2870 praedestinavit
2051 2795 2119 2851 ad

542 2917 797 2975 poenam,
820 2913 1047 2970 poenam
1081 2910 1206 2950 vero
1235 2907 1588 2963 praeparasse
1613 2931 1627 2956 ,
1668 2892 1772 2945 hoc
1811 2897 1925 2956 est,
1964 2903 2121 2958 prae-

547 2992 848 3048 destinassc
887 2988 1080 3042 merito
1133 2983 1492 3048 damnandis,
1544 2980 1736 3035 talibus
1797 2978 1912 3049 ejus
1967 2978 2124 3034 dictis

547 3081 880 3140 lucidissime
920 3077 1250 3133 declaratur.
1282 3075 1368 3128 Ait
1399 3073 1542 3128 enim
1567 3112 1582 3136 ,
1614 3090 1632 3122 ι
1666 3072 1792 3140 quia
1839 3071 2019 3140 justus
2071 3077 2122 3124 et

2225 1893 2367 1957 dia‘e,
2395 1907 2557 1961 quam
2587 1894 2860 1949 vindictae
2907 1899 3400 1966 transgressoribus
3429 1901 3544 1954 suis
3569 1899 3800 1958 ellicere.

2223 1980 2507 2050 Nunquam
2540 1982 2681 2036 enim
2718 1985 3019 2052 respublica
3050 1985 3296 2042 homines
3334 1988 3576 2043 decrevit
3605 2004 3802 2058 pecca-

2222 2086 2314 2136 re;
2349 2072 2587 2126 decrevit
2617 2080 2797 2128 autem
2829 2088 2951 2128 reos
2969 2072 3114 2141 justa
3147 2090 3316 2144 poena
3335 2078 3629 2147 corrigere.
3649 2079 3804 2145 Quod

2221 2162 2266 2218 si
2307 2163 2379 2216 ita
2407 2172 2490 2217 est
2519 2163 2572 2218 in
2617 2163 2826 2234 legibus
2861 2165 3216 2220 mutabilitate
3267 2174 3568 2236 temporum
3599 2170 3800 2224 transi-

2223 2255 2395 2318 toriis,
2428 2254 2556 2324 'quid
2586 2256 2882 2323 putandum
2912 2257 3031 2311 ﬁeri
3060 2258 3114 2311 in
3143 2258 3384 2314 aeternis
3403 2259 3622 2329 pietatis
3640 2259 3803 2330 justi-

2225 2345 2435 2414 tiaeque
2459 2343 2779 2400 immutabili
2808 2345 2991 2414 vigore
3020 2345 3272 2402 refertis?

2731 2455 3131 2509 CAPITULUM
3172 2455 3290 2511 XV.

2230 2544 2348 2612 Quo
2387 2560 2569 2615 genere
2617 2543 2937 2616 locutionum
2985 2546 3182 2598 dicitur
3213 2547 3472 2616 praescire
3515 2545 3657 2600 Deus
3683 2561 3804 2616 pec-

2295 2614 2436 2678 rata,
2468 2631 2586 2668 cum
2617 2614 2746 2667 nihil
2772 2624 2911 2685 sunt,
2945 2625 3036 2667 aut
3057 2614 3443 2685 praedestinare
3468 2632 3648 2671 eorum
3676 2614 3802 2685 sup-

2293 2685 2473 2754 plicia,
2505 2701 2640 2754 quae
2665 2684 2905 2737 similiter
2933 2684 3063 2738 nihil
3086 2693 3227 2738 sunt.

2303 2795 2342 2850 1.
2373 2795 2572 2865 Majore
2598 2803 2775 2850 autem
2814 2793 3245 2850 consideratione
3290 2794 3510 2864 indiget,
3543 2795 3685 2864 quod
3713 2795 3798 2850 di-

2225 2889 2350 2942 vina
2383 2888 2727 2956 humanaque
2761 2887 3004 2942 doctrina
3035 2888 3348 2957 saepissime
3370 2887 3524 2942 nobis
3545 2887 3800 2950 inculcat,

2228 2981 2398 3034 Deum
2429 2978 2680 3033 videlicet
2711 2986 2764 3031 et
2809 2979 3084 3047 praescire
3128 2987 3411 3032 creaturae
3455 2993 3586 3033 suae
3616 2978 3804 3033 illicita

2227 3081 2472 3142 peccata,
2524 3079 2582 3126 et
2621 3085 2806 3125 eorum
2845 3070 2991 3139 justa
3039 3069 3450 3139 praedestinare
3501 3067 3799 3138 supplicia,

546 3175 857 3231 misericors
895 3173 1056 3234 Deus,
1097 3167 1480 3238 praeseiusque
1526 3165 1865 3226 futurorum,
1914 3177 1980 3216 ex
2020 3162 2120 3216 hac
2152 3130 2198 3193 Ο
2227 3177 2348 3218 cum
2383 3161 2521 3215 ratio
2549 3161 2899 3231 pronuntiare
2931 3175 3039 3215 non
3077 3160 3306 3224 dubitet,
3336 3168 3555 3228 peccata
3582 3174 3800 3215 eorum-

548 3264 839 3323 damnahili
887 3277 1064 3316 massa
1097 3275 1200 3313 non
1230 3271 1580 3326 personarum
1625 3253 1935 3321 acceptione
1964 3293 1979 3316 ,
2029 3252 2122 3306 scd

543 3357 749 3427 judicio
765 3351 1050 3420 aequitatis
1067 3362 1195 3404 suae
1217 3344 1699 3416 irreprchensibili,
1717 3358 1852 3412 quos
1868 3341 2119 3411 praescit,

547 3445 921 3502 misericordia
947 3440 1181 3512 gratuita
1205 3445 1514 3510 praeparat,
1543 3437 1595 3490 id
1621 3446 1723 3499 est,
1754 3435 2125 3504 praedestinat

548 3539 616 3592 ad
650 3546 924 3591 aeternam
961 3532 1124 3585 vitam
1147 3571 1160 3595 ,
1195 3539 1405 3583 ceteros
1449 3537 1626 3582 autem
1657 3541 1853 3596 poena,
1883 3535 1940 3579 ut
1969 3540 2128 3595 prae-

549 3627 703 3690 dixi,
740 3625 917 3680 debita
957 3621 1128 3690 punit.
1191 3621 1336 3686 Quos
1387 3620 1506 3674 ideo
1547 3619 1732 3688 punit,
1781 3618 1906 3686 quia
1937 3657 1952 3682 ,
1995 3618 2125 3687 quid

549 3726 733 3773 essent
766 3715 953 3777 futuri,
985 3712 1292 3782 praescivit,
1329 3726 1435 3765 non
1474 3720 1651 3764 tamen
1681 3709 1978 3778 puniendos
2011 3709 2124 3778 ipse

551 3810 712 3875 fecit,
760 3807 842 3861 vel
894 3803 1348 3876 praedestinavit,
1401 3803 1495 3858 sed
1529 3810 1769 3866 tantum,
1809 3809 1867 3855 ut
1905 3801 2039 3864 dixi,
2069 3802 2123 3855 in

550 3897 842 3954 damnabili
871 3909 1046 3949 massa
1064 3893 1353 3964 praescivit
1381 3904 1402 3931 ε
1430 3911 1505 3947 ›.‹
1532 3892 1774 3946 Diximus
1798 3906 2029 3960 namque
2057 3890 2126 3945 de

551 3987 846 4044 damnabili
895 3984 1114 4041 humani
1153 3983 1366 4053 generis
1417 3997 1599 4036 massa
1639 3983 1806 4036 Deum
1855 3981 2126 4050 praescire

550 4077 942 4140 misericordia,
987 4092 1092 4129 non
1134 4073 1370 4135 meritis,
1403 4087 1541 4140 quos
1587 4070 1866 4125 electionis
1902 4071 2076 4140 gratia
2104 4071 2125 4101 ⁸

546 4168 977 4238 praedestinavit
1022 4167 1088 4221 ad
1122 4167 1308 4226 vitam,
1362 4171 1573 4220 ceteros
1603 4177 1766 4227 vero,
1797 4162 1886 4232 qui
1922 4161 2126 4229 judicio

542 4255 786 4324 iustitiae
829 4256 945 4325 ejus
987 4255 1194 4325 gratiae
1223 4255 1243 4285 "
1275 4251 1578 4307 eﬂiciuntur
1630 4262 1876 4320 expertes
1903 4293 1916 4318 ,
1966 4266 2122 4321 prae-

548 4349 740 4404 sciisse
769 4355 978 4402 tantum
1009 4346 1139 4399 vitio
1165 4344 1382 4414 proprio
1409 4342 1698 4412 perituros,
1729 4357 1833 4395 non
1876 4348 1936 4394 ut
1981 4342 2122 4409 peri-

2226 3266 2332 3322 que
2357 3251 2616 3320 supplicia
2645 3249 2780 3304 nihil
2807 3263 2949 3316 esse,
2996 3264 3062 3304 ac
3104 3265 3200 3320 per
3241 3250 3344 3306 hoc
3385 3265 3489 3307 nec
3517 3251 3798 3320 praesciri,

2224 3358 2325 3397 nec
2374 3341 2762 3410 praedestinari
2809 3355 2987 3408 posse.
3039 3341 3320 3408 Quomodo
3347 3343 3488 3396 enim
3519 3343 3602 3397 vel
3639 3357 3799 3411 prae-

2225 3431 2494 3496 sciuntur,
2525 3429 2610 3484 vel
2639 3431 3133 3499 praedestinantur,
3166 3445 3307 3500 quae
3343 3446 3448 3485 non
3475 3432 3639 3484 sunt?
3667 3430 3797 3496 Qui-

2226 3524 2330 3579 bus
2357 3524 2524 3595 igitur
2551 3523 2880 3577 locutionum
2914 3523 3084 3590 tropis
3114 3523 3242 3576 talia
3273 3523 3500 3592 proferri
3535 3533 3798 3591 possunt,

2232 3613 2554 3668 edicendum
2581 3628 2701 3668 esse
2728 3614 2982 3668 arbitror.
3033 3614 3340 3684 Siquidem,
3379 3624 3439 3669 ut
3486 3615 3697 3683 opinor,
3747 3616 3800 3668 in

2223 3704 2516 3774 prioribus,
2559 3712 2718 3774 prout
2771 3705 3000 3760 suadere
3045 3705 3214 3774 potui,
3245 3704 3548 3760 rationibus
3590 3707 3799 3776 aperui,

2225 3804 2281 3850 et
2320 3795 2566 3865 exemplo
2615 3796 2873 3850 similium
2914 3797 3185 3862 roboravi,
3240 3797 3384 3852 nullo
3432 3799 3539 3853 alio
3591 3799 3799 3855 meliori

2223 3888 2382 3942 modo
2412 3903 2511 3943 nos
2539 3903 2697 3958 posse
2725 3889 3021 3959 intelligere
3049 3931 3063 3954 ,
3096 3892 3520 3961 quotiescunque
3561 3893 3801 3949 invenire

2223 3979 2495 4048 possimus
2517 3979 2676 4033 talem
2707 3980 2920 4035 dicendi
2942 3980 3190 4046 formam,
3218 3983 3431 4050 qualem
3461 3984 3694 4038 maxime
3745 3985 3798 4038 in

2225 4069 2378 4124 Lbris
2410 4071 2580 4125 sancti
2607 4071 2892 4141 Augustini
2917 4071 3154 4125 solemus
3182 4072 3566 4142 legere,Deum
3596 4074 3800 4129 scilicet

2223 4161 2656 4229 praedestinassc
2699 4162 2893 4232 impios
2922 4163 2985 4216 ad
3015 4171 3260 4233 peccata,
3297 4173 3354 4218 et
3393 4179 3582 4219 eorum
3607 4166 3799 4220 merita

2224 4255 2504 4324 supplicia,
2554 4270 2716 4323 quam
2765 4270 2864 4322 eo,
2909 4256 3002 4326 qui
3049 4256 3280 4311 sumitur
3326 4272 3358 4311 a
3396 4258 3694 4324 contrario,
3742 4267 3802 4312 ut

2224 4358 2386 4413 saepe
2413 4345 2616 4398 dictum
2645 4352 2748 4400 est.

549 4447 673 4491 rent
707 4436 1139 4506 praedestinassc
1170 4453 1182 4487 :
1216 4435 1297 4488 his
1335 4449 1464 4488 vero
1497 4433 1551 4497 ⁸,
1588 4432 1678 4500 qui
1725 4432 1911 4485 salutis
1947 4431 2118 4530 ﬁdem
2153 4475 2200 4533 Β
2297 4435 2358 4488 ll.
2389 4434 2555 4502 Cujus
2592 4434 2802 4492 formae
2846 4439 3248 4508 apertissimum
3293 4457 3348 4495 in
3392 4443 3652 4500 traditore
3697 4444 3799 4499 im-

549 4536 643 4580 aut
661 4526 1024 4594 praedicatam
1055 4527 1155 4579 sibi
1182 4525 1428 4592 accipere
1452 4524 1657 4586 nolunt,
1687 4531 1779 4574 aut
1808 4521 1918 4576 Deo
1940 4519 2120 4588 judice

549 4635 658 4674 non
705 4626 960 4685 possunt,
995 4616 1078 4670 vel
1108 4625 1328 4684 accepta
1381 4615 1518 4669 male
1568 4624 1808 4678 utuntur,
1842 4623 1896 4668 et
1921 4615 1988 4668 ob
2019 4615 2118 4669 hoc

551 4707 840 4761 traduntur
883 4707 935 4759 in
974 4706 1258 4774 rcprobum
1289 4720 1537 4768 sensum,
1570 4714 1628 4757 ut
1663 4721 1770 4759 non
1811 4704 2007 4758 faciant
2032 4720 2116 4768 ea,

551 4810 689 4866 quae
709 4795 1040 4850 conveniunt
1067 4797 1110 4860 ο,
1149 4808 1375 4861 poenam
1392 4795 1843 4862 praedestinatum
1873 4811 1992 4849 esse
2018 4796 2119 4850 rite

2226 4524 2469 4594 piissimo
2507 4526 2720 4580 Domini
2749 4528 2917 4582 nostri
2947 4528 3220 4584 invenitur
3242 4531 3564 4598 exemplum.
3595 4533 3797 4587 Eodem

2227 4616 2425 4686 quippe
2449 4615 2700 4686 loquendi
2732 4620 2892 4674 modo
2917 4619 3057 4674 idem
3100 4621 3298 4676 dicitur
3333 4625 3790 4692 praedestinatus,

2225 4722 2332 4776 quo
2359 4723 2388 4760 a
2417 4707 2643 4762 Domino
2664 4709 2945 4765 dicebatur
2959 4712 3157 4766 electus
3181 4711 3198 4748 ί
3210 4750 3224 4764 .
3247 4712 3345 4767 Ubi
3370 4723 3515 4769 recte
3537 4715 3796 4774 debemus

2227 4799 2472 4867 accipere
2496 4815 2592 4868 per
2620 4800 2871 4867 electum,
2898 4817 3008 4857 non
3043 4802 3292 4870 electum,
3330 4805 3424 4860 sed
3454 4807 3648 4862 merito
3671 4823 3794 4878 per-

1835 4941 2088 4999 VARIAE
2124 4946 2522 5006 LECTIONES.

623 5086 641 5117 ί
670 5083 746 5160 al._
788 5079 1721 5160 Haecmpraedestinatiosanctorum
1756 5083 1909 5160 “nihil
1935 5084 2135 5160 aliud,
2159 5097 2233 5140 est
2283 5107 2441 5160 quam
2482 5107 2684 5159 praesa.

549 5165 660 5236 erat
699 5155 812 5236 eis...
870 5149 891 5180 ⁸
921 5149 1036 5236 Snic‘
1066 5150 1162 5236 lii?
1191 5151 1309 5236 cod.
1357 5150 1618 5236 ulteriore.
1667 5153 1717 5236 _"
1749 5153 1880 5236 Cod.
1906 5156 2222 5235 inlustrius,
2260 5149 2338 5213 sic
2391 5149 2618 5236 ubique.
2687 5163 2708 5194 ⁸
2737 5162 2936 5236 alter
2959 5149 3207 5220 electione
3253 5149 3474 5236 gratiae:

547 5227 647 5278 hac
676 5225 886 5296 gratia._
942 5223 963 5253 ⁸
989 5221 1057 5296 al.
1088 5221 1506 5296 Multainoersa.
1549 5224 1604 5296 _°
1631 5221 1711 5296 al._
1733 5234 1787 5276 ut
1812 5223 2008 5296 faciant
2037 5243 2096 5280 ea
2121 5244 2254 5296 quae
2277 5245 2380 5284 non
2408 5221 2733 5288 conueniunt.

547 5289 698 5349 sent:
761 5294 804 5324 “
841 5293 909 5348 al.
953 5293 1178 5346 eisesse.
1257 5289 1299 5320 ¹³
1339 5291 1428 5347 Sic
1463 5291 1582 5347 cod.
1607 5332 1620 5357 ,
1663 5292 1711 5345 M
1746 5289 1918 5348 et'ad.

2783 5094 2804 5172 ξ
2849 5093 2920 5148 al.
2959 5103 3258 5172 potuerunt.
3336 5097 3477 5172 'Sic
3529 5105 3675 5172 cod.,
3722 5107 3792 5162 Μ.

3569 5175 3590 5207 ⁷
3619 5178 3688 5231 al.
3729 5179 3793 5231 ab

2813 5234 2854 5264 ²⁰
2883 5234 2975 5290 Sic
3003 5236 3122 5290 cod.
3203 5234 3351 5293 “'al.
3393 5252 3668 5314 antequam
3715 5263 3797 5302 es-

2059 5435 2309 5495 NOTAE.

619 5548 646 5610 f
671 5538 954 5610 Augustin.
983 5540 1046 5592 de
1074 5541 1220 5595 Dono
1239 5541 1647 5610 perseverantiae
1675 5557 1723 5598 c.
1759 5543 1842 5598 14.

619 5607 646 5644 δ
676 5608 955 5678 Augustin.
987 5610 1111 5678 ibid.
1139 5607 1256 5678 cap.
1291 5612 1496 5666 ultimo.

619 5685 643 5713 ε
674 5675 1102 5746 1λ1γροειιοειίεοη
1141 5675 1230 5744 11,
1261 5681 1314 5731 2.

2292 5550 2318 5590 ἀ
2360 5551 2500 5605 Ibid.
2532 5567 2582 5607 c.
2617 5555 2675 5608 ‘2.

2297 5633 2320 5659 ο
2355 5620 2488 5672 Ibid.

2301 5687 2506 5743 fioan.
2538 5691 2726 5757 Vl,7|.
