4194 6276
387 386 495 443 ιιδ

1500 374 1702 433 LIBER
1739 375 1830 449 DE
1864 375 2579 435 PRAEDESTINATIONE.

3551 377 3660 449 Ms

392 504 551 560 lidiae
592 516 722 559 suae
767 499 1073 573 neglectum
1103 505 1266 568 atque
1296 494 1581 566 expulsum
1606 535 1623 560 ,
1662 509 1769 550 non
1816 494 1975 549 aliter
2003 498 2050 559 Α
2077 493 2455 549 destinationis
2481 534 2495 558 ,
2534 492 2734 563 quippe
2754 507 2879 548 cum
2923 492 3034 548 sint
3081 494 3241 550 unius
3281 491 3653 564 eiusdemque,

391 597 623 652 eundem
666 593 1129 665 praedestinatum
1151 630 1166 655 ,
1199 588 1303 644 nisi
1330 603 1436 643 non
1492 586 1973 656 praedestinatum,

395 686 451 741 in
492 700 669 751 massa
713 684 830 739 irae
888 681 1178 745 relictum,
1236 690 1462 732 munere
1511 675 1724 731 divinae
1772 674 1981 745 gratiae

393 778 681 848 privatum,
707 773 1003 835 inimicum,
1035 785 1143 824 non
1182 768 1440 823 amicum.
1471 766 1540 822 Et
1567 773 1747 821 tamen
1786 779 1853 818 ex
1877 778 1975 819 ore

393 868 566 930 illius,
594 879 753 933 quem
781 861 1021 925 tradidit,
1049 859 1285 914 audivit:
1315 858 1492 911 Amice
1520 855 1589 910 ad
1612 854 1819 926 quida?
1845 854 1978 908 ltcm

394 958 517 1012 alibi
558 965 818 1025 tanquam
876 967 1104 1008 consors
1139 950 1351 1005 divinae
1392 947 1671 1004 electionis
1716 947 1857 1001 inter
1890 960 1981 999 ve-

391 1060 482 1100 ros
509 1033 963 1116 praedestinatos,
993 1039 1215 1105 electos,
1256 1037 1460 1093 amicos
1479 1035 1701 1090 abusive
1724 1034 1981 1090 collectus

328 1174 339 1183 .
392 1135 640 1188 audierat
671 1151 685 1187 :
718 1130 849 1203 Non
873 1132 991 1183 dico
1021 1146 1108 1184 vos
1150 1144 1354 1193 servos,
1381 1127 1471 1180 sed
1498 1126 1693 1179 amicos
1717 1126 1770 1178 ι).
1809 1124 1981 1178 Simili

395 1224 556 1276 modo
583 1222 651 1275 ab
680 1221 827 1275 omni
842 1219 1059 1274 caelesti
1086 1217 1410 1287 paternitate
1436 1216 1684 1271 abdicato
1707 1216 1857 1285 quasi
1877 1215 1984 1269 tilio

397 1312 544 1368 inter
566 1311 707 1367 tilios
721 1310 982 1365 Dominus
996 1310 1210 1363 dicebat
1227 1306 1427 1360 :Nolile
1441 1323 1619 1361 vocare
1634 1307 1773 1361 vobis
1782 1317 1869 1376 ραι
1878 1322 1983 1359 rem

401 1406 459 1459 in
481 1416 647 1469 terra,
668 1421 804 1459 unus
828 1413 903 1457 est
925 1403 1060 1457 enim
1085 1411 1234 1473 pater
1261 1410 1446 1465 vester,
1462 1400 1549 1470 qui
1574 1399 1627 1452 in
1650 1397 1805 1451 caelis
1831 1406 1905 1450 est
1935 1407 1981 1450 ε.

401 1495 485 1551 Ac
499 1495 545 1551 si
560 1496 789 1565 sapienti
812 1495 953 1548 inter
964 1493 1232 1562 sapientes
1245 1493 1442 1545 donum
1463 1489 1843 1559 intelligentiae
1858 1502 1987 1541 con-

403 1603 617 1645 cessum
642 1586 870 1650 videtur,
900 1584 1025 1637 dum
1057 1582 1329 1652 Apostolis
1358 1580 1557 1636 dicitur
1581 1597 1594 1632 :
1626 1578 1782 1632 Vobis
1802 1578 1986 1631 datum

400 1687 478 1732 est
502 1693 656 1730 nosse
679 1675 925 1745 mysteria
958 1672 1143 1743 Regni.
1170 1671 1226 1727 Si
1260 1673 1395 1727 haec
1418 1681 1473 1726 et
1500 1670 1762 1739 ejusmodi
1793 1670 1860 1724 de
1890 1669 1989 1723 im—

398 1766 647 1836 piissimo
671 1765 892 1821 homine
923 1762 1267 1832 intelligenda
1300 1769 1429 1816 sunt
1452 1776 1483 1815 e
1505 1760 1782 1815 contrario
1800 1796 1816 1822 .
1856 1756 1984 1827 quid

2080 584 2297 639 divinae
2324 582 2599 653 videlicet,
2628 592 2874 645 naturae,
2893 583 2945 637 in
2970 598 3075 651 qua
3106 584 3249 639 aliud
3279 583 3386 638 alio
3414 583 3536 652 plus
3557 584 3660 638 mio

2078 688 2248 728 nusve
2272 688 2378 728 non
2407 680 2514 737 est,
2557 673 2773 738 merito.
2816 672 2907 727 ubi
2946 683 3031 729 est
3060 681 3288 727 naturae
3316 672 3658 743 simplicitas,

2076 778 2187 818 non
2216 772 2302 817 est
2334 763 2440 817 ulla
2467 762 2778 828 diversitas,
2820 763 3077 832 quoniam
3114 763 3166 817 in
3191 779 3251 819 ea
3275 763 3458 818 omnia
3492 779 3658 820 unum

2080 860 2227 906 sunt.
2261 851 2491 906 Tantum
2517 866 2647 920 ergo
2684 853 2738 906 in
2770 853 2880 907 Deo
2908 852 3051 906 valet
3083 853 3465 921 praescientia,
3492 869 3663 924 quan-

2076 948 2194 993 .tum
2239 939 2681 1009 praedestinatio,
2723 940 2922 1009 plane,
2965 942 3091 1009 quia
3138 957 3302 996 unum
3354 951 3498 997 sunt.
3545 943 3662 1000 Non

2084 1036 2263 1082 tamen
2292 1037 2497 1082 tantum
2527 1029 2634 1084 late
2661 1039 2824 1098 atque
2853 1029 3163 1099 frequenter
3187 1031 3468 1102 Scriptura
3492 1035 3661 1089 utitttr

2082 1120 2601 1205 praedestinatioue,
2653 1129 2917 1190 quantum
2956 1121 3440 1200 praescientiaaln
3467 1124 3665 1181 divinis

2084 1196 2779 1281 siquidem'operationibus
2798 1212 3093 1267 condendis
3112 1196 3662 1291 administrandisque

2083 1303 2499 1373 praescientiam
2564 1312 2620 1356 et
2690 1302 3240 1372 praedestinationetn
3290 1312 3345 1359 et
3396 1305 3558 1360 simul
3607 1316 3663 1362 et

2086 1410 2301 1465 semper
2343 1394 2691 1463 inseparabili
2737 1393 2868 1466 jugo
2914 1412 3184 1452 connean
3232 1399 3558 1467 reperimus;
3610 1401 3663 1455 in

2087 1485 2245 1541 malis
2282 1496 2463 1539 autem
2492 1522 2509 1550 ,
2558 1499 2731 1553 quae,
2785 1500 2911 1539 cum
2942 1500 2971 1539 a
3007 1484 3113 1540 Deo
3143 1502 3250 1542 non
3276 1487 3384 1541 sint
3405 1529 3419 1552 ,
3452 1489 3668 1557 penitus

2087 1576 2223 1633 nihil
2278 1585 2447 1639 sunt,
2496 1576 2911 1645 praescientiam
2953 1578 3303 1647 saepissime,
3338 1594 3460 1633 raro
3484 1590 3666 1636 autem

2086 1667 2640 1736 praedestinationem
2664 1666 2954 1721 nominari.
2977 1666 3129 1733 Quod
3153 1667 3399 1723 consulto
3416 1654 3668 1727 utilitatis

2087 1767 2305 1812 nostrae
2331 1756 2620 1827 contigisse
2644 1757 2996 1811 credendum.
3029 1756 3204 1812 Probe
3245 1758 3487 1826 quidem,
3518 1769 3576 1815 ut
3600 1775 3667 1816 eo

396 1833 622 1922 mirum,
667 1865 723 1911 et
746 1856 921 1924 ipsum
962 1861 1353 1923 consortesque
1405 1852 1643 1906 malitiae
1688 1864 1823 1906 suae
1857 1850 1981 1919 jure
2012 1833 2057 1891 Β
2086 1850 2250 1904 modo
2279 1847 2495 1904 dicendi
2531 1850 2970 1913 admonerentur,
3019 1864 3124 1903 non
3177 1850 3322 1905 aliud
3350 1865 3473 1906 esse
3511 1866 3668 1921 prae-

401 1948 564 2004 situili
590 1944 980 2017 praedestinati
1011 1944 1275 2001 dicantur.
1307 1941 1459 1997 Sicut
1491 1942 1636 1997 enim
1672 1940 1852 1998 nullus
1885 1940 1987 1994 imo

396 2041 616 2111 piorum
646 2039 867 2110 eligitur
901 2037 967 2091 ad
1004 2036 1253 2107 gloriam,
1288 2036 1359 2089 ita
1386 2033 1571 2089 nullus
1598 2047 1789 2088 eorum
1827 2046 1988 2102 prae—

399 2130 706 2186 destinatur
727 2128 794 2182 ad
816 2142 1069 2197 poenam.
1095 2125 1561 2192 Quemadmodum
1602 2122 1802 2192 quippe
1836 2120 1986 2177 nullo

402 2220 562 2275 modo
588 2218 808 2274 excedit
856 2216 1050 2271 electio
1095 2229 1378 2270 numerum
1428 2212 1983 2283 praedestinatorum,

402 2310 477 2365 ita
502 2307 926 2380 praedestinatio
956 2305 1265 2361 nullomodo
1299 2303 1517 2361 excedit
1544 2317 1827 2361 numerum
1874 2301 1987 2357 cleo

406 2410 642 2456 ctorum.
1580 2444 1585 2447 .

481 2489 567 2543 lll.
595 2487 743 2542 Haec
765 2486 951 2542 eadem
984 2484 1195 2541 dicendi
1227 2483 1460 2553 species,
1491 2496 1596 2550 qua
1620 2480 1820 2537 dicitur
1843 2480 1988 2537 Deus

410 2576 848 2649 praedestiuasse
872 2573 1101 2644 injustos
1122 2571 1189 2625 ad
1213 2584 1413 2640 poenas
1434 2569 1516 2624 vel
1539 2583 1726 2623 eorum
1748 2578 1986 2638 peccata,

409 2667 691 2721 videretur
719 2675 867 2720 recte
894 2663 1066 2733 accipi
1094 2675 1273 2733 posse,
1303 2675 1368 2716 ac
1396 2661 1441 2714 si
1470 2659 1746 2715 diceretur
1768 2698 1785 2725 ,
1834 2674 1991 2728 prae-

409 2759 600 2814 sciisse
635 2758 777 2812 Deus
810 2757 1038 2828 injustos
1079 2762 1397 2825 peccatores
1436 2768 1558 2808 esse
1592 2752 1821 2817 futuros,
1862 2752 1992 2824 poe-

410 2864 618 2918 nasque
645 2862 923 2921 passuros,
939 2854 999 2899 ut
1017 2844 1473 2914 quemadmodum
1501 2844 1723 2899 scientia
1753 2858 1985 2912 semper,

411 2939 541 2992 dum
589 2938 764 3009 agitur
804 2939 870 2992 de
913 2936 1107 2991 electis
1133 2974 1148 3001 ,
1183 2935 1305 2991 loco
1329 2935 1833 3004 praedestinationis
1865 2946 1988 3007 apte

414 3028 716 3098 accipitur,
756 3027 829 3081 ita
866 3025 1321 3097 praedestinatio,
1366 3024 1788 3093 quotiescunque
1814 3025 1880 3079 de
1906 3039 1990 3080 re-

412 3118 602 3189 probis
646 3124 939 3181 tractatur,
1006 3130 1104 3186 pro
1159 3115 1518 3185 praescientia
1582 3116 1987 3183 eompensative

415 3205 737 3276 accipiatur,
767 3205 813 3259 si
844 3219 971 3259 vera
1003 3218 1108 3275 non
1135 3203 1399 3271 objiceret
1445 3202 1584 3258 ratio
1607 3242 1623 3267 ,
1671 3205 1987 3271 praescien-

416 3301 548 3353 tiam
578 3312 786 3361 eorum,
815 3311 954 3365 quae
978 3309 1082 3349 non
1105 3303 1253 3361 sunt,
1288 3294 1402 3349 ﬁeri
1430 3309 1534 3349 non
1566 3309 1745 3363 posse.
1784 3296 1863 3349 Ae
1886 3311 1983 3366 per

409 3392 514 3448 hoc
539 3390 728 3447 eodem
767 3389 926 3444 modo
956 3387 1153 3442 dicitur
1196 3388 1338 3441 Deus
1366 3388 1773 3456 praedestinare
1800 3404 1989 3458 quem-

409 3498 571 3555 quam
599 3482 669 3536 ad
695 3479 956 3551 supplicia
984 3493 1285 3548 poenarum
1314 3518 1329 3543 ,
1374 3492 1483 3549 quo
1523 3481 1690 3535 etiam
1724 3481 1990 3536 asseritur

410 3572 682 3642 praescius
704 3584 826 3625 esse
852 3577 1199 3638 peccatorum
1231 3586 1242 3621 :
1267 3567 1322 3621 in
1340 3575 1565 3631 tantum,
1598 3576 1660 3623 ut
1686 3584 1859 3639 paene
1880 3584 1988 3625 uno

409 3662 705 3731 eodemque
732 3670 890 3732 tropo
911 3661 1258 3732 praedicetur
1278 3661 1346 3716 de
1371 3676 1436 3716 eo
1460 3671 1810 3732 peccatorum
1833 3678 1990 3732 prae-

412 3755 659 3818 scientia,
684 3769 793 3824 quo
816 3763 875 3809 et
897 3753 1323 3824 praedestinatio
1352 3768 1541 3809 eorum
1582 3754 1649 3808 ad
1676 3761 1944 3809 tormenta
1969 3772 1984 3821 ;

410 3854 639 3913 excepto
664 3848 804 3914 quod
850 3847 1101 3901 usitatius
1131 3854 1295 3915 atque
1336 3844 1674 3916 frequentius
1717 3847 1772 3901 in
1819 3848 1990 3902 sacris

412 3935 735 4007 lectionibus
761 3937 1070 3992 inveniatur
1091 3936 1416 4006 praesciisse
1438 3977 1452 4000 ,
1492 3953 1659 4007 quam
1683 3939 1989 4008 praedesti-

415 4041 581 4082 nasse
607 4036 662 4081 et
691 4036 911 4096 peccata
944 4037 1010 4083 et
1051 4043 1285 4098 poenas.
1316 4027 1454 4084 Hinc
1482 4030 1596 4097 ipse
1618 4030 1949 4100 Augustinus
1970 4071 1987 4097 ,

413 4118 759 4173 acutissimus
794 4119 1011 4188 quidem
1038 4121 1286 4174 veritatis
1318 4129 1374 4175 et
1418 4121 1708 4191 inquisitor
1731 4132 1787 4177 et
1815 4137 1992 4178 asser.

412 4218 520 4270 tor,
550 4207 739 4262 talium
773 4209 932 4264 nobis
962 4208 1208 4279 exempla
1243 4209 1575 4266 locutionum
1596 4210 1649 4265 in
1673 4213 1787 4267 suis
1811 4226 1992 4266 exem-

412 4297 659 4380 plaribus
682 4297 989 4367 relinquere
1012 4300 1345 4369 procuravit,
1375 4300 1452 4354 uti
1486 4316 1585 4355 nos
1612 4302 1858 4371 accipere
1882 4316 1989 4355 non

410 4389 596 4456 pigeat
616 4389 677 4442 in
704 4390 1197 4459 praedestinatione
1233 4399 1397 4461 atque
1419 4393 1781 4461 praescientia
1809 4393 1988 4447 divina

410 4479 648 4533 eundem
672 4480 981 4536 omnimodo
1007 4482 1362 4546 intellectum,
1386 4484 1635 4552 quamvis
1657 4499 1762 4537 non
1786 4498 1988 4553 aequa-

409 4567 543 4621 liter
575 4569 887 4625 omnimodo
930 4585 1026 4627 eas
1073 4571 1412 4627 inveniamus
1449 4572 1506 4627 in
1546 4571 1843 4642 Scripturis
1881 4573 1990 4628 usi-

410 4666 578 4714 tatas.

480 4749 665 4806 anAe
676 4767 776 4822 per
793 4752 898 4808 hoc
916 4753 1278 4813 saluberrimo
1298 4754 1690 4826 verissimoqne
1712 4771 1872 4812 sensu
1900 4758 1993 4813 de-

409 4840 600 4896 bemus
613 4845 840 4906 sentire,
860 4846 1002 4913 quod
1030 4846 1144 4915 ipse
1170 4853 1426 4914 tanquam
1451 4862 1548 4900 nos
1563 4849 1858 4904 admonens
1872 4850 1947 4903 ait
1970 4869 1987 4903 :

417 4947 436 4978 ι
473 4928 664 4985 Omnis
691 4933 1119 5001 praetlestinatio
1144 4934 1525 5003 praescientia,
1550 4937 1644 4991 sed
1677 4952 1785 4991 non
1813 4939 1991 4993 omnis

408 5020 769 5087 praescientia
799 5016 1223 5091 praedestinatio
1243 5021 1271 5062 (ι
1298 5040 1342 5076 ι.
1369 5024 1446 5077 Ac
1473 5024 1517 5077 si
1554 5030 1739 5091 aperte
1764 5024 1989 5090 diceret,

407 5121 718 5176 quanquam
746 5110 1109 5178 praescientia
1136 5125 1243 5165 non
1275 5111 1624 5166 transcendat
1665 5110 1801 5166 ﬁnes
1828 5126 2007 5181 prae:

2086 1938 2373 1994 scientiam
2404 1977 2419 2003 ,
2464 1936 2611 1993 aliud
2661 1939 3241 2007 praedestinationem,
3298 1942 3393 1998 sed
3462 1957 3666 2005 unum,

2085 2028 2309 2098 quando
2331 2027 2491 2081 simul
2513 2041 2728 2096 semper
2762 2028 2816 2081 in
2843 2029 2948 2093 liis,
2979 2044 3120 2099 quae
3145 2030 3212 2085 ab
3236 2031 3315 2085 eis
3344 2032 3667 2098 vel-creata,

2087 2118 2175 2175 vel
2194 2120 2395 2182 donata
2424 2127 2575 2185 sunt,
2598 2120 2994 2191 intelliguntur,
3025 2121 3078 2175 in
3103 2121 3188 2176 bis
3210 2137 3358 2188 vero,
3387 2139 3529 2194 quae
3569 2140 3669 2179 nec

2084 2210 2523 2268 substantialiter
2547 2211 2621 2265 ab
2643 2212 2723 2266 eis
2751 2221 2995 2281 operata,
3026 2226 3129 2266 nec
3168 2211 3438 2283 largitatis
3476 2230 3665 2270 earum

2091 2303 2345 2359 thesauro
2371 2303 2593 2368 donata,
2625 2316 2720 2357 eas
2747 2317 2875 2357 vero
2911 2304 3102 2359 deesse
3125 2343 3141 2368 ,
3172 2305 3421 2372 quamvis
3448 2306 3670 2361 abusive

2087 2395 2340 2450 dicantur
2363 2395 2553 2449 adesse
2590 2394 2794 2462 passim
2830 2397 2849 2427 ³
2892 2395 3110 2464 quidem
3154 2395 3533 2463 praescientia,
3568 2410 3666 2466 per

2086 2486 2204 2543 loca
2249 2494 2430 2543 autem
2462 2488 2904 2558 praedestinatio,
2951 2487 3005 2542 in
3050 2495 3285 2554 tantum,
3308 2494 3369 2541 ut
3414 2495 3666 2557 tanquam

2089 2578 2301 2647 species
2338 2578 2392 2632 in
2436 2593 2634 2649 genere
2660 2594 2767 2633 una
2790 2577 3038 2633 videatur
3067 2578 3121 2632 in
3149 2578 3342 2644 altera,
3365 2578 3666 2648 praedestic

2088 2672 2240 2727 natio
2276 2671 2331 2726 in
2360 2672 2747 2742 praescientia.
3509 2719 3513 2723 .

2160 2762 2224 2817 γ.
2259 2760 2365 2816 Sed
2418 2762 2463 2815 si
2513 2776 2672 2830 quem
2721 2768 2966 2826 moveat,
3012 2761 3153 2830 quod
3193 2761 3397 2815 veritas
3443 2762 3671 2816 suadere

2088 2849 2363 2904 mentibus
2410 2849 2559 2903 sanis
2610 2865 2716 2903 non
2759 2857 2976 2913 cessat,
3017 2848 3184 2903 Deum
3222 2847 3476 2904 videlicet
3517 2863 3673 2917 prae-

2089 2939 2263 2993 scium
2295 2953 2533 3008 praeque
2561 2939 2583 2970 ³
2615 2939 3001 2993 destinatorem
3040 2937 3280 2991 omnium
3299 2977 3314 3002 ,
3346 2952 3487 3008 quae
3509 2938 3578 2992 ab
3607 2952 3672 2994 eo

2089 3039 2235 3092 sunt,
2253 3041 2397 3093 esse,
2419 3043 2606 3083 eorum
2630 3042 2778 3094 vero,
2797 3041 2937 3097 quae
2964 3026 3033 3083 ab
3054 3042 3119 3082 eo
3145 3040 3252 3081 non
3277 3036 3420 3093 sunt,
3446 3027 3674 3096 ideoque

2094 3117 2226 3173 nihil
2254 3119 2385 3182 sint,
2429 3134 2535 3173 non
2565 3132 2707 3185 esse,
2756 3119 2810 3173 in
2858 3134 2918 3174 se
2964 3119 3139 3189 ipsum
3170 3120 3377 3185 redeat,
3407 3118 3567 3174 altius
3591 3120 3671 3174 in-

2092 3211 2308 3276 tendat,
2352 3211 2525 3281 ipsam
2567 3212 2850 3265 veritatem
2888 3211 3137 3266 consulat
3167 3210 3213 3264 ³.
3252 3210 3309 3265 ln
3341 3226 3405 3266 ea
3439 3224 3674 3279 namque

2089 3301 2307 3358 luciﬂue
2349 3304 2553 3373 absque
2585 3302 2815 3374 caligine
2852 3303 3079 3374 refulget
3105 3303 3417 3373 praesciens
3442 3304 3671 3372 praede-

2089 3395 2327 3460 stinatio,
2358 3404 2413 3450 et
2449 3396 2808 3465 praescientia
2836 3395 3248 3467 praedestinans
3273 3396 3668 3460 essentialiter;

2089 3500 2222 3541 sane
2257 3486 2510 3555 quidem,
2546 3488 2763 3556 quando
2811 3488 2879 3541 de
2923 3488 3034 3543 Deo
3083 3486 3217 3541 nihil
3267 3487 3676 3543 accidentalitcr

2088 3575 2450 3642 praedicatur.
2487 3577 2768 3645 Quomodo
2795 3593 2923 3649 ergo
2956 3592 3169 3633 summa
3205 3579 3437 3654 essentia
3471 3579 3524 3632 in
3559 3578 3666 3642 his,

2089 3680 2229 3735 quae
2269 3666 2403 3721 nihil
2449 3676 2594 3733 sunt,
2631 3682 2753 3723 esse
2780 3666 2803 3699 ⁸
2829 3669 3133 3723 credenda?
3171 3668 3285 3738 Age
3307 3669 3451 3739 jam!
3489 3667 3546 3722 Si
3579 3668 3672 3722 Dei

2054 3827 2061 3831 >
2090 3757 2451 3826 praescientia
2496 3756 2641 3813 Deus
2667 3766 2768 3818 est.
2809 3759 3122 3814 necessario
3150 3757 3173 3789 '
3204 3766 3264 3812 et
3292 3760 3514 3814 veritas.
3560 3756 3674 3812 Hoc

2091 3846 2320 3901 dixerim
2341 3848 2408 3902 de
2434 3847 2946 3916 praedestinatione.
2979 3846 3036 3903 Si
3068 3859 3125 3903 et
3152 3849 3264 3918 ipsa
3296 3848 3457 3913 Deus,
3483 3849 3673 3917 procul

2091 3940 2252 3996 dubio
2292 3941 2518 3995 veritas.
2557 3959 2575 3991 ε
2606 3940 2818 3997 Veritas
2859 3950 3039 3996 autem
3065 3981 3079 4005 ,
3111 3948 3170 3994 ut
3200 3942 3278 3994 ait
3306 3940 3671 4010 Augustinus,

2091 4040 2317 4083 necesse
2345 4037 2432 4082 est
2460 4036 2521 4083 ut
2549 4030 2603 4083 in
2635 4028 2816 4098 aliquo
2844 4030 2948 4093 sit,
2976 4029 3080 4084 hoc
3107 4037 3193 4082 est
3214 4067 3228 4091 ,
3259 4028 3313 4081 in
3342 4029 3484 4082 veris
3514 4037 3675 4095 atque

2091 4119 2434 4174 manentibus
2456 4119 2615 4175 rebus
2633 4132 2714 4175 ο».
2745 4120 2978 4175 Proinde
2991 4120 3034 4173 si
3050 4118 3408 4188 praescientia
3438 4125 3494 4171 et
3519 4133 3675 4185 prac-

2091 4210 2384 4266 destinatio
2421 4210 2620 4265 veritas
2666 4217 2791 4265 sunt
2827 4227 2841 4263 :
2869 4209 3072 4264 veritas
3098 4216 3279 4262 autem
3310 4222 3561 4262 verorqu
3593 4219 3679 4265 est

2091 4303 2319 4368 veritas,
2353 4318 2495 4373 quae
2521 4303 2642 4358 ideo
2679 4318 2806 4358 vera
2832 4310 2980 4366 sunt,
3014 4302 3139 4372 quia
3167 4303 3235 4356 ab
3260 4316 3326 4356 eo
3350 4292 3489 4355 facta
3514 4310 3634 4355 sunt
3658 4321 3671 4355 :

2090 4395 2452 4465 praescientia
2499 4395 2662 4466 igitur
2696 4402 2751 4450 et
2787 4393 3211 4466 praedestinatio
3248 4408 3354 4447 non
3395 4399 3523 4447 sunt
3568 4391 3673 4445 nisi

2093 4502 2303 4553 eorum,
2349 4502 2489 4558 quae
2528 4503 2558 4541 a
2586 4487 2819 4543 veritate
2868 4485 3012 4540 facta
3044 4494 3190 4539 sunt.
3221 4483 3277 4538 Si
3304 4491 3674 4554 peccatorum,

2094 4586 2157 4631 ut
2180 4579 2394 4647 opinor,
2437 4593 2544 4633 non
2590 4587 2675 4633 est
2719 4578 2942 4640 veritas,
2974 4577 3247 4646 quomodo
3284 4582 3466 4645 potest
3486 4588 3675 4628 eorum

2093 4680 2213 4721 esse
2249 4668 2609 4737 praescientia
2651 4666 3246 4737 vel'praedestinatio?
3292 4666 3423 4720 Item
3476 4664 3519 4719 si
3575 4679 3673 4719 ne-

2094 4759 2330 4813 cessario
2359 4760 2413 4811 in
2444 4760 2590 4814 veris
2619 4761 2782 4815 rebus
2802 4768 2885 4817 est
2917 4760 3137 4824 veritas,
3170 4760 3231 4814 in-
3248 4759 3330 4814 eis
3359 4759 3523 4829 igitur
3550 4767 3676 4812 sunt

2092 4848 2454 4918 praescientia
2480 4858 2538 4905 et
2556 4851 3001 4922 praedestinatio.
3036 4851 3092 4906 Si
3123 4864 3284 4907 omne
3307 4889 3331 4916 ,
3354 4848 3495 4919 quod
3522 4858 3676 4902 natu-

2092 4937 2284 4993 raliter
2320 4948 2424 5006 est,
2455 4954 2522 4996 ex
2551 4943 2781 4997 veritate
2814 4957 2935 4997 esse
2977 4957 3198 4997 necesse
3247 4948 3358 5002 est;
3412 4936 3673 5008 quidquid

2098 5039 2227 5082 vero
2256 5029 2551 5085 secundum
2596 5039 2845 5085 naturam
2888 5045 2995 5085 non
3037 5030 3139 5094 sit,
3169 5030 3293 5098 quis
3319 5026 3576 5081 dubitarit
3605 5038 3673 5078 ex

2095 5119 2323 5175 veritate
2359 5136 2467 5177 non
2505 5136 2628 5180 esse
2659 5139 2674 5177 :
2700 5130 2980 5194 peccatum
3019 5130 3206 5177 contra
3247 5126 3497 5173 naturam
3544 5125 3670 5170 est.

1693 5221 1949 5278 VARIAE
1985 5202 2383 5288 LECTlONES.

478 5329 513 5413 ξ.
538 5327 677 5413 Cod:
703 5330 1006 5413 pasfmksic
1028 5346 1209 5401 saepe.
1266 5332 1315 5413 γ’
1353 5332 1445 5387 Sic
1471 5332 1588 5413 cod.
1623 5328 1774 5403 (ᾖα),
1812 5333 1881 5389 Μ.
1916 5338 2242 5410 priusquam.
2319 5344 2341 5375 ⁸
2379 5343 2470 5401 Sic
2500 5345 2595 5413 M.,
2626 5347 2747 5403 cod.
2785 5345 3035 5402 cumulet.
3107 5345 3129 5376 ⁸
3168 5343 3259 5399 Sic
3283 5342 3427 5408 cod.,
3462 5338 3531 5394 Μ.
3572 5342 3668 5389 88l-

405 5399 427 5429 '
458 5398 549 5452 Sic
578 5400 727 5464 cod.,
774 5400 842 5453 Μ.
887 5400 1028 5457 Deus
1058 5398 1162 5468 est,
1196 5412 1271 5457 est
1310 5398 1639 5458 necessario;

1920 5506 2166 5571 NOTAE.

477 5589 502 5616 ιι
544 5577 715 5632 Malllt
740 5570 933 5643 XXVI,
956 5580 1046 5634 50.

480 5648 506 5685 ¹³
540 5646 695 5703 Joan.
724 5648 841 5709 XV,
868 5651 955 5713 Η,
990 5651 1076 5704 15.

482 5730 502 5754 ε
540 5717 730 5772 Μηιιιι.
764 5718 948 5786 xxut,
977 5722 1030 5775 9.

2173 5586 2201 5626 ἀ
2232 5586 2516 5655 Augustin.
2547 5588 2610 5641 de
2642 5584 2910 5655 Prnedest.
2935 5595 3102 5640 sanet.
3130 5600 3181 5639 c.
3208 5584 3297 5641 10.

2180 5667 2203 5695 ε
2229 5654 2511 5726 Augustin.
2544 5658 2607 5708 de
2638 5672 2755 5710 vera
2788 5654 2956 5727 lielig.
2983 5670 3033 5710 c.
3061 5655 3152 5710 56.
