4194 6276
565 405 671 460 415

1938 388 2219 445 JOANNIS
2258 389 2450 446 SCOTI
2544 366 2547 369 ’

3715 392 3823 450 416

565 529 674 570 non
696 500 956 583 igitur-ex
989 500 1242 573 veritate,
1268 520 1332 560 ac
1359 504 1585 576 perime
1612 516 1713 559 nec
1734 517 1801 557 ex
1827 506 1946 572 ejus
1986 518 2142 572 prae—
2173 509 2221 565 Α
2316 503 2448 557 VIII.
2473 501 2585 557 Iloe
2627 511 2710 557 est
2734 501 3205 567 considerandum,
3241 510 3423 558 utrum
3450 504 3650 569 omnia,
3679 520 3820 576 quae

565 604 791 662 scientia
813 642 830 668 ,
860 615 960 655 nec
990 598 1502 667 praedestinatione.
1538 594 1866 664 Colligamus
1904 593 2143 648 breviter

566 699 635 751 de
666 691 925 764 peccatis.
980 688 1039 743 Si
1087 689 1290 742 veritas
1335 700 1585 742 verorum
1618 693 1730 750 est,
1781 700 1907 739 vera
1961 694 2141 737 autem

565 785 725 855 plane
757 796 864 835 non
905 778 1010 833 nisi
1066 772 1412 847 quaesunt,
1464 774 1823 845 praescieutia
1880 781 1936 828 et
1986 787 2143 842 prae-

563 871 852 929 destinatio
872 869 1051 924 divina
1075 866 1263 936 procul
1286 864 1450 920 dubio
1465 864 1667 918 veritas
1688 877 1958 917 verorum.
1977 862 2143 929 Igitur

564 970 786 1035 peccata
820 959 945 1030 quis
970 958 1211 1028 ambigat
1233 956 1368 1011 falsa
1398 970 1539 1018 esse,
1573 953 1678 1009 nisi
1722 955 1814 1023 qui
1838 954 2080 1024 ambigit,
2111 967 2143 1007 a

565 1055 797 1109 veritate
822 1067 927 1106 non
950 1048 1405 1105 csse.Conlicitur
1424 1061 1611 1100 eorum
1638 1060 1814 1114 neque
1842 1045 2145 1114 praescieri-

568 1145 719 1207 tiam,
748 1154 923 1210 neque
947 1136 1500 1210 praedestinationem
1528 1133 1646 1189 ﬁeri
1678 1148 1869 1202 posse,

640 1232 725 1288 γι.
762 1233 837 1295 De
866 1239 1087 1302 peccato
1116 1228 1453 1285 conclusum.
1503 1225 1795 1281 Videamus
1830 1224 1896 1278 de
1948 1238 2141 1294 poena,

564 1325 652 1379 vel
695 1322 960 1393 supplicio
1006 1319 1321 1383 interituve,
1353 1316 1435 1371 vel
1462 1315 1825 1384 qualicunque
1855 1313 2014 1367 modo
2050 1327 2145 1365 vo-

562 1414 678 1468 cari
704 1412 881 1483 possit
907 1410 1230 1465 universitas
1256 1407 1525 1470 miseriae,
1574 1418 1712 1474 quae
1731 1404 1877 1472 juste
1901 1403 2144 1472 sequitur

562 1514 872 1576 peccatum.
904 1501 1278 1557 Praediximus
1309 1498 1596 1566 siquidem,
1628 1495 1950 1550 auctoritate
1973 1493 2146 1564 patris

540 1594 853 1667 .Augustiui
914 1601 1163 1656 utentes,
1223 1589 1439 1646 divinae
1481 1583 1989 1657 praedestinationis
2037 1583 2145 1638 cle-

565 1686 769 1740 mentia
797 1683 1003 1738 nullum
1028 1679 1341 1750 praeparari
1371 1677 1440 1731 ad
1472 1682 1760 1739 tormenta,
1791 1687 2142 1744 quamquam,

562 1787 628 1832 ut
668 1776 970 1846 saepeiam
1016 1772 1330 1842 repetitum,
1376 1785 1438 1825 ea
1488 1769 1704 1824 dicatur
1736 1768 2144 1837 praedestinare

2243 593 2311 647 de
2336 602 2558 662 peccato
2601 593 2868 659 diximus,
2914 596 2979 648 de
3009 609 3180 663 poena
3209 593 3457 649 similiter
3493 596 3610 666 ejus
3637 597 3819 652 dicere

2242 682 2552 737 debeamus.
2586 682 2828 737 Diximus
2852 690 3052 747 autem,
3090 683 3270 737 omnia
3296 694 3513 753 peccata
3554 700 3662 740 non
3697 701 3818 742 esse

2243 789 2273 828 a
2299 772 2430 839 Deo,
2455 783 2602 830 recte
2623 774 2894 840 videlicet,
2925 774 3050 843 quia
3083 789 3188 829 non
3219 776 3511 831 secundum
3542 785 3816 845 naturam,

2243 866 2337 922 sed
2366 874 2556 921 contra
2586 878 2706 919 eam
2729 873 2873 919 sunt.
2898 863 3189 921 Audiamus
3215 865 3523 934 Apostolum
3549 883 3564 920 :
3588 866 3817 923 Aculeus

2243 965 2415 1009 autem
2442 956 2622 1009 mortis
2664 965 2934 1025 peccatum
2960 966 3005 1008 ε.
3033 953 3091 1009 Si
3121 970 3249 1026 ergo
3272 970 3337 1009 ex
3362 956 3566 1025 peccati
3593 956 3817 1012 vulnere

2241 1062 2391 1101 mors
2418 1047 2729 1101 necessario
2760 1045 2959 1110 evenit,
2990 1061 3057 1100 ex
3084 1057 3307 1115 peccato
3331 1046 3487 1117 plane
3514 1047 3618 1102 erit
3641 1063 3810 1113 mors,

2243 1151 2385 1206 quae
2425 1135 2669 1207 profecto
2710 1150 2882 1206 poena
2911 1138 3118 1206 peccati
3147 1145 3247 1191 est.
3295 1136 3374 1192 Ac
3398 1152 3495 1207 per
3515 1138 3640 1200 hoc,
3670 1140 3816 1196 unde

2242 1236 2554 1298 peccatum,
2597 1226 2723 1282 inde
2770 1243 2938 1283 mors.
3011 1225 3237 1282 Mortem
3286 1228 3532 1297 sequitur
3574 1228 3810 1283 miseria.
3862 1250 3869 1254 ·

2245 1314 2395 1369 Unde
2427 1314 2586 1385 igitur
2607 1329 2775 1381 mors,
2800 1314 2921 1371 inde
2945 1314 3183 1380 miseria,
3216 1330 3356 1385 quae
3382 1323 3468 1370 est
3496 1330 3666 1384 poena
3683 1356 3698 1380 ,
3728 1316 3815 1370 vel

2243 1404 2584 1473 supplicium.
2602 1403 2833 1460 Proinde
2853 1405 3113 1459 malorum
3125 1405 3366 1459 omnium
3383 1406 3645 1474 quaedam
3662 1405 3817 1475 quasi

2246 1494 2620 1564 inseparabilis
2645 1504 2833 1551 catena
2860 1511 3103 1551 connexa
3131 1505 3237 1557 est.
3260 1497 3340 1552 Ex
3365 1497 3521 1554 liberi
3553 1498 3816 1568 siquidem

2245 1585 2452 1639 arbitrii
2481 1598 2734 1655 perverso
2759 1585 3117 1657 culpabilique
3143 1595 3312 1652 motu,
3349 1589 3651 1644 deserentis
3674 1588 3818 1645 vide-

2244 1674 2373 1731 licet
2413 1691 2683 1731 summum
2732 1677 2954 1742 bonum,
3007 1677 3245 1744 hocest,
3290 1679 3458 1732 Deum
3487 1694 3673 1744 suum,
3708 1693 3819 1748 quo

2246 1762 2355 1819 frui
2398 1773 2617 1835 posset,
2664 1763 2866 1820 factum
2916 1774 2999 1821 est
3026 1775 3306 1836 peccatum
3337 1767 3695 1824 iuobedientis
3722 1783 3818 1823 su-

566 1844 1022 1937 impiosadipsa.
1059 1863 1159 1918 Ubi
1203 1862 1251 1926 ⁸,
1287 1869 1345 1914 ut
1374 1859 1680 1918 docuimus.
1724 1865 1816 1910 aut
1856 1871 1953 1927 per
1989 1854 2142 1911 simi—
2173 1844 2219 1903 Β
2247 1854 2486 1925 perbiae.
2511 1855 2796 1911 Peccatum
2818 1856 3047 1913 subinde
3062 1859 3349 1914 subsecuta
3373 1866 3459 1914 est
3483 1874 3653 1925 mors,
3675 1874 3821 1915 mor-

564 1954 846 2010 litudinem
890 1952 1314 2018 praedestinatio
1359 1964 1458 2019 pro
1496 1946 1856 2018 praescientia
1882 1942 2103 2015 ponitur
2125 1983 2141 2008 ,

565 2052 662 2099 aut
691 2058 787 2113 per
824 2044 970 2097 illum
1016 2052 1247 2110 tropum,
1291 2040 1383 2109 qui
1435 2038 1633 2094 dicitur
1666 2036 1952 2106 ὖπαὶλαγή,
1983 2048 2146 2104 quem

564 2146 855 2203 possumus
876 2132 1155 2185 nominare
1181 2126 1728 2190 subalternationem;
1770 2136 2006 2193 congrue
2027 2121 2146 2192 qui-

566 2222 712 2286 dem,
745 2220 1000 2290 quoniam
1030 2234 1134 2272 non
1159 2219 1346 2272 eodem
1372 2216 1564 2271 ordine
1587 2214 1752 2268 verba
1772 2210 2142 2283 proferuntur,

562 2323 675 2379 quo
700 2318 758 2363 et
783 2324 993 2363 sensus.
1013 2307 1177 2378 Cujus
1188 2305 1495 2375 exemplum
1527 2314 1682 2372 poeta
1712 2302 1891 2372 posuit
1919 2316 1934 2355 :
1973 2319 1992 2352 ι
2016 2301 2146 2357 dare

564 2399 830 2455 classibus
857 2399 878 2429 ³
900 2406 1114 2452 austros
1137 2416 1154 2449 ι
1182 2436 1198 2462 ,
1235 2397 1377 2466 quod
1410 2410 1441 2449 e
1469 2396 1681 2449 diverso
1705 2392 1991 2462 accipitur,
2018 2393 2146 2446 dare

560 2489 770 2545 classes
797 2488 1017 2542 austris.
1050 2486 1166 2541 Non
1202 2488 1270 2541 ab
1314 2502 1376 2541 re
1409 2485 1573 2556 igitur
1616 2498 1716 2554 per
1752 2484 1900 2539 hunc
1930 2490 2145 2551 tropum

563 2587 787 2650 possent
810 2581 1070 2633 autbores
1107 2578 1310 2642 dicere,
1342 2576 1778 2645 praedestinatos
1807 2588 1927 2629 esse
1954 2572 2146 2641 impios

563 2674 631 2726 ad
663 2685 913 2740 laeuam,
938 2686 1003 2726 ac
1030 2670 1075 2725 si
1104 2670 1369 2725 dixissent
1393 2682 1620 2739 poenam
1650 2666 1829 2736 impiis
1851 2664 2147 2734 praedesti-

560 2769 768 2815 natam.
806 2761 1069 2827 Possem,
1116 2760 1378 2829 inquam,
1430 2759 1476 2813 si
1521 2757 1661 2812 ratio
1697 2757 1899 2812 sineret
1926 2757 2144 2825 proprie

559 2852 923 2924 pronuntiari,
964 2867 1190 2921 poenam
1221 2852 1399 2921 impiis
1426 2866 1546 2905 esse
1585 2848 2060 2918 praedestinatam.
2085 2847 2140 2901 Si

558 2955 741 2998 autem
763 2945 950 3000 eodem
967 2944 1219 3014 loquendi
1248 2957 1463 3015 genere,
1491 2951 1549 2996 ut
1569 2940 1850 3008 sequentia
1876 2948 2145 2993 monstra-

559 3033 717 3101 bunt,
744 3036 998 3091 dicuntur
1026 3034 1174 3105 impii
1202 3031 1588 3103 praedesiittati
1613 3031 1681 3085 ad
1717 3030 1977 3100 supplicia
1998 3068 2013 3093 ,
2036 3042 2142 3096 quo

556 3126 725 3182 etiam
776 3127 1035 3197 supplicia
1086 3125 1486 3197 praedestinata
1547 3122 1768 3192 impiis,
1823 3120 2143 3188 relinquitur

2249 1954 2357 2001 tem
2381 1961 2677 2017 poenarum
2705 1948 2946 2014 miseria,
2974 1949 3042 2004 de
3069 1950 3266 2019 quibus
3294 1949 3546 2004 omnibus
3570 1950 3691 2018 quis
3716 1965 3819 2007 nos

2247 2037 2484 2093 liberare
2510 2040 2730 2110 potest?
2776 2038 2961 2093 Gratia
2998 2040 3095 2093 Dei
3124 2057 3218 2111 per
3255 2039 3439 2095 Iesum
3481 2038 3815 2095 Christum‘.

2244 2120 2338 2181 Illa
2363 2142 2461 2197 pro
2481 2136 2630 2184 certo
2656 2129 2724 2183 ab
2744 2128 2834 2184 illo
2855 2143 2960 2184 non
2988 2138 3137 2193 sunt,
3164 2128 3254 2200 qui
3282 2144 3379 2183 nos
3404 2130 3472 2183 ab
3495 2129 3574 2184 eis
3594 2129 3814 2185 liberat.

2242 2215 2304 2271 Si
2330 2219 2473 2273 enim
2521 2221 2591 2275 ab
2618 2219 2710 2274 illo
2738 2229 2952 2284 essent,
2999 2220 3144 2275 nullo
3189 2219 3468 2274 dubitante
3495 2234 3602 2274 non
3643 2219 3815 2284 mala,

2245 2307 2337 2362 sed
2368 2307 2508 2364 bona
2549 2316 2754 2364 essent.
2806 2308 3011 2379 Atqui'
3040 2308 3182 2364 mala
3209 2316 3352 2364 sunt.
3397 2308 3479 2363 Ab
3508 2309 3626 2378 ipso
3652 2309 3820 2377 igitur

2243 2401 2364 2457 ﬁeri
2394 2416 2498 2456 non
2523 2408 2769 2471 possunt.
2815 2402 2924 2455 Aut
2951 2402 3038 2456 cui
3063 2415 3169 2456 non
3196 2400 3354 2456 facile
3375 2409 3586 2470 pateat,
3614 2402 3682 2456 ab
3706 2416 3816 2456 una

2242 2492 2453 2561 origine
2493 2492 2641 2546 nasci
2667 2505 2773 2546 non
2819 2505 2980 2560 posse
3021 2491 3252 2547 invicem
3280 2491 3383 2546 sibi
3432 2491 3816 2546 adversantia?

2246 2581 2495 2637 Profecto
2518 2581 2738 2651 quidem
2786 2580 2929 2635 unde
2959 2580 3157 2635 bonum
3188 2580 3290 2645 sit,
3337 2580 3463 2634 inde
3487 2580 3683 2634 malum
3709 2595 3817 2635 non

2244 2674 2388 2740 erit;
2435 2674 2577 2729 unde
2607 2671 2916 2737 humilitas,
2964 2686 3072 2726 non
3101 2672 3222 2727 inde
3250 2672 3530 2741 superbia;
3572 2685 3638 2725 ex
3665 2669 3819 2725 fonte

2238 2765 2482 2836 justitiae
2503 2780 2776 2835 nunquam
2798 2772 2979 2819 manat
2994 2764 3266 2833 iniquitas;
3295 2778 3362 2818 ex
3384 2763 3527 2818 vitae
3550 2762 3816 2832 principio

2245 2872 2518 2928 nunquam
2551 2855 2794 2927 procedit
2831 2868 3008 2919 mors;
3042 2853 3316 2908 beatitudo
3361 2868 3467 2907 non
3516 2861 3602 2908 est
3648 2865 3814 2906 causa

2242 2948 2534 3012 miseriae;
2596 2954 2874 3016 postremo
2921 2958 3132 2999 summa
3186 2945 3421 2999 essentia
3465 2943 3614 2999 nullo
3657 2945 3818 2998 modo

2242 3035 2425 3102 elﬁcit,
2449 3052 2589 3106 quae
2619 3052 2724 3091 non
2756 3043 3419 3104 sunt:peccatum,mors,
3443 3048 3635 3104 poena,
3660 3033 3819 3101 justi-

2246 3126 2373 3191 tiae,
2400 3126 2566 3190 vitae,
2596 3123 2950 3179 beatitudinis
2978 3122 3224 3179 del‘ectus
3253 3130 3411 3179 sunt:
3439 3123 3508 3177 ab
3542 3137 3607 3177 eo
3634 3122 3816 3193 igitur,

561 3234 703 3275 unus
732 3220 820 3274 ille
850 3235 1012 3288 saepe
1037 3188 1315 3288 praefatus
1343 3216 1563 3277 modus,
1596 3214 1687 3283 qui
1713 3213 1913 3267 dicitur
1941 3211 2137 3278 entlty-
2169 3188 2212 3247 C
2246 3215 2336 3283 qui
2361 3188 2492 3279 Vest,
2542 3188 2647 3267 non
2680 3223 2833 3278 sunt;
2882 3228 2947 3267 ac
2973 3225 3072 3282 per
3100 3214 3223 3279 hoc,
3246 3212 3291 3268 si
3335 3211 3404 3266 ab
3429 3227 3496 3267 eo
3519 3226 3627 3267 non
3655 3188 3814 3275 sum,

559 3326 739 3365 mema
765 3312 809 3376 ³,
836 3312 1091 3380 quoniam
1140 3309 1229 3364 illa
1269 3307 1467 3361 mentis
1491 3304 1776 3374 conceptio
1806 3319 1837 3356 a
1865 3300 2140 3356 contrario

562 3414 779 3468 semper
815 3399 1130 3454 assumitur.

634 3488 745 3543 VII.
777 3488 913 3544 Hinc
956 3487 1114 3557 apte‘
1144 3504 1176 3542 a
1221 3483 1624 3548 Grammaticis,
1659 3490 1719 3537 ut
1744 3479 2138 3552 praediximus,

558 3591 785 3636 vocatur
812 3581 1228 3655 καταντίφρασις.
1262 3576 1432 3645 Cujus
1449 3574 1753 3644 exemplum
1786 3573 1839 3627 in
1885 3570 2143 3626 seculari-

560 3674 663 3729 bus
689 3669 1158 3733 litterisParcae,
1196 3669 1339 3739 quod
1374 3666 1504 3720 nulli
1536 3673 1777 3735 parcant,
1814 3661 1940 3715 item
1966 3660 2139 3722 lucus,

561 3764 704 3833 quod
736 3777 840 3817 non
872 3762 1070 3828 luceat,
1102 3771 1157 3816 et
1192 3758 1517 3828 ltujusmodi,
1548 3770 1688 3826 quae
1707 3753 2054 3810 Grammatiei
2087 3752 2139 3804 in

561 3855 791 3927 singulis
819 3862 1024 3924 ponunt
1056 3853 1252 3907 verbis.
1305 3852 1362 3906 In
1411 3846 1736 3903 dietionibus
1782 3860 1912 3899 vero
1953 3842 2140 3897 rheto-

561 3963 682 4004 rum
714 3946 922 4002 Marcus
943 3945 1149 4001 Tullius
1189 3959 1288 4015 pro
1328 3941 1544 4013 Ligario
1570 3957 1586 3994 :
1610 3959 1629 3991 ‹
1663 3938 1869 3992 Novum
1902 3936 2137 3999 crimen,

556 4038 697 4094 Cai‘
728 4038 929 4094 Caesar
948 4038 990 4091 ιι
1009 4037 1067 4091 In
1094 4035 1293 4091 divinis
1321 4047 1535 4104 quoque
1565 4030 1808 4101 apicibus
1835 4025 2140 4081 multoties‘

562 4128 701 4184 haec
723 4130 929 4199 species
948 4128 1067 4184 luce
1092 4128 1290 4183 clarior
1315 4123 1540 4179 arridet.
1574 4120 1860 4191 Apostolus
1888 4136 1905 4171 :
1933 4118 2139 4171 Donate

559 4221 687 4273 mihi
717 4221 851 4272 hanc
884 4219 1204 4288 injuriama,
1234 4224 1289 4272 et
1319 4216 1460 4284 quod
1486 4227 1647 4281 supra
1676 4209 1992 4278 posuimus:
2020 4205 2142 4259 Per-

559 4307 684 4365 dant
709 4302 1017 4379 sapientiam
1045 4309 1354 4378 sapientum,
1402 4311 1450 4358 et
1476 4301 1808 4373 prudentiam
1829 4296 2140 4366 prudentum

559 4400 843 4470 reprobabo
871 4399 921 4452 ι’.
983 4399 1048 4452 Ει
1093 4398 1350 4452 Dominus
1388 4395 1440 4448 in
1489 4389 1778 4460 Evangelio
1822 4387 1889 4442 de
1935 4385 2142 4440 Joanne

557 4487 799 4556 Baptista
825 4488 1045 4543 Judaeis
1076 4488 1153 4541 ait
1179 4504 1194 4541 :
1225 4484 1294 4539 Ut
1332 4484 1457 4555 quid
1480 4482 1660 4535 existis
1694 4480 1748 4533 in
1775 4478 2036 4531 desertum
2063 4477 2141 4530 vin

2246 3304 2368 3379 quis
2392 3307 2586 3361 audeat
2610 3304 2810 3369 dicere,
2844 3303 2898 3358 in
2929 3304 3009 3360 eis
3035 3302 3237 3372 aliquid
3261 3303 3426 3358 esse?

2310 3463 2400 3519 Ix.
2434 3463 2744 3530 Peractum,
2768 3463 2827 3518 ni
2846 3463 3024 3532 fallor,
3048 3471 3105 3519 et
3123 3471 3365 3534 peccata,
3392 3472 3449 3519 et
3474 3476 3816 3532 poenas,.nec

2242 3569 2272 3608 a
2294 3554 2417 3610 Deo
2442 3555 2559 3609 ﬁeri
2594 3570 2695 3611 nec
2728 3556 2801 3610 ab
2824 3570 2891 3610 eo
2915 3555 3211 3624 praesciri,
3248 3554 3330 3609 vel
3356 3552 3740 3625 praedestinari
3758 3555 3808 3605 ε.

2242 3644 2447 3699 Delicta
2467 3647 2605 3700 enim
2627 3646 2747 3717 quis
2766 3646 3010 3717 intelligit
3031 3647 3094 3700 hi
3131 3646 3239 3701 Sed
3268 3646 3409 3701 sicut
3438 3644 3687 3707 dicimus,
3715 3658 3815 3698 nos

2244 3738 2515 3807 praescire
2530 3739 2793 3793 tenebras
2816 3748 2940 3808 post
2986 3739 3116 3795 solis
3140 3752 3391 3793 occasum
3421 3752 3541 3793 esse
3569 3736 3775 3801 futuras
3795 3775 3813 3800 ,

2241 3839 2296 3884 et
2345 3828 2618 3884 silentium
2668 3839 2793 3898 post
2819 3829 3294 3893 acclamationem,
3346 3836 3404 3882 et
3430 3826 3818 3894 dolorem-post

2242 3917 2493 3973 sanitatis
2535 3915 2976 3982 abscessum°,et
3006 3917 3603 3984 tristitiam,postquam
3632 3923 3813 3968 trans—

2246 4008 2372 4063 ierit
2418 4007 2709 4077 gaudium,
2756 4017 2812 4062 et
2856 4008 3096 4063 laborem
3124 4014 3382 4076 pereunte
3412 4006 3611 4075 quiete,
3639 4004 3816 4059 stulti-

2243 4098 2373 4152 tiam
2422 4098 2630 4165 perdita
2661 4098 2960 4166 sapientia,
3009 4108 3298 4167 ceteraque
3340 4096 3394 4151 id
3436 4110 3628 4166 genus,
3678 4108 3817 4164 quae

2242 4189 2455 4253 omnia,
2508 4198 2567 4242 ut
2606 4188 2683 4242 ait
2724 4189 3077 4260 Augustinus,
3110 4208 3129 4239 ‹
3161 4186 3454 4242 nesciendo
3495 4187 3741 4245 sciuntur
3765 4203 3813 4249 ι,

2248 4295 2506 4350 «quorum
2535 4280 2746 4335 inscitia
2770 4293 2958 4335 eorum
2981 4289 3067 4334 est
3092 4278 3320 4335 scientia
3341 4277 3355 4317 ί
3374 4298 3420 4330 ι.
3439 4275 3532 4333 Sic
3561 4276 3814 4331 nimirum

2244 4380 2430 4427 sancta
2482 4372 2777 4428 auctoritas
2805 4372 2974 4427 Deum
3005 4372 3201 4426 asserit
3222 4369 3307 4426 vel
3341 4368 3692 4438 praeseiisse,
3730 4362 3817 4418 vel

2242 4463 2679 4533 praedestinasse
2688 4473 2930 4532 peccata,
2948 4462 3030 4517 vel
3043 4475 3407 4532 poenas,quae
3421 4473 3522 4513 nec
3534 4455 3814 4527 praesciri,

560 4541 720 4629 ξιέξερ
1126 4577 1286 4630 ven“,
1329 4541 1582 4642 a'gnamm
1614 4570 1683 4623 εγ
1713 4569 1843 4623 “om
1875 4566 2138 4635 proditori
2168 4541 2217 4598 Ῐ)
2245 4556 2744 4626 necpraedestinari
2778 4564 3022 4625 possunt.
3049 4553 3164 4609 Non
3185 4553 3326 4608 enim
3344 4552 3396 4605 in
3410 4548 3819 4604 deﬁnitionibus

560 4678 661 4718 suo
687 4679 702 4716 :
731 4662 928 4728 Amice,
973 4664 1043 4717 ad
1063 4666 1188 4732 quid
1215 4664 1394 4717 venisti
1424 4662 1476 4726 ἀ,
1501 4670 1555 4717 et
1585 4668 1786 4722 cetera,
1810 4671 1951 4727 quae
1978 4657 2050 4721 ei,
2080 4665 2140 4711 ut

561 4752 1118 4823 praediximus,quasi
1144 4751 1481 4821 Apostolicae
1507 4752 1713 4819 gratiae
1740 4747 1978 4803 consorti
1997 4748 2137 4801 dicta

560 4851 707 4897 sunt.
733 4842 1021 4912 Exemplo'
1051 4843 1187 4897 haec
1215 4839 1504 4896 sullieiunt.
1534 4840 1842 4894 Redeamus
1858 4839 1922 4892 ad
1941 4851 2136 4907 propo-

559 4933 744 4989 situm.

2238 4647 2537 4702 formarum
2566 4648 2715 4713 sciri,
2743 4647 2836 4701 sed
2864 4648 2919 4701 in
2951 4643 3246 4700 defectibus
3275 4655 3458 4695 earum
3486 4639 3684 4692 nesciri
3712 4653 3816 4691 no-

2241 4749 2483 4794 scuntur.
2519 4740 2657 4804 Quid
2686 4739 2868 4793 enim?
2891 4737 3142 4806 Nunquid
3170 4734 3314 4787 aliud
3346 4730 3614 4799 signiﬁcat
3638 4728 3772 4782 nihil
3796 4768 3811 4791 ,

2241 4833 2342 4886 nisi
2390 4832 2663 4885 notionem
2710 4829 2997 4897 cegitantis
3036 4824 3301 4880 defectum
3330 4820 3620 4876 essentiae.
3673 4817 3811 4883 Quid

2239 4921 2548 4992 signiﬁcant
2593 4919 2872 4982 tenebrae,
2926 4916 3008 4971 vel
3037 4913 3345 4977 silentium,
3394 4908 3496 4964 nisi
3537 4907 3813 4962 notionem

1839 5039 2094 5095 VARIAE
2133 5036 2530 5092 LECTIONES.

634 5156 651 5187 ⁸
694 5151 793 5208 Ubi
819 5166 926 5206 om.
954 5147 1026 5204 Μ.
1101 5146 1272 5202 ’Cod.
1304 5145 1549 5207 clasibtts.
1579 5147 1657 5202 sic
1678 5163 1906 5217 semper.
1986 5148 2153 5202 'tjod.
2178 5150 2473 5202 entimema.
2551 5148 2574 5180 ⁸
2605 5147 2697 5203 Sic
2721 5146 2815 5211 M.,
2848 5143 3177 5213 cod.aperte.
3256 5138 3426 5193 “Cod.
3459 5155 3567 5209 gat.
3644 5139 3806 5194 “Coti.

558 5225 877 5281 multotiens.
952 5222 973 5254 "
1014 5218 1105 5275 Sic
1128 5217 1247 5273 rod.
1324 5219 1346 5250 ⁸
1384 5218 1475 5272 Sic
1507 5219 1601 5285 M.,
1632 5219 1753 5272 cod.
1785 5229 1873 5273 aut
1899 5219 2007 5289 qui.
2082 5222 2103 5253 ’
2140 5218 2271 5273 Cod.
2300 5220 2590 5273 abscesum.

628 5439 657 5470 ι
693 5428 757 5483 ll.
789 5426 916 5482 Cor.
945 5422 1058 5483 XII,
1087 5420 1173 5477 15.

627 5497 659 5537 δ
695 5497 862 5551 lCor.
892 5495 934 5558 l,
959 5495 1046 5547 l9.

633 5574 658 5604 α
696 5564 883 5617 Matth.
910 5563 1001 5619 XI.
1030 5562 1082 5615 7.

624 5631 651 5672 δ
694 5631 884 5685 Matth.
912 5630 1102 5692 XXVI,
1130 5629 1220 5685 50.

631 5711 658 5741 ο
693 5699 992 5760 lCor.XV,
1020 5700 1109 5752 52.

636 5769 658 5809 ί
699 5768 859 5823 Rom.
892 5767 1002 5831 VII,
1034 5768 1123 5820 25.

2063 5326 2315 5383 NOTAE.

2309 5419 2717 5473 BFaIsissimum
2736 5417 2789 5470 id
2811 5417 3052 5485 quidem.
3086 5414 3219 5469 Nam
3247 5420 3467 5484 peccata
3500 5410 3809 5481 praesciun-

2237 5499 2344 5552 tur,
2371 5491 2462 5542 sed
2497 5504 2601 5543 non
2628 5487 3121 5556 praetlestinantur,
3148 5500 3351 5553 poenae
3385 5497 3513 5536 vero
3539 5491 3595 5556 et
3626 5495 3811 5547 pracs-

2235 5551 2475 5624 ciuntur,
2516 5568 2571 5613 et
2601 5551 2908 5626 justissima
2938 5557 3031 5611 Dei
3062 5551 3266 5623 judicio
3284 5551 3550 5624 peccaturi
3580 5564 3809 5621 praepa-

2238 5638 2447 5683 rantur.

2306 5698 2333 5737 ιι
2375 5696 2516 5750 Psal.
2546 5695 2726 5755 XVIII,
2760 5696 2844 5749 15.

2315 5778 2333 5807 ι
2374 5766 2655 5836 Αιιειιςιίη.
2686 5752 2749 5818 de
2779 5764 2932 5818 cna.
2966 5763 3085 5830 Dei,
3115 5752 3227 5827 xu,
3256 5761 3308 5815 7.
