4194 6276
394 341 494 394 ιη

1476 331 1677 386 LIBER
1717 327 1806 381 DE
1839 327 2544 389 PRAEDESTINATIONE.

3528 335 3636 395 H8

398 445 722 518 cogitantis,
770 443 1036 498 defectum
1061 441 1364 498 essentiae?
1393 441 1528 508 Quid
1565 441 1868 513 significant
1895 451 1974 498 te-
1999 449 2046 508 Α
2079 445 2341 510 diximus,
2367 461 2475 503 non
2503 447 2764 502 haberent
2792 446 2845 501 in
2871 462 2968 502 sua
2997 446 3256 504 memoria
3277 486 3290 509 ,
3327 447 3372 505 si
3399 461 3504 502 non
3535 449 3636 502 ali-

400 539 602 590 nebrae
652 534 736 589 vel
789 531 1094 594 silentium,
1145 532 1248 584 nisi
1309 532 1581 585 notionem
1613 533 1899 600 cogitantis
1927 542 1969 596 ι,

398 627 483 681 vel
517 625 708 690 lucem,
747 623 829 678 vel
859 637 1045 677 vocem
1077 623 1300 675 deesse?
1330 620 1460 676 Cum
1491 622 1642 688 dico,
1670 621 1784 676 sole
1814 637 1974 691 super

401 726 572 769 terras
616 712 870 767 rutilante
907 711 1018 766 scio
1057 711 1306 765 tenebras
1333 724 1451 765 esse
1493 712 1592 766 sub
1638 713 1830 775 terris,
1865 727 1972 766 non

399 804 539 858 aliud
565 802 802 874 signiﬁca
811 817 868 856 re
883 800 1024 864 volo,
1041 801 1143 853 nisi
1167 800 1337 854 lucem
1361 814 1524 868 super
1539 808 1708 854 terras
1721 801 1912 853 adesse
1929 800 1974 863 ’,

394 894 495 948 sub
517 892 675 946 terris
695 905 823 944 vero
844 890 1054 943 abesse.
1073 888 1341 956 Quidquid
1368 889 1556 941 horum
1581 888 1765 942 dixero
1781 887 1833 940 in
1859 887 1974 940 ani-

392 995 482 1034 mo
503 994 659 1054 meo,
682 979 748 1033 de
787 977 902 1033 sole
933 977 1258 1046 imaginatur
1277 976 1445 1030 notio.
1476 974 1602 1030 Sive
1627 976 1769 1030 enim
1799 975 1877 1029 sol
1905 976 1976 1029 sit

392 1083 674 1138 praesens,
704 1066 820 1121 sive
859 1067 1087 1128 absens,
1119 1078 1333 1132 semper
1365 1063 1469 1117 erit
1507 1061 1622 1130 ejus
1663 1062 1974 1132 imaginatio

394 1175 658 1231 praesens
675 1160 726 1212 in
745 1157 1008 1212 memoria
1025 1174 1039 1220 ;
1063 1170 1205 1224 quae
1222 1155 1434 1224 quidem
1462 1154 1572 1208 sole
1585 1161 1870 1222 praesente
1883 1169 1974 1207 no-

398 1264 523 1302 men
547 1249 710 1311 lucis,
727 1247 950 1301 absente
963 1247 1302 1300 tenebrarum
1319 1244 1525 1312 recipit.
1543 1244 1656 1299 Hoc
1676 1245 1816 1307 dico,
1833 1245 1977 1298 notio

400 1336 706 1406 praesentis
735 1334 825 1387 lux
865 1333 1205 1397 nominatur,
1248 1333 1393 1386 notio
1429 1333 1664 1386 absentis
1702 1331 1973 1386 tenebrae.

476 1424 544 1478 Χ.
578 1423 723 1478 Haec
751 1437 880 1492 ergo
908 1430 961 1475 et
989 1419 1291 1489 hujusmodi
1335 1421 1484 1490 signa
1515 1435 1618 1473 non
1648 1421 1748 1474 nisi
1773 1435 1976 1485 rerum,

402 1528 544 1585 quae
585 1513 765 1574 sunt',
801 1512 1072 1566 notionem
1107 1510 1383 1565 absentiae
1406 1519 1505 1563 aut
1532 1509 1768 1565 defectus
1795 1519 1977 1564 osten-

406 1608 562 1658 dunt.
599 1603 830 1657 Proinde
880 1603 970 1670 qui
1006 1601 1166 1665 dolet,
1205 1602 1333 1670 quid
1362 1602 1486 1664 scit,
1536 1601 1638 1655 nisi
1670 1601 1858 1656 abesse
1895 1616 1980 1656 sa-

402 1695 630 1748 nitatem
651 1695 673 1746 ?
693 1693 934 1747 Dolendo
959 1692 1126 1764 igitur
1155 1707 1258 1746 non
1290 1691 1461 1760 ipsum
1490 1691 1748 1755 dolorem,
1777 1690 1870 1746 sed
1899 1691 1979 1759 ip-

2071 551 2175 603 qua
2215 534 2330 603 ejus
2360 536 2583 592 scientia
2614 537 2765 590 fieret
2812 538 2864 591 in
2907 551 3006 590 sua
3031 545 3245 595 natura.
3273 535 3429 593 Sicut
3453 547 3636 592 autem

2072 623 2249 678 nullus
2275 632 2424 679 extra
2455 640 2514 680 se
2533 624 2776 679 veritatis
2801 625 2961 680 habet
2991 624 3285 689 notionem,
3330 624 3404 678 ita
3431 633 3486 679 et
3521 623 3641 694 ejus

2072 711 2373 765 scientiam.
2420 711 2633 767 Veritas
2679 722 2762 767 est
2807 714 3053 769 felicitas.
3105 712 3289 767 Nullus
3315 728 3444 783 ergo
3481 723 3637 779 extra

2073 807 2326 852 naturam
2355 813 2505 852 suam
2536 798 2806 854 felicitatis
2851 809 2904 854 et
2944 800 3218 854 notionem
3267 809 3324 854 et
3351 802 3636 855 scientiam

2073 885 2355 939 habiturus
2381 886 2469 939 sit.
2501 885 2558 938 ln
2585 886 2902 939 miserorum
2945 888 3126 956 itaque
3152 895 3338 942 natura
3369 889 3473 942 erit
3497 889 3638 944 veri-

2075 982 2174 1026 tas.
2224 973 2338 1026 Erit
2383 974 2546 1043 igitur
2591 973 2840 1027 felicitas.
2895 974 2991 1028 Ast
3015 976 3283 1043 quomodo
3331 976 3418 1030 illa
3444 986 3637 1031 natura

2073 1061 2268 1115 misera
2310 1063 2444 1127 erit,
2495 1063 2578 1116 cui
2629 1063 2857 1116 felicitas
2898 1063 3085 1127 inerit,
3119 1079 3254 1133 quae
3279 1075 3364 1120 est
3393 1066 3638 1121 veritas?

2074 1149 2247 1216 Quid?
2275 1149 2330 1204 Si
2352 1150 2492 1204 nulla
2511 1159 2699 1204 natura
2723 1149 2884 1206 fuerit
2898 1152 3108 1220 punita,
3134 1153 3371 1221 nunquid
3400 1155 3505 1209 erit
3532 1155 3638 1208 mi-

2075 1242 2230 1296 sera?
2257 1240 2372 1295 Non
2401 1243 2574 1296 video.
2607 1241 2722 1308 Qua
2749 1243 2891 1296 enim
2922 1258 3081 1296 causa
3110 1244 3286 1313 aliqua
3312 1253 3503 1298 natura
3533 1245 3639 1298 erit

2075 1331 2307 1394 misera,
2355 1331 2456 1384 nisi
2507 1332 2668 1385 fuerit
2712 1332 2933 1400 punita?
2978 1333 3160 1401 Itaque
3195 1335 3239 1388 si
3271 1334 3413 1388 nulla
3451 1345 3644 1390 natura

2075 1418 2254 1488 puniri
2282 1427 2477 1488 potest.
2506 1420 2655 1474 nulla
2682 1430 2872 1474 natura
2911 1422 3105 1476 misera
3132 1424 3252 1476 erit.
3305 1423 3436 1489 Quis
3462 1433 3644 1478 autem

2078 1521 2184 1560 non
2215 1507 2525 1572 crediderit,
2554 1524 2764 1564 onmem
2791 1518 3035 1564 naturam
3067 1521 3159 1565 aut
3188 1512 3353 1566 Deum
3381 1528 3522 1578 esse,
3549 1525 3644 1570 aut

2079 1610 2149 1649 ao
2189 1612 2253 1650 eo
2292 1597 2530 1651 factam?
2579 1597 2832 1652 Naturam
2874 1602 3188 1655 creatricem
3236 1603 3484 1658 miseriae
3523 1618 3644 1660 esse

2079 1699 2352 1753 capacem,
2380 1685 2839 1740 dementissimum
2861 1697 2943 1743 est
2970 1691 3248 1758 suspicari.
3279 1691 3524 1746 Creatrix
3550 1709 3642 1747 au-

402 1801 518 1839 sam
557 1785 844 1839 sanitatem
876 1783 1044 1847 novit,
1079 1797 1239 1851 quam
1270 1782 1507 1852 profecto
1557 1797 1662 1836 non
1695 1790 1897 1845 nosset,
1927 1780 1972 1834 si
2004 1777 2047 1835 Β
2079 1784 2186 1830 tem
2217 1785 2407 1829 natura
2439 1776 2579 1844 quali
2599 1777 2810 1846 justitia
2840 1780 3091 1847 punitura
3125 1781 3194 1835 sit
3222 1790 3476 1848 naturas,
3507 1799 3644 1853 quas

399 1873 468 1925 de
501 1871 586 1924 illa
636 1870 912 1925 notionem
942 1870 1210 1940 quandam
1237 1884 1343 1924 non
1386 1869 1630 1924 haberet.
1659 1868 1980 1924 Recordatio

400 1964 598 2032 quippe
622 1960 867 2016 sanitatis
913 1961 968 2016 in
1015 1961 1263 2015 sensibus
1302 1969 1574 2024 remanet,
1623 1959 1737 2028 ipsa
1767 1974 1896 2013 vero
1929 1961 1979 2013 in

406 2057 496 2110 illa
545 2054 878 2118 substantia,
925 2068 1086 2123 quam
1132 2053 1276 2107 Deus
1317 2053 1560 2116 creavit,
1603 2053 1820 2108 residet.
1863 2052 1979 2107 Non

404 2148 550 2202 enim
580 2145 806 2201 Creator
832 2145 1006 2214 punit,
1021 2158 1160 2214 quae
1179 2143 1485 2208 fecitnnec
1509 2143 1581 2196 ab
1603 2142 1683 2196 eis
1713 2143 1979 2196 naturalia

404 2253 629 2292 munera
672 2237 828 2291 tollit.
864 2235 998 2289 Nam
1033 2237 1078 2290 si
1110 2235 1162 2289 in
1209 2235 1323 2304 ipsa
1354 2243 1547 2288 natura
1585 2233 1816 2288 dolentis
1846 2248 1980 2303 quo.

408 2329 692 2383 dammodo
717 2329 925 2383 sanitas
969 2341 1077 2382 non
1105 2327 1332 2388 inesset,
1373 2340 1492 2379 eam
1521 2326 1736 2396 penitus
1762 2325 1980 2395 ignora-

411 2426 521 2481 ret,
559 2432 731 2484 neque
758 2417 827 2470 ab
852 2416 968 2486 ejus
993 2415 1200 2469 occulta
1228 2415 1452 2469 scientia
1479 2414 1741 2468 memoria
1767 2415 1979 2483 patien-

413 2508 485 2560 tis
549 2508 716 2576 ipsius
759 2507 1058 2561 absentiam
1106 2506 1129 2538 ⁵
1177 2506 1517 2569 formaretur,
1585 2522 1758 2575 neque
1797 2519 1980 2561 amore

407 2598 749 2667 praesentiae
768 2597 884 2667 ejus
905 2606 1259 2666 torqueretur.
1282 2596 1435 2650 Nulla
1459 2594 1720 2664 siquidem
1741 2596 1976 2650 rationa-

410 2688 476 2742 lis
503 2697 696 2742 natura
727 2699 839 2751 est,
869 2702 1011 2757 quae
1044 2702 1151 2742 non
1183 2687 1310 2742 velit
1356 2686 1539 2755 fugere
1575 2687 1876 2751 miseriam,
1927 2695 1980 2740 et

403 2779 691 2848 pervenire
718 2780 784 2832 ad
825 2778 1246 2843 beatitudinem,
1292 2786 1385 2832 aut
1409 2785 1623 2849 gustata
1652 2776 1978 2833 beatitudine

409 2868 539 2923 velit
569 2868 821 2923 recedere
874 2867 1214 2936 miseraque“
1241 2882 1379 2923 esse.

905 2956 1305 3013 CAPITULUM
1341 2957 1478 3012 XVI.

412 3051 495 3104 De
541 3067 602 3104 eo
649 3049 785 3118 quod
815 3048 962 3102 nulla
1012 3060 1203 3102 natura
1249 3058 1490 3102 naturam
1526 3049 1706 3116 punit,
1752 3058 1802 3102 et
1849 3049 1978 3102 nihil

2085 1863 2200 1931 ipsa
2230 1863 2455 1928 creavit,
2486 1879 2590 1917 non
2641 1865 2876 1920 invenio.
2927 1866 3081 1922 Nulla
3112 1869 3305 1924 dehinc
3327 1880 3524 1926 natura
3552 1887 3652 1943 pu-

2085 1960 2283 2014 nietur,
2313 1966 2416 2004 non
2437 1951 2624 2019 punita
2663 1968 2766 2006 non
2798 1953 2903 2007 erit
2927 1955 3144 2010 misera.

2109 2043 2116 2052 ”
2145 2041 2216 2103 Al.
2255 2039 2358 2095 Sed
2390 2042 2432 2096 si
2461 2042 2580 2110 quis
2609 2041 2746 2096 forte
2772 2043 2897 2098 huic
2924 2045 3116 2099 rationi
3142 2047 3434 2102 concedere
3458 2049 3647 2105 nolue-

2082 2131 2188 2195 rit,
2234 2132 2606 2186 auctoritatem
2643 2133 2819 2202 patris
2856 2133 3158 2202 Augustini,
3203 2145 3260 2190 ut
3291 2137 3512 2206 opinor,
3543 2154 3650 2196 non

2086 2217 2358 2283 refutabit,
2405 2219 2492 2288 qui
2535 2220 2586 2273 in
2615 2221 2893 2276 undecimo
2924 2223 3220 2278 Exemeron
3254 2224 3388 2278 libro
3417 2226 3501 2281 his
3530 2243 3650 2283 ver-

2082 2308 2169 2363 bis
2195 2310 2544 2378 pronuntiare
2575 2325 2676 2364 non
2713 2312 2921 2367 dubitat
2947 2330 2959 2366 :
2990 2330 3010 2363 ς
3050 2313 3280 2369 Cuilibet
3305 2318 3563 2383 occurrit,
3594 2329 3652 2374 et

2083 2413 2270 2452 verum
2299 2407 2380 2454 est
2405 2408 2564 2470 atque
2591 2401 2951 2465 manifestum,
2979 2403 3217 2472 justitiae
3246 2406 3343 2474 ipsi
3365 2422 3485 2464 esse
3513 2424 3646 2464 con-

2085 2488 2309 2541 trarium
2328 2529 2341 2552 ,
2386 2499 2445 2542 ut
2473 2489 2618 2544 nullo
2639 2493 2992 2560 praecedente
3039 2496 3230 2549 merito
3262 2497 3362 2552 hoc
3391 2499 3563 2567 ipsum
3591 2501 3645 2555 in

2085 2593 2304 2646 quoque
2336 2587 2356 2616 δ
2379 2578 2520 2634 Deus
2559 2580 2805 2646 damnet,
2830 2582 2971 2651 quod
3000 2582 3052 2636 in
3095 2599 3159 2637 eo
3190 2584 3302 2652 ipse
3349 2579 3645 2652 creaverit,

2082 2675 2342 2736 certaque
2390 2677 2446 2721 et
2492 2669 2710 2723 evidens
2739 2671 3010 2725 damnatio
3037 2673 3232 2728 diaboli
3263 2684 3316 2728 et
3339 2677 3650 2746 angelorum

2080 2754 2200 2822 ejus
2227 2769 2290 2810 ex
2329 2756 2615 2826 Evangelio
2648 2757 2920 2820 recitetur,
2953 2760 3042 2814 ubi
3070 2775 3128 2814 se
3156 2761 3424 2816 dicturum
3473 2764 3652 2817 Domi-

2079 2862 2186 2900 nus
2209 2847 2613 2914 pronuntiavit'
2654 2848 2762 2910 eis,
2809 2848 2900 2916 qui
2932 2864 2960 2900 a
2991 2849 3223 2903 sinistris
3251 2860 3377 2904 sunt
3413 2869 3425 2904 :
3471 2852 3554 2905 Ite
3594 2855 3649 2906 in

2079 2933 2253 3003 ignem
2271 2944 2554 2998 aeternum,
2571 2936 2658 3004 qui
2680 2946 3020 3004 praeparatus
3046 2947 3118 2990 est
3148 2938 3354 2992 diabolo
3380 2949 3427 2992 et
3451 2941 3649 3010 angelis

2080 3036 2197 3094 ejus
2215 3025 2261 3078 τι.
2281 3025 2434 3080 Nullo
2452 3027 2607 3080 modo
2630 3027 2679 3080 in
2701 3042 2766 3082 eo
2791 3036 3060 3093 naturam,
3078 3043 3236 3098 quam
3261 3031 3404 3086 Deus
3423 3033 3649 3098 creavit,

452 3119 600 3172 aliud
622 3115 731 3172 esse
753 3135 943 3187 poenas
968 3128 1311 3186 peccatorum,
1344 3118 1443 3170 nisi
1462 3115 1670 3186 peccata
1691 3133 1868 3171 eorum
1885 3118 1933 3170 ι).
2001 3120 2045 3181 C
2077 3115 2176 3170 sed
2206 3115 2398 3170 malam
2425 3119 2696 3187 propriam
2735 3118 3062 3174 voluntatem
3091 3137 3262 3191 poena
3298 3122 3434 3193 ignis
3471 3137 3652 3179 aeter-

485 3210 527 3262 1.
552 3210 607 3262 In
640 3224 832 3278 magno
859 3209 1042 3276 itaque
1070 3208 1270 3262 aeterni
1302 3207 1438 3277 ignis
1466 3209 1658 3262 ardore
1688 3207 1820 3261 nihil
1840 3208 1984 3262 aliud

413 3301 486 3352 sit
508 3297 747 3366 poenalis
783 3285 1020 3359 miseria,
1060 3311 1220 3364 quam
1263 3295 1450 3350 beatae
1483 3293 1756 3350 felicitatis
1787 3296 1981 3350 absen-

406 3389 484 3441 tia
505 3399 548 3440 θ.
585 3387 643 3440 In
674 3403 776 3456 qua
810 3396 986 3441 tamen
1015 3385 1191 3438 nullus
1219 3385 1339 3447 erit,
1372 3385 1463 3454 qui
1490 3399 1595 3439 non
1626 3385 1824 3439 habeat
1851 3385 1985 3439 insi-

410 3488 520 3530 tam
551 3477 653 3532 sibi
690 3475 1009 3530 naturaliter
1037 3475 1278 3528 absentis
1332 3474 1684 3529 beatitudinis
1710 3475 1982 3529 notionem

413 3567 631 3635 ejusque
655 3565 980 3620 desiderium
999 3605 1014 3630 ,
1065 3573 1125 3618 ut
1149 3578 1214 3618 eo
1249 3564 1483 3618 maxime
1512 3572 1846 3634 torqueatur,
1876 3580 1984 3634 quo

417 3656 672 3711 ardenter
697 3663 952 3725 appetat,
998 3655 1136 3724 quod
1171 3652 1376 3722 justum
1408 3654 1500 3708 Dei
1539 3653 1802 3722 judicium
1832 3671 1982 3710 com-

412 3745 750 3814 prehendere
777 3759 882 3798 nen
910 3744 1071 3796 sinat.
1121 3743 1221 3810 Qui
1250 3741 1599 3812 proculdubio
1635 3743 1902 3812 appetitus
1931 3743 1983 3797 in

416 3834 618 3888 misero
649 3849 751 3887 non
787 3841 951 3896 esset,
979 3833 1024 3885 si
1053 3832 1286 3900 penitus,
1333 3832 1475 3901 quod
1503 3832 1724 3900 appetit,
1758 3847 1865 3886 non
1889 3834 1987 3889 ha-

414 3921 589 3975 beret.
638 3920 1008 3976 Occultissimo
1063 3920 1243 3988 itaque
1290 3920 1681 3991 verissimoque
1724 3921 1884 3978 modo
1930 3926 1984 3980 in

415 4013 833 4082 profundissima
877 4012 1264 4083 suppliciorum
1304 4013 1518 4068 miseria
1550 4014 1786 4070 damnati
1819 4016 1985 4070 habe-

415 4108 550 4161 bunt
577 4105 925 4168 felicitatem,
971 4113 1027 4158 et
1069 4118 1175 4157 non
1221 4103 1492 4158 habebunt
1528 4117 1665 4158 eam.
1705 4103 1988 4160 Habebunt

414 4197 631 4267 quidem
657 4193 924 4265 quandam
957 4193 1229 4248 notionem
1262 4191 1329 4248 ad
1359 4193 1474 4261 ejus
1503 4195 1836 4258 memoriam,
1866 4195 1984 4247 vul-

416 4293 531 4338 tum
559 4300 690 4339 vero
715 4282 831 4352 ejus
858 4284 912 4336 in
942 4283 1173 4337 fructum
1195 4279 1668 4350 contemplationis
1694 4295 1798 4334 non
1829 4282 1988 4336 habe-

417 4375 575 4428 bunt.
605 4373 779 4440 Quam
805 4372 1051 4443 profecto
1079 4371 1353 4426 felicitatis
1378 4371 1649 4424 notionem
1685 4371 1890 4435 miseri,
1929 4379 1988 4424 ut

2087 3207 2144 3261 ni
2172 3206 2506 3278 plectendam
2549 3223 2665 3266 esse
2701 3211 3021 3266 credendum
3071 3220 3186 3276 est;
3215 3228 3318 3268 nec
3353 3214 3469 3284 cjus
3498 3223 3651 3270 natu-

2085 3314 2204 3353 ram
2253 3313 2371 3354 esse
2421 3300 2814 3370 significatam,
2857 3301 3000 3370 quod
3030 3302 3228 3358 dictum
3259 3312 3379 3359 est:
3424 3303 3538 3360 Hoc
3575 3315 3656 3361 est

2083 3388 2295 3442 initium
2332 3389 2562 3458 figmenti
2590 3390 2825 3454 Domini,
2869 3389 3006 3462 quod
3035 3392 3176 3461 fecit,
3222 3402 3278 3445 ut
3308 3392 3563 3448 illudalur
3586 3394 3652 3448 ab

2085 3475 2285 3546 angelis
2311 3476 2422 3543 ejus
2465 3488 2510 3542 θ,
2543 3479 2634 3533 sed
2661 3479 2746 3532 vel
2773 3494 2970 3549 corpus
2995 3494 3234 3543 aereum,
3262 3481 3403 3549 quod
3432 3481 3519 3536 tali
3560 3497 3650 3537 vo-

2083 3563 2278 3627 luntati
2305 3577 2663 3638 congruenter
2688 3569 2910 3638 aptavit,
2940 3569 3021 3622 vel
3043 3569 3212 3640 ipsam
3235 3571 3648 3637 ordinationem,

2085 3659 2140 3709 in
2171 3672 2274 3725 qua
2305 3673 2428 3712 eum
2479 3657 2606 3712 fecit
2627 3659 2790 3712 etiam
2834 3659 3104 3714 nolentem
3131 3659 3316 3714 utilem
3344 3661 3534 3725 bonis,
3570 3663 3655 3725 vel

2084 3746 2228 3814 quod
2259 3746 2566 3814 praesciens
2590 3761 2710 3801 eum
2734 3749 2951 3818 propria
2978 3748 3250 3803 voluntate
3285 3751 3482 3809 malum
3513 3750 3655 3804 futu-

2087 3849 2230 3897 rum,
2247 3833 2374 3890 fecit
2394 3851 2515 3888 eum
2546 3843 2740 3900 tamen,
2765 3851 2868 3890 non
2890 3837 3163 3891 abstinens
3184 3836 3472 3891 bonitatem
3494 3853 3649 3892 suatn

2083 3925 2140 3978 in
2177 3924 2478 3992 praebenda
2520 3924 2627 3979 vita
2684 3933 2845 3994 atque
2870 3925 3166 3980 substantia
3190 3965 3205 3988 ,
3248 3924 3458 3979 futurae
3486 3926 3649 3979 etiam

2087 4016 2280 4069 noxiae
2319 4014 2576 4068 voluntati
2621 4014 2780 4068 simul
2823 4015 3170 4082 praevidens,
3211 4021 3413 4080 quanto
3453 4013 3519 4066 de
3561 4014 3652 4066 illo

2086 4107 2224 4160 bona
2258 4103 2441 4160 esset“
2477 4119 2571 4158 sua
2619 4104 2850 4158 mirabili
2888 4103 3128 4157 bonitate
3157 4115 3221 4155 ac
3267 4107 3531 4168 potestate
3575 4100 3655 4153 fa-

2087 4203 2274 4248 cturus
2308 4211 2352 4245 ».
2389 4190 2409 4229 τ
2439 4190 2496 4247 Si
2525 4205 2652 4259 ergo
2681 4193 3131 4261 augelieanatura
3172 4189 3225 4242 in
3266 4185 3475 4243 diabolo
3507 4188 3656 4258 juste

2086 4297 2192 4336 non
2231 4281 2426 4336 sinitur
2467 4280 2666 4351 puniri,
2718 4279 2842 4347 quid
2874 4279 3090 4342 mirum,
3118 4276 3164 4331 si
3193 4277 3483 4329 humanam
3521 4277 3652 4330 sub-

2090 4373 2344 4428 stantiam
2380 4371 2432 4426 in
2459 4369 2767 4426 hominibus
2794 4368 2954 4423 etiam
2985 4364 3316 4436 impiissimis
3345 4363 3532 4418 eadem
3571 4363 3652 4419 di-

1697 4481 1947 4537 VABIAE
1983 4481 2380 4540 LECTIONES.

490 4601 530 4674 f_
548 4599 1073 4674 defecttulessentiae
1091 4594 1452 4674 ffugitantis
1472 4608 1595 4674 3m.
1623 4591 1694 4674 μ,
1732 4593 1784 4674 in
1810 4591 2166 4674 codice‘infra
2199 4593 2265 4647 ad
2287 4606 2462 4674 marg.
2494 4602 2670 4645 adscr.
2695 4588 2818 4674 ead2
2858 4602 3011 4674 (man:
3027 4671 3042 4674 _
3070 4596 3100 4674 3
3139 4584 3230 4674 Sic
3265 4581 3652 4674 cod.,-bimess‘e.

415 4671 436 4701 ⁸
475 4667 566 4722 Sic
588 4668 732 4732 cod.,
764 4668 832 4722 Μ.
875 4669 1028 4722 sicut.

1106 4666 1128 4696 ⁸
1167 4654 1261 4718 δίε
1291 4665 1444 4724 cod.,
1472 4662 1542 4716 Μ.
1585 4654 1837 4716 absentia.
1911 4662 1933 4693 ⁵
1969 4662 2062 4717 Sic
2105 4662 2176 4726 Μ,
2206 4661 2324 4717 cod.
2358 4654 2720 4729 miseruntque.
2798 4657 2819 4689 ⁸
2857 4656 2948 4711 Sic
2987 4655 3131 4722 cod.,
3160 4654 3229 4710 al.
3275 4655 3330 4708 in
3369 4669 3651 4724 quoquam.

415 4741 436 4770 ’
473 4736 569 4792 Sic
595 4730 742 4802 cod.,
774 4737 840 4790 al.
871 4734 1274 4806 praenuntiavit.
1349 4732 1371 4764 ⁸
1410 4730 1498 4786 Sic
1519 4731 1664 4797 cod.,
1693 4732 1739 4785 M
1763 4740 1961 4802 quanta
1987 4732 2054 4786 de
2082 4732 2173 4786 illo
2199 4732 2336 4786 bona
2359 4746 2490 4784 esse.

1928 4839 2176 4898 NOTAE.

492 4952 515 4978 ι
555 4939 919 5000 Prudentius:
952 4937 1099 4992 Nihil
1136 4937 1283 4991 aliud
1314 4936 1480 4991 Deum
1508 4937 1692 5004 punire
1717 4975 1732 4998 ,
1778 4937 1832 4988 id
1869 4945 1980 4999 est,

418 5009 596 5077 poenis
625 5008 901 5077 addicere,
943 5008 1050 5077 nisi
1069 5007 1206 5076 quod
1238 5007 1391 5077 fecit,
1431 5005 1729 5077 sedmerito
1756 5007 1984 5077 peccati,

418 5073 554 5146 quod
575 5078 680 5145 ipse
704 5094 807 5130 non
834 5076 972 5144 fecit.
999 5073 1121 5129 Non
1143 5078 1299 5146 enim,
1318 5074 1506 5142 inquit,
1523 5074 1576 5125 in
1595 5073 1738 5126 beate
1755 5073 1852 5125 Job
1866 5087 1992 5146 pec-

415 5145 588 5198 eatum
610 5147 821 5214 aliquod
845 5147 1170 5213 puniebatur,
1185 5145 1274 5197 sed
1290 5153 1496 5214 tantum
1519 5157 1832 5214 ca_ro,qnam
1855 5145 1993 5195 Deus

416 5214 559 5284 fecit.
585 5214 674 5284 ᾹΕι
693 5209 853 5284 ’φαοίῐ
871 5213 1309 5284 οηιηὶραενηιαριιρ
1328 5222 1435 5274 est,
1482 5212 1538 5263 in
1564 5209 1785 5284 Domino
1814 5219 1988 5284 nostra

414 5279 542 5335 Iesu
569 5279 779 5336 Christo
823 5282 952 5334 nihil
977 5282 1124 5335 aliud
1165 5279 1403 5350 punitum
1429 5289 1536 5346 est,
1580 5279 1680 5332 nisi
1706 5279 1843 5346 quod
1875 5280 1991 5348 ipse

415 5353 631 5420 fecerat,
653 5353 708 5405 id
735 5362 830 5415 est,
853 5368 975 5420 cara
1002 5351 1135 5420 ejus.

487 5422 515 5460 δ
555 5421 882 5478 Prudentius
917 5415 1196 5474 observat:
1227 5418 1444 5473 Nullam
1493 5424 1734 5470 naturam
1782 5415 1882 5469 nisi
1924 5416 1988 5469 ab

417 5489 525 5543 alia
569 5502 769 5545 natura
806 5490 981 5558 puniri
1011 5531 1026 5553 ,
1082 5488 1313 5544 videlicet
1386 5496 1612 5558 creatam
1677 5494 1923 5538 naturam
1956 5501 1988 5536 (ι

419 5561 674 5614 creatrice
716 5556 929 5623 natura,
972 5569 1028 5612 ut
1061 5561 1189 5628 ipse,
1237 5558 1326 5626 qui
1371 5556 1539 5628 factor
1570 5564 1644 5610 est
1680 5565 1989 5628 naturarum

416 5640 806 5694 creaturarum,
834 5630 942 5698 ipse
974 5630 1037 5680 sit
1051 5623 1379 5697 fndes-{ipse
1413 5626 1644 5695 punitor,
1671 5623 1748 5678 vel
1783 5631 1989 5677 creatas

824 5722 1094 5779 Ρηιιοι.
1146 5715 1406 5778 CXX".

2019 5043 2068 5100 D

2090 4947 2305 4992 naturas
2329 4954 2360 4992 a
2381 4940 2568 4992 creatis
2591 4937 2813 4990 naturis.
2848 4934 2926 4988 Ad
2949 4934 3090 4988 aliud
3122 4948 3249 4987 vero
3274 4934 3609 4986 enuntiatum
3634 4951 3647 4984 :

2097 5025 2115 5057 ι
2143 5005 2284 5061 Nihil
2314 5007 2456 5061 aliud
2479 5021 2599 5060 esse
2625 5019 2824 5074 poenas
2847 5003 3310 5074 peccatorumnisi
3333 5016 3530 5074 poenas
3555 5013 3648 5053 eo-

2095 5091 2212 5129 rum
2245 5096 2290 5140 ι,
2318 5069 2638 5130 Prudentius
2667 5077 2801 5127 bene
2847 5069 3224 5124 animadvertit
3268 5086 3294 5140 ε.
3332 5069 3503 5140 Multa
3541 5084 3651 5121 esse

2096 5137 2286 5212 genera
2301 5144 2690 5213 suppliciorum,
2718 5140 2796 5194 vel
2835 5140 3182 5208 praesentium
3221 5137 3295 5190 vel
3324 5139 3644 5206 futurarum,

2082 5212 2573 5282 justissimijudicis
2597 5219 2799 5282 plaeter
2827 5218 3056 5277 peccata.
3298 5280 3305 5282 _
3340 5271 3351 5282 _
3429 5271 3440 5282 _
3578 5269 3593 5282 ‘
3656 5274 3664 5282 '

2162 5290 2184 5319 α
2222 5269 2544 5335 Prudentius
2577 5269 2606 5332 ε’
2625 5279 2694 5331 Et
2716 5269 2848 5330 hanc
2870 5292 2977 5328 esse
2997 5289 3234 5344 poenam,
3259 5280 3308 5323 et
3333 5271 3466 5340 ignis
3495 5269 3656 5322 arde-

2090 5366 2198 5403 rem
2223 5351 2459 5409 nimium,
2482 5359 2530 5401 et
2552 5347 2796 5401 vermium
2827 5343 3280 5412 consumptionem.

2160 5417 2185 5456 τι
2228 5418 2416 5472 Matth.
2449 5416 2616 5478 xxv,
2637 5415 2726 5469 41.

2165 5498 2192 5528 ο
2231 5485 2429 5542 Psalm.
2456 5485 2567 5548 CV,
2589 5483 2680 5537 26.

2169 5555 2188 5594 ί
2232 5556 2513 5626 Augustin.
2538 5545 2601 5608 de
2623 5551 2808 5606 Genes.
2845 5548 2934 5613 Xl,
2964 5547 3057 5613 21,
3083 5545 3171 5600 22.

3197 5696 3264 5758 li
