4194 6276
529 347 637 401 “9

1906 341 2183 399 JOANNIS
2224 342 2417 400 SCOTI

3669 357 3775 413 420

531 459 654 512 vina
693 455 899 523 iustitia
955 453 1237 522 prohibeat
1262 452 1505 522 torqueri
1533 450 1597 504 οἳ
1629 450 1740 504 Non
1778 451 1927 504 enim
1958 451 2102 519 juste
2130 460 2175 515 Α
2207 454 2278 506 ita
2305 464 2358 508 et
2393 454 2665 524 proprium
2696 463 3011 523 peccatum;
3042 464 3096 509 et
3122 458 3571 525 quemadmodum
3596 463 3651 517 in
3684 465 3774 520 illo

521 551 781 620 punitur,
828 547 928 600 nisi
969 543 1109 612 quod
1139 544 1451 612 delinquere
1481 541 1838 595 convincitur.
1892 540 2101 594 Nullius

532 639 762 694 hominis
784 637 1055 691 invenitur
1073 636 1347 703 iniquitas,
1369 634 1470 688 nisi
1492 648 1621 687 suae
1643 632 1891 702 prepriae
1916 632 2101 686 volun-

532 733 656 785 tatis
702 725 986 796 culp-abitis
1023 725 1365 793 perversitas.
1413 723 1562 788 Quae
1598 722 1878 776 verissime
1909 729 2099 773 natura

527 833 634 872 non
680 824 794 879 est,
841 815 1004 882 quia‘
1036 827 1103 866 ex
1148 812 1258 866 Deo
1295 810 1537 864 omnium
1582 819 1826 864 creatore
1854 809 1907 861 in
1956 808 2100 862 nulla

526 903 827 960 substantia
851 904 873 934 ³
897 911 984 956 est
1020 909 1221 955 creata.
1250 899 1398 954 Juste
1428 898 1592 968 igitur
1633 897 1855 966 puuita'
1881 898 2095 951 misera.

526 992 663 1047 llinc
691 992 1024 1061 Augustinus
1066 1006 1080 1042 :
1133 1007 1152 1040 ι
1200 986 1372 1041 Nimis
1400 986 1597 1056 impius
1620 994 1676 1040 et
1704 986 1948 1041 indoctus
1974 995 2057 1040 est
2082 1026 2097 1051 ,

523 1068 614 1152 qui
639 1082 827 1137 vilium
849 1076 1076 1149 naturae
1099 1076 1203 1133 no’u
1230 1077 1489 1132 discernit
1512 1077 1582 1129 ab
1605 1085 1825 1131 auctore
1852 1085 2096 1142 naturae,

522 1175 689 1244 aquo
720 1186 940 1243 prorsus
980 1170 1211 1224 alienum
1257 1177 1359 1231 est,
1389 1166 1648 1237 quidquid
1693 1167 1744 1219 in
1778 1181 2100 1235 unoquoque

523 1265 892 1327 damnandum
930 1271 1032 1317 est.
1066 1261 1225 1316 Great
1255 1259 1398 1312 enim
1448 1257 1723 1320 homines,
1774 1264 1834 1309 ut
1864 1256 1975 1309 siut
2004 1256 2101 1309 ho-

524 1360 717 1423 mines,
772 1370 871 1411 nec
913 1353 1329 1424 multiplicandis
1363 1350 1771 1421 generationum
1799 1351 2096 1402 successio-

522 1447 682 1500 nihus
711 1445 981 1515 cpitlcium
1015 1459 1168 1497 suum
1195 1439 1784 1503 subtrahit,secundum
1813 1439 2096 1493 consiliqu

523 1536 697 1589 bonae
721 1532 1017 1587 voluntatis
1071 1545 1200 1584 suae
1247 1537 1595 1599 reparaturus
1620 1528 1672 1580 in
1706 1526 1913 1589 multis,
1953 1526 2096 1594 quod

525 1623 640 1691 ipse
688 1621 850 1688 fecit,
904 1620 1190 1691 pituiturus
1246 1621 1298 1673 in
1352 1618 1573 1680 multis,
1635 1617 1778 1687 quod
1825 1617 1939 1687 ipse
1989 1633 2095 1671 non

522 1714 651 1767 fecit
674 1714 702 1754 δ
737 1733 780 1767 ι.

590 1803 678 1856 Ill.
718 1803 850 1857 Cum
883 1803 1064 1868 itaque
1089 1802 1326 1857 omnium
1352 1801 1632 1859 hominum
1665 1802 1972 1856 universam
2002 1818 2095 1855 ua-
2128 1784 2170 1843 Β

522 1902 700 1947 turam
750 1894 803 1947 in
850 1894 1026 1963 primo
1056 1892 1273 1946 homine
1319 1893 1460 1946 Deus
1499 1894 1820 1958 condiderit,
1857 1911 1874 1942 ι
1921 1894 2095 1948 adhuc

518 1985 690 2049 enim,
723 1995 781 2038 ut
806 1984 881 2037 ait
900 1983 1251 2054 Augustinus,
1303 1981 1392 2037 ille
1437 1998 1576 2037 unus
1622 1998 1811 2038 omnes
1859 1981 1956 2036 fuit
1989 1994 2009 2021 ε
2047 2003 2091 2049 ι,

518 2073 665 2140 quod
713 2073 766 2127 in
812 2073 928 2142 ipso
969 2072 1286 2126 naturaliter
1330 2078 1567 2125 creatum
1622 2080 1736 2135 est,
1787 2069 2095 2125 nullomodo

516 2164 697 2233 .potuit
726 2163 1023 2217 naturalem
1056 2162 1225 2232 legem
1269 2160 1541 2218 Creatoris
1569 2160 1817 2215 transire.
1848 2158 1963 2213 Non
1998 2160 2094 2229 igi-

524 2263 611 2305 tur
657 2252 709 2305 iu
749 2251 838 2307 illo
889 2252 1151 2322 peccavit,
1183 2251 1322 2319 quod
1373 2250 1424 2303 iu
1478 2249 1566 2304 illo
1599 2250 1736 2304 Deus
1765 2250 1969 2304 creavit
2002 2251 2094 2303 :in

520 2350 825 2408 quotamen
854 2355 1029 2393 omnes
1059 2348 1394 2408 peccaverunt
1436 2336 1490 2400 ιι,
1533 2354 1597 2390 ac
1632 2352 1726 2404 per
1749 2337 1852 2390 hoc
1892 2338 1942 2390 in
1975 2336 2091 2406 ipso

520 2431 711 2485 omnes
755 2429 1080 2493 moriuntur,
1123 2435 1177 2482 et
1219 2435 1608 2495 consequenter
1635 2441 1822 2480 ounics
1862 2427 2094 2496 puniun-

522 2530 630 2572 tur.
673 2518 902 2572 Proinde
952 2516 1587 2580 rectissime‘creditur,
1641 2516 2092 2583 quemadmodum

518 2609 577 2662 in
611 2607 700 2661 illo
731 2606 869 2661 Deus
908 2606 1214 2677 generalem
1248 2605 1463 2658 humani
1512 2604 1728 2674 generis
1763 2619 1955 2659 creare
2004 2619 2096 2658 vo-

521 2697 623 2752 luit
646 2696 1025 2761 substantiam,
1056 2696 1128 2749 ita
1161 2704 1214 2749 et
1244 2694 1483 2747 omnium
1512 2694 1787 2747 hominum
1812 2692 2105 2763 propriam

517 2785 801 2842 substituit
845 2785 1198 2840 voluntatem.
1249 2782 1305 2838 Si
1352 2784 1496 2838 enim
1543 2783 1595 2837 iu
1642 2800 1748 2838 uno
1793 2783 2096 2838 communis

516 2879 785 2942 omnium,
809 2886 863 2931 et
891 2875 1211 2947 corporalis,
1237 2884 1290 2930 et
1319 2875 1616 2944 spiritualis
1643 2885 1872 2930 naturae
1899 2876 2092 2929 huma-

521 2984 624 3022 nae
648 2967 920 3037 pleuitudo
948 2968 1018 3021 sit
1046 2965 1359 3030 constituta,
1389 2967 1693 3020 necessario
1718 2967 1765 3020 ei
1789 2967 1961 3020 inerat
1986 2964 2094 3020 siu-

521 3061 767 3130 g‘ulorum
797 3059 1044 3113 voluntas
1066 3057 1303 3128 pr0pria.
1339 3056 1453 3111 Non
1480 3058 1659 3127 itaque
1685 3058 1736 3111 in
1763 3074 1827 3112 eo
1850 3058 2091 3126 peccavit

2205 543 2571 611 unusquisque
2615 544 2910 598 voluntatis
2941 558 3073 598 suae
3097 544 3431 599 individuum
3464 552 3775 616 possederat

2202 646 2509 695 numerum,
2534 633 2604 685 ita
2636 633 2687 686 in
2713 633 2804 686 illo
2835 650 2932 702 per
2965 648 3024 687 se
3067 634 3244 703 ipsum
3276 635 3515 706 singulos
3547 640 3777 710 quisque

2201 720 2375 787 potuit
2433 721 2708 790 proprium
2773 723 3116 777 committere
3174 723 3445 779 delictum.
3506 727 3565 782 in
3628 730 3776 785 nullo

2202 808 2397 877 quippe
2425 810 2728 864 vindicatur
2749 810 2895 877 juste
2940 811 3164 867 alterius
3193 824 3492 882 peccatum.
3541 817 3776 873 Proinde

2202 898 2255 952 in
2287 899 2434 953 nullo
2478 909 2669 954 natura
2715 902 2952 970 punitur,
3002 901 3125 970 quia
3170 919 3239 958 ex
3268 904 3377 958 Deo
3406 916 3518 973 est,
3562 918 3618 962 et
3645 920 3773 964 ‘uon

2201 1001 2407 1060 peccat.
2457 992 2634 1046 Motus
2679 1002 2857 1046 autem
2889 993 3254 1059 voluntarius,
3305 996 3586 1053 libidinose
3615 1008 3774 1054 utens

2201 1090 2427 1136 naturae
2457 1083 2615 1146 bono,
2649 1083 2842 1137 merito
2867 1083 3087 1152 punitur
3109 1084 3165 1149 ⁸,
3199 1084 3323 1153 quia
3351 1095 3575 1141 naturae
3599 1076 3770 1158 legem

2202 1170 2615 1238 transgreditur,
2660 1185 2823 1238 quam
2854 1170 3038 1238 procul
3069 1171 3234 1225 dubio
3278 1187 3384 1226 non
3418 1177 3764 1244 transgrede-

2201 1268 2372 1322 retur,
2406 1259 2452 1311 si
2479 1258 2912 1313 substantialiter
2935 1275 2961 1313 a
2989 1260 3099 1314 Deo
3120 1247 3421 1316 crearetur.

2248 1347 2357 1419 λιν.
2400 1346 2535 1400 llinc
2560 1357 2745 1417 aperte
2770 1348 3058 1419 colligitur,
3086 1351 3137 1404 in
3162 1352 3343 1421 impiis
3375 1353 3634 1423 Supplicia
3667 1371 3771 1409 nou

2198 1439 2400 1505 perpeti
2442 1440 2584 1506 quod
2630 1439 2772 1493 Deus
2812 1439 2961 1504 fecit,
2992 1443 3087 1495 sed
3125 1444 3267 1511 quod
3294 1445 3547 1513 superbia
3585 1447 3778 1499 vitiose

2200 1527 2278 1579 im
2291 1527 2421 1580 enit.
2447 1526 2633 1582 Libido
2657 1528 2920 1596 siquidem
2943 1544 3231 1598 perversae
3251 1531 3541 1586 voluntatis
3569 1535 3776 1587 crucia-

2203 1627 2308 1682 tur,
2339 1619 2464 1672 dum
2494 1632 2579 1685 ea,
2621 1633 2761 1688 quae
2790 1619 2930 1673 male
2954 1629 3045 1672 aut
3075 1621 3291 1690 indigne
3312 1623 3534 1690 appetit,
3575 1622 3778 1677 habere

2200 1724 2305 1761 non
2347 1707 2584 1761 sinitur:
2624 1709 2725 1763 hoc
2769 1690 2913 1762 enim
2956 1709 3193 1773 nomine,
3227 1709 3472 1763 videlicet
3518 1711 3774 1776 libidinis,

2200 1797 2523 1868 generalitas
2553 1798 2793 1851 omnium
2822 1797 3075 1851 vitiorum
3100 1799 3593 1868 comprehenditur.
3623 1800 3775 1865 Quod

2201 1890 2245 1944 si
2262 1889 2463 1942 nullam
2489 1896 2735 1941 naturam
2754 1888 2929 1957 puniri
2957 1889 3094 1941 ratio
3115 1891 3301 1950 suasit,
3322 1890 3629 1942 necessario
3654 1888 3775 1942 nul-

2199 1977 2304 2032 lam
2329 1988 2576 2032 inituram
2618 1978 2807 2046 punire
2846 1977 3093 2031 suadebit
3123 1977 3163 2031 ’.
3208 1976 3390 2045 Neque
3436 1977 3578 2030 enim
3621 1992 3775 2031 crea-

2202 2069 2326 2134 trix,
2358 2083 2532 2137 neque
2552 2075 2733 2122 creata
2756 2068 2908 2136 punit
2932 2078 3197 2133 creatam,
3222 2069 3347 2136 quia
3363 2068 3505 2120 nulla
3529 2070 3775 2122 substan-

2198 2159 2269 2213 tia
2297 2158 2519 2213 alterius
2539 2159 2870 2213 substantiae
2885 2159 3154 2214 coutraria
3175 2174 3295 2214 esse
3308 2169 3504 2231 potest.
3520 2161 3771 2230 Alioquin

2198 2248 2545 2317 injustissitne
2579 2248 2862 2317 puniretur
2905 2247 3086 2317 aliqua
3115 2259 3329 2314 natura,
3371 2249 3526 2317 cujus
3571 2252 3769 2304 malum

2198 2339 2445 2392 meritum
2488 2353 2592 2392 nou
2628 2338 2976 2407 praecederet
3004 2322 3350 2393 tormentum.
3392 2341 3544 2406 Quod
3584 2352 3773 2409 aperte

2195 2431 2593 2499 Augustiuusin
2616 2445 2708 2484 sua
2727 2429 3002 2499 praedicta
3029 2432 3475 2486 sententiavoluit
3500 2433 3775 2488 declarare
3806 2464 3813 2472 ο

2195 2520 2380 2575 dicens
2404 2540 2416 2574 :
2451 2520 2726 2575 «Iustitiae
2754 2521 2852 2590 ipsi
2867 2536 2988 2575 esse
3009 2522 3360 2586 contrarium,
3381 2522 3598 2577 utnullo
3620 2540 3776 2592 prae-

2198 2608 2423 2663 cedente
2455 2609 2649 2663 merito
2672 2610 2776 2663 hoc
2806 2610 2978 2678 ipsum
3011 2609 3063 2662 in
3109 2625 3322 2679 quoque
3346 2612 3486 2666 Deus
3532 2614 3771 2679 damnet,

2198 2696 2339 2766 quod
2365 2696 2417 2749 in
2440 2712 2504 2751 co
2532 2697 2647 2766 ipse
2676 2698 2880 2751 creavit
2905 2696 2951 2729 “
2983 2715 3028 2750 ι.
3060 2697 3209 2764 Quae
3232 2700 3369 2753 ratio
3400 2701 3524 2754 hinc
3539 2702 3772 2756 maxime

2196 2787 2475 2855 probatur,
2516 2788 2657 2854 quod
2680 2787 2876 2841 nullius
2904 2790 3105 2857 peccati
3134 2790 3446 2855 auctoritas,
3489 2791 3589 2845 nisi
3621 2808 3773 2845 meu-

2198 2875 2480 2931 dosissime
2511 2876 2949 2946 impiissimeque,
2983 2877 3049 2930 ad
3081 2877 3245 2930 Deum
3275 2877 3506 2932 refertur
3536 2881 3600 2931 “.
3635 2879 3700 2932 At
3726 2880 3771 2949 si

2197 2973 2476 3033 peccatum
2507 2979 2573 3017 ex
2605 2975 2817 3030 natura,
2846 2970 3034 3039 tiatura'
3064 2977 3243 3021 autem
3273 2982 3336 3021 ex
3370 2970 3498 3032 Deo,
3529 2969 3774 3037 profecto

2200 3067 2478 3126 peccatum
2498 3070 2563 3112 ex
2579 3059 2686 3113 Deo
2710 3074 2829 3113 esse
2846 3073 3179 3128 sequeretur.
3201 3061 3350 3127 Quod
3367 3064 3507 3116 absit
3529 3080 3626 3118 nos
3652 3081 3772 3119 cre-

522 3160 749 3204 uaturae
801 3148 1157 3218 generalitas,
1216 3147 1308 3202 sed
1352 3148 1771 3217 uniuscujusque
1821 3148 2091 3201 individua
2122 3138 2165 3200 C
2198 3147 2344 3209 dere,
2369 3156 2460 3200 aut
2484 3145 2826 3202 falsissimum
2865 3149 3012 3201 illum
3045 3150 3460 3221 paralogismuut
3503 3154 3767 3221 accipere,

520 3239 769 3294 voluntas
787 3239 827 3292 ⁸.
864 3250 887 3277 ο
912 3237 1186 3305 Siquidem
1216 3237 1260 3291 si
1287 3252 1349 3290 ea
1380 3248 1569 3290 natura
1593 3239 1944 3307 deliuqueret,
1968 3254 2090 3293 cum

522 3344 630 3382 una
678 3328 768 3393 sit,
813 3335 924 3381 tota
954 3325 1195 3398 profecto
1231 3325 1495 3394 periret‘.
1546 3325 1563 3364 τ
1596 3326 1701 3381 Sed
1748 3342 1852 3380 non
1900 3328 2093 3396 periit,

516 3420 739 3488 quando
791 3418 1242 3472 medicamentum
1288 3416 1543 3482 vulneris,
1597 3420 1697 3471 hoc
1734 3426 1819 3472 est
1850 3419 2098 3472 substan-

524 3508 599 3560 tia
628 3506 1029 3575 Redemptoris,
1060 3506 1112 3559 iu
1136 3521 1198 3560 ea
1233 3505 1898 3577 remansitincorruptum,
1930 3523 2094 3576 prae—

524 3608 607 3650 ter
649 3595 790 3664 quod
824 3609 1013 3649 omnes
1034 3602 1400 3664 peccaverunt
1437 3594 1594 3649 simul
1634 3595 1687 3648 in
1720 3611 1825 3650 uno
1861 3597 2095 3650 homine.

520 3686 641 3741 Non
683 3685 827 3739 enim
876 3683 964 3737 ille
1009 3684 1253 3754 peccavit
1291 3684 1342 3738 iu
1387 3684 1665 3748 omnibus,
1696 3685 1788 3739 sed
1825 3700 2013 3739 omnes
2045 3686 2095 3739 in

521 3772 675 3829 illo'.
714 3772 866 3828 Sicut
888 3760 1031 3827 enim
1059 3772 1147 3827 ille
1193 3772 1425 3829 habebat
1443 3774 1721 3843 prepriam
1744 3774 2093 3841 voluntatem,

2198 3236 2288 3304 qui
2320 3237 2397 3290 sic
2419 3235 2552 3291 falso
2573 3237 2840 3308 colligitur
2870 3256 2881 3290 :
2916 3240 3103 3294 Omnis
3130 3251 3322 3294 natura
3354 3258 3418 3295 cx
3446 3242 3553 3296 Deo
3587 3254 3667 3297 cst
3691 3242 3769 3310 “;

2197 3339 2356 3379 omne
2384 3334 2562 3379 autem
2590 3336 2867 3395 peccatum
2900 3343 2965 3381 ex
2998 3340 3223 3395 natura;
3256 3330 3323 3384 ei
3354 3331 3462 3385 Deo
3499 3341 3581 3387 est
3611 3334 3773 3401 igitur

2196 3430 2357 3469 omne
2403 3427 2703 3485 peccatum.
2757 3417 2907 3484 Quod
2958 3419 3001 3474 si
3052 3420 3153 3475 hoc
3197 3420 3641 3477 absurdissimum
3689 3432 3774 3477 est

2199 3505 2512 3571 concedere,
2558 3507 2882 3578 relinquitur
2908 3509 3225 3565 verissimus
3259 3512 3347 3567 ille
3390 3523 3552 3582 atque
3593 3512 3773 3583 piissi-

2202 3612 2324 3650 mus
2371 3597 2731 3668 syllogismus,
2805 3610 2859 3654 et
2907 3601 3151 3655 caritatis
3198 3611 3254 3657 et
3299 3604 3597 3659 catholicae
3649 3602 3770 3658 tidei

2199 3684 2546 3752 plenissimus
2567 3727 2580 3751 ,
2622 3687 2711 3757 qui
2752 3688 2829 3743 sic
2854 3691 3172 3759 proponitur
3206 3709 3220 3745 :
3263 3692 3432 3748 Omne
3462 3694 3657 3748 bonum
3681 3705 3775 3748 aut

2202 3775 2342 3829 Deus
2370 3784 2472 3840 est,
2506 3784 2599 3829 aut
2626 3792 2690 3831 ex
2720 3777 2828 3832 Deo
2857 3777 3057 3834 factum
3083 3789 3195 3846 est;
3222 3796 3381 3836 omne
3403 3783 3544 3851 quod
3573 3798 3636 3836 ex
3664 3782 3774 3836 Deo

1812 3927 1895 3982 VA
1904 3925 2064 3981 RIAE
2102 3925 2503 3982 LECTIONES.

590 4070 616 4133 ξ
650 4060 828 4133 Corn,
850 4062 1181 4133 cod.qui,M.
1205 4079 1356 4133 quae.
1429 4063 1452 4093 ¹
1491 4061 1582 4117 Sic
1603 4063 1745 4133 cod.,
1764 4062 1837 4133 Μ.
1867 4062 2008 4133 nulla
2031 4064 2397 4118 substantiam.

2473 4065 2494 4096 ³
2520 4064 2611 4119 Sic
2638 4067 2777 4126 cod.,
2807 4065 2873 4119 Μ.
2895 4066 2979 4121 sit.
3055 4068 3075 4097 ⁸
3112 4066 3203 4121 Sic
3228 4066 3299 4128 M,
3322 4067 3440 4122 cod.
3466 4070 3770 4123 rectissimo.

523 4132 544 4163 ³
584 4130 662 4185 Ad
685 4148 853 4202 marg.
879 4130 1151 4207 aliainan.
1171 4130 1307 4187 forte
1327 4146 1436 4188 sec.
1454 4148 1556 4207 ξιιμ
1588 4132 1797 4207 scripsit
1823 4150 1836 4185 :
1863 4132 1996 4185 Dicit
2022 4134 2074 4207 in
2094 4135 2259 4202 primo
2286 4133 2612 4207 hominenon
2632 4135 3135 4207 generaliter-omnes
3160 4138 3409 4207 homines,
3432 4140 3521 4190 sed
3541 4140 3773 4207 singulos

520 4217 781 4278 peccasse,
805 4200 942 4278 quod
962 4211 1034 4255 est
1065 4218 1376 4278 repugnans.
1452 4201 1473 4230 ‘
1493 4200 1818 4278 lgiatletnalia
1837 4218 1978 4255 man.
1998 4204 2065 4255 ad
2087 4200 2455 4278 ιιιιιιξιςεῄειά-δςινἔ
2486 4200 2904 4278 Dicit,_natui'attt
2926 4205 3070 4278 Adae
3097 4223 3197 4259 non
3219 4206 3515 4278 deliquisse.
3592 4200 3769 4263 7153”.

521 4271 624 4323 alia
651 4286 794 4323 utan.
810 4270 876 4325 ad
902 4286 1072 4340 marg.
1091 4270 1267 4326 adscr.
1288 4270 1571 4324 Naturalia
1587 4270 1733 4324 docet
1758 4287 1867 4324 esse
1886 4280 2119 4339 peccata.

2192 4272 2215 4302 ⁸
2245 4272 2377 4324 Ead.
2406 4272 2476 4325 al.
2502 4287 2572 4325 ιιι.
2604 4274 2668 4325 ad
2698 4288 2868 4341 marg.
2900 4276 3077 4329 adscr.
3104 4287 3298 4329 motam
3328 4272 3513 4331 mentis
3538 4278 3772 4332 volunta-

521 4342 658 4396 rium
698 4341 825 4415 dicit
844 4341 923 4415 ad
965 4340 1074 4415 De?
1092 4357 1208 4415 lion
1235 4340 1453 4415 ..._.cari.
1527 4343 1547 4415 ξ
1578 4340 1708 4393 Ead.
1746 4340 1817 4392 al.
1844 4356 1922 4415 in.
1946 4340 2215 4415 ad__marg.
2241 4341 2420 4415 adscr.
2447 4341 2707 4415 Naturam
2736 4340 2861 4415 dicit
2885 4361 2975 4397 nec
2996 4347 3171 4414 puniri
3205 4363 3295 4415 nec
3318 4348 3522 4415 punire,
3566 4364 3667 4402 non
3695 4358 3772 4401 est

513 4425 639 4478 ergo
661 4409 940 4478 passibilis.
1017 4409 1062 4442 ¹⁶
1089 4409 1219 4462 Ead.
1255 4409 1326 4462 al.
1374 4425 1446 4462 ιιι.
1480 4409 1548 4461 ad
1590 4424 1759 4489 marg.

520 4493 593 4557 in.
634 4479 887 4557 ad'iuarg.
920 4479 1105 4557 adscr.
1127 4477 1240 4531 Nec
1265 4494 1499 4557 paganus
1524 4477 1619 4530 hoc
1645 4479 1790 4530 dicit.

521 4546 644 4598 Non
691 4547 811 4597 item
849 4563 971 4615 pars
1012 4546 1105 4601 Dei
1147 4557 1243 4612 est,
1266 4546 1361 4601 sed
1389 4563 1535 4618 opus.

1017 4407 1062 4442 ¹⁶
1089 4409 1219 4481 Ead.
1255 4408 1326 4462 al.
1374 4425 1446 4462 in.
1480 4408 1548 4481 ad
1590 4424 1759 4481 marg.
1792 4409 1975 4481 adscr;
2004 4405 2397 4481 Testimonium,
2423 4411 2560 4480 quod
2588 4413 2828 4476 assumit,
2850 4405 3092 4481 perverse
3115 4405 3386 4468 intellexit.

3466 4418 3506 4453 ﬂ
3536 4417 3667 4470 Ead.
3696 4417 3767 4470 al.

1867 4480 1912 4512 ⁸³
1933 4477 2066 4532 Ead.
2090 4478 2158 4531 al.
2186 4493 2257 4531 tu.
2287 4479 2354 4533 ad
2396 4477 2567 4550 marg.
2593 4482 2770 4536 adscr.
2806 4477 2928 4536 Non
2972 4500 3037 4537 ex
3080 4484 3212 4550 Deo,
3243 4484 3332 4537 sed
3357 4501 3389 4536 a
3419 4483 3526 4539 Deo
3556 4496 3763 4539 natura.

3426 4612 3462 4645 βἼ

2028 4677 2277 4735 NOTAE.

592 4838 617 4865 ιι
656 4826 940 4893 Augustin.
969 4826 1004 4878 Ι.
1034 4826 1070 4881 l.

592 4896 619 4934 ιθ
658 4896 945 4963 Augustin.
973 4896 1261 4966 Depeccat.
1290 4897 1487 4952 meritis
1513 4896 1599 4963 ιιι,
1631 4896 1685 4952 7.

594 4978 614 5000 ι·
658 4964 811 5017 llum.
848 4965 905 5020 V.
936 4966 1024 5018 12.

594 4978 614 5000 ¹¹
658 4978 811 5017 ttoui.
851 4978 905 5026 γ,
936 4978 1024 5018 12.

590 5035 616 5073 ἀ
654 5033 1014 5107 Prudentius:
1049 5032 1239 5087 Puniri
1267 5034 1321 5088 in
1344 5035 1554 5107 diabolo
1580 5046 1628 5092 et
1654 5036 1826 5107 impiis
1866 5036 2090 5092 homini-

522 5106 616 5157 bus
660 5112 905 5176 naturam
936 5104 1271 5174 depravatum
1312 5116 1357 5159 et
1389 5106 1624 5160 vitiatam
1660 5104 1873 5176 propria
1913 5106 2092 5162 volun-

523 5176 645 5227 tate.
689 5172 772 5228 Ad
810 5188 873 5227 ea
902 5172 1053 5235 vero,
1099 5189 1240 5242 quae
1261 5185 1597 5243 sequuntur:
1632 5172 1798 5228 (Non
1833 5190 2089 5243 peccasse

522 5254 770 5312 naturam
816 5243 911 5297 sed
949 5243 1277 5297 voluntatem
1308 5242 1353 5309 i,
1380 5242 1704 5298 Prudentius
1755 5242 2084 5312 respondet:

524 5311 786 5365 Naturam
808 5328 1046 5381 peccasse
1071 5312 1302 5381 quidem,
1318 5313 1406 5366 sed
1440 5329 1542 5366 non
1561 5313 1724 5381 fuisse
1746 5311 1924 5366 vitium
1952 5324 2100 5369 natu-

522 5382 767 5450 rae,sicut
789 5380 821 5433 α
841 5380 950 5435 Deo
974 5380 1105 5435 bono
1128 5382 1337 5434 condita
1358 5382 1544 5441 est,sed
1562 5380 1699 5435 sicut
1721 5397 1814 5450 per
1831 5399 2095 5450 propriam

525 5448 835 5519 voluntatem
863 5460 1107 5519 corrupta
1134 5460 1209 5503 est
1225 5467 1244 5514 ;
1292 5450 1461 5518 ipsum
1499 5460 1673 5503 tamen
1701 5448 1966 5519 peccatum
1991 5468 2094 5506 non

521 5515 844 5588 solummodo
869 5515 1151 5581 voluntate,
1180 5520 1269 5573 sed
1295 5515 1671 5588 ejusnaturae,
1701 5515 2094 5588 deputandum,

516 5584 675 5658 cujus
703 5584 937 5658 voluntas
958 5588 1047 5650 sit,
1079 5589 1293 5658 ideoque
1318 5584 1567 5642 naturam
1600 5584 1936 5657 peccatricem
1969 5584 2095 5657 jure

517 5652 780 5721 punitum.
836 5651 1046 5707 Natura
1074 5651 1280 5724 quippe,
1331 5659 1384 5710 id
1423 5668 1503 5711 est
1544 5651 1742 5723 anima,
1793 5651 2092 5712 suasionem

2122 4836 2174 4895 D
2202 4839 2449 4904 serpentis
2471 4838 2704 4902 admisit,
2751 4850 2798 4893 et
2829 4840 3009 4894 cadent
3036 4855 3126 4908 per
3147 4850 3417 4902 naturam,
3456 4839 3511 4890 id
3530 4851 3625 4902 est.
3649 4858 3766 4895 mr-

2194 4921 2292 4973 pus
2321 4924 2473 4977 suum
2496 4907 2623 4976 ligni
2651 4910 2852 4962 inhibiti
2873 4907 3081 4977 pomum
3101 4910 3339 4961 comedit.

2271 4987 2293 5015 θ
2330 4976 2652 5032 Prudentius
2680 4995 2692 5030 :
2726 4977 2975 5031 Percussa
3024 4978 3079 5029 in
3110 4994 3169 5030 eo
3196 4988 3420 5048 naturae
3453 4981 3770 5048 generalita-

2193 5055 2316 5116 tem,
2339 5063 2495 5114 quam
2534 5064 2758 5100 massam
2793 5047 3148 5100 damnationis
3181 5046 3483 5116 Scripturae
3512 5052 3729 5105 vocitent
3752 5091 3766 5113 ,

2191 5114 2408 5185 ideoque
2449 5126 2612 5169 totum
2652 5135 2683 5169 a
2716 5117 2864 5184 justo
2896 5116 3079 5183 judice
3120 5114 3443 5181 damnatam,
3478 5136 3581 5172 non
3602 5122 3766 5173 solam

2190 5182 2524 5257 voluntatem,
2566 5203 2657 5257 nec
2700 5182 2932 5255 reparari
2973 5201 3122 5255 posse
3149 5189 3373 5255 penitus,
3418 5190 3517 5242 nisi
3547 5205 3639 5257 per
3664 5206 3769 5242 me-

2190 5252 2412 5308 diatoris
2432 5252 2802 5310 humilitatem.

2280 5322 2301 5394 ξ
2340 5323 2423 5394 Ad
2465 5324 2600 5378 haec
2629 5324 2956 5380 Prudentius
2983 5327 3290 5394 respondet,
3321 5333 3487 5380 totam
3520 5337 3768 5381 naturam

2200 5390 2509 5466 deliquisse,
2541 5394 2873 5466 perindeque
2923 5390 3089 5450 totam
3120 5396 3504 5466 quodammodo
3542 5399 3766 5466 perisse.

2197 5459 2277 5515 Ac
2319 5459 2414 5533 per
2441 5459 2861 5533 hoc'liberatore
2902 5480 3024 5519 eam
3075 5459 3334 5533 indigere.
3362 5464 3479 5519 Non
3521 5459 3665 5519 e'uim
3713 5469 3767 5520 in

2197 5531 2438 5598 parvulis
2462 5532 2710 5586 voluntas
2737 5535 2967 5601 peccati,
2991 5549 3128 5601 quae
3148 5531 3293 5589 nulla
3312 5545 3420 5599 est,
3450 5538 3543 5599 sed
3576 5546 3768 5590 natura

2197 5602 2483 5657 damnatae
2505 5601 2730 5670 originis
2754 5603 2998 5671 punitur.
