4194 6276
494 380 593 434 1Ξῖ

1514 394 1517 395 ν
1572 365 1774 421 LIBER
1815 361 1903 417 DE
1934 355 2682 414 PRAESDESTINATIONE.

3645 357 3747 412 ιτς

496 486 837 546 factumest,
869 481 1070 536 nullum
1124 479 1310 533 vitium
1338 476 1463 533 boni
1488 476 1681 549 edicit;
1713 485 1874 527 omne
1910 469 2070 538 igitur
2098 472 2142 527 Α
2163 465 2305 520 talio
2328 465 2383 520 in
2422 480 2639 534 aquam,
2665 472 2722 520 et
2766 461 3068 529 suﬂocatio,
3091 479 3261 535 quam
3287 468 3745 547 mersuspatitur.

501 576 701 630 bonum
755 571 957 627 nullum
988 569 1178 622 vitium
1210 566 1334 621 boni
1376 563 1597 621 elIicere
1639 568 1856 631 potest;
1903 548 2072 613 et're-

493 662 678 717 alexim
702 675 720 713 :
742 658 956 714 nullum
979 658 1141 726 igitur
1162 656 1349 709 vitium
1373 654 1497 709 boni
1525 667 1593 707 ex
1614 652 1755 706 bono
1776 657 1879 705 est.
1902 648 2074 704 Omne

501 758 800 819 peccatum,
828 745 954 814 quia
982 743 1181 797 malum
1210 750 1315 807 est,
1351 741 1542 796 vitium
1584 738 1711 794 boni
1755 746 1841 793 est
1870 751 1889 790 :
1913 748 2074 790 omne

500 838 685 892 vitium
713 833 840 890 boui
868 847 936 887 ex
963 833 1106 886 bono
1130 845 1237 885 non
1263 838 1349 884 est
1386 846 1400 881 :
1431 841 1590 883 omne
1615 832 1918 896 peccatum,
1947 823 2073 890 quia

499 927 699 981 malum
727 933 832 987 est,
856 938 924 977 ex
955 923 1098 976 bono
1117 935 1240 976 esse
1270 934 1374 975 non
1399 926 1595 988 potest.
1617 916 1805 972 Omnis
1823 923 2073 969 creatura

494 1015 728 1069 rationis
750 1011 1022 1081 particeps
1049 1023 1302 1078 magnum
1323 1007 1655 1062 bonumest:
1671 1019 1738 1057 ex
1766 1002 1910 1057 nullo
1933 999 2075 1053 bono

500 1103 701 1159 malum
732 1113 795 1153 αι
826 1113 894 1152 ex
914 1098 1059 1152 nulla
1082 1097 1251 1167 igitur
1277 1103 1528 1151 creatura
1561 1093 1786 1148 rationis
1812 1090 2075 1161 participe

498 1199 786 1262 peceatum
805 1196 892 1242 est
926 1190 967 1239 ι.

578 1279 646 1333 ν.
687 1279 825 1332 Hinc
853 1277 965 1344 ipsa
984 1275 1197 1330 Veritas
1220 1275 1297 1328 ait
1324 1293 1337 1328 :
1359 1274 1532 1329 Bonas
1556 1275 1710 1328 homo
1731 1272 1795 1325 de
1813 1271 1946 1325 bona
1967 1269 2077 1323 tlte-

502 1386 670 1425 ‘sauro
702 1367 883 1421 cordis
902 1365 985 1418 sui
1016 1364 1221 1434 profert
1242 1364 1412 1429 bona,
1456 1364 1627 1418 malus
1649 1363 1802 1415 homo
1830 1360 1894 1413 de
1937 1359 2074 1411 malo

509 1463 758 1516 thesauro
800 1454 971 1510 cordis
1014 1456 1100 1508 sui
1137 1456 1338 1526 profert
1367 1455 1508 1509 mala
1548 1455 1597 1507 ι’.
1630 1453 1708 1507 Ac
1750 1452 1795 1507 si
1826 1452 2075 1506 diceret:

510 1566 670 1604 onme
695 1552 913 1615 bonum,
937 1547 1080 1619 quod
1122 1559 1188 1600 ex
1220 1547 1547 1613 cogitatione
1575 1559 1670 1599 sua
1698 1544 1868 1598 bonus
1916 1542 2079 1599 homo

498 1642 732 1709 profert,
772 1655 839 1694 ex
870 1642 1011 1695 bono
1051 1640 1306 1693 thesauro
1335 1638 1588 1699 donatur,
1621 1634 1672 1688 id
1694 1642 1779 1688 est
1817 1646 1885 1686 ex
1911 1647 1995 1694 eo,
2026 1631 2079 1683 in

504 1748 607 1801 quo
620 1741 741 1784 sunt
757 1746 934 1784 omnes
959 1728 1194 1783 thesauri
1216 1727 1505 1796 sapientiae
1535 1733 1584 1778 et
1605 1724 1852 1777 scientiae
1864 1722 2080 1776 abscon-

500 1792 663 1872 ditis.
689 1818 863 1872 Omne
877 1817 1097 1880 malum,
1122 1792 1609 1884 quodcogitatione
1630 1827 1725 1866 sua
1747 1810 1887 1864 mala
1907 1809 2077 1863 malus
2108 1792 2151 1849 Β

494 1907 666 1961 homo
690 1906 918 1976 profert,
972 1921 1040 1960 ex
1076 1904 1219 1959 malo
1259 1905 1515 1958 thesauro
1563 1912 1668 1965 est,
1714 1915 1780 1954 ex
1829 1898 2079 1967 superbia

502 1998 732 2061 scilicet,
755 2005 989 2067 quaeest
1008 1994 1397 2050 iuitiumomnis
1423 1992 1621 2061 peccati
1642 1990 1694 2043 ά.
1725 1991 1801 2044 De
1826 2005 1933 2059 quo
1960 1990 2076 2043 tlte-

504 2104 667 2143 saum
696 2088 943 2143 malitiae
966 2087 1297 2157 Augustinus
1317 2088 1371 2139 in
1390 2067 1537 2139 om;
1562 2086 1628 2139 de
1649 2098 1778 2138 vera
1800 2083 2080 2152 Religione

503 2180 730 2248 loquens
751 2181 827 2233 ait
857 2194 872 2232 :
904 2196 925 2231 ‹
960 2179 1054 2233 Εει
1088 2187 1265 2231 autem
1288 2177 1475 2231 vitium
1497 2176 1734 2245 primum
1762 2174 1975 2254 animae
1992 2189 2081 2226 ra-

508 2272 724 2325 tionalis
750 2272 999 2326 voluntas
1035 2285 1097 2324 ea
1135 2269 1393 2333 faciendi,
1427 2283 1567 2337 quae
1595 2274 1743 2321 vetat
1784 2281 1993 2321 summa
2028 2273 2085 2319 et

512 2361 702 2414 intima
742 2362 963 2415 veritas.
998 2361 1072 2414 ita
1102 2362 1263 2414 homo
1305 2360 1373 2414 de
1406 2359 1659 2428 paradiso
1686 2358 1738 2411 in
1764 2358 1874 2412 hoc
1920 2372 2082 2411 secu-

508 2451 628 2505 lum
649 2450 899 2519 expulsus
919 2459 1023 2512 est,
1045 2450 1096 2502 id
1114 2457 1218 2512 est,
1250 2449 1317 2502 ab
1343 2447 1579 2501 aeternis
1600 2447 1668 2500 ad
1690 2445 2023 2515 temporalia,
2053 2459 2084 2498 a

507 2541 750 2610 copiosis
781 2542 847 2595 ad
883 2555 1073 2609 egena,
1101 2556 1129 2593 a
1160 2539 1412 2593 firmitate
1451 2538 1515 2592 ad
1547 2537 1781 2590 inlirma.
1804 2536 1919 2590 Non
1956 2552 2086 2607 ergo

510 2646 546 2686 a
596 2632 739 2686 bono
789 2630 1127 2686 substantiali
1176 2630 1243 2683 ad
1292 2628 1490 2682 malum
1544 2628 1913 2691 substantiale,
1960 2628 2084 2697 quia

515 2718 658 2774 Itulla
690 2720 991 2775 substantia
1019 2719 1218 2773 malum
1263 2726 1367 2783 est,
1398 2718 1490 2772 sed
1522 2733 1550 2771 a
1591 2718 1732 2771 bono
1773 2724 1989 2771 aeterno
2018 2716 2084 2771 ad

511 2807 711 2862 bonum
742 2806 1060 2876 temporale,
1099 2822 1129 2859 a
1171 2806 1314 2860 bono
1343 2803 1608 2874 spirituali
1639 2805 1704 2859 ad
1735 2804 1930 2857 bonum
1960 2820 2082 2858 car-

513 2897 659 2962 nale,
687 2913 718 2951 a
740 2898 884 2952 bono
911 2896 1232 2967 intelligibili
1260 2897 1331 2951 ad
1359 2896 1557 2949 bonum
1588 2894 1858 2959 sensibile,
1887 2909 1916 2947 a
1944 2896 2087 2949 bono

514 3001 730 3040 summo
753 2987 820 3039 ad
860 2988 1061 3041 bonum
1088 2985 1353 3039 intimum.
1384 2985 1479 3039 Est
1508 2984 1670 3054 igitur
1695 2985 1960 3053 quoddam
1991 2984 2087 3038 bo-

515 3092 669 3135 num,
696 3074 838 3143 quod
865 3074 909 3128 si
933 3075 1118 3143 diligat
1148 3073 1168 3103 ²
1206 3073 1383 3126 anima
1404 3073 1696 3137 rationalis,
1719 3081 1927 3141 peccat,
1957 3074 2080 3140 quia

522 3165 660 3218 infra
708 3164 848 3217 illaut
887 3164 1191 3218 ordinatum
1228 3173 1326 3217 est.
1362 3164 1539 3228 Quare
1587 3163 1758 3232 ipsum
1804 3175 2083 3231 peceatum

521 3250 718 3305 malum
749 3259 848 3313 est,
875 3265 980 3303 non
1028 3265 1089 3304 ea
1120 3250 1433 3314 substantia,
1477 3266 1616 3318 quae
1654 3252 1931 3320 peccando
1958 3251 2084 3305 dili-

513 3341 680 3410 gitur.
709 3339 825 3409 Non
851 3353 979 3408 ergo
1002 3340 1166 3393 arbor
1192 3339 1278 3393 illa
1305 3340 1499 3393 malum
1531 3341 1552 3372 ³
1586 3352 1691 3404 εει,
1723 3356 1862 3411 quae
1886 3342 1939 3395 in
1974 3357 2087 3395 me-

506 3428 604 3482 dio
655 3428 907 3495 paradiso
940 3425 963 3459 δ
1001 3427 1237 3497 plantata
1286 3427 1454 3500 [esse]
1497 3428 1522 3462 ⁸
1561 3430 1838 3495 scribitur,
1866 3431 1960 3484 sed
2000 3430 2083 3485 di-

507 3518 624 3571 vini
652 3518 923 3587 praecepti
954 3520 1482 3589 transgres'sio,quae
1511 3536 1634 3575 eum
1663 3531 2084 3590 consequentem

513 3607 892 3677 babetjustam
923 3610 1347 3675 damnationem,
1371 3612 1633 3681 contingit
1656 3628 1725 3667 ex
1755 3612 1841 3667 illa
1870 3613 2081 3679 arbore,

509 3713 655 3767 quae
677 3706 867 3753 contra
897 3699 1120 3753 vetitum
1146 3708 1283 3754 tacta
1307 3709 1412 3763 est,
1439 3701 1807 3770 dignoscentia
1830 3702 1852 3732 °
1878 3703 2001 3757 boni
2032 3712 2086 3759 et

514 3788 666 3851 mali,
708 3788 833 3856 quia
857 3803 981 3843 cum
1012 3803 1111 3842 suo
1140 3802 1363 3858 peccato
1392 3791 1567 3843 anima
1597 3791 1758 3844 fuerit
1792 3792 2080 3861 implicata,

517 3877 715 3932 tuendo
743 3892 944 3946 poenas
968 3879 1147 3942 discit,
1179 3881 1306 3949 quid
1331 3880 1543 3933 intersit
1570 3881 1708 3934 inter
1719 3891 2083 3952 praeceptum,

520 3967 664 4034 quod
687 3969 956 4021 custodire
981 3969 1170 4033 noluit,
1194 3979 1559 4039 etpcecatum,
1583 3972 1726 4041 quod
1746 3971 1900 4038 fecit;
1925 3981 2088 4042 atque

519 4058 623 4112 hoc
646 4058 803 4113 modo
833 4060 1050 4125 malum,
1081 4062 1223 4130 quod
1256 4064 1494 4116 cavendo
1541 4077 1647 4117 non
1679 4063 1880 4127 didicit,
1929 4063 2088 4119 discit

512 4148 819 4214 sentiendo,
846 4157 901 4204 et
922 4151 1143 4214 bonum,
1172 4152 1313 4219 quod
1336 4165 1440 4205 non
1465 4152 2085 4223 obtemperando'minus

519 4237 799 4307 diligebat,
825 4240 1102 4294 ardentius
1131 4240 1301 4311 diligit
1322 4242 1705 4310 comparando.
1735 4242 1927 4297 Vitium
1957 4256 2086 4313 ergo

518 4328 736 4380 animae
762 4337 865 4392 est,
894 4331 1036 4398 quod
1074 4328 1221 4394 fecit,
1251 4339 1304 4384 et
1335 4328 1617 4385 difﬁcultas
1643 4346 1710 4386 ex
1743 4332 1874 4385 vitio
1912 4345 2084 4402 poena

2177 559 2346 614 Stilus
2384 557 2593 635 ferreus
2625 557 2729 611 alia
2766 566 2940 631 parte,
2971 570 3079 625 qua
3122 556 3444 620 scribamus,
3476 548 3607 622 alia,
3641 573 3748 626 qua

2166 650 2469 714 deleamus,
2511 664 2540 702 a
2576 648 2731 703 fabro
2768 646 2941 701 factus
2965 656 3070 713 est,
3107 655 3160 701 et
3190 646 3244 701 in
3272 661 3369 701 suo
3408 660 3607 716 genere
3630 646 3749 718 pul-

2174 742 2327 804 cher,
2342 748 2397 794 et
2417 740 2484 794 ad
2500 754 2655 794 usum
2673 748 2913 793 nostrum
2937 737 3379 792 accommodatus
3406 754 3420 791 :
3446 744 3501 791 at
3531 737 3575 790 si
3600 738 3749 807 quis-

2174 831 2320 900 piam
2347 846 2407 885 ea
2426 838 2580 899 parte
2605 830 2860 892 scribere,
2888 844 2994 898 qua
3023 828 3250 893 deletur,
3295 837 3351 883 et
3377 841 3440 882 ea
3488 828 3615 883 velit
3655 830 3756 894 des

2175 920 2306 984 lere,
2331 936 2433 989 qua
2464 920 2737 984 scribitur,
2761 919 2908 974 nullo
2930 919 3091 974 modo
3111 918 3291 974 stilum
3306 918 3503 973 malum
3536 919 3757 988 fecerit,’

2176 1027 2302 1067 eum
2332 1014 2503 1080 ipsum
2530 1010 2733 1081 factum
2759 1012 2881 1080 jure
2914 1011 3267 1079 vituperetur.
3290 1008 3448 1076 Quod
3495 1010 3541 1085 si
3562 1011 3751 1089 corri-

2178 1113 2290 1172 gat,
2320 1100 2407 1154 ubi
2448 1101 2553 1154 erit
2577 1099 2815 1154 malum?
2847 1092 2902 1153 Si
2958 1099 3079 1167 quis
3118 1107 3352 1168 drepente
3384 1100 3745 1156 meridianum

2086 1198 2095 1203 ‘
2179 1191 2651 1251 solentiutueatur,
2672 1188 2970 1257 repercussi
2987 1187 3126 1242 oculi
3159 1189 3535 1244 turbabuntur.
3572 1190 3749 1263 Num'

2179 1280 2300 1334 ideo
2325 1287 2417 1332 aut
2437 1278 2514 1332 sol
2539 1278 2737 1331 malum
2761 1278 2885 1343 erit,
2912 1284 3003 1330 aut
3022 1277 3198 1331 oeuli?
3223 1277 3379 1332 Nullo
3403 1280 3591 1343 modo,
3624 1291 3752 1335 sunt

2178 1369 2320 1421 enim
2357 1366 2708 1420 substantiae.
2741 1365 2848 1419 Sed
2888 1365 3091 1420 malum
3118 1374 3203 1421 est
3222 1366 3560 1421 inordinatus
3591 1383 3750 1436 aspe-

2176 1467 2323 1522 ctus,
2348 1468 2404 1512 et
2449 1456 2585 1528 ipsa,
2625 1471 2765 1526 quae
2815 1458 3184 1526 consequitur,
3225 1457 3578 1528 perturbatio,
3609 1458 3749 1528 quod

2180 1549 2379 1604 malum
2403 1564 2508 1603 non
2532 1548 2656 1613 erit,
2683 1563 2805 1603 cum
2831 1547 2972 1602 oeuli
2994 1546 3198 1602 fuerint
3228 1548 3479 1611 recreati,
3503 1556 3558 1603 et
3578 1548 3751 1603 lucem

2181 1652 2334 1690 suam
2365 1645 2721 1706 congruenter
2759 1636 3076 1705 aspexerint
3098 1648 3122 1677 ο
3158 1656 3203 1692 ι.
3253 1637 3316 1690 Ει
3358 1636 3516 1706 paulo
3543 1639 3668 1692 ante
3697 1639 3751 1692 in

2182 1727 2372 1781 eodem
2404 1743 2419 1779 :
2466 1745 2484 1777 ι
2517 1725 2573 1780 Si
2613 1726 2915 1795 quaeritur,
2946 1727 3066 1795 quis
3095 1725 3630 1803 instituerit'corpus,
3664 1726 3754 1781 ille

2181 1826 2493 1887 quaeratur,
2536 1818 2626 1886 qui
2655 1826 2739 1872 est
2774 1818 3012 1871 omnium
3060 1817 3491 1887 speeiosissimus
3527 1836 3540 1871 :
3575 1818 3753 1874 omnis

2179 1898 2323 1960 enim
2365 1905 2573 1975 species
2615 1905 2683 1960 ab
2724 1905 2814 1959 illo
2857 1914 2961 1960 est.
3010 1905 3142 1972 Quis
3188 1913 3270 1960 est
3299 1913 3478 1959 autem
3509 1906 3619 1971 hic,
3649 1907 3754 1961 nisi

2180 2012 2321 2051 unus
2344 1998 2507 2062 Deus,
2538 2012 2645 2052 una
2672 1997 2895 2061 veritas,
2918 2011 3022 2050 una
3050 1997 3195 2051 salus
3218 1997 3481 2062 omnium,
3505 2005 3561 2051 et
3581 1999 3754 2066 prima

2179 2098 2344 2159 atque
2386 2097 2594 2142 summa
2630 2090 2886 2153 essentia,
2916 2102 2982 2143 ex
3011 2103 3115 2158 qua
3162 2096 3246 2143 est.
3273 2101 3451 2153 omne,
3497 2087 3755 2158 quidquid

2180 2188 2285 2243 est,
2310 2179 2362 2232 in
2394 2186 2650 2248 quantum
2682 2187 2782 2239 εει,
2813 2179 2962 2248 quia,
2999 2178 3051 2232 in
3083 2186 3340 2249 quantum
3365 2184 3467 2241 est,
3496 2177 3755 2247 quidquid

2180 2277 2282 2330 est,
2322 2269 2521 2321 bonum
2558 2276 2660 2322 est.
2698 2266 2766 2321 Et
2795 2268 2914 2323 ideo
2947 2281 3016 2322 ex
3056 2266 3167 2322 Deo
3190 2282 3297 2321 non
3328 2274 3410 2322 est
3433 2283 3606 2330 mors;
3652 2284 3756 2321 non

2181 2356 2318 2408 enim
2350 2355 2489 2408 Deus
2509 2369 2722 2409 mortem
2750 2354 2888 2424 fecit,
2918 2370 3010 2408 nec
3034 2353 3261 2408 laetatur
3287 2356 3340 2409 in
3361 2354 3647 2424 perditione
3675 2354 3755 2407 vi-

2182 2459 2362 2497 rorum
2396 2441 2440 2508 τ,
2470 2443 2730 2512 quoniam
2748 2457 2956 2523 summa
3002 2442 3235 2499 essentia
3267 2442 3402 2498 facit
3427 2457 3545 2516 esse
3573 2456 3753 2508 omne,

2183 2533 2325 2603 quod
2347 2540 2448 2597 est,
2481 2534 2621 2587 unde
2648 2541 2703 2588 et
2738 2532 2969 2588 essentia
3000 2533 3218 2588 dicitur.
3257 2532 3400 2587 Mors
3431 2541 3611 2588 autem
3649 2547 3756 2586 non

2183 2640 2302 2680 esse
2322 2627 2484 2695 cogit,
2508 2625 2765 2695 quidquid
2790 2625 3040 2690 moritur,
3064 2624 3141 2697 [in
3165 2633 3422 2694 quantum
3446 2621 3753 2695 moritur’].

2184 2712 2318 2767 Nam
2356 2714 2404 2767 si
2427 2729 2510 2775 ea,
2536 2727 2673 2782 quae
2700 2713 3025 2779 moriuntur,
3053 2714 3267 2783 penitus
3293 2722 3653 2779 morerentur,
3689 2715 3757 2769 ad

2184 2806 2409 2860 nihilum
2440 2805 2557 2859 sine
2578 2803 2740 2857 dubio
2763 2803 3123 2872 pervenirent.
3148 2802 3255 2857 Sed
3282 2811 3490 2857 tantum
3518 2803 3760 2859 moriun-

2187 2907 2290 2960 tur,
2321 2887 2771 2964 quantuni‘minus
2795 2881 3062 2948 esseniiae
3084 2893 3428 2963 participant.
3457 2892 3609 2960 Quod
3631 2895 3755 2948 bre-

2184 2986 2305 3040 vius
2332 2986 2403 3038 ita
2431 2983 2532 3038 dici
2553 2990 2755 3053 potest:
2785 2990 2935 3041 tanto
2950 2982 3120 3054 magis
3147 2980 3191 3014 ι’
3214 2981 3536 3047 moriuntur,
3558 2992 3759 3052 quanto

2189 3065 2366 3129 minus
2410 3081 2555 3128 sunt.
2608 3072 2817 3143 Corpus
2861 3081 3041 3125 autem
3090 3071 3269 3126 minus
3297 3079 3400 3136 est,
3448 3085 3611 3140 quam
3647 3069 3759 3124 vita

2186 3166 2478 3237 quaelibet,
2505 3165 2780 3234 quoniam,
2798 3163 3328 3233 quantulumcunque
3350 3170 3532 3217 manet
3556 3162 3610 3216 in
3639 3176 3762 3231 spe-

2138 3274 2149 3283 ·
2184 3258 2288 3321 cie,
2320 3271 2416 3325 per
2438 3256 2602 3309 vitam
2650 3264 2847 3319 manet,
2881 3253 2994 3309 sive
3031 3268 3136 3323 qua
3174 3253 3594 3323 unumquodque
3643 3251 3762 3305 aui-

2185 3349 2439 3413 mal,sive
2467 3363 2569 3418 qua
2615 3347 2865 3400 universa
2896 3355 3087 3399 natura
3115 3344 3297 3399 mundi
3328 3344 3758 3399 administratur.

2181 3440 2392 3510 Corpus
2415 3454 2542 3509 ergo
2580 3438 2750 3507 magis
2775 3434 3017 3505 subjacet
3064 3434 3243 3497 morti,
3286 3441 3342 3487 et
3379 3433 3501 3488 ideo
3531 3431 3761 3486 vicinius

2182 3537 2267 3583 est
2294 3527 2477 3581 nihilo.
2507 3527 2846 3595 Quapropter
2868 3525 2999 3589 vita,
3023 3538 3161 3593 quae
3192 3521 3366 3577 fructu
3390 3521 3634 3591 corporis
3664 3522 3758 3575 de-

2185 3618 2378 3672 lectata
2416 3616 2635 3687 negligit
2661 3615 2702 3649 ιι
2736 3615 2924 3683 Deum.
2974 3613 3263 3669 inclinatur
3308 3612 3377 3669 ad
3418 3612 3667 3675 nihilum,
3705 3617 3762 3664 et

2185 3707 2288 3761 ista
2311 3717 2394 3762 est
2422 3707 2676 3775 nequitia.
2706 3703 2819 3759 Hoc
2846 3702 2986 3758 facto
3022 3712 3204 3758 autem
3232 3703 3280 3746 ι’
3317 3701 3425 3756 vita
3448 3701 3682 3757 carnalis
3707 3709 3761 3754 et

2184 3805 2398 3850 terrena
2430 3794 2679 3860 elItcitur,
2713 3800 2769 3847 et
2791 3794 2860 3848 ob
2887 3794 2990 3847 hoc
3017 3794 3179 3853 etiam
3210 3806 3338 3846 caro
3384 3799 3439 3845 et
3480 3803 3623 3861 terra
3664 3805 3761 3843 no-

2186 3887 2440 3950 minatur,
2469 3892 2523 3938 et
2544 3884 2797 3954 quamdiu
2840 3883 2912 3936 ita
2942 3891 3043 3947 est,
3072 3897 3293 3951 regnum
3326 3880 3418 3935 Dei
3448 3895 3553 3935 non
3591 3878 3759 3950 possi-

2184 3977 2333 4032 debit
2369 3978 2415 4042 ε,
2454 3985 2511 4030 et
2547 3975 2776 4043 eripitur
2809 3974 2880 4038 ei,
2909 3973 3051 4042 quod
3101 3978 3267 4025 amat.
3307 3969 3365 4025 Id
3399 3971 3542 4023 enim
3590 3979 3756 4034 amat,

2185 4065 2327 4136 quod
2370 4073 2426 4119 et
2455 4064 2630 4117 minus
2658 4070 2759 4127 est,
2787 4076 2948 4131 quam
2991 4060 3120 4125 vita,
3167 4058 3291 4126 quia
3326 4072 3522 4125 corpus
3551 4065 3652 4119 est,
3706 4065 3761 4110 et

2182 4162 2403 4225 propter
2431 4150 2605 4220 ipsum
2640 4158 2943 4218 peccatum,
2966 4161 3076 4215 quo
3110 4156 3342 4210 amatur,
3389 4143 3449 4196 lit
3487 4144 3754 4213 corrupti-

2184 4244 2310 4307 bile,
2333 4252 2389 4297 ut
2409 4240 2624 4296 ﬂuendo
2650 4238 2866 4294 deserat
2889 4246 3181 4290 amatorem
3210 4249 3386 4300 suum,
3414 4233 3540 4301 quia
3576 4242 3630 4287 ει
3669 4234 3756 4288 ille

2185 4334 2289 4391 hoc
2302 4330 2531 4386 amando
2552 4327 2791 4382 deseruit
2812 4327 3000 4380 Deum.
3022 4322 3314 4391 Praecepta
3337 4320 3479 4375 enim
3510 4322 3629 4390 ejus
3656 4337 3752 4376 ne-

523 4424 627 4480 est,
667 4431 825 4485 quam
852 4421 1050 4489 patitur
1087 4422 1130 4473 '.
1176 4422 1240 4474 Et
1266 4419 1371 4474 hoc
1408 4429 1491 4474 est
1529 4430 1695 4475 totum
1725 4421 1947 4476 malum.
1975 4422 2079 4476 Fa-
2113 4459 2163 4519 ο
2187 4427 2338 4499 gligit
2364 4423 2407 4465 ι³
2439 4420 2666 4477 dicentis
2703 4434 2715 4471 :
2752 4417 2865 4472 Hoc
2891 4415 3174 4477 manduca,
3202 4421 3257 4466 et
3286 4412 3387 4467 hoc
3412 4411 3542 4465 noli.
3567 4410 3758 4503 Trahi:

518 4518 648 4559 cere
677 4516 854 4562 autem
882 4518 942 4564 et
964 4509 1083 4578 'pati
1134 4524 1240 4564 non
1281 4510 1578 4565 substantia
1609 4518 1711 4565 est.
1747 4510 2085 4582 Quapropter

520 4596 820 4652 substantia
846 4613 952 4653 non
983 4607 1066 4654 est
1096 4599 1316 4653 malum.
1350 4599 1441 4654 Sic
1466 4600 1609 4654 enim
1656 4615 1755 4655 nec
1798 4615 1934 4669 aqua
1967 4615 2082 4655 ma—

2186 4486 2417 4583 ;urvergo
2447 4512 2512 4566 ad
2540 4522 2763 4580 poenas,
2798 4504 2922 4575 quia
2952 4503 3221 4573 diligendo
3263 4499 3519 4555 inferiora
3556 4501 3608 4554 in
3640 4486 3757 4571 ege:

2180 4616 2319 4665 state
2348 4603 2393 4636 “
2425 4601 2758 4670 voluptatum
2788 4609 3027 4659 suarum,
3055 4602 3108 4647 et
3134 4594 3186 4647 in
3207 4590 3481 4647 doloribus
3509 4592 3647 4663 apud
3671 4593 3757 4646 in-

514 4684 628 4740 ium
661 4696 764 4752 est,
806 4700 905 4743 nec
939 4687 1329 4757 aninml,,quod
1365 4688 1495 4742 vivit
1535 4690 1587 4743 in
1616 4703 1768 4755 aere;
1796 4686 2083 4745 nam‘isme

2181 4699 2324 4755 feros
2344 4695 2644 4750 ordinatur.
2668 4689 2804 4756 Quid
2832 4694 2914 4742 est
2933 4686 3074 4740 extim
3102 4685 3272 4748 dolor,
3295 4683 3398 4768 qui
3415 4684 3611 4739 dicitur
3636 4701 3759 4740 eor-

514 4775 845 4831 substantiae
871 4787 994 4832 sunt
1028 4796 1042 4830 :
1072 4778 1163 4833 sed
1188 4777 1384 4832 malum
1408 4778 1800 4835 estvoluntaria
1822 4778 2084 4850 praecipi.

2182 4788 2347 4859 poris,
2374 4783 2475 4839 nisi
2498 4780 2769 4852 corruptio
2798 4778 3075 4848 repentina
3099 4778 3288 4832 salutis
3315 4776 3430 4847 ejus
3455 4776 3553 4840 rei.
3595 4790 3755 4846 quam

1780 4931 1864 4985 VA
1873 4933 2029 4989 ΜΔΕ
2072 4933 2470 4992 LECTIONES.

582 5045 603 5080 ί
633 5039 762 5093 Ead.
794 5039 868 5093 al.
902 5055 972 5112 tu.
999 5041 1075 5112 ad
1096 5055 1265 5112 marg.
1283 5042 1475 5112 adscr.
1515 5039 1795 5112 Peccatum
1830 5058 1862 5095 a
1898 5054 2139 5112 creatura
2166 5063 2268 5101 non
2310 5063 2439 5101 esse.
2516 5046 2535 5075 ⁸
2565 5043 2634 5097 al.
2667 5043 2858 5112 diligit.
2936 5044 2958 5075 ³
2980 5043 3049 5097 al.
3085 5043 3248 5096 mala.
3326 5041 3349 5073 ⁸
3383 5041 3454 5112 al.
3476 5021 3481 5025 ’
3494 5042 3753 5111 paradisi.

513 5109 537 5140 ⁸
561 5124 669 5161 esse
687 5124 796 5184 om.
812 5111 961 5173 cod.,
977 5110 1101 5184 add.
1130 5108 1239 5184 M._'
1260 5108 1456 5184 _°_Cod.
1473 5110 1917 5184 dinoscantia_,_sic
1945 5108 2162 5184 ubique.
2237 5118 2257 5147 '
2282 5115 2413 5170 Ead.
2437 5113 2506 5169 al.
2533 5130 2605 5184 tu.
2631 5115 2699 5167 ad
2723 5108 2895 5184 marg.
2912 5113 3090 5184 adscr.
3114 5112 3294 5184 vitium
3313 5108 3522 5184 annuae
3539 5112 3754 5184 conﬁte-

511 5194 618 5252 tur,
634 5178 770 5252 quod
786 5191 904 5252 ante
919 5181 1169 5252 negavit:
1211 5181 1233 5212 ⁸
1256 5179 1347 5252 Sic
1360 5181 1501 5252 cod.,
1515 5180 1589 5252 _h_l.
1608 5195 1731 5234 non.
1786 5179 1807 5210 ³
1822 5178 2137 5252 inquantimt
2150 5183 2766 5244 moriturom.cod.,add.
2792 5178 2860 5252 ΜΣ

511 5251 555 5286 ιι
573 5247 950 5330 Codmeglegit.
984 5247 998 5250 ⁷
1029 5252 1073 5282 ι’
1116 5249 1206 5305 Sic
1226 5251 1371 5315 cod.,
1504 5249 1619 5305 Hoc
1640 5259 1811 5303 autem
1846 5247 2014 5319 pacto.
2088 5252 2138 5290 ³³
2166 5252 2296 5308 Cod.
2326 5254 2567 5324 neglegit,
2601 5252 2667 5305 Μ.
2698 5249 2938 5320 neglexit.
3017 5248 3056 5288 ³⁵
3095 5247 3226 5302 Cod.
3260 5254 3532 5315 argutula.

2966 5181 3008 5211 “
3042 5178 3232 5249 Cotij.,
3264 5179 3384 5232 cod.
3399 5188 3454 5231 et
3468 5178 3537 5231 Μ.
3556 5180 3749 5234 minus.

2018 5368 2267 5426 NOTAE.

583 5485 610 5513 ι
645 5473 868 5529 Nullum
897 5476 1092 5532 malum
1122 5478 1221 5532 nisi
1246 5494 1310 5532 ea.
1333 5479 1482 5533 bono.
1512 5476 1680 5532 Paun.

584 5541 613 5582 δ
634 5542 823 5598 Matth.
846 5544 956 5609 XII,
980 5549 1052 5604 55

581 5621 607 5650 ο
635 5612 843 5668 Coloss.
871 5616 935 5677 ll,
965 5619 1018 5671 ὅ.

584 5680 611 5720 ἀ
640 5682 810 5737 Eccli.
839 5683 907 5748 Χ,
938 5686 1021 5740 l5.

2260 5492 2284 5552 ἒ
2315 5482 2593 5552 Augustin.
2620 5482 2683 5534 de
2717 5496 2835 5534 vera
2863 5477 3027 5548 Relig.
3052 5494 3100 5532 c.
3127 5476 3219 5531 20.

2264 5551 2283 5588 ι
2319 5550 2448 5620 Sap.
2485 5551 2526 5620 ΙῨ,
2558 5552 2640 5620 ll.

2260 5621 2283 5659 ⁸
2311 5616 2466 5675 lL‘or.
2490 5618 2607 5693 XV,
2630 5616 2719 5672 5οη.
