4194 6276
443 354 544 408 423

1809 341 2089 400 ιοΑΝΝιε
2130 342 2325 400 SCOTI

3563 337 3673 394 424

454 458 577 514 nale
607 455 805 510 utendo
855 454 1032 508 anima
1073 451 1508 520 corruptionibus
1548 451 1844 524 noxiavit?_
1867 452 2006 517 Quid
2033 457 2079 515 Α
2109 453 2176 508 de
2199 469 2305 522 quo
2339 453 2608 509 hominem
2633 452 2812 506 divina
2839 466 2945 506 non
2991 450 3218 507 absolvit
3263 451 3577 518 clementia,
3621 455 3672 508 in

433 556 621 602 autem
657 544 677 576 ί
733 542 900 604 dolor,
924 539 1014 608 qui
1044 540 1240 594 dicitur
1275 541 1462 605 animi,
1489 539 1603 594 .nisi
1625 554 1810 594 carere
1827 547 2005 592 muta-

443 634 638 689 bilibus
682 631 862 694 rebus,
914 627 1107 694 quibus
1151 626 1450 692 fruebatur,
1487 635 1580 681 aut
1619 626 1727 681 frui
1755 641 1813 682 se
1848 639 2008 694 posse

441 719 730 791 sperabat?
747 717 857 772 Hoc
880 715 900 745 ¹
924 723 1008 768 est
1035 715 1378 784 totum,quod
1402 716 1598 770 dicitur
1611 715 1832 779 malum,
1857 714 1909 767 id
1925 725 2009 768 est

441 816 718 876 peccatum
763 811 817 858 et
859 816 1031 872 poena
1080 804 1288 871 peccati
1338 823 1356 852 ι
1413 815 1460 856 α.
1503 803 1764 868 Quocirca
1800 803 2006 856 .divina

424 881 684 964 aequitas
712 907 817 946 non
842 891 1013 959 punit,
1044 891 1185 958 quod
1216 906 1310 944 sua
1334 891 1543 946 bonitas
1569 906 1754 944 creare
1774 892 1960 945 voluit.

508 981 598 1036 V'l.
631 982 824 1037 Procul
853 982 1012 1036 dubio
1037 981 1199 1050 igitur
1244 983 1552 1044 tenendum,
1602 983 1800 1036 nullam
1853 992 2008 1036 natu-

433 1063 556 1131 ram
603 1077 670 1128 ah
697 1074 798 1127 alia
830 1083 1020 1127 natura
1047 1073 1247 1142 puniri,
1278 1088 1340 1127 ac
1372 1089 1466 1143 per
1507 1075 1608 1128 hoc
1642 1075 1840 1129 nullam
1877 1090 2005 1144 poe-

445 1182 566 1220 nam
594 1181 623 1218 a
650 1165 756 1218 Deo
782 1178 901 1216 esse
935 1162 1150 1226 factam,
1179 1162 1508 1231 subindeque
1539 1179 1636 1217 nec
1665 1165 1731 1217 ab
1760 1178 1824 1216 eo
1856 1177 2009 1231 prae-

444 1259 658 1320 scitam,
677 1271 771 1308 nec
791 1254 1243 1324 praedestinatum
1266 1252 1287 1284 ³
1316 1270 1330 1318 ;
1357 1255 1602 1322 quamvis
1618 1269 1777 1322 saepe
1799 1254 2009 1307 dicatur

441 1355 495 1398 et
520 1345 729 1404 feciSse,
763 1352 811 1395 et
838 1343 1156 1410 praescisse,
1178 1342 1261 1395 vel
1285 1343 1727 1410 praedestinasse.
1752 1343 1832 1396 Ad
1855 1358 2010 1396 exer-

442 1436 624 1488 citium
648 1435 843 1502 quippe
866 1443 1078 1486 nostrae
1101 1433 1479 1502 intelligentiae
1507 1432 1646 1486 Deus
1681 1432 2006 1500 procuravit,

442 1535 498 1577 et
528 1525 578 1578 in
612 1523 910 1592 Seripturis
937 1523 1068 1585 suis,
1097 1533 1150 1576 et
1181 1524 1232 1576 in
1265 1521 1648 1577 tractatoribus
1671 1521 1803 1587 ejus,
1830 1531 1889 1574 ut
1915 1537 2010 1573 au-

445 1616 650 1668 dientes
680 1614 812 1666 tales
840 1611 1164 1666 locutionum
1205 1612 1389 1664 modos
1413 1609 1692 1677 cvigilaret
1717 1619 1896 1662 nostra
1927 1608 2010 1661 in-

444 1704 612 1755 tentio
633 1703 697 1754 ad
723 1701 1142 1768 intelligendum,
1169 1701 1295 1768 quid
1313 1698 1334 1728 ⁵
1361 1700 1412 1751 in
1428 1699 1507 1751 eis
1529 1699 1810 1766 mysticum
1826 1697 2008 1761 lateat,

2109 544 2410 613 praesentis
2436 544 2692 612 temporis
2715 542 2894 596 studio
2936 541 3218 597 libidinose
3244 541 3546 598 forinsecus
3570 545 3670 597 mi-

2109 648 2287 687 serum
2314 642 2637 702 peccantem
2687 635 2739 686 in
2779 647 2952 700 eoque
2990 641 3424 700 perseverantem
3450 633 3680 688 delecta-

2112 732 2198 776 tur
2227 725 2250 756 ⁸
2276 763 2293 789 ,
2337 725 2660 778 intrinsecus
2696 738 2825 777 vero
2855 737 2913 776 se
2959 723 3134 790 ipsum
3172 723 3346 790 punit.
3390 723 3447 774 In
3492 721 3675 776 futuro

2107 820 2308 877 autem,
2333 828 2453 865 cum
2485 811 2758 880 plenitudo
2785 810 3076 879 impietatis
3106 817 3320 878 peracta
3351 808 3532 872 fuerit,
3565 828 3675 865 om-

2109 899 2196 953 nia
2221 900 2331 963 illa,
2350 915 2487 968 quae
2516 899 2603 953 hic
2624 898 2858 962 fuerant,
2885 897 3269 952 delectamenta
3299 898 3506 965 peccati
3531 912 3671 951 com-

2109 989 2354 1042 mittendi
2378 987 2486 1042 illic
2513 995 2792 1041 vertentur
2820 987 2872 1040 in
2900 986 3254 1040 instrumenta
3301 988 3507 1052 peccati
3543 1003 3668 1040 eru-

2108 1078 2307 1132 ciandi.
2352 1076 2646 1130 Peccatum
2697 1076 2884 1144 itaque
2929 1076 3149 1129 omnino
3209 1083 3427 1144 peccato
3480 1084 3536 1128 et
3586 1077 3672 1131 hic

2113 1168 2324 1222 occulte
2372 1167 2625 1234 incipitur
2669 1166 2866 1235 puniri,
2910 1172 2965 1218 et
3007 1165 3114 1218 illic
3153 1174 3336 1234 aperte
3370 1166 3674 1234 perficietur

2111 1257 2382 1325 torqueri;
2425 1257 2512 1308 hic
2536 1255 2746 1307 initium
2783 1254 3046 1316 dolorum,
3077 1252 3185 1306 illic
3223 1251 3345 1306 finis
3389 1252 3674 1320 supplicio-

2111 1363 2266 1408 rum;
2300 1346 2388 1400 hic
2419 1346 2548 1398 falsa
2594 1344 2792 1398 laetitia
2823 1343 2887 1397 de
2931 1341 3231 1396 voluntaria
3279 1341 3522 1403 libidine,
3567 1340 3675 1394 illic

2109 1453 2235 1491 vera
2263 1436 2477 1490 tristitia
2508 1436 2575 1488 de
2606 1433 2904 1487 necessaria
2934 1432 3200 1501 passione.
3249 1429 3440 1483 Merito
3477 1431 3673 1498 quippe

2110 1527 2408 1596 perniciosa
2445 1525 2530 1578 hic
2555 1523 2777 1578 dulcedo
2799 1521 3032 1575 libidinis
3055 1521 3161 1573 illic
3187 1529 3429 1573 vertetur
3452 1519 3504 1572 in
3529 1533 3676 1570 aina-

2110 1619 2397 1673 ritudinem
2431 1616 2671 1679 ultionis,
2695 1623 2773 1678 ut,
2795 1613 2920 1682 quia
2951 1613 3037 1666 hic
3061 1613 3255 1667 donum
3278 1611 3491 1665 divinae
3522 1609 3677 1678 largi-

2111 1709 2257 1771 tatis,
2284 1709 2385 1761 hoc
2397 1717 2500 1769 est,
2532 1706 2753 1758 liberum
2779 1703 3068 1757 voluntatis
3092 1702 3395 1766 arbitrium,
3426 1701 3566 1770 quod
3593 1709 3678 1754 est

445 1807 548 1844 non
598 1791 725 1858 quid
774 1790 1057 1844 verborum
1106 1787 1328 1856 simplex
1375 1787 1689 1855 superficies
1737 1787 2006 1842 ostendat.
2039 1783 2083 1842 Β
2119 1795 2379 1868 naturalis
2408 1793 2787 1863 intelligentiae
2817 1807 3010 1845 munus
3033 1790 3076 1854 ⁸,
3109 1790 3163 1845 id
3186 1798 3269 1844 est,
3289 1789 3487 1843 mentis
3510 1789 3675 1850 acies,

441 1879 591 1945 Quae
618 1893 737 1932 cum
762 1877 833 1931 ita
863 1877 991 1942 sint,
1018 1877 1210 1931 merito
1231 1876 1526 1944 quaeritur,
1559 1875 1685 1943 quid
1716 1876 1934 1945 punitur
1954 1877 2009 1930 in

445 1969 658 2021 miseris
683 1967 1058 2036 suppliciorum
1089 1967 1417 2021 cruciatibus
1441 1966 1758 2036 plectendis,
1789 1979 1843 2021 et
1881 1969 2008 2036 quid

443 2057 619 2126 punit.
642 2055 739 2109 Cui
784 2056 1113 2123 inquisitioni
1152 2057 1340 2109 beatus
1368 2065 1522 2124 pater
1559 2055 1887 2125 Augustinus
1927 2071 2011 2110 re-

445 2147 725 2216 stiondeat,
757 2145 866 2219 qui
905 2145 958 2197 in
998 2144 1331 2213 expositione
1370 2143 1558 2213 psalmi
1606 2145 1816 2212 septimi
1863 2145 1884 2176 ⁵
1933 2145 2012 2200 sic

445 2238 522 2290 ait
566 2256 579 2290 :
624 2254 642 2286 ι
686 2235 1066 2304 lntelligamus,
1100 2233 1384 2302 unicuique
1436 2234 1636 2288 homini
1693 2234 2008 2303 supplicium

452 2325 566 2378 fieri
607 2325 672 2378 de
711 2332 930 2392 peccato
962 2338 1078 2387 suo,
1111 2331 1164 2374 et
1193 2321 1308 2391 ejus
1335 2321 1666 2389 iniquitatem
1696 2321 1748 2374 in
1785 2337 2009 2390 poenam

447 2413 707 2478 converti,
739 2429 838 2466 nec
859 2422 1126 2481 putemus,
1159 2411 1302 2464 illam
1331 2411 1765 2480 tranquillitatem
1796 2421 1850 2465 et
1879 2410 2011 2465 inef-

446 2501 605 2555 fabile
631 2501 806 2554 lumen
836 2501 929 2555 Dei
960 2501 1024 2556 de
1047 2515 1104 2556 se
1117 2499 1372 2571 proferre,
1392 2499 1530 2554 unde
1551 2509 1767 2569 peccata
1794 2502 2012 2570 punian-

448 2602 554 2657 tur,
599 2594 689 2648 sed
718 2593 827 2662 ipsa
851 2603 1069 2662 peccata
1100 2592 1180 2646 sic
1205 2591 1478 2655 ordinare,
1519 2597 1597 2653 ut,
1630 2604 1768 2658 quae
1797 2590 2013 2644 fuerunt

447 2683 832 2736 delectatnenta
896 2681 1095 2735 homini
1145 2679 1424 2750 peccanti,
1487 2679 1596 2732 sint
1654 2679 2011 2733 instrumenta

447 2773 672 2826 Domino
702 2772 940 2839 punienti
978 2789 994 2821 ι
1035 2772 1082 2832 b,
1106 2769 1325 2838 pulchre
1346 2769 1561 2838 quidem
1586 2777 1746 2837 atque
1774 2769 2014 2838 praecla-

448 2879 506 2914 re
539 2862 826 2925 deftnicns,
872 2876 976 2914 non
1006 2875 1121 2914 esse
1152 2860 1256 2913 alia
1293 2862 1647 2913 instrumenta
1685 2859 2014 2927 torquendae

447 2951 756 3020 impietatis,
774 2960 989 3020 praeter
1017 2950 1157 3005 illam
1183 2951 1350 3018 ipsam
1378 2949 1726 3019 impietatem.
1754 2949 1923 3004 Omne
1947 2950 2016 3003 si-

447 3039 662 3108 quidem
691 3049 988 3107 peccatum,
1036 3038 1178 3108 quod
1218 3038 1271 3090 in
1315 3038 1416 3092 hac
1462 3039 1572 3091 vita
1623 3037 1906 3092 inchoatur
1949 3041 2016 3094 ab

2112 1901 2274 1956 quam
2298 1885 2542 1939 conditor
2577 1883 2824 1936 omnibus
2866 1879 3191 1949 generaliter
3233 1879 3452 1934 donavit
3497 1878 3562 1930 ad
3619 1889 3678 1930 se

2111 1975 2495 2046 quaerendum,
2521 1971 2865 2040 diligendum,
2896 1967 3200 2030 fruendum,
3234 1968 3288 2020 in
3315 1982 3442 2021 usus
3459 1967 3680 2035 turpitu-

2110 2065 2252 2120 dinis
2279 2072 2484 2117 tnutare
2512 2057 2869 2128 superbiendo
2893 2055 3221 2125 nequissime
3251 2054 3512 2116 voluerat,
3545 2053 3675 2117 illic,

2110 2171 2179 2211 ne
2199 2155 2416 2208 omnino
2435 2151 2675 2206 veritatis
2701 2151 2978 2204 honestate
3004 2146 3233 2210 fruatur,
3253 2143 3461 2212 justitia
3487 2144 3532 2176 ⁸⁸
3559 2160 3678 2213 per.

2110 2246 2219 2308 dat,
2247 2252 2301 2296 et
2321 2258 2385 2296 eo
2407 2254 2625 2295 carcere
2650 2237 2950 2306 iniquitatis
2971 2235 3239 2306 propriae,
3270 2234 3322 2287 in
3344 2249 3450 2302 quo
3480 2233 3570 2289 hic
3616 2247 3676 2288 se

2112 2337 2282 2406 ipsum
2304 2333 2612 2394 incluserat,
2631 2328 2878 2384 tenebras
2897 2338 3146 2380 aeternae
3170 2325 3504 2392 ignorantiae
3531 2325 3680 2378 inex-

2111 2422 2427 2479 tricabiliter
2452 2419 2854 2491 poenaliterque
2878 2431 2984 2470 non
2999 2415 3181 2469 evitet.

2184 2512 2313 2566 Vlll.
2354 2511 2490 2565 Hinc
2517 2507 2847 2577 Augustinus
2870 2505 2923 2558 in
2955 2505 3092 2558 libro
3115 2504 3183 2558 de
3209 2518 3335 2558 vera
3364 2502 3641 2573 Religione
3665 2519 3678 2553 :

2119 2624 2135 2656 ι
2154 2603 2258 2671 Qui
2275 2617 2402 2672 ergo
2423 2620 2467 2664 ι,
2486 2598 2676 2666 inquit,
2701 2615 2719 2646 ‹
2742 2595 2878 2650 male
2893 2603 3114 2648 utuntur
3132 2602 3281 2647 tanto
3299 2592 3494 2647 mentis
3519 2593 3679 2654 bono,

2114 2701 2174 2748 ut
2220 2700 2372 2745 extra
2411 2703 2529 2742 eam
2573 2685 2803 2740 visibilia
2844 2683 3011 2753 magis
3045 2691 3330 2751 appetant,
3379 2679 3571 2748 quibus
3611 2679 3680 2730 ad

2113 2778 2491 2848 conspicienda
2524 2784 2578 2829 et
2603 2775 2862 2844 diligenda
2893 2770 3241 2841 iutelligibilia
3264 2768 3678 2824 commemorari

2114 2871 2439 2930 debuerunt,
2470 2865 2742 2919 dabuntur
2763 2863 2842 2916 eis
2866 2861 3160 2916 exteriores
3190 2857 3460 2920 tenebrae,
3487 2857 3682 2910 harum

2115 2959 2311 3027 quippe
2343 2956 2553 3010 initium
2584 2962 2667 3007 est
2690 2951 2871 3005 carnis
2895 2949 3177 3018 prudentia
3206 2957 3260 3000 et
3290 2961 3539 3002 sensuum
3565 2961 3686 2999 cor-

2120 3062 2406 3116 porcorum
2455 3042 2886 3106 imbecillitas“,
2933 3048 2989 3093 et
3031 3039 3122 3106 qui
3169 3038 3550 3092 certaminibus
3589 3037 3686 3090 de-

448 3130 664 3183 homine
709 3128 1114 3192 delectabiliter,
1164 3127 1440 3196 perficitur
1473 3127 1526 3181 in
1575 3128 1759 3181 futuro
1786 3129 2020 3196 poenali-
2047 3124 2090 3184 C
2123 3136 2412 3196 lectantur,
2445 3133 2820 3186 alienabuutur
2859 3145 2887 3182 a
2930 3141 3092 3196 pace,
3124 3137 3178 3179 et
3207 3127 3431 3179 summis
3461 3123 3688 3178 ditlicul-

447 3227 533 3270 ter
580 3217 623 3280 °,
660 3217 759 3271 nisi
791 3217 858 3271 ab
885 3232 949 3271 eo
987 3217 1156 3284 gratia
1185 3215 1362 3268 divina
1385 3231 1480 3284 per
1516 3213 1700 3269 Jesum
1740 3216 2013 3270 Christum

453 3309 738 3362 Dominum
782 3317 837 3360 et
865 3306 1186 3361 salvatorem
1232 3306 1412 3359 mutuli
1465 3305 1792 3369 liberaverit,
1843 3307 2016 3375 prius-

455 3415 616 3465 quam
642 3398 707 3452 de
737 3397 836 3450 hoc
883 3395 1062 3450 seculo
1099 3403 1424 3448 transeatur.
1452 3393 1662 3446 Nullum
1689 3404 1866 3448 autem
1890 3409 2016 3464 pec-

454 3498 635 3542 catum
653 3496 756 3550 est,
780 3487 1040 3556 quodnon
1060 3493 1370 3553 peccantem
1391 3483 1596 3552 puniat.
1620 3483 1675 3538 In
1704 3485 1848 3537 omni
1875 3485 2017 3537 enim

451 3575 1190 3648 peccatoresitnulincipiunt
1216 3575 1344 3628 oriri
1371 3585 1424 3628 et
1446 3582 1744 3642 peccatum,
1773 3583 1828 3626 et
1849 3589 2020 3642 poena

391 3665 400 3670 ’
452 3667 589 3734 ejus,
613 3666 742 3736 quia
771 3664 972 3718 nullum
995 3673 1272 3734 peccatum
1302 3673 1406 3729 est,
1433 3663 1574 3733 quod
1599 3680 1702 3717 non
1749 3679 1807 3718 se
1847 3665 2018 3732 ipsum

453 3757 660 3828 puniat,
693 3753 904 3809 occulte
935 3763 1111 3808 tamen
1147 3753 1199 3806 in
1251 3753 1353 3807 hac
1398 3753 1529 3818 \ita,
1576 3762 1759 3822 aperte
1804 3769 1929 3807 vero
1968 3754 2019 3806 in

453 3849 646 3912 altera,
679 3861 816 3915 quae
845 3851 927 3898 est
955 3842 1153 3898 futura.

503 3936 633 3990 '\'ll.
663 3935 814 4002 Quod
853 3933 1288 3988 manifestissime
1331 3932 1593 4002 probatur
1628 3931 1842 3988 virtutis
1869 3947 2024 3998 argu-

457 4038 658 4083 mento.
709 4026 895 4082 Omnis
921 4026 1114 4096 quippe
1140 4026 1309 4079 virtus
1342 4039 1560 4078 necesse
1589 4033 1673 4078 est
1699 4025 1750 4077 in
1795 4025 1896 4077 hac
1919 4025 2021 4077 vita

457 4118 641 4184 incipi,
665 4117 797 4171 et'in
824 4115 1004 4169 futuro
1033 4114 1350 4185 perpetrari,
1394 4114 1464 4166 ita
1491 4123 1566 4177 ut,
1599 4113 1642 4166 si
1682 4128 1806 4167 vera
1832 4115 1922 4177 sit,
1953 4115 2025 4168 si-

460 4207 568 4259 mul
597 4223 718 4260 cum
744 4221 806 4259 ea
833 4206 1106 4259 beatitudo
1134 4219 1226 4258 sua
1265 4204 1475 4258 initium
1515 4203 1770 4257 sortiatur
1794 4205 2023 4268 occulte,

461 4309 648 4368 aperte
674 4313 800 4354 vero
834 4298 1072 4353 laborem
1113 4305 1334 4367 prepter
1361 4297 1698 4350 adversantia
1728 4295 1849 4359 sibi,
1876 4311 2026 4350 eam-

459 4407 562 4459 que
593 4392 806 4460 penitus
836 4390 1048 4444 auferre
1089 4390 1339 4444 volentia.
1384 4389 1450 4442 Et
1474 4391 1576 4443 hoc
1615 4390 1668 4443 in
1707 4387 1864 4454 hujus
1885 4390 2025 4442 vitae

2120 3227 2321 3279 tatibus
2350 3221 2786 3291 implicabuntur.
2829 3218 3045 3271 Initium
3085 3216 3230 3270 enim
3275 3229 3515 3268 summae
3547 3213 3685 3266 dilli-

2118 3317 2260 3371 culta
2271 3316 2337 3368 tis
2360 3322 2444 3367 est
2465 3310 2660 3366 bellum
2685 3321 2844 3376 atque
2865 3307 3164 3369 contentio,
3186 3315 3241 3358 et
3262 3305 3363 3358 hoc
3389 3303 3691 3374 signiﬁcare

2121 3405 2376 3466 arbitror,
2406 3400 2549 3469 quod
2579 3399 2809 3468 ligantur
2837 3398 2911 3450 eis
2938 3411 3125 3448 manus
3158 3403 3204 3448 et
3242 3393 3395 3463 pedes
3418 3403 3465 3456 ε,
3504 3393 3555 3447 id
3585 3402 3690 3457 est,

2122 3494 2350 3548 facilitas
2382 3490 2559 3547 omnis
2589 3487 2831 3541 aufertur
2869 3485 3158 3555 operandi,
3205 3492 3260 3538 et
3303 3484 3392 3552 qui
3441 3483 3592 3537 sitire
3637 3489 3693 3535 et

2121 3583 2330 3638 esurire
2358 3579 2562 3640 Volunt,
2590 3586 2646 3630 et
2672 3577 2724 3629 in
2753 3574 3031 3629 libidinem
3073 3574 3358 3628 ardescere
3399 3580 3455 3625 et
3496 3570 3693 3625 defati-

2124 3673 2262 3744 gari,
2290 3679 2348 3725 ιιι
2377 3670 2605 3723 libenter
2633 3667 2814 3729 edant,
2845 3674 2900 3719 et
2928 3665 3132 3726 bibant,
3150 3673 3205 3717 et
3229 3662 3609 3724 concumbant,
3639 3667 3696 3713 et

2127 3760 2422 3823 dormiant,
2442 3766 2625 3810 amant
2650 3755 3020 3823 indigentiam,
3045 3753 3187 3821 quod
3207 3761 3291 3806 est
3315 3751 3523 3805 initium
3549 3765 3695 3802 sum-

2124 3865 2337 3904 morum
2359 3847 2624 3902 dolorum.
2657 3844 2970 3898 Perficietur
2988 3857 3122 3912 ergo
3144 3842 3196 3896 in
3223 3841 3303 3895 eis
3323 3839 3462 3908 quod
3489 3845 3693 3902 amant,

2127 3950 2181 3993 ut
2223 3939 2292 3991 ibi
2333 3937 2406 3991 eis
2452 3935 2517 3988 sit
2557 3933 2790 4003 ploratus
2834 3942 2879 3986 et
2929 3932 3124 3985 stridor
3168 3929 3468 3984 dentiumd.
3510 3927 3698 3982 Plures

2125 4029 2270 4084 enim
2301 4035 2448 4089 sunt,
2481 4025 2571 4094 qui
2605 4025 2738 4077 haec
2769 4022 2950 4076 omnia
2984 4021 3134 4074 initia
3171 4017 3328 4074 simul
3359 4017 3604 4085 diligunt,
3643 4027 3698 4071 et

2127 4133 2353 4186 quorum
2389 4114 2498 4167 vita
2529 4121 2612 4166 est
2641 4118 2908 4180 spectare,
2952 4106 3296 4172 contendere,
3345 4107 3696 4169 manducare,

2126 4208 2332 4268 bibere,
2363 4202 2738 4261 concumbere,
2769 4198 3024 4262 dormire,
3055 4205 3110 4251 et
3153 4196 3206 4248 in
3245 4194 3574 4264 cogitatione
3602 4208 3697 4247 sua

2127 4295 2260 4350 nihil
2285 4291 2450 4358 aliud,
2477 4305 2636 4360 quam
2666 4289 3217 4358 pltantasmata,quae
3243 4285 3309 4339 de
3337 4283 3428 4338 tali
3457 4283 3563 4337 vita
3595 4282 3700 4336 col-

2130 4386 2322 4455 figunt,
2352 4380 2646 4449 amplexari
2675 4419 2690 4444 ,
2725 4387 2780 4432 et
2809 4393 2877 4432 ex
2903 4393 3090 4432 eorum
3121 4375 3333 4430 fallacia
3369 4371 3703 4441 superstitio-

459 4485 634 4550 spatio
665 4482 778 4535 fieri
819 4496 1032 4548 Semper
1052 4480 1360 4535 inevitabile
1385 4490 1486 4534 est.
1513 4479 1570 4532 ln
1627 4495 1691 4533 ea
1741 4493 1863 4532 vero
1893 4480 2024 4541 vita,
2058 4467 2102 4522 Ῐ)
2131 4475 2216 4528 nis
2245 4472 2329 4527 vel
2357 4469 2648 4539 impietatis
2678 4467 2891 4537 regulas
2917 4467 3081 4536 figere
3109 4473 3174 4530 ⁸³,
3207 4466 3400 4533 quibus
3429 4462 3702 4529 decipiun-

460 4572 514 4624 in
545 4585 647 4638 qua
676 4568 852 4622 omnis
877 4569 1048 4635 pietas
1078 4569 1371 4636 perficitur,
1418 4577 1736 4636 consumpto
1766 4568 1909 4622 omni
1951 4567 2026 4619 la-

461 4661 595 4713 bore
607 4657 972 4710 defendendae
997 4656 1228 4720 virtutis,
1259 4658 1371 4725 ipsa
1392 4657 1706 4726 sibimetipsi
1733 4658 1836 4710 erit
1851 4671 1956 4725 pax
1974 4665 2028 4709 et

463 4744 742 4802 beatitudo
769 4743 814 4798 '.
858 4742 949 4799 Sic
983 4743 1144 4813 igitur
1173 4757 1204 4796 e
1225 4745 1499 4800 contrario
1543 4760 1701 4800 omne
1725 4754 2026 4814 peccatum,

2135 4573 2243 4629 tur,
2265 4572 2320 4617 et
2342 4562 2536 4632 quibus
2561 4561 2868 4623 inhaerent,
2899 4558 3112 4612 etiamsi
3139 4557 3206 4610 ab
3233 4553 3499 4608 illecebris
3523 4551 3700 4604 carnis

2134 4661 2394 4710 conentur
2423 4649 2742 4724 [abstinere]
2762 4647 2829 4714 “,
2862 4649 2987 4717 quia
3028 4661 3132 4700 non
3181 4646 3316 4698 bene
3355 4649 3577 4695 utuntur
3616 4648 3697 4688 ta-

2137 4745 2284 4801 lento
2309 4742 2411 4798 sibi
2433 4741 2750 4805 commisso,
2777 4739 2943 4803 idest,
2965 4736 3158 4791 mentis
3173 4734 3306 4798 acie,
3332 4745 3438 4800 qua
3453 4728 3700 4782 videntur

1765 4875 2014 4932 VARIAF.
2052 4871 2449 4929 LECTIONES.

538 4993 557 5024 ³
591 4989 681 5043 Sic
701 4985 843 5050 cod.,
873 4983 1285 5056 al.gcorruptioni
1303 4985 1422 5056 fecit
1448 4987 1740 5042 obnoxiam.
1770 4991 1909 5054 Quid
1941 4998 2016 5043 est
2044 5000 2236 5043 autem.
2309 4989 2329 5020 ²
2375 4987 2467 5044 Sic
2493 4988 2636 5050 cod.,
2673 4985 2742 5040 al.
2771 4991 3097 5056 speraverat:
3116 4979 3339 5056 Utuhoc.
3407 4977 3456 5056 _'.
3486 4974 3687 5056 ll_|a_al_.

468 5078 542 5116 tu.
589 5061 656 5128 ad
692 5045 866 5128 marg.
894 5054 1069 5128 adscr.
1104 5045 1319 5108 Nullani
1348 5073 1566 5128 poenam
1607 5077 1637 5110 (ι
1674 5045 2111 5127 υεῖρναεδεὶιαηι
2145 5076 2234 5112 nec
2263 5045 2720 5128 praedestinatum.
2795 5045 2818 5085 λ
2868 5053 2959 5128 Sic
2994 5051 3146 5128 cod.,
3178 5049 3248 5128 M_.
3272 5047 3469 5128 χαρά..
3517 5047 3538 5077 ⁸
3568 5045 3702 5128 Cod:

468 5113 565 5183 im.
639 5126 660 5156 ⁸
691 5125 779 5178 Illa
802 5113 868 5177 al.
890 5140 958 5195 ιη.
980 5124 1044 5175 ad
1065 5140 1234 5194 marg.
1253 5113 1427 5179 adscr.
1456 5127 1608 5191 Quod
1631 5133 1682 5180 in
1705 5113 1916 5180 hac'vita
1939 5129 2214 5182 inchoatur
2243 5113 2527 5195 peccatum,
2549 5128 2602 5180 in
2631 5113 3162 5195 futuro_per/iciet_ur._
3218 5113 3399 5195 '_Ead.
3421 5114 3498 5195 al.
3530 5131 3602 5168 m.
3637 5113 3703 5167 ad

473 5213 643 5265 marg.
677 5197 852 5248 adscr.
886 5194 1250 5265 beatitudinem
1282 5197 1502 5248 hominis
1528 5199 1734 5249 virtutes
1764 5197 1886 5248 dicit
1915 5213 2043 5251 esse.

391 5291 420 5316 ο
471 5263 645 5322 adscr.
680 5266 872 5318 donum
893 5263 1099 5333 gratiae
1129 5265 1418 5317 naturalem
1459 5266 1581 5317 dicit
1607 5265 2022 5333 intelligentiam.

470 5341 616 5401 cod.,
645 5332 957 5403 aluﬁnger’e.
1035 5332 1078 5362 ⁸³
1105 5333 1361 5388 abstinere
1396 5349 1504 5387 om.
1535 5333 1678 5397 cod.,
1719 5332 1839 5387 add.
1881 5335 1929 5387 Μ

2101 5265 2144 5296 ¹⁶
2184 5265 2274 5320 Sic
2299 5264 2395 5333 M.,
2424 5266 2545 5320 cod.
2559 5257 2816 5333 iustitiae.
2894 5268 2938 5302 ιι
2961 5261 3092 5317 Cod.
3143 5257 3461 5314 imbicilitas.

2117 5198 2138 5228 “
2161 5187 2279 5249 cod.
2308 5187 2606 5258 dilectatur,
2631 5187 2708 5248 Μ.
2741 5187 2976 5248 delectat.
3051 5191 3072 5222 ’
3109 5190 3200 5244 Illa
3221 5188 3290 5242 al.
3331 5202 3402 5240 tn.
3433 5187 3498 5239 ad
3532 5201 3700 5250 marg.

2124 5265 2144 5292 ο
2184 5265 2272 5292 ειη
2299 5264 2346 5292 ιι
2427 5266 2524 5292 ...αι
2570 5265 2797 5292 :..-.:.:....
2894 5268 2936 5292 ιι
2961 5261 3070 5292 ριυι
3143 5257 3441 5292 δηιιήρὸΙὸιηο
3541 5258 3583 5286 η
3617 5254 3700 5292 Sin

3617 5269 3705 5307 διε

1946 5463 2192 5519 NOTAE.

542 5595 573 5660 ’ξ’
608 5594 886 5660 Augustin.
913 5597 1038 5647 ibid.
1062 5611 1110 5648 C-
1150 5585 1203 5660 Π
1221 5625 1232 5642 ν
1251 5583 1360 5660 ⁸12·

548 5653 578 5691 δ
609 5653 742 5731 Aug.
771 5663 822 5712 in
849 5663 980 5728 psal.
1013 5662 1076 5714 Vl
1111 5658 1205 5708 sub
1235 5656 1415 5706 liuet".

2227 5589 2248 5616 ⁸
2291 5572 2663 5633 Mattlt.XX|l,
2699 5574 2784 5626 l5.

2201 5647 2227 5685 ά
2270 5645 2455 5698 Matth.
2484 5643 2620 5706 Xlll,
2655 5643 2742 5695 50.
