4194 6276
517 275 619 331 1⁸25

516 403 724 451 sanies,
757 385 848 456 qui
875 383 1047 447 doetl,
1075 390 1168 435 aut
1197 382 1414 449 urbani,
1433 393 1526 439 aut
1547 386 1704 442 faceti
1727 380 2091 448 neminantur,
2123 388 2168 446 Α

519 477 815 543 excellere;
846 479 938 532 sed
963 478 1165 532 habent
1195 491 1316 532 eam
1346 478 1399 529 in
1417 476 1633 530 sudario
1677 475 1957 545 obligatam
1982 476 1997 504 ¹
2037 486 2086 536 ι,

519 576 613 620 aut
640 567 694 620 in
721 576 859 620 terra
889 567 1128 618 obrutam
1152 567 1202 629 δ,
1240 565 1292 618 id
1323 574 1425 626 est,
1455 565 1696 618 delicatis
1731 575 1786 618 et
1813 562 2091 634 superﬂnis

521 654 700 718 rebus,
736 663 830 707 aut
858 655 1089 708 terrenis
1128 654 1512 723 cupiditatibus
1559 654 1852 707 involutam
1899 663 1949 708 et
1996 669 2094 721 op-

518 760 778 814 pressam.
821 745 1150 815 Ligabnntur
1187 760 1309 814 ergo
1377 745 1458 797 his
1505 760 1692 797 manus
1735 753 1784 796 et
1824 745 1999 813 pedes,
2046 753 2093 796 et

515 839 784 889 mittentur
817 837 872 888 in
908 835 1144 888 tenebras
1179 835 1481 897 exteriores,
1517 834 1586 886 ibi
1616 835 1713 886 erit
1765 834 2004 902 ploratus
2044 841 2093 885 et

512 924 710 978 stridor
753 925 989 977 dentiant
1016 933 1070 986 α,
1117 939 1221 976 non
1268 923 1392 991 quia
1442 923 1553 990 ipsa
1598 921 1930 982 dilexerunt,
1974 921 2096 989 quis

513 1015 659 1066 enim
691 1014 826 1067 haec
856 1014 1072 1082 diligat,
1109 1012 1204 1066 sed
1245 1013 1369 1080 quia
1414 1011 1539 1074 illa,
1585 1025 1722 1079 quae
1766 1009 2094 1074 dilexerunt,

516 1102 672 1155 initia
706 1102 937 1154 istorum
975 1110 1132 1162 sunt,
1176 1109 1232 1153 et
1260 1099 1564 1153 necessario
1605 1098 1931 1152 dilectores”
1969 1111 2097 1150 suos

515 1191 585 1241 ad
619 1190 720 1241 ista
759 1188 1090 1256 perducunt.
1140 1187 1242 1254 Qui
1289 1187 1430 1241 enim
1483 1185 1652 1252 magis
1698 1192 1880 1238 amant
1924 1184 1944 1216 ³
1987 1185 2094 1247 ire,

522 1291 689 1342 quam
730 1274 932 1336 redire,
981 1283 1072 1327 aut
1114 1274 1421 1342 pervenire,
1492 1273 1546 1326 in
1588 1272 1875 1340 longinqua
1902 1272 1923 1303 ⁵
1970 1273 2095 1326 init-

527 1366 674 1418 tendi
704 1374 848 1428 sunt,
883 1364 1133 1431 quoniam
1160 1379 1284 1415 caro
1310 1371 1450 1425 sunt,
1488 1371 1534 1414 et
1562 1361 1774 1428 spiritus
1800 1360 2097 1425 ambulans,

522 1462 570 1507 et
598 1466 702 1502 non
730 1459 982 1503 revertens
1003 1449 1028 1487 ἀ
1057 1468 1096 1503 ι.

546 1543 555 1551 “
595 1536 684 1590 IX.
727 1537 828 1590 Cui
871 1538 1138 1591 consentit
1184 1537 1557 1590 sanctissimus
1614 1535 2098 1603 veracissimusqnc

524 1623 666 1694 Papa
696 1624 986 1694 Gregorius
1019 1626 1072 1678 in
1101 1639 1153 1678 ιι
1187 1624 1325 1678 libro
1359 1625 1409 1677 in
1447 1623 1572 1688 Job,
1605 1639 1910 1693 exponens,
1958 1625 2099 1692 quod

521 1711 783 1780 scriptum
811 1721 893 1766 est
921 1726 937 1765 :
969 1713 1029 1766 Si
1055 1712 1323 1766 incluserit
1349 1711 1632 1776 hominem,
1664 1711 1840 1765 nullus
1873 1721 1972 1775 est,
2007 1713 2096 1780 qui
2133 1707 2174 1764 Β

518 1800 718 1867 aperiat
737 1810 785 1863 ο,
812 1818 831 1850 ι
857 1800 982 1868 quia
1007 1800 1184 1854 omnis
1214 1801 1374 1854 homo
1394 1814 1494 1867 per
1522 1799 1593 1862 id,
1618 1800 1760 1868 quod
1794 1797 1931 1852 male
1964 1798 2096 1867 agit,

517 1889 642 1957 quid
670 1889 776 1943 sibi
807 1888 980 1952 aliud,
1031 1904 1193 1959 quam
1239 1889 1601 1943 conscientiae
1649 1903 1779 1943 suae
1823 1903 2097 1942 carcerem

518 1977 684 2042 facit,
729 1985 789 2031 ut
829 1977 972 2030 Iunio
1016 1978 1231 2030 animae
1261 1977 1283 2008 ‘
1325 1988 1505 2031 reatus
1548 1985 1792 2046 premat,
1841 1977 2004 2030 etiam
2054 1975 2100 2029 si

518 2083 677 2122 nemo
713 2067 956 2123 exterius
981 2076 1200 2122 accusat
1234 2067 1275 2121 ⁸.
1310 2066 1409 2132 Qui
1435 2083 1558 2121 cum
1590 2065 1872 2135 jldlcanle
1903 2066 2014 2120 Deo
2045 2067 2098 2120 in

521 2159 758 2212 malitiae
797 2174 928 2213 suae
958 2159 1220 2212 caecitate
1257 2158 1597 2227 relinquitur,
1637 2157 1789 2226 quasi
1831 2157 1972 2210 intra
2011 2169 2100 2211 se-
2157 2187 2186 2196 --

519 2249 808 2318 metipsum
849 2247 1139 2312 clauditur,
1184 2262 1252 2302 ne
1299 2247 1559 2302 evadendi
1609 2247 1787 2302 locum
1838 2247 2098 2310 inveniat,

521 2351 684 2404 quem
705 2336 949 2390 invenire
970 2336 1189 2389 minime
1217 2344 1470 2389 meretur.
1501 2332 1636 2387 Nam
1663 2347 1825 2403 saepe
1855 2333 2100 2387 nonnulli

525 2427 675 2479 exire
706 2441 735 2478 a
765 2425 943 2494 pravis
988 2425 1197 2478 actibus
1223 2424 1470 2492 cupiunt;
1514 2423 1608 2476 sed
1639 2423 1763 2492 quia
1803 2423 2100 2476 eorundem

528 2523 746 2570 actuum
778 2516 1013 2584 pondere
1040 2525 1378 2585 premuntur,
1408 2515 1462 2566 in
1493 2513 1667 2568 malae
1697 2514 2101 2568 consuetudinis

527 2619 752 2659 carcere
790 2605 1000 2667 inclusi,
1035 2620 1064 2657 a
1097 2603 1404 2672 semetipsis
1435 2603 1587 2656 exire
1619 2617 1721 2656 non
1753 2611 1992 2671 possunt.
2037 2601 2104 2655 Et

522 2694 740 2761 quidem
774 2695 793 2724 ⁷
815 2695 1000 2762 culpas
1025 2694 1270 2762 proprias
1307 2693 1494 2762 punire
1521 2691 1796 2760 cupientes
1821 2692 1937 2755 hoc,
1962 2691 2100 2760 quod

525 2792 672 2837 recte
709 2800 767 2837 se
801 2798 964 2852 agere
993 2784 1318 2846 aestimant,
1376 2782 1428 2834 in
1461 2781 1796 2850 gravioribus
1824 2781 2058 2850 peccatis
2078 2782 2099 2812 ⁸

525 2885 765 2938 \‘ertuut,
795 2874 961 2942 ﬁtque
991 2875 1150 2928 modo
1181 2873 1495 2936 miserabili,
1526 2873 1744 2939 utquod
1775 2873 1976 2924 exitum
2007 2888 2097 2940 pu-

530 2974 666 3026 tant,
692 2968 792 3018 hoc
813 2965 1166 3018 inclusionem
1197 2965 1490 3018 inveniant.
1522 2961 1611 3016 Sic
1637 2963 1882 3016 videlicet
1910 2977 2098 3030 repro-

1615 277 1817 332 LIBER
1855 276 1944 332 DE
1976 270 2676 328 PIlA-EDESTINATIONE.

3661 273 3768 326 4‘26

2627 429 2632 436 .
2682 381 3076 440 CAPITULUM
3119 384 3278 439 XVII.

2201 475 2308 529 Cur
2331 473 2468 528 Deus
2494 474 2686 544 dicitur
2709 474 3120 544 praedestinasse
3145 493 3360 544 poenas,
3407 493 3524 528 cum
3551 493 3638 531 eas
3665 493 3770 531 non

2619 543 2804 611 faciat,
2846 559 2937 595 nec
2969 543 3339 613 praedestinet.

2263 655 2303 708 I.
2350 653 2584 707 Proinde
2629 653 2838 707 ratione
2885 661 3046 721 atque
3089 655 3412 708 auctoritate
3458 653 3769 719 coniicitur,

2196 745 2503 800 ﬁrmissime
2535 743 2825 796 tenendum
2848 783 2862 804 ,
2891 743 3056 795 Deum
3089 758 3312 812 prorsus
3346 744 3728 813 suppliciorum
3750 784 3770 808 ,

2147 906 2154 913 _
2196 835 2392 904 quibus
2441 835 2671 902 superba
2724 833 2974 901 impietas
3023 842 3243 888 aeterno
3282 835 3619 902 torquebitur
3650 850 3776 888 cru-

2196 926 2360 988 ciatu,
2398 922 2706 976 nullomodo
2736 937 2856 976 esse
2890 931 3196 984 auctorem,
3248 923 3556 978 ιιιιιῑοιιιοιιο
3585 937 3774 978 eorum

2196 1028 2318 1066 esse
2348 1012 2628 1074 factorem,
2664 1010 2974 1064 nullomodo
3005 1011 3546 1079 praedestinatorem.
3569 1012 3664 1064 .Ea
3693 1021 3777 1066 ta.-

2198 1117 2321 1156 men
2350 1102 2560 1155 ratione
2586 1111 2775 1155 auctor
2800 1115 2987 1154 eorum
3018 1115 3136 1154 esse
3165 1100 3384 1165 dicitur,
3411 1110 3465 1155 et
3494 1102 3685 1165 l'actor,
3720 1111 3776 1155 et

2198 1191 2646 1262 praedestinator,
2671 1205 2777 1258 qua
2806 1189 3084 1243 verissime
3107 1189 3348 1242 creditur
3371 1191 3535 1244 totius
3559 1191 3776 1244 univer.

2199 1281 2406 1343 sitatis,
2436 1280 2489 1333 in
2519 1295 2623 1348 qua
2653 1288 2808 1344 sunt,
2838 1278 3012 1332 factor
3055 1286 3110 1332 et
3155 1278 3456 1332 ordinator.
3506 1278 3584 1333 Ita
3628 1281 3789 1334 enim.

2201 1371 2484 1424 universae
2517 1375 2798 1422 creaturae
2841 1383 2992 1433 suae,
3023 1378 3310 1436 antequam
3343 1369 3511 1437 ipsam
3545 1379 3786 1434 crearet,

2199 1468 2398 1512 statum
2437 1456 2856 1526 pulchritudinis
2894 1457 3316 1526 praedestinavit
3353 1472 3474 1511 esse
3514 1457 3773 1517 futurum,

2200 1557 2259 1601 ut
2302 1548 2561 1602 malorum
2613 1547 2918 1615 turpitudo,
2965 1562 3124 1615 quam
3173 1563 3280 1601 non
3322 1549 3772 1616 praedestinavit,

2202 1638 2326 1705 quia
2356 1651 2462 1690 non
2492 1651 2612 1688 eam
2640 1634 2882 1690 facturus
2906 1645 3070 1702 esset,
3102 1635 3155 1689 in
3184 1636 3436 1691 universo
3470 1637 3642 1705 turpis
3669 1651 3776 1690 non

2202 1734 2366 1788 esset,
2399 1725 2604 1778 malitia
2635 1725 2941 1779 nocentium
2973 1741 3078 1779 non
3106 1731 3361 1788 noceret,
3399 1739 3553 1779 error
3584 1740 3775 1778 erran—

2203 1813 2338 1868 tium
2364 1827 2471 1866 non
2498 1820 2726 1876 erraret,
2755 1811 2974 1866 miseria
3007 1811 3426 1879 torquendorum
3464 1810 3778 1864 felicitatem

2202 1915 2308 1953 non
2336 1899 2581 1952 turbaret
2610 1897 2922 1952 electorum.
2964 1895 3172 1952 Nullius
3202 1898 3345 1951 enim
3384 1897 3656 1966 turpitudo
3691 1895 3778 1950 vel

2201 1987 2406 2042 malitia
2436 1987 2517 2040 vel
2553 2001 2708 2040 error
2746 2001 2838 2041 seu
2879 1986 3095 2040 miseria
3143 1985 3604 2055 praedestinatum
3650 1997 3792 2040 ante

2202 2077 2385 2143 secula
2409 2076 2706 2130 naturalem
2758 2076 3001 2130 ordinem
3029 2075 3385 2130 dehonestare
3422 2074 3772 2143 permittitur.

2271 2166 2334 2220 Il.
2376 2165 2508 2221 Cum
2538 2180 2666 2235 ergo
2695 2165 2962 2229 audimus,
2999 2165 3421 2234 praedestinavit
3468 2165 3607 2217 Deus
3652 2164 3774 2219 illos

2201 2255 2285 2306 vel
2318 2253 2438 2307 illos
2464 2254 2531 2307 ad
2564 2253 2862 2317 interitum,
2910 2252 2993 2308 vel
3041 2251 3380 2322 supplicium,
3428 2251 3507 2305 vel
3551 2266 3774 2318 poenas,

2202 2355 2294 2394 seu
2318 2341 2632 2402 cruciatum,
2659 2353 2750 2394 seu
2773 2354 2985 2408 quoquo
3001 2340 3158 2395 modo
3171 2339 3352 2393 vocari
3374 2339 3509 2392 solet
3532 2341 3774 2402 miseria,

2201 2449 2305 2502 qua
2339 2441 2616 2500 torquetur
2647 2433 2906 2501 iniquitas
2935 2448 2964 2486 a
2992 2448 3050 2488 se
3079 2433 3219 2502 ipsa,
3246 2432 3298 2486 in
3327 2447 3385 2486 se
3409 2432 3544 2501 ipsa,
3585 2447 3682 2501 per
3718 2447 3782 2486 se

2201 2525 2410 2592 ipsam,
2438 2540 2544 2577 non
2572 2523 2716 2577 aliud
2755 2523 3053 2592 intelligere
3079 2523 3352 2591 jubemur,
3395 2538 3555 2592 quam
3601 2523 3774 2592 ipsum
3803 2566 3806 2568 .

2201 2627 2327 2670 ante
2367 2626 2605 2684 tempora
2649 2615 2971 2684 praesciisse
2996 2613 3037 2650 ¹³
3075 2626 3127 2667 et
3153 2615 3617 2684 praedestinassc,
3668 2629 3778 2681 quo
3803 2639 3816 2659 π

2201 2705 2394 2759 ordine
2422 2702 2787 2757 univcrsitatis
2818 2702 2981 2755 futuri
3019 2712 3143 2755 sunt
3177 2701 3288 2766 illi,
3338 2716 3475 2770 quos
3518 2702 3778 2754 occultis-

2200 2797 2358 2859 simo,
2377 2794 2678 2863 justissimo
2701 2802 2878 2846 tamen
2911 2794 3110 2862 judicio
3145 2793 3556 2845 amaritudinem
3583 2807 3777 2860 pecca-

2201 2894 2378 2938 torum
2409 2899 2627 2938 suorum
2653 2882 2851 2938 sentire
2877 2882 3118 2950 permisit
3145 2881 3210 2944 ",
3258 2881 3382 2949 quia
3414 2896 3507 2935 eos
3537 2883 3588 2934 in
3623 2881 3773 2934 dam-

2202 2974 2367 3028 nubili
2406 2973 2614 3042 origine
2659 2972 2907 3040 reliquit,
2951 2981 3160 3025 servata
3194 2969 3279 3023 illa
3313 2971 3592 3024 notissima
3625 2969 3776 3024 dilic-

532 3054 633 3108 bus
661 3053 861 3117 ludas,
896 3070 1016 3107 cum
1049 3062 1272 3107 mortem
1300 3053 1400 3107 sibi
1432 3061 1614 3107 contra
1643 3062 1921 3120 peccatum
1949 3053 2096 3106 intu-

2201 3065 2372 3117 rcutia
2397 3065 2537 3117 inter
2560 3063 2968 3133 praescientiam
2991 3069 3045 3115 et
3084 3060 3653 3128 praedestinationem,
3686 3069 3762 3124 ut,

530 3145 612 3208 lit,
645 3146 710 3197 ad
739 3153 991 3199 aeternae
1020 3145 1206 3198 mortis
1253 3143 1509 3213 supplicia
1554 3144 1815 3211 pervenit,
1859 3152 1914 3196 et
1944 3143 2096 3211 pejus

530 3235 596 3287 de
631 3244 858 3302 peccato
886 3235 1164 3303 poenitnit,
1195 3249 1352 3302 quam
1388 3235 1642 3301 peccavit.
1671 3233 1890 3287 Dicatur
1925 3249 2092 3301 ergo:

525 3321 587 3375 Si
621 3322 887 3376 incluserit
913 3324 1189 3387 hominem,
1241 3323 1414 3376 nullus
1443 3325 1649 3392 est,qui
1694 3323 1918 3392 aperiat,
1969 3324 2094 3392 quia

523 3413 665 3465 sicut
693 3427 854 3467 nemo
881 3413 1096 3466 obsistit
1130 3412 1359 3483 largitati
1392 3413 1657 3476 vocantis,
1689 3413 1761 3466 ita
1793 3411 1969 3466 nullus
1997 3413 2096 3467 ob-

524 3498 895 3566 viatjnstitiae
920 3501 1294 3569 relinquentis.
1312 3501 1594 3557 lncludere
1618 3502 1798 3572 itaque
1819 3501 2017 3556 dicitur
2033 3502 2055 3532 ⁹
2078 3542 2094 3568 ,

523 3587 732 3645 clausis.
766 3605 870 3668 non
919 3590 1148 3658 aperire.
1200 3591 1351 3645 Unde
1381 3600 1434 3644 et
1471 3593 1538 3644 ad
1582 3590 1762 3644 Mosen
1806 3592 2002 3645 dicitur
2029 3594 2099 3645 de

525 3669 806 3736 Pharaone
837 3683 879 3714 '°
915 3699 931 3735 :
985 3682 1098 3751 Ego
1146 3681 1410 3735 obdurabo
1456 3697 1548 3733 cor
1594 3682 1709 3750 ejus
1743 3680 1788 3735 ί.
1817 3681 2096 3738 Obdurarc

528 3770 722 3839 quippe
749 3786 849 3840 per
874 3771 1140 3840 justitiam
1181 3770 1379 3824 dicitur
1415 3770 1605 3843 [Deus}
1633 3781 1696 3835 ιι,
1742 3773 1956 3841 quando
2001 3788 2100 3828 cor

533 3861 811 3925 reprubnm
848 3876 944 3928 per
977 3861 1206 3930 gratiam
1235 3877 1341 3914 non
1369 3861 1595 3914 emollit.
1639 3861 1886 3916 Recludit
1917 3863 2097 3930 itaque

532 3948 822 4012 hominem,
853 3963 1013 4018 quem
1058 3951 1111 4002 in
1154 3964 1373 4002 suorum
1412 3964 1637 4018 operum
1668 3952 1906 4005 tenebris
1938 3951 2099 4004 relin-

529 4039 647 4106 quit
677 4057 696 4088 ι
720 4040 766 4090 ⁸.
783 4037 921 4093 Idem
950 4040 1000 4091 in
1023 4041 1211 4092 eodem
1241 4056 1253 4090 :
1288 4055 1307 4086 ι
1331 4036 1526 4106 Regum
1549 4039 1730 4106 itaque
1745 4037 1969 4092 balteum
1989 4039 2101 4092 dis-

527 4127 676 4180 solvit
699 4127 751 4191 ιι,
782 4128 998 4196 quando
1020 4127 1073 4180 in
1105 4127 1210 4190 his,
1237 4126 1326 4194 qui
1360 4128 1494 4181 bene
1522 4143 1710 4198 regere
1735 4144 1830 4182 sua
1857 4130 2096 4182 membra

527 4219 873 4283 videbantur,
913 4227 1132 4287 propter
1170 4218 1419 4272 eiationis
1448 4220 1657 4286 culpam
1690 4219 1955 4273 castitatis
1985 4220 2098 4272 cin-

530 4310 713 4377 gulum
739 4309 984 4362 destruit.
1031 4309 1168 4374 Quid
1210 4325 1338 4363 vero
1379 4310 1430 4362 in
1470 4309 1592 4364 fune
1617 4310 1660 4349 τ’
1703 4309 1966 4379 accipitur
1992 4310 2093 4363 nisi

2198 3169 2319 3210 eum
2367 3162 2571 3207 tantum
2623 3152 2729 3205 late
2773 3159 2954 3219 pateat
2998 3149 3459 3220 praedestinatio,
3507 3158 3770 3218 quantum

2198 3240 2756 3311 praescientia,unum
2780 3238 2976 3307 quippe
3001 3248 3162 3305 atque
3185 3238 3347 3301 idem,
3374 3237 3609 3292 divinam
3637 3252 3768 3305 pro-

2198 3333 2339 3387 fecto
2367 3330 2743 3393 substantiam,
2761 3328 3141 3397 signiﬁcantes,
3168 3327 3584 3396 praedestinatio
3610 3327 3676 3380 ad
3702 3341 3771 3380 ea

2198 3428 2425 3484 tantum,
2461 3433 2599 3488 quae
2645 3417 2698 3470 in
2739 3418 2880 3471 bono
2907 3426 3050 3478 sunt,
3083 3414 3369 3485 pertineat,
3409 3413 3776 3482 praescientia

2196 3523 2324 3561 vero
2353 3507 2419 3561 ad
2450 3507 2590 3562 bona
2624 3506 2890 3575 malaque.
2931 3504 3079 3571 Quae
3118 3516 3296 3559 tamen
3332 3503 3631 3558 diﬂ’erentia
3664 3517 3770 3557 non

2197 3605 2278 3652 est
2305 3612 2372 3650 ex
2399 3606 2613 3661 natura,
2648 3596 2742 3650 sed
2768 3609 2836 3650 ex
2866 3611 2963 3650 usu
2991 3595 3343 3649 locutionum.

2267 3686 2350 3740 IIl.
2392 3685 2852 3752 Quemadmodum
2893 3686 3038 3739 enim
3069 3686 3268 3740 dicitur
3294 3685 3361 3738 de
3396 3683 3539 3748 Deo,
3579 3683 3777 3751 ubique

2199 3786 2281 3831 est
2308 3777 2614 3844 praesentia
2643 3777 2930 3844 potestatis
2949 3815 2962 3839 ,
3011 3777 3104 3830 sed
3135 3791 3241 3831 non
3267 3775 3469 3844 ubique
3493 3781 3574 3828 est
3600 3771 3776 3843 gratia

2201 3867 2566 3931 habitationis,
2598 3865 2671 3919 ita
2703 3867 2767 3920 de
2794 3880 2860 3919 eo
2883 3866 2984 3919 diei
3013 3865 3218 3933 possit,
3243 3863 3443 3931 ubique
3468 3861 3775 3931 praescien~

2202 3955 2301 4015 tia,
2343 3955 2435 4007 sed
2477 3970 2582 4007 non
2620 3954 2818 4022 ubique
2841 3953 3350 4022 praedestinatione.
3383 3951 3516 4004 Cum
3551 3950 3777 4018 apertis‘

2200 4041 2334 4094 sime
2359 4040 2560 4094 veritas
2598 4040 2795 4095 clamet
2838 4041 2904 4093 de
2947 4040 3078 4103 Deo,
3101 4039 3404 4104 ubicunque
3439 4037 3580 4090 Deus
3614 4036 3777 4088 fuerit

2201 4127 2534 4197 praesentia,
2582 4128 2655 4181 ibi
2698 4127 2940 4196 profecto
2966 4127 3072 4180 erit
3103 4124 3438 4179 habitatione
3471 4141 3483 4174 :
3527 4123 3782 4177 similiter

2202 4216 2504 4283 ubicunque
2529 4215 2692 4270 fuerit
2714 4215 3092 4285 praescientia,
3133 4212 3443 4267 necessario
3476 4211 3580 4265 erit
3619 4225 3776 4278 prae-

2200 4304 2574 4359 destinatione.
2618 4303 2848 4358 Proinde
2891 4299 3344 4370 quemadmodum
3374 4299 3680 4367 praesentia
3718 4307 3774 4351 et

531 4408 837 4467 peccatum,
867 4399 1003 4453 sicut
1027 4414 1125 4468 per
1155 4397 1498 4452 Salomonem
1529 4399 1724 4452 dicitur
1749 4414 1762 4450 :
1790 4366 2096 4468 Iniquitates
2126 4366 2174 4423 θ
2204 4395 2463 4449 habitatio
2496 4394 2587 4449 Dei
2619 4409 2724 4449 non
2751 4401 2867 4458 est,
2899 4391 3004 4446 nisi
3040 4392 3093 4446 in
3120 4391 3237 4452 his,
3272 4403 3410 4457 quae
3440 4389 3508 4443 ab
3535 4403 3600 4442 eo
3631 4386 3773 4441 facta

533 4502 660 4538 sitae
696 4488 900 4554 capiunt
933 4487 1170 4554 impium,
1213 4497 1260 4539 et
1275 4486 1486 4556 funibus
1522 4496 1852 4555 peccatorum
1878 4501 2096 4540 suorum

531 4576 900 4645 constringitur
931 4595 948 4626 ι
964 4577 977 4615 ί
991 4613 1009 4628 .

2203 4492 2348 4548 sunt,
2375 4484 2448 4536 ita
2480 4483 2596 4552 ejus
2620 4481 2977 4552 praescientia
3003 4489 3058 4535 et
3085 4477 3504 4548 praedestinatio
3531 4488 3636 4528 non
3667 4475 3772 4528 nisi

2204 4589 2410 4638 eorum,
2442 4589 2581 4642 quae
2610 4575 2722 4642 ipse
2747 4571 2986 4625 facturus
3013 4578 3177 4633 esset,
3215 4568 3480 4621 credenda
3509 4575 3652 4620 sunt.
3696 4564 3775 4617 Ac

2204 4678 2303 4733 per
2331 4664 2432 4718 hoc
2457 4660 2909 4731 quemadmodum
2937 4659 3242 4730 praesentia
3279 4656 3398 4724 ejus
3429 4666 3485 4711 et
3511 4653 3774 4710 habitatio

1811 4769 2062 4824 VARIAE
2102 4771 2505 4827 LECTIONES.

604 4893 623 4925 ι
654 4884 744 4939 Sic
780 4886 920 4948 cod.,
947 4885 1016 4937 al.
1055 4885 1316 4953 ligatam,
1365 4883 1391 4912 ⁸-
1411 4880 1562 4953 Cod,
1591 4880 1891 4953 delectores.

526 4955 675 5017 cod.,
704 4955 775 5006 al.
801 4956 980 5007 animi.
1058 4949 1194 5007 6Sic
1222 4952 1367 5013 cod.,
1399 4949 1468 5017 al.
1498 4958 1720 5002 accuset.

533 5023 677 5083 cod.,
707 5022 778 5076 al.
816 5022 913 5075 Dei
943 5033 1038 5076 est.

539 5088 580 5124 "
609 5088 700 5145 Sic
740 5091 834 5156 3L,
862 5093 982 5146 cod.
1010 5090 1264 5159 promisit.

1969 4879 1990 4911 ³
2013 4879 2105 4935 Sic
2134 4880 2228 4946 M.,
2256 4883 2374 4935 cod.
2401 4892 2563 4937 amat.
2639 4884 2660 4914 ⁵
2689 4882 2779 4936 Sic
2799 4895 2942 4942 com.
2973 4896 3041 4934 ει..
3081 4897 3139 4934 tn
3173 4896 3548 4949 .ongmqutora.

1797 4951 1815 5020 Ϊ
1854 4948 1944 5001 Sic
1971 4950 2112 5012 cod.,
2147 4945 2219 5020 aI.
2245 4954 2476 5020 quidam.
2552 4951 2574 4984 ⁸
2604 4950 2695 5006 Sic
2718 4954 2862 5014 cod.,
2887 4951 3040 5020 alain
3068 4945 3328 5020 graviores
3347 4945 3552 5020 culpas.
3628 4945 3770 5020 '_Sic

1114 5022 1157 5053 ¹⁰
1185 5020 1318 5075 Cod.
1363 5016 1628 5071 Famone.
1707 5022 1750 5054 ιι
1776 5016 1916 5069 Deus
1939 5031 2048 5070 om.
2074 5019 2220 5082 cod.,
2255 5016 2390 5074 add.
2422 5019 2498 5074 Μ.

3626 4878 3649 4910 ⁸
3679 4876 3770 4932 Sic

2571 5024 2614 5055 ι’
2649 5021 2738 5076 Sic
2785 5013 2928 5083 cod.,
2957 5017 3025 5072 Μ.
3061 5013 3182 5084 fine.
3264 5016 3308 5053 ⁸³
3336 5013 3466 5070 Cod.
3498 5013 3766 5076 prescisse.

2023 5190 2259 5250 ΒῸΤΑΕ.

603 5323 631 5352 ι
670 5309 800 5364 Luc.
837 5309 976 5373 XIX,
1005 5308 1094 5363 20.

604 5381 638 5420 ι
675 5380 859 5433 Matth.
897 5377 1055 5439 X‘XV,
1087 5377 1175 5431 18.

608 5463 627 5484 ε
674 5449 860 5502 Manu.
894 5447 1056 5509 XXII,
1088 5447 1173 5499 15.

606 5517 632 5557 δ
675 5517 814 5571 Psal.
853 5505 1108 5569 LXXVII.
1139 5511 1418 5583 Augustin.
1450 5513 1512 5566 de
1555 5527 1670 5566 rera
1702 5510 1862 5580 Reliq.
1902 5527 1950 5566 c.
1991 5505 2074 5566 SI.

613 5599 638 5624 ⁸
674 5587 792 5641 ιοι).
831 5585 944 5651 XII,
982 5585 1065 5638 Η.

2272 5305 2292 5344 τ
2331 5307 2500 5361 Exod.
2530 5306 2622 5372 IV,
2658 5309 2709 5360 I.

2267 5375 2292 5414 ⁸
2329 5375 2489 5444 Greg.
2521 5371 2713 5427 Moral.
2745 5377 2800 5428 in
2829 5373 2948 5426 Job.
2983 5373 3076 5436 XI,
3106 5371 3156 5424 5.

2262 5444 2286 5482 h
2323 5445 2443 5498 Job.
2477 5444 2587 5501 XII,
2622 5445 2706 5497 18.

2269 5515 2284 5552 ί
2327 5514 2456 5568 Ibid.
2485 5514 2573 5573 XI,
2602 5517 2653 5566 8.
