4194 6276
444 291 554 347 42³7

1825 280 2104 339 IOANNIS
2140 284 2338 341 SCO'I'I

3589 296 3695 351 ‘28

445 405 496 457 in
525 403 629 467 liis,
656 415 797 471 quae
824 414 925 455 nec
945 378 1014 453 ab
1035 412 1100 453 eo
1128 405 1269 460 sunt,
1303 411 1402 451 nec
1422 408 1486 449 ea
1516 394 1664 461 fecit,
1693 410 1723 448 e
1742 397 2017 450 contrario
2044 402 2087 459 Α
2118 396 2375 451 cientium
2423 397 2608 454 oculos
2654 396 3050 471 pulchritudine
3104 404 3187 458 sui
3235 416 3425 474 pascat
3449 449 3465 473 ,
3519 413 3697 469 nullus

443 507 562 547 esse
589 491 864 555 dicuntur,
897 504 1018 557 cum
1059 489 1112 542 in
1152 489 1232 545 eis
1259 504 1366 543 non
1396 488 1524 554 sint,
1556 487 1629 542 ita
1659 488 2016 558 praeselentia

443 584 640 650 cjuset
670 578 1093 654 praedestinatio
1127 595 1159 635 e
1196 580 1471 635 contrario
1510 581 1927 651 pronuntiantur
1962 581 2015 635 in

444 672 570 737 illis,
616 686 756 742 quae
800 684 899 726 nec
939 669 1208 735 fecit,nec
1231 670 1471 736 donavit,
1496 670 1620 740 quia
1662 669 1795 725 nihil
1819 678 2012 724 suntn.

442 763 559 819 Non
590 764 882 830 incongrue
910 771 1088 815 tamen
1120 762 1478 815 aestimantur
1510 776 1630 816 esse
1659 762 1713 815 in
1743 761 1849 826 his,
1880 773 2018 830 quae

443 853 575 906 vitio
599 861 881 907 creaturae
907 858 1025 905 orta
1047 860 1192 916 sunt,
1214 866 1337 905 eum
1356 866 1461 905 non
1484 851 1657 905 solum
1677 852 1845 921 ipsam
1867 866 2016 907 crea-

442 953 622 997 turam
648 942 923 1011 sapienter
947 941 1180 1007 ordinet,
1208 940 1301 995 sed
1333 941 1497 995 etiam
1527 942 1717 995 vitium
1745 939 1861 1009 ejus
1889 955 2017 996 suas

441 1033 587 1103 leges
612 1033 877 1087 excedere
906 1046 1011 1086 non
1040 1032 1202 1086 sinat.

511 1120 599 1175 IV.
642 1121 792 1187 Quod
822 1128 1003 1176 autem
1034 1120 1273 1175 latebrae
1297 1132 1591 1189 poenarum
1622 1120 1925 1184 hominum,
1960 1130 2016 1176 et

441 1212 915 1267 tenebrosissimae
942 1210 1296 1267 contritiones
1325 1209 1557 1263 ﬁliorum
1591 1210 1782 1273 Adam,
1823 1210 1874 1262 in
1913 1211 2015 1265 bac

441 1300 657 1357 mortali
703 1302 812 1355 vita
852 1301 1012 1355 etiam
1045 1300 1193 1359 bene
1230 1298 1472 1353 volentes
1510 1299 1697 1352 vivere
1736 1313 1840 1352 non
1874 1298 2014 1353 desi~

439 1403 571 1447 nunt
592 1394 800 1448 occulte
818 1393 1029 1462 punire,
1046 1392 1237 1447 beatus
1254 1391 1582 1459 Augustinus
1598 1390 1628 1429 δ
1645 1390 1696 1442 in
1715 1389 1852 1443 libro
1875 1389 2015 1444 Con-

439 1484 738 1539 fessionum
772 1499 990 1538 suarum
1027 1491 1237 1546 octavo,
1268 1483 1531 1535 humanae
1565 1479 1812 1534 miseriae
1840 1478 2010 1549 impe-

441 1580 554 1628 lum
587 1575 638 1627 in
677 1590 733 1629 sc
764 1574 882 1644 ipso
906 1573 1208 1643 deplorans,
1245 1579 1430 1641 aperte
1472 1568 1640 1624 voluit
1681 1569 1962 1623 ostendere
1994 1587 2008 1622 :

443 1685 461 1715 ι
496 1663 606 1734 Ego
635 1683 680 1729 ι,
711 1663 904 1732 inquit,
940 1682 957 1711 ο
986 1677 1106 1715 cum
1137 1659 1517 1721 deliberabam,
1540 1667 1599 1712 ut
1613 1656 1725 1724 jam
1748 1657 2008 1711 servirem

2119 486 2291 553 locus,
2320 502 2480 556 quem
2508 490 2939 558 praeclarissima
2977 492 3069 548 lux
3098 494 3297 565 ubique
3328 499 3543 568 diﬂ'usa,
3575 507 3694 559 auri

2117 589 2557 648 gemmarumque
2584 579 2756 633 honor
2781 596 2812 634 a
2840 582 3122 649 superﬁcie
3153 586 3446 654 resultans,
3474 606 3692 650 comm-

2115 682 2220 737 que
2248 668 2521 726 mirabiles
2546 670 2755 727 colores
2788 675 3009 729 trahens
3048 692 3153 730 non
3192 679 3499 749 profundat,
3547 687 3691 741 nulla

2115 759 2170 811 in
2200 772 2263 814 ea
2293 762 2468 825 sedes,
2496 778 2634 832 quae
2664 779 2768 819 non
2798 766 2867 819 sit
2898 767 3067 836 regia,
3099 768 3397 828 honoribus
3417 777 3694 847 quietique

2116 857 2274 917 apta;
2308 851 2360 903 in
2388 859 2535 905 tanta
2566 853 2757 908 deinde
2783 870 2845 908 ac
2880 864 2985 909 tam
3014 857 3244 912 mirabili
3275 861 3426 927 aede,
3462 873 3518 917 ut
3544 866 3689 921 dixi-

2115 954 2256 1003 mus,
2286 949 2441 1008 pater
2468 943 2603 1011 ipse,
2637 952 2825 998 auctor
2850 945 3102 1000 videlicet
3140 947 3257 1016 ejus
3295 960 3351 1004 et
3386 954 3687 1023 ordinator,

2113 1029 2273 1083 aliter
2318 1032 2371 1084 in
2419 1046 2482 1087 ea
2534 1032 2672 1087 ﬁlios
2715 1049 2843 1089 suos
2890 1036 3222 1106 disponeret,
3272 1040 3428 1097 aliter
3470 1059 3683 1112 servos,

2114 1118 2271 1173 aliter
2306 1123 2479 1191 gratia
2526 1133 2821 1192 perpetuae
2863 1127 3113 1184 sanitatis
3158 1122 3492 1199 muneratos,
3531 1137 3691 1192 aliter

2113 1208 2290 1279 inopia
2341 1214 2603 1268 malarum
2652 1216 3038 1284 cupiditatum,
3088 1235 3226 1288 quas
3274 1223 3687 1293 intemperantia

2113 1316 2244 1355 suae
2267 1302 2499 1359 libidinis
2524 1313 2822 1371 traxerant,
2850 1309 3148 1375 cruciatos,
3178 1312 3431 1370 dentibus
3459 1319 3688 1373 striden-

2086 1396 2193 1442 ‘tes
2232 1390 2276 1455 ⁷,
2303 1394 2577 1447 vermibus
2601 1404 2891 1460 scatentes,
2919 1399 3144 1453 diversis
3166 1405 3417 1469 perennis
3441 1407 3689 1464 tristitiae

2110 1479 2400 1548 generibus
2436 1480 2743 1536 laborantes
2780 1502 2795 1538 :
2843 1486 3077 1554 nunquid
3122 1497 3270 1543 recte
3310 1494 3691 1550 aestimaretur

2111 1566 2435 1623 durissimus
2464 1571 2697 1637 punitor,
2733 1573 2821 1641 qui
2851 1572 3159 1629 laudaretur
3181 1576 3514 1644 justissimus
3540 1584 3689 1636 ordi-

2110 1658 2312 1712 natori
2358 1658 2542 1729 Neque
2583 1662 2724 1715 enim
2765 1663 3102 1720 honestatem
3132 1667 3323 1723 domus
3347 1685 3477 1725 suae
3501 1673 3691 1729 debuit

437 1753 727 1807 DominoJ
769 1766 909 1815 meo,
950 1751 1091 1805 sicut
1134 1749 1224 1803 diu
1270 1749 1794 1816 disposueram,ego
1836 1761 2007 1810 eram,
2039 1740 2084 1798 Β
2112 1744 2475 1813 confundere,
2518 1765 2584 1804 ne
2619 1751 2891 1804 videretur
2918 1767 3172 1821 perverse
3198 1756 3527 1813 intuentibus
3552 1777 3684 1826 eos,

436 1843 526 1911 qui
576 1840 843 1909 volebam,
891 1854 1014 1910 ego,
1062 1838 1153 1909 qui
1199 1837 1466 1903 nolebam,
1507 1851 1606 1905 ego
1636 1836 1658 1866 ²
1695 1850 1864 1899 eram,
1906 1849 2005 1889 nec

435 1932 592 2002 plene
633 1931 895 1995 volebam,
928 1946 1025 1985 nec
1051 1929 1206 2002 plene
1235 1928 1502 1994 nolebam,
1534 1935 1591 1982 et
1633 1926 1752 1982 ideo
1795 1942 2004 1981 mecum

437 2021 847 2086 contendebam,
875 2028 930 2075 et
957 2019 1259 2090 dissipabar
1286 2034 1315 2072 a
1344 2034 1430 2072 me
1453 2019 1591 2087 ipso,
1615 2026 1669 2072 et
1697 2017 1813 2087 ipsa
1844 2016 2006 2071 dissi-

436 2112 584 2183 patio
613 2127 695 2164 me
721 2111 888 2165 invito
911 2111 1125 2180 quidem
1155 2110 1341 2174 ﬁebat,
1366 2123 1463 2163 nec
1492 2116 1666 2161 tamen
1692 2106 2007 2161 ostendebat

438 2212 687 2257 naturam
718 2201 911 2256 mentis
933 2199 1158 2264 alienae,
1187 2201 1281 2254 sed
1306 2214 1534 2270 poenam
1560 2213 1711 2252 meae
1736 2196 1776 2262 ³,
1808 2206 1864 2251 et
1888 2194 2009 2251 ideo

438 2308 546 2346 non
564 2291 674 2360 jam
702 2303 801 2361 ego
850 2290 1112 2359 Operabar
1160 2289 1325 2351 illam,
1358 2288 1449 2342 sed
1483 2288 1625 2358 quod
1673 2287 1923 2341 habitat‘
1953 2286 2006 2340 in

438 2398 524 2437 mc
540 2393 817 2452 peceatum
832 2383 898 2438 de
913 2382 1172 2451 supplicio
1189 2381 1454 2436 liberioris
1470 2381 1701 2451 peccati,
1716 2382 1840 2451 quia
1856 2396 2006 2435 eram

436 2471 579 2537 ﬁlius
618 2473 787 2527 Adam
814 2492 857 2524 ι.
910 2472 1023 2525 Νυη
1057 2473 1236 2541 itaque
1261 2471 1348 2524 ille
1368 2471 1539 2540 punit,
1566 2471 1656 2539 qui
1685 2470 2009 2538 semetipsos

433 2559 712 2615 laedentes
737 2554 1258 2627 amaritudinemque
1288 2573 1505 2612 suorum
1534 2558 1820 2611 criminum
1848 2557 1901 2611 in
1924 2572 2009 2611 se-

433 2652 680 2720 metipsis
710 2652 978 2722 patientes
1007 2651 1059 2704 in
1110 2651 1214 2705 illis
1255 2648 1632 2704 universitatis
1667 2647 1883 2703 sedibus
1914 2650 2008 2702 ho-

433 2742 742 2797 nestissime
769 2742 1020 2807 ordinat,
1068 2740 1262 2810 quibus
1296 2755 1390 2794 eos
1428 2738 1674 2793 laborare
1709 2738 2009 2794 rectissime

433 2832 606 2885 decet.
1111 2822 1133 2838 “

506 2921 569 2975 ν.
613 2921 682 2976 Ut
709 2923 850 2977 enim
878 2920 1108 2992 quadam
1136 2920 1490 2977 similitudine
1517 2919 1820 2992 fungamur.
1868 2918 2006 2985 Quid

2109 1850 2243 1904 quos
2266 1839 2499 1905 ordinat,
2527 1842 2737 1913 punire.
2766 1843 2872 1896 Ant
2917 1860 3076 1911 quam
3122 1845 3349 1902 formam
3389 1865 3692 1918 poenarum-

2107 1923 2303 1982 fecisse
2330 1930 2759 1994 convinceretur,
2787 1934 2879 2001 qui
2912 1934 2933 1964 ⁸
2972 1936 3174 1997 omnia,
3206 1953 3346 2006 quae
3382 1940 3531 2005 fecit,
3576 1958 3684 1998 non

2109 2013 2161 2067 in
2192 2032 2322 2072 usus
2350 2020 2724 2086 miseriarum,
2761 2023 2854 2076 sed
2900 2024 2951 2076 in
2999 2027 3364 2083 universitatis
3391 2030 3683 2099 plenitudi-

2107 2117 2250 2169 nem,
2278 2105 2795 2179 pulchritudinisque
2826 2110 2939 2178 ejus
2971 2113 2993 2143 ⁹
3014 2116 3242 2182 gratiam
3285 2118 3398 2171 ﬁeri
3432 2120 3597 2177 voluit
3620 2122 3701 2173 εἶν

2176 2192 2262 2247 Ἣ.
2300 2194 2435 2251 Hinc
2476 2198 2804 2267 Augustinus
2846 2201 2899 2255 in
2941 2202 3078 2257 libro
3104 2205 3170 2257 de
3211 2220 3335 2258 vera
3362 2206 3677 2277 Religione:

2111 2306 2134 2338 ι
2153 2288 2378 2341 Animae
2401 2290 2589 2343 vitium
2612 2311 2658 2355 ι,
2673 2293 2869 2361 inquit,
2891 2312 2909 2342 ο
2932 2309 3039 2347 non
3068 2305 3259 2348 natura
3287 2295 3421 2362 ejus,
3438 2298 3530 2351 sed
3552 2313 3679 2352 con-

2108 2384 2189 2429 tra
2240 2387 2483 2430 naturam
2534 2378 2650 2446 ejus
2674 2390 2780 2445 est,
2802 2382 3040 2450 nihilque
3068 2383 3211 2436 aliud
3240 2394 3345 2449 est,
3374 2400 3533 2451 quam
3557 2400 3685 2454 pec-

2107 2473 2287 2518 catum
2316 2474 2366 2518 et
2396 2479 2568 2534 poena
2611 2469 2839 2536 peccati.
2864 2468 3016 2523 Unde
3040 2471 3082 2509 ιο
3116 2470 3454 2540 intelligitur,
3481 2473 3685 2535 nullam

2108 2562 2376 2617 naturam,
2408 2554 2512 2619 vel,
2560 2555 2605 2609 si
2654 2555 2845 2610 melius
2890 2558 2962 2611 ita
3010 2559 3295 2633 dicitur",
3330 2562 3524 2616 nullam
3553 2566 3687 2617 sub-

2107 2642 2360 2695 stantiam
2420 2643 2533 2697 sive
2582 2644 2871 2699 essentiam
2919 2647 3113 2702 malum
3189 2664 3345 2714 esse,
3398 2669 3568 2721 neque
3616 2656 3686 2708 de

2105 2732 2340 2800 peccatis
2388 2733 2682 2802 poenisque
2721 2736 2931 2790 animae
2954 2738 2994 2773 ι’
3021 2737 3269 2803 elﬁcitur,
3306 2750 3359 2792 ut
3420 2743 3683 2796 universi-

2108 2827 2189 2874 tas
2227 2820 2332 2874 ulla
2370 2819 2709 2876 deformitate
2748 2833 3014 2894 turpetur,
3063 2827 3186 2894 quia
3233 2829 3508 2883 rationalis
3548 2831 3680 2883 sub-

2108 2910 2322 2972 stantia,
2350 2926 2489 2980 quae
2514 2912 2583 2966 ab
2610 2913 2755 2967 omni
2792 2925 3012 2983 peccato
3048 2919 3247 2971 munda
3279 2929 3383 2981 est,
3418 2919 3527 2972 Deo
3557 2922 3686 2974 sub-

434 3014 480 3067 si
513 3023 666 3082 pater
695 3015 986 3068 multarum
1018 3014 1365 3078 familiarum,
1396 3013 1487 3082 qui
1525 3027 1619 3081 per
1654 3022 1824 3067 artem
1854 3027 2006 3065 suam

2109 2998 2278 3067 iecta,
2321 3000 2575 3069 subjectis
2612 3004 2713 3059 sibi
2764 3007 2961 3061 ceteris
3003 3006 3329 3062 dominatur.
3366 3011 3439 3064 Ea
3464 3008 3505 3041 ⁸³
3536 3027 3695 3077 vero,

430 3103 603 3158 voluit
628 3103 1013 3172 amplissimam
1041 3104 1141 3159 sibi
1166 3105 1382 3158 dormtm
1406 3111 1742 3166 construere,
1773 3101 2005 3171 longitu-

2109 3104 2245 3157 quae
2273 3090 2537 3158 peccavit,
2569 3091 2639 3145 ibi
2663 3093 2911 3147 ordinata
2939 3106 3044 3161 est,
3068 3095 3158 3150 ubi
3197 3113 3317 3152 esse
3347 3098 3476 3152 tales
3507 3099 3694 3164 decet,

432 3193 579 3258 dine,
610 3192 916 3257 latitudine,
949 3193 1437 3261 profunditatisque
1475 3192 1777 3259 eapacitate
1808 3191 2009 3260 spatio-

432 3299 574 3348 sam,
619 3284 881 3350 laterum,
935 3283 1287 3352 angulorum,
1336 3282 1643 3335 absidarum
1670 3281 1725 3346 ',
1770 3280 2009 3334 diverso-

432 3389 663 3443 rumque
692 3378 1027 3432 schematum
1050 3374 1071 3404 ⁸
1109 3374 1370 3427 varietate
1413 3386 1791 3435 numerosam,
1828 3369 2010 3423 altitu-

435 3460 561 3515 dine
586 3460 1057 3515 fundamentorum
1085 3460 1376 3516 stabilitam
1396 3498 1411 3524 ,
1452 3459 1660 3513 basium
1679 3498 1695 3524 ,
1728 3458 1972 3511 stilorum
1991 3497 2009 3522 ,

435 3548 916 3619 capitellorumque
975 3552 1281 3604 tramitibus
1338 3551 1683 3613 ordinatam,
1744 3563 2008 3612 arcuum,

436 3652 813 3711 tectorumque
861 3640 1271 3695 multiformium
1315 3642 1457 3695 elata
1503 3639 1831 3709 proceritate
1876 3638 2010 3693 emi-

437 3731 841 3796 nentissimum,
863 3729 1321 3785 excellentissimo
1353 3730 1579 3791 turrium
1608 3728 1857 3783 acumine
1884 3742 2011 3781 con-

437 3828 799 3884 summatam,
860 3820 1099 3875 exterius
1161 3820 1493 3890 interiusque
1539 3817 2013 3873 innumerabilium

438 3909 679 3965 colorum
712 3909 1117 3978 formarumque
1151 3909 1553 3979 pulchritudine
1585 3908 1639 3963 in
1669 3916 1815 3961 tanta
1841 3907 2012 3976 pietu-

436 4015 621 4054 rarum
672 4001 935 4056 varietate
978 4000 1227 4057 decoram
1254 4038 1270 4065 ,
1330 4000 1569 4054 omnium
1632 3997 2007 4063 metallorum,

436 4088 1056 4160 pretiosissimorumque
1076 4088 1309 4159 lapidum
1325 4088 1603 4143 honestate
1627 4085 1900 4151 refertam,
1916 4100 2013 4155 per

437 4181 621 4235 varias
656 4181 1106 4249 multimodasque
1147 4179 1503 4234 fenestrarum
1549 4178 1756 4248 species
1795 4178 2009 4246 cepiosa

438 4268 654 4325 luminis
677 4268 937 4324 effusione
966 4270 1312 4334 illustratam,
1339 4279 1623 4338 ceteraque
1648 4268 1713 4323 ad
1737 4267 2012 4338 perfectis-

439 4357 631 4413 simam
661 4357 1074 4429 pulchritudinis
1096 4357 1319 4429 gloriam
1348 4355 1672 4427 pertinentia
1691 4395 1707 4422 ,
1748 4370 1885 4425 quae
1914 4367 2013 4408 nu—

2112 3190 2169 3234 ut
2193 3181 2300 3235 Deo
2328 3182 2602 3238 conditore
2640 3193 2802 3254 atque
2854 3195 3063 3243 rectore
3093 3190 3460 3246 universitatis
3488 3192 3684 3247 decora

2110 3268 2215 3322 sint
2243 3271 2445 3323 omnia.
2484 3271 2551 3323 Et
2581 3280 2665 3326 est
2695 3272 3035 3341 pulchritudo
3081 3276 3365 3331 universae
3402 3285 3686 3331 creaturae

2110 3371 2207 3425 per
2232 3358 2366 3412 haec
2394 3360 2495 3412 tria
2529 3360 2889 3429 inculpabilis,
2918 3364 3261 3420 damnatione
3300 3376 3681 3434 peccatorum,
3740 3403 3759 3409 -

2109 3448 2495 3503 exercitatione
2515 3448 2808 3518 iustorum,
2828 3453 3154 3522 perfectione
3184 3456 3465 3511 beatorum
3495 3478 3514 3509 δ
3545 3458 3593 3511 d.
3617 3458 3691 3511 Et

2107 3546 2229 3606 post
2254 3536 2522 3605 aliquanta
2566 3538 2632 3592 de
2670 3540 2849 3593 anima
2879 3541 3100 3611 loquens
3132 3544 3247 3597 ait:
3292 3564 3310 3594 ι
3340 3544 3559 3599 Defeetu
3589 3563 3688 3599 au-

2110 3637 2217 3682 tem
2250 3643 2348 3682 suo
2379 3628 2431 3681 in
2460 3631 2887 3698 pulchritudines
2931 3634 3385 3701 corruptibiliores
3409 3675 3424 3698 ,
3468 3636 3519 3687 id
3558 3646 3641 3689 est
3663 3675 3691 3697 ν

2109 3735 2403 3789 poenarum
2425 3724 2664 3778 ordinem
2684 3724 3089 3795 praecipitatur.
3108 3728 3216 3781 Nec
3244 3727 3521 3792 miremur,
3538 3728 3683 3797 quod

2112 3810 2286 3864 adhuc
2312 3811 2738 3887 pulchritudines
2766 3816 3002 3870 nomino.
3030 3816 3171 3871 Nihil
3202 3817 3346 3871 enim
3373 3828 3453 3872 est
3473 3819 3687 3873 ordina-

2111 3910 2244 3967 tum,
2270 3904 2409 3971 quod
2437 3920 2543 3958 non
2573 3905 2642 3959 sit
2671 3905 2977 3974 pulchrum.
3007 3908 3071 3960 Et
3097 3908 3235 3962 sicut
3259 3907 3641 3978 aitApostolus
3664 3922 3689 3962 :.

2113 3991 2294 4047 Omnis
2321 3994 2448 4047 ordo
2472 4013 2504 4048 a
2532 3995 2639 4048 Deo
2663 4006 2736 4050 est
2762 4004 2786 4033 ο
2814 4015 2863 4050 ι.

2182 4082 2291 4137 V'll.
2331 4084 2467 4150 Quid
2486 4101 2615 4156 ergo
2635 4087 2827 4140 mirum
2851 4095 2956 4151 est,
2984 4087 3031 4142 si
3043 4088 3274 4142 hominis
3296 4088 3500 4154 anima,
3521 4101 3682 4157 quae,

2112 4173 2416 4243 ubicunque
2443 4175 2530 4239 sit,
2556 4184 2610 4230 et
2638 4164 3028 4246 qualiscunque
3055 4178 3148 4244 sit,
3174 4180 3320 4232 omni
3346 4193 3574 4247 corpore
3598 4185 3684 4231 est

2113 4261 2322 4327 melior,
2354 4262 2528 4316 dicam
2559 4263 2781 4332 pulchre
2804 4264 3081 4329 ordinari,
3128 4273 3184 4319 et
3228 4266 3294 4319 de
3340 4268 3527 4335 poenis
3568 4263 3687 4332 ejus

2115 4349 2249 4405 alias
2282 4352 2705 4420 pulchritudines
2730 4353 2889 4419 ﬁeri,
2933 4371 3054 4410 cum
3103 4356 3174 4409 ibi
3214 4371 3319 4411 non
3351 4358 3439 4422 sit,
3471 4357 3687 4425 quando

439 4462 654 4502 mel-are
679 4448 895 4517 longum
920 4456 1043 4513 est,
1087 4448 1158 4501 ita
1202 4455 1260 4500 ut
1301 4447 1501 4500 nullum
1536 4447 1589 4499 in
1618 4460 1683 4500 ea
1710 4445 2013 4502 inveniatur
2039 4423 2089 4481 D
2114 4440 2309 4495 misera
2336 4450 2452 4507 est,
2484 4442 2572 4497 ubi
2603 4458 2725 4498 esse
2758 4445 2943 4501 beatos
2973 4448 3146 4510 decet,
3191 4448 3284 4501 sed
3331 4449 3404 4501 ibi
3452 4449 3560 4513 sit,
3595 4447 3684 4501 ubi

440 4537 699 4603 spatium,
724 4535 867 4603 quod
900 4551 1005 4591 non
1035 4526 1223 4590 omnes
1252 4535 1589 4590 habitatores
1612 4524 1728 4604 ejus
1755 4535 2013 4605 amplitu-

443 4626 569 4681 dine
589 4626 673 4681 sui
704 4627 904 4697 capiat,
932 4625 1076 4679 nulla
1106 4641 1252 4695 pars,
1288 4641 1429 4694 quae
1456 4641 1563 4681 non
1593 4625 1832 4681 omnium
1861 4625 2011 4696 aspi-

2115 4542 2235 4583 esse
2266 4530 2493 4584 miseros
2520 4532 2694 4585 decet.
2723 4532 2953 4587 Proinde
2977 4535 3120 4588 nulla
3144 4534 3507 4588 universitatis
3529 4542 3682 4602 parte

2116 4621 2338 4691 punitur
2357 4622 2566 4691 impius,
2591 4623 2684 4677 sed
2707 4638 2803 4677 sua
2830 4624 3046 4694 propria
3073 4623 3343 4693 impietate
3386 4624 3439 4676 in
3462 4637 3521 4676 se
3543 4623 3678 4688 ipso,

1721 4734 1976 4806 YABIAE
2014 4734 2415 4791 LECTIONES.

519 4855 537 4887 ι
568 4833 659 4899 Sic
684 4842 826 4907 cod.,
856 4841 927 4896 Μ.
964 4842 1189 4897 Domino"
1209 4841 1317 4895 Deo
1365 4858 1497 4898 mea.
1572 4854 1594 4884 ι
1624 4842 1716 4900 Sic
1738 4845 1886 4911 cod.,
1940 4843 2011 4899 M.
2042 4862 2072 4899 e

519 4915 544 4943 ιιΙ
640 4913 663 4943 Ι
693 4912 782 4943 cm
827 4911 925 4943 ηΛιΙ
1023 4911 1069 4943 ι.
1138 4910 1377 4943 niani/luna.
1497 4911 1518 4943 α
1564 4910 1674 4943 Pax.
1749 4923 2027 4943 .-ιι-..ηιυικ

1497 4911 1518 4943 ⁸
1564 4910 1694 4967 Cod.
1745 4923 2049 4968 scematum.

1411 4981 1456 5014 '°
1483 4980 1573 5038 Sic
1601 4983 1743 5048 cod.,
1772 4982 1842 5037 al.
1880 4982 2020 5035 inde.

445 4915 567 4970 cod.
640 4913 663 4944 '
693 4912 783 4967 Sic
827 4911 971 4975 cod.,
1021 4911 1091 4965 Μ.
1135 4910 1393 4965 obsidum.

445 4983 588 5045 niam
615 4984 724 5053 qui.
744 5050 792 5053 __
817 4981 838 5012 ⁸
870 4980 961 5053 Sic
989 4979 1236 5053 co_d.,_M.
1266 4980 1332 5034 ei.

446 5066 587 5106 mae.
627 5048 638 5053 ’
664 5052 710 5085 ⁸³
738 5050 829 5106 Sic
851 5050 992 5114 cod.,
1016 5050 1085 5104 Μ.
1109 5048 1200 5105 Ει.

2074 4861 2163 4915 rgo
2206 4858 2326 4969 ego.
2401 4844 2421 4875 ³
2451 4844 2543 4900 Sic
2593 4846 2737 4912 cod.,
2767 4846 2837 4900 Μ.

2154 4916 2175 4947 ⁷
2270 4917 2318 4969 'c
2359 4916 2505 4969 cod”
2550 4914 2620 4969 Μ.
2668 4915 2837 4969 [renda

3133 4846 3204 4899 al.
3258 4860 3420 4898 meae.
3515 4842 3676 4896 ‘Sic.

3078 4916 3099 4947 ⁸
3132 4914 3223 4969 Sic
3273 4914 3418 4976 cod.,
3451 4913 3518 4966 Μ.
3551 4929 3681 4982 quo-

2890 4863 3077 4911 meam,

2288 4930 2318 4969 c
2359 4916 2505 4977 cod.,
2550 4914 2620 4969 Μ.
2667 4915 2981 4983 frendentes.

2099 4991 2142 5022 ιι
2171 4982 2261 5038 Sic
2298 4983 2417 5039 cod.
2458 4984 2555 5048 LL,
2589 4981 2813 5039 dicatur.
2890 4985 2935 5018 “
2964 4983 3056 5039 Sic
3103 4983 3255 5048 cod.,
3282 4982 3356 5036 al.
3404 4984 3519 5052 ejus
3559 4981 3682 5036 ani-

1976 5161 2224 5219 NOTAE.

521 5286 547 5314 ι
583 5272 910 5328 Prudentius
934 5290 949 5326 :
976 5272 1044 5327 In
1064 5273 1250 5327 divinis
1276 5273 1491 5341 eloquiis
1518 5288 1773 5340 nusquam
1798 5269 1895 5327 Dei
1919 5273 2016 5326 Ita-

449 5344 745 5396 bitationem
768 5345 823 5396 in
846 5343 948 5404 his,
973 5358 1106 5410 quae
1133 5358 1235 5396 non
1264 5352 1407 5404 sunt,
1449 5341 1674 5409 positam
1706 5355 1835 5410 esse,
1864 5357 2017 5408 prae-

449 5412 717 5464 scientiam
752 5427 870 5464 vero
908 5408 1005 5464 Dei
1038 5412 1193 5464 etiam
1221 5408 1457 5463 malitiae
1488 5418 1536 5461 et
1570 5408 1791 5476 peccatis
1823 5411 2014 5463 nostris

449 5493 553 5530 non
579 5477 773 5530 abesse.

521 5546 549 5583 ι»
588 5543 870 5613 Augustin.
896 5544 1132 5613 Confess.
1166 5546 1299 5610 VIII,
1328 5545 1412 5599 IO.

525 5621 547 5645 ⁸
588 5609 907 5666 Prudentius
930 5609 1208 5679 respondet
1230 5620 1251 5669 “;
1278 5609 1447 5668 Malos
1472 5633 1523 5670 in
1547 5613 1745 5668 inferno
1768 5614 1874 5681 iani
1900 5632 2006 5678 per-

2117 5284 2270 5345 petuo
2293 5276 2602 5345 mancipari,
2631 5277 2789 5330 bonos
2833 5292 2950 5329 vero
2984 5291 3143 5345 supra
3172 5288 3328 5345 9mm
3363 5272 3461 5325 hoc
3493 5269 3684 5329 uisibile

2117 5343 2341 5408 caelum,
2356 5342 2493 5415 quod
2516 5344 2899 5415 ﬁrmamentum
2922 5342 3141 5415 sanetae
3160 5342 3464 5415 Scriptura
3485 5354 3682 5394 nuncu-

2115 5422 2260 5481 pant,
2291 5411 2604 5481 sempiterna
2633 5414 2948 5467 beatitudine
2971 5411 3278 5480 glori/irati.
3682 5412 3696 5422 ’

2183 5477 2213 5517 ἀ
2247 5477 2621 5551 augustinade
2648 5498 2766 5551 vera
2794 5477 3043 5551 Religac.
3069 5477 3162 5535 23.

2191 5559 2213 5585 ε
2255 5549 2407 5604 Roin.
2444 5549 2577 5614 XIII,
2612 5550 2697 5603 7|.
2721 5581 2788 5589 -—
2814 5549 3094 5619 Augustin.
3125 5551 3251 5603 ibid.
3281 5567 3332 5606 c.
3364 5550 3455 5605 41.
