4194 6276
387 5075 398 5152 ξ

471 237 570 290 ιε)

1573 229 1772 283 LIBER
1809 232 1894 284 Ilii
1931 229 2632 288 I’IIAEDES'I‘INATIONE.

3613 243 3728 308 .450

473 359 534 402 ut
569 346 875 418 praedictae
913 355 1224 402 sanctorum
1259 345 1480 400 Patrum
1513 344 1810 398 sententiae
1843 351 2043 398 testau-
2073 353 2116 404 Α
2146 344 2440 413 eademque
2485 361 2626 414 aqua
2659 352 2932 398 natantem
2967 345 3143 413 elevat
3171 387 3186 408 ,
3249 348 3532 404 cadentem
3559 353 3722 416 δυσυ-

471 453 578 496 tur.
615 443 686 498 Ut
715 442 860 496 enim
887 441 1026 496 Deus
1052 454 1160 494 non
1191 439 1309 492 ideo
1341 435 1468 490 fecit
1497 435 1661 490 solem
1681 474 1694 496 ,
1723 442 1782 487 ut
1817 433 1934 500 ejus
1965 449 2045 487 ra-

469 535 576 588 diis
649 533 952 586 inordinate
1009 545 1132 594 eum
1195 528 1506 598 aspicientis
1561 525 1842 581 oculorum
1899 526 2046 580 visus

379 659 382 662 ν
470 622 754 692 refringat,
784 637 984 691 eosque
1010 623 1064 675 in
1098 622 1348 674 tenebras
1381 617 1728 686 repercutiat,
1763 631 1898 683 quas
1928 631 2045 684 pro-

471 715 610 768 fccto
633 727 738 766 non
761 713 896 781 ipse,
923 712 1017 766 sed
1039 711 1156 779 ipsa
1177 708 1482 763 inordinata
1505 706 1640 760 visio
1661 705 1842 770 eﬂicit,
1870 720 2046 772 neque

468 809 528 852 ut
553 800 845 868 patientem
874 799 1156 853 oculorum
1185 797 1560 866 gravissimam
1597 794 1902 862 passionem
1935 801 2043 846 tor-

465 895 630 956 queat
653 887 705 952 ί,
753 903 878 942 cum
920 887 996 940 illi
1037 886 1091 939 in
1128 899 1224 939 sua
1261 885 1510 952 passione
1546 882 1678 936 nihil
1706 889 1912 935 tantum
1947 895 2042 934 no-

467 983 608 1038 ceat,
633 984 896 1042 quantum
925 973 1178 1043 splendor
1203 972 1416 1036 solaris,
1445 972 1571 1024 dum
1593 971 1705 1038 ipsa
1727 968 1906 1037 passio
1935 983 2040 1020 non

465 1064 808 1118 extrinsecus
837 1071 1030 1115 natura
1059 1075 1238 1114 rerum
1269 1059 1568 1128 contingat,
1594 1057 1688 1112 sed
1717 1057 2043 1110 intrinsecus

467 1152 648 1219 aliqua
680 1149 979 1218 corporalis
1007 1149 1254 1202 sanitatis
1271 1147 1616 1216 corruptione
1640 1146 1906 1200 dolentem
1935 1153 2043 1198 tor-

467 1251 636 1309 queat
661 1261 674 1294 :
703 1243 782 1296 sic
809 1240 1060 1294 nimirum
1089 1240 1227 1310 ignis
1259 1239 1346 1292 ille
1373 1249 1654 1302 aeternus,
1699 1238 1789 1308 qui
1817 1253 2038 1305 praepes

472 1345 619 1388 ratus
649 1344 720 1388 est
753 1332 960 1386 diabolo
986 1341 1034 1386 et
1065 1331 1264 1400 angelis
1290 1333 1404 1400 ejus
1428 1345 1478 1396 ει,
1509 1331 1812 1385 nullomodo
1843 1331 1908 1383 ad
1939 1329 2040 1384 hoc

470 1431 708 1488 creatus,
733 1421 1048 1490 praesertim
1079 1420 1123 1474 si
1161 1429 1414 1488 quartum
1455 1419 1636 1474 mundi
1665 1419 1986 1474 elementum
2019 1419 2038 1448 ⁸

469 1513 580 1575 sit;
613 1511 940 1580 probabilius
969 1511 1206 1564 creditur
1241 1511 1310 1564 ad
1359 1510 1723 1564 universitatis
1755 1509 2035 1577 integritas

469 1610 594 1664 tem,
624 1616 784 1670 quam
813 1601 954 1654 Deus
979 1600 1282 1655 faciendam
1307 1599 1592 1669 praevidit,
1626 1613 1744 1652 esse
1770 1597 2038 1660 conditus,

2145 443 2270 498 cat;
2307 435 2534 488 duorum
2585 434 2640 486 iu
2692 434 2812 486 aula
2855 435 3018 502 regali
3079 451 3184 489 uno
3253 437 3550 506 eodemque
3601 442 3721 496 loco

2145 525 2442 593 positorum
2471 539 2608 576 unus
2654 522 2964 586 febricitat,
3009 525 3149 578 alter
3185 527 3420 596 gaudet;
3465 530 3723 596 gaudenti

2144 614 2322 666 omnia
2355 612 2694 668 totius-aulae
2717 622 3034 667 ornamenta
3063 615 3455 670 delectabiliter
3483 618 3724 686 placent,

2147 701 2486 755 laudabiliter
2547 710 2840 770 apparent,
2897 703 3286 758 honorabiliter
3342 707 3718 770 concordant,

2145 789 2471 846 febricitanti
2527 806 2658 846 vero
2725 791 2864 844 intra
2932 806 2990 845 se
3059 793 3233 860 ipsum
3265 832 3282 858 ,
3339 795 3720 866 doloribusque

2145 883 2258 938 suis
2282 883 2490 938 ardenti
2521 883 2793 946 omnium,
2824 899 2963 951 quae
3001 884 3340 940 extrinsecus
3379 887 3558 950 videt,
3586 889 3726 942 nihil

2143 989 2263 1027 eum
2289 973 2534 1036 delectat,
2567 973 2698 1026 nihil
2727 973 3010 1036 laudabile,
3045 975 3168 1042 quia
3196 977 3376 1032 omnia
3425 978 3716 1048 vituperat,

2142 1062 2275 1116 nihil
2321 1063 2704 1126 consentiens,
2737 1063 2860 1130 quia
2906 1063 3142 1116 omnium
3197 1064 3452 1120 abhorret
3499 1068 3714 1126 merito.

2142 1149 2278 1215 Quid
2324 1151 2466 1202 enim
2499 1149 2762 1206 bonorum
2807 1151 2880 1204 illi
2935 1167 3040 1204 non
3093 1163 3351 1218 noceret,
3399 1157 3618 1223 quando
3664 1159 3714 1212 ei

2141 1248 2328 1290 auctor
2352 1237 2590 1290 omnium
2624 1238 2833 1306 placere
2863 1255 2966 1291 non
2997 1241 3239 1306 poterat?
3265 1243 3370 1296 Aut
3396 1244 3484 1298 ubi
3513 1245 3712 1300 nullum

2142 1325 2336 1378 bonum
2399 1341 2504 1380 non
2553 1326 2807 1390 nocebit,
2865 1328 2952 1381 cui
3001 1344 3210 1384 sutnmo
3263 1329 3404 1386 bono
3449 1332 3556 1388 frui
3607 1351 3714 1389 non

2143 1415 2342 1482 placuit
2367 1415 2389 1466 ?
3335 1401 3338 1404 I

2147 1549 2152 1558 .
2213 1505 2300 1558 IX.
2318 1505 2546 1560 Proinde
2573 1507 2614 1560 si
2633 1506 2775 1560 nulla
2797 1509 3070 1562 beatitudo
3088 1519 3188 1574 est,
3213 1513 3316 1566 nisi
3341 1514 3448 1568 vita
3473 1523 3712 1576 aeterna.

2143 1594 2252 1646 vita
2278 1605 2454 1647 autem
2485 1603 2702 1647 aeterna
2729 1605 2810 1648 est
2834 1598 3072 1652 veritatis
3100 1601 3356 1669 cognitio,
3385 1603 3529 1658 nulla
3555 1605 3716 1676 igitur
3791 1594 3802 1602 ’

463 1705 624 1758 quam
655 1690 722 1744 ad
755 1689 1016 1744 urendum
1045 1695 1372 1758 apostatam,
1403 1688 1491 1742 cui
1521 1701 1618 1742 sua
1643 1686 1892 1753 superbia
1918 1684 2031 1738 suf-
2069 1688 2108 1744 Β
2140 1681 2412 1736 beatitudo
2466 1693 2566 1746 est,
2607 1685 2706 1738 nisi
2757 1687 2997 1740 veritatis
3043 1690 3296 1758 cognitio.
3333 1691 3436 1744 Sed
3495 1708 3561 1746 ne
3611 1695 3714 1748 ista

461 1781 650 1834 liceret
691 1779 758 1832 ad
803 1787 1148 1850 tormentum.
1187 1779 1320 1832 Iluic
1361 1779 1554 1832 rationi
1601 1778 1848 1839 additur,
1895 1777 2034 1844 quod

460 1884 580 1924 cum
609 1869 664 1922 in
693 1871 950 1928 aetherco
975 1883 1200 1936 corpore
1229 1869 1462 1937 primum
1491 1883 1519 1919 a
1555 1868 1662 1920 Deo
1693 1875 1912 1924 creatus
1941 1865 2034 1928 sit,

461 1960 513 2014 in
549 1974 658 2028 quo
701 1958 834 2013 nihil
881 1958 990 2026 pati
1039 1959 1247 2026 potuit,
1297 1971 1493 2026 corpus
1539 1954 1657 2028 ejus
1701 1955 2033 2026 aethereum,

457 2062 744 2124 postquam
793 2051 1044 2121 superbia
1093 2050 1364 2112 intumuit,
1416 2065 1447 2102 a
1497 2047 1746 2116 supernis
1796 2045 2034 2108 sedibus,

459 2141 710 2196 videlicet
733 2141 1023 2202 aethereis,
1052 2140 1106 2192 in
1135 2141 1280 2193 hunc
1308 2153 1490 2193 aerem
1533 2136 1854 2192 humiditate
1883 2151 2034 2190 cras-

463 2245 579 2283 sum
613 2230 654 2292 ⁸,
685 2231 912 2300 caligine
938 2229 1279 2282 tenebrosum
1299 2267 1314 2291 ,
1341 2225 1842 2297 perturlationilms
1865 2224 2038 2293 passi-

464 2317 628 2372 bilem
657 2319 903 2372 detrusus
941 2327 1048 2380 est,
1091 2327 1151 2369 ut
1191 2318 1238 2370 ei
1287 2317 1408 2370 inde
1451 2331 1647 2382 corpus
1685 2313 1894 2366 meritis
1926 2312 2038 2366 suis

473 2407 796 2476 condignum
829 2409 946 2475 ipso
975 2407 1189 2460 nolente
1220 2405 1562 2474 copularetur
1585 2443 1600 2470 ,
1636 2419 1700 2457 ac
1728 2418 1824 2471 per
1852 2405 1954 2457 hoc
1985 2403 2036 2473 in

465 2509 532 2550 eo
567 2495 851 2564 iniquitate
887 2510 983 2549 sua
1021 2502 1358 2562 torqueretur
1376 2491 1426 2546 b.

533 2604 664 2659 VIII.
705 2603 832 2658 Sive
859 2604 1042 2672 itaque
1071 2605 1210 2672 ignis
1247 2603 1336 2657 ille
1357 2615 1651 2672 corporeus
1674 2643 1688 2666 ,
1729 2607 1790 2654 ut
1819 2601 1892 2654 ait
1927 2600 2036 2653 Au.

458 2691 724 2764 gustinus,
754 2692 868 2746 sive
891 2694 1282 2760 incorporeus,
1311 2701 1366 2745 ut
1413 2691 1675 2761 Gregorio
1717 2691 1912 2758 placet,
1943 2705 2038 2759 pro

459 2781 565 2845 sui,
585 2789 644 2834 ut
663 2781 874 2850 opinor,
891 2781 1186 2835 subtilitate
1209 2790 1490 2852 pr0pterea
1513 2781 1934 2849 praedestinatus
1953 2781 2036 2832 vel

461 2879 816 2939 praeparatus
833 2871 1274 2941 diciturgdiabolo,
1293 2871 1544 2939 quoniam
1561 2871 1614 2924 in
1629 2885 1692 2923 eo
1709 2869 2038 2922 fueratordi-

463 2961 694 3024 nandus,
708 2975 830 3014 cum
847 2962 1096 3015 omnibus
1115 2961 1354 3014 malitiae
1371 2960 1702 3015 consortibus
1713 2959 2029 3027 puniendus.

464 3047 530 3103 Et
547 3051 994 3117 quemadmodum
1013 3051 1152 3105 idem
1172 3052 1306 3121 ignis
1321 3051 1492 3105 bonus
1503 3050 1758 3120 profecto,
1776 3050 2028 3119 quoniam

461 3152 493 3190 α
525 3138 667 3192 bono
693 3137 886 3199 factus,
913 3153 1015 3192 non
1039 3139 1196 3192 aliam
1236 3141 1304 3194 ob
1329 3154 1544 3194 causam
1567 3138 1766 3192 malum
1797 3140 2023 3201 dicatur,

459 3225 564 3279 nisi
593 3225 736 3293 quod
779 3225 832 3279 in
864 3241 928 3280 eo
957 3227 1082 3280 mali
1112 3228 1506 3281 ordinatissime
1536 3228 1910 3296 disponantur,
1953 3230 2028 3280 ita

455 3313 620 3366 ctiam
635 3327 806 3382 poena
837 3329 944 3369 non
975 3315 1266 3380 incongrue
1285 3317 1566 3379 asseritur,
1589 3316 1842 3383 quoniam
1867 3315 2028 3369 iidem

453 3403 578 3466 mali
607 3404 661 3456 in
689 3405 878 3459 eodem
913 3405 1230 3461 criminibus
1256 3408 1366 3460 suis
1395 3406 1680 3460 libidinose
1727 3406 2029 3460 commissis

459 3494 724 3550 laboriose
751 3495 1234 3566 miscrabiliterque
1275 3497 1603 3551 cruciantur.
1636 3495 1751 3549 Non
1783 3511 1911 3564 ergo
1941 3496 2029 3551 ille
2093 3531 2102 3538 -

457 3581 594 3650 ignis
613 3591 696 3636 est
721 3597 916 3652 poena,
945 3599 1118 3654 neque
1147 3587 1214 3639 ad
1239 3601 1354 3638 eam
1380 3593 1734 3653 praeparatus
1757 3584 1840 3638 vel
1865 3599 1996 3652 prae

460 3672 784 3738 destinatus,
809 3675 903 3728 sed
926 3675 1016 3742 qui
1041 3674 1214 3728 fuerat
1239 3675 1694 3744 praedestinatus,
1721 3685 1780 3730 ut
1803 3685 1947 3729 esset
1973 3675 2023 3730 in

459 3760 806 3816 universitate
833 3763 1071 3816 omnium
1099 3764 1380 3828 bonorum,
1413 3766 1568 3818 sedes
1611 3763 1782 3817 factus
1820 3773 1900 3817 est
1927 3763 2015 3817 im-

461 3849 666 3916 piorum
693 3862 740 3906 ε.
765 3851 820 3906 1n
843 3868 948 3922 quo
979 3853 1338 3922 proculdubio
1361 3869 1463 3907 non
1499 3855 1676 3908 minus
1709 3855 2028 3908 habitahunt

460 3938 624 4003 beati,
655 3955 812 4008 quam
855 3942 1037 3996 miseri
1062 3941 1128 4006 ἀς
1160 3943 1254 3995 scd
1291 3943 1431 3995 sicut
1461 3957 1564 3995 una
1600 3943 1890 4010 eademque
1937 3943 2028 3996 lux

460 4027 625 4092 sanis,
657 4037 714 4081 ut
738 4029 987 4095 diximus,
1034 4030 1204 4085 oculis
1246 4031 1514 4094 convenit,
1549 4031 1770 4099 impedit
1797 4031 2025 4084 dolenti-

457 4113 595 4180 bus;
630 4131 767 4170 unus
797 4117 1042 4186 idemque
1087 4119 1239 4172 cibus
1263 4158 1276 4183 ,
1310 4117 1392 4172 vel
1433 4127 1589 4188 potus
1627 4119 1869 4172 faecibus
1909 4119 2026 4170 lan-

458 4207 736 4272 guentium
781 4223 1018 4273 amarus,
1069 4209 1300 4262 sanitate
1339 4207 1631 4262 frueutium
1675 4208 1846 4262 dulcis
1872 4248 1884 4272 ,
1926 4208 2029 4262 illis

460 4293 657 4361 quippe
695 4309 824 4349 suae
886 4298 1088 4351 salutis-
1127 4297 1300 4366 placet
1352 4297 1558 4365 integra
1617 4297 1853 4358 laetitia,
1911 4297 2028 4350 istis

2136 1769 2384 1836 collectio
2425 1771 2730 1826 Imllomodo
2761 1773 2811 1825 in
2847 1776 3336 1831 mentibusuostris
3383 1789 3570 1844 nutet,
3614 1798 3710 1834 au-

2137 1859 2346 1914 diamus
2397 1861 2537 1913 illam
2583 1863 2748 1930 ipsam
2781 1863 3068 1920 Veritatem
3116 1879 3306 1936 aperte.
3340 1869 3658 1930 clamantem
3695 1893 3708 1940 ξ

2138 1947 2241 2012 Qui
2256 1949 2426 2018 diligit
2451 1968 2531 2003 me
2549 1992 2561 2014 ,
2587 1953 2833 2020 diligetur
2859 1954 2880 1984 '*
2905 1973 2934 2006 α
2953 1955 3113 2008 Putre
3145 1974 3280 2022 meo,
3311 1969 3356 2012 et
3379 1977 3471 2028 ego
3497 1961 3718 2030 diligant

2133 2053 2282 2101 eum,
2305 2049 2352 2092 et
2375 2041 2714 2112 manifestabo
2749 2047 2998 2112 nteipsum
3023 2045 3098 2098 illi
3126 2057 3170 2098 ο.
3202 2047 3330 2100 Item
3365 2048 3489 2106 alibi
3519 2067 3530 2101 :
3567 2049 3711 2104 llaec

2135 2136 2210 2180 est
2234 2137 2406 2180 autent
2447 2129 2548 2180 vita
2571 2140 2802 2192 aeterna,
2829 2142 2882 2183 ut
2921 2145 3229 2202 cognoscant
3252 2145 3300 2188 te
3340 2117 3508 2192 solum
3539 2156 3716 2196 verum

2137 2213 2322 2281 Deum,
2347 2227 2394 2270 et
2424 2234 2574 2286 quem
2621 2219 2806 2272 misisti
2833 2221 3014 2276 Jesum
3059 2223 3320 2278 Christum
3369 2225 3411 2277 τ.
3442 2227 3712 2296 Quidquid
3750 2211 3758 2218 ⁸

2137 2315 2314 2358 autem
2331 2307 2397 2359 dc
2417 2308 2744 2362 beatitudine
2765 2311 3026 2374 creditur,
3052 2315 3116 2366 de
3157 2313 3271 2380 ejus
3294 2315 3524 2380 defectu,
3549 2318 3600 2368 id
3631 2331 3756 2370 est;

2142 2398 2380 2460 miseria,
2407 2414 2624 2450 necesse
2647 2409 2732 2451 est
2755 2415 2784 2454 e
2812 2404 3086 2458 contrau‘io
3100 2405 3370 2464 credatur.
3393 2404 3470 2474 Ita
3499 2406 3542 2460 si
3567 2399 3710 2468 nulla

2138 2492 2352 2546 miseria
2385 2500 2486 2555 est,
2519 2492 2620 2546 nisi
2653 2507 2796 2544 mors
2828 2501 3065 2556 acterna,
3091 2479 3532 2548 aeternaautetn
3563 2511 3712 2556 mors

2137 2588 2220 2632 est
2279 2580 2522 2632 veritatis
2583 2579 2906 2648 ignorantia,
2941 2580 3081 2632 nulla
3141 2582 3304 2651 igitur
3352 2583 3742 2644 miseria-ess.

2135 2669 2236 2722 nisi
2291 2667 2540 2721 veritatis
2606 2667 2924 2734 ignorantia.
3013 2666 3111 2720 Ubi
3184 2669 3362 2736 itaque
3429 2670 3734 2738 ignoratur

2134 2756 2362 2818 veritas,
2389 2755 2461 2808 ibi
2487 2754 2631 2808 nulla
2656 2755 2782 2807 vita.
2811 2753 2909 2808 Ubi
2939 2765 3116 2806 autem
3163 2755 3308 2808 nulla
3339 2743 3444 2809 vita
3463 2797 3484 2819 ,
3512 2759 3582 2810 ibi
3614 2773 3712 2814 ne:
3745 2797 3750 2800 -

2136 2860 2285 2899 cesse
2311 2851 2392 2898 est
2413 2844 2721 2902 continuam
2751 2853 2980 2896 mortem
3005 2845 3376 2911 adesse.Quae
3405 2847 3446 2898 si
3478 2847 3550 2899 ita
3577 2848 3710 2912 sint,

2135 2934 2256 3002 quis
2309 2933 2503 2992 audeat
2553 2933 2754 2996 dicere,
2810 2934 2974 2986 Deum
3026 2947 3145 2987 esse
3191 2933 3706 3002 praedestinatorem

2061 3023 2104 3084 C
2137 3038 2357 3092 poenae,
2385 3024 2486 3100 nisi
2518 3023 2606 3092 qui
2631 3025 2792 3076 audet
2818 3038 2940 3086 eum
2969 3037 3214 3086 asserere
3251 3035 3523 3080 auctorem
3550 3028 3704 3097 ignee

2133 3111 2360 3176 rantiae,
2389 3113 2512 3166 dum
2557 3114 2624 3166 ab
2653 3126 2717 3166 eo
2759 3113 2828 3165 sit
2869 3113 3044 3190 omnis
3086 3114 3456 3186 intelligentia.
3500 3115 3708 3170 Uinnn-

2129 3204 2571 3270 quemqueigitur
2585 3219 2678 3257 sua
2699 3203 3372 3272 punitcontumacia,quae
3387 3206 3531 3260 nullo
3551 3209 3714 3262 unedo
3743 3245 3746 3248 -

2130 3306 2158 3343 a
2189 3290 2296 3345 Deo
2323 3300 2410 3344 est
2437 3309 2450 3355 ;
2483 3307 2548 3346 ac
2574 3307 2670 3360 per
2717 3294 2817 3346 hoc
2847 3292 2962 3358 ejus
3001 3301 3192 3347 auctor
3237 3293 3554 3362 nullomodo,
3585 3313 3706 3358 ere:

2129 3377 2337 3433 dendus
2360 3387 2443 3434 est
2469 3387 2518 3434 Β.
3179 3423 3182 3426 ,

2607 3447 3003 3504 CAPITULUM
3043 3450 3222 3504 XVIII.

2132 3531 2282 3597 Quod
2325 3552 2480 3606 error
2519 3553 2732 3606 eorum,
2776 3538 2864 3604 qui
2909 3537 3078 3600 aliter,
3116 3555 3272 3606 quam
3315 3539 3495 3594 Patres
3537 3535 3708 3596 smn-ti

2200 3605 2508 3681 sentiunt_de
2533 3605 3019 3681 praedestinatioue,
3054 3605 3137 3659 ex,
3155 3607 3448 3661 liberalium
3477 3613 3708 3681 discipli-

2201 3689 2390 3725 narum
2416 3674 2714 3742 ignorantia
2735 3675 2964 3728 inolevit.
3556 3723 3560 3726 .
3609 3674 3618 3681 ’
3763 3681 3774 3690 ·

2203 3761 2241 3814 I.
2259 3761 2507 3815 Errorem
2525 3762 2703 3830 itaque
2727 3761 3098 3816 saevissinnun
3123 3779 3328 3830 eorum,
3360 3768 3450 3834 qui
3483 3781 3706 3821 venera-

2130 3849 2314 3902 bilium
2337 3849 2578 3912 Patrum,
2603 3851 2944 3918 maximeque
2973 3855 3142 3905 sancti
3167 3853 3449 3918 Augustini
3483 3866 3700 3908 senten-

2131 3937 2232 3988 tias
2261 3936 2506 3999 confuse,
2541 3952 2604 3992 ac
2631 3951 2728 4004 per
2753 3939 2854 3990 hoc
2887 3940 3162 3993 mortifere
3201 3943 3268 3993 ad
3306 3957 3461 3994 suum
3500 3948 3704 4009 pravis-

2129 4026 2324 4080 simum
2354 4041 2569 4082 sensum
2593 4027 2868 4095 redigunt,
2895 4043 2976 4082 ex
3016 4029 3226 4082 utilium
3263 4030 3698 4097 disciplinarum,

2130 4129 2264 4184 quas
2291 4115 2406 4183 ipsa
2457 4116 2717 4182 sapientia
2751 4131 2876 4169 suas
2903 4117 3128 4169 comites
3169 4117 3704 4188 investigatriccsque

2129 4207 2245 4261 ﬁeri
2302 4206 2507 4269 voluit,
2561 4205 2910 4276 [ignorantia]
2967 4207 2988 4237 "
3033 4207 3350 4262 crediderim
3408 4211 3702 4277 sumpsisse

2129 4296 2442 4365 primordia.
2490 4295 2711 4362 Insuper
2751 4294 2912 4346 etiam
2955 4309 3019 4346 ex
3071 4308 3386 4363 graecarum
3417 4296 3693 4352 literarum

461 4395 593 4436 suae
653 4387 1006 4456 corruptionis
1058 4388 1304 4456 displicet
1357 4387 1596 4456 poenalis
1624 4387 1882 4452 tristitia;
1923 4403 2026 4440 una
2063 4384 2106 4442 ι)
2134 4385 2344 4440 inscitia
2371 4385 2420 4438 ιι.
2455 4384 2510 4439 1η
2541 4384 2734 4452 quibus
2779 4383 3285 4452 praedestinationis
3322 4386 3702 4456 interpretatio.

1737 4500 1818 4552 VA
1831 4499 1985 4552 IIIAE
2017 4497 2305 4552 LECTION
2314 4498 2412 4551 ES.

531 4584 544 4616 ¹
574 4585 664 4640 Sic
701 4588 844 4651 cod.,
873 4587 954 4656 M.
979 4597 1292 4656 retorqueat.
1365 4589 1386 4618 '
1415 4587 1546 4642 Cod.
1602 4588 1919 4643 elimentum.

455 4669 566 4708 om.
613 4659 758 4722 cod.,
791 4658 912 4710 add.
947 4655 1018 4710 LI.

1996 4589 2016 4622 ³
2049 4587 2180 4643 Cod.
2243 4605 2482 4642 erasum.
2544 4587 2566 4618 ‘
2605 4585 2696 4642 Su:
2729 4587 2892 4652 cod...
2927 4587 2984 4642 Μ
3017 4587 3272 4658 diligitur.

3349 4591 3370 4623 ⁸
3401 4595 3700 4661 ignorantia

1975 4745 2204 4801 NOTAE
2297 4769 2300 4772 ’

532 4863 555 4888 η
599 4850 784 4904 Matth.
815 4851 980 4913 XXV,
1005 4853 1094 4906 εἴ.

529 4917 556 4956 ιν
597 4919 762 4973 [lecte
809 4921 1133 4976 Prudentius
1175 4938 1186 4973 :

460 4988 787 5058 prOplteticae
816 5000 967 5058 atque
991 4989 1306 5058 apost'olirae
1326 4991 1538 5058 minime
1563 5004 1710 5058 posse
1734 4989 1964 5054 probari.

534 5066 564 5125 c_
581 5055 844 5116 Dominus
865 5055 986 5110 cum
1009 5055 1317 5125 parabolam
1333 5057 1560 5125 piscium
1579 5056 1838 5108 bonorum
1865 5067 2028 5124 atque

459 5122 726 5175 malm-um
766 5122 1169 5192 pronuntiasset
1203 5143 1216 5179 :
1255 5122 1508 5188 Exibunt,
1541 5124 1729 5190 inquit,
1763 5122 1954 5192 angeli“
1979 5135 2026 5178 et

459 5193 770 5264 separabttnt
798 5193 964 5246 malos
983 5195 1048 5247 de
1071 5195 1238 5248 medio
1253 5195 1616 5264 justorunt,_et
1645 5194 1844 5264 mittent
1870 5196 2028 5264 eosin

460 5274 720 5331 summum
749 5263 907 5331 ignis,
938 5264 1026 5316 ubi
1047 5265 1142 5315 erit
1170 5261 1320 5331 fletus
1341 5273 1406 5331 et
1429 5261 1624 5314 stridor
1643 5261 1896 5331 dentium,
1924 5261 2030 5314 Illa

461 5325 641 5392 igitur.
670 5325 810 5396 quae
841 5329 1077 5388 Joannes
1133 5325 1326 5386 Scotus
1379 5329 1644 5398 disputat,
1678 5329 1888 5382 veritati
1923 5345 2030 5384 non

461 5401 590 5464 satis
619 5409 942 5464 congruunt.

529 5463 916 5549 {Ea-ata’Non
959 5469 1140 5549 sedem
1191 5467 1476 5549 suavitatis
1507 5476 1560 5521 et
1593 5468 1868 5549 dignitatis
1893 5509 1906 5533 ,
1937 5469 2030 5522 scd

461 5539 741 5588 aeternum
770 5545 1096 5590 tormentum
1117 5539 1314 5592 veritas
1329 5539 1482 5590 docet
1505 5552 1621 5590 esse
1655 5539 1800 5590 illum
1833 5539 2028 5605 ignem.

1242 4921 1307 4973 Id
1366 4919 1673 4972 unrtoritute
1729 4921 2030 4990 Scrip'urae
2121 4921 2253 4990 justi
2284 4921 2748 4990 autemhiuivitam
2792 4935 3072 4976 aeternam.

2135 4853 2347 4926 dicente
2389 4853 2652 4926 Domino;
2687 4851 2844 4907 Ibunt
2873 4855 2925 4906 lii
2957 4855 3010 4908 in
3049 4844 3359 4926 supplicium
3402 4867 3702 4920 aeternum.

3135 4925 3376 4993 iusquam
3424 4939 3702 4978 sacrarum

2127 4991 2430 5062 litterarum
2443 4989 2698 5062 illeiguis
2724 4991 2831 5044 vita
2855 5003 3070 5050 aeterna
3095 4989 3451 5062 ntiticnpatur.

2207 5070 2230 5097 θ
2259 5057 2413 5110 loun.
2443 5056 2698 5116 Χινίει.

2209 5125 2230 5163 ί
2263 5125 2418 5178 Joan.
2461 5125 2620 5188 XVII,
2647 5127 2701 5178 5.

2207 5195 2231 5233 ⁸
2264 5193 2584 5246 Prudentius
2613 5195 2864 5246 observat
2888 5211 2900 5245 :
2936 5191 2994 5245 Si
3015 5193 3162 5260 impii
3190 5195 3243 5246 in
3273 5192 3363 5244 illo
3389 5195 3505 5261 igne
3526 5193 3698 5246 sedem

2131 5270 2335 5314 tantum
2360 5261 2606 5323 habituri,
2623 5277 2724 5312 non
2745 5271 2794 5312 et
2812 5277 3028 5328 poenam
3049 5263 3254 5326 passuri
3279 5271 3418 5322 sunt,
3439 5265 3698 5324 quomodo

2133 5330 2334 5383 nullam
2370 5331 2526 5380 vitam
2552 5329 2808 5381 habebunt
2837 5331 2860 5381 ν
2893 5328 2996 5380 Sed
3023 5330 3208 5381 veritas
3251 5329 3462 5392 clamat,
3492 5329 3700 5380 habitu-

2133 5415 2218 5452 ros
2244 5399 2350 5449 illic
2379 5399 2560 5461 impios
2591 5399 2870 5454 vitam.sed
2897 5399 3185 5464 poenalem.
3599 5443 3602 5446 .

2203 5469 2230 5507 h
2251 5467 2566 5518 Prmlentius
2587 5483 2598 5516 :
2629 5464 2808 5516 Patres
2827 5467 3104 5531 perfectam
3119 5463 3402 5518 earundem
3427 5467 3720 5520 scietuinm.

2133 5537 2374 5603 habuisse
2399 5532 2692 5588 nullatenus
2721 5533 2947 5584 dubitari
2970 5549 3114 5599 posse
3133 5574 3146 5598 ,
3178 5532 3488 5605 Scotumqne
3529 5537 3698 5605 potius
3719 5575 3730 5584 λ,
