4194 6276
503 274 602 327 ιὸί

1879 267 2158 335 IOANNIS
2198 271 2395 328 SGOTI

3631 284 3742 338 £32

504 383 704 443 nullam
746 379 1108 451 ambiguitatis
1131 376 1412 449 caliginem
1455 377 1645 450 gignit.
1681 380 1830 447 Quae
1864 379 1908 434 si
1945 379 2068 435 dili-
2095 389 2143 446 Α
2171 383 2453 446 bonorum,
2480 392 2534 438 et
2567 384 2722 440 bonis
2752 386 3036 442 consulens
3061 387 3224 442 etiam
3253 389 3317 444 dc
3358 391 3545 458 poenis
3571 397 3739 452 uiato—

501 470 716 541 gentius
741 470 808 525 ab
834 465 1237 537 inquisitoribus
1263 465 1528 530 veritatis,
1561 481 1665 521 non
1689 469 1758 522 ab
1776 468 2061 523 assertori-

500 558 602 615 bus
649 557 896 612 falsitatis
942 555 1287 609 attendantur
1316 593 1332 618 ,
1381 555 1803 624 quotiescunque
1848 557 1965 612 sive
1996 557 2063 611 de

503 647 661 701 bonis
684 645 899 706 usitate,
923 642 1038 696 sive
1079 642 1146 695 de
1196 641 1351 695 malis
1383 643 1604 697 abusive
1646 643 2063 712 praedestinatio

504 734 694 788 frontis
720 745 868 794 suae,
898 730 1228 800 sapientibus
1250 729 1466 798 quidem
1499 730 1832 794 notissimae,
1868 730 2064 785 inﬂatis

499 839 628 877 vero
656 821 937 891 superbiae
969 821 1130 890 typho
1156 819 1610 885 abstrusissimae,
1647 821 1852 890 primas
1881 830 2063 889 partes

499 913 788 982 aperuerit,
823 918 931 964 tota
955 910 1232 974 nimirum,
1269 908 1414 962 nulla
1443 909 1766 965 interstante
1785 924 1957 976 mora,
1977 910 2064 980 pie

499 1001 920 1071 intelligentibus
946 1011 1064 1052 cam
1099 996 1326 1066 patebit.

567 1090 628 1143 II.
654 1090 748 1144 Est
761 1088 922 1160 igitur
941 1087 1160 1140 verbum
1180 1086 1317 1154 apud
1338 1084 1572 1140 Graecos
1588 1085 1692 1160 ὁρῶ
1707 1085 1746 1151 ⁸,
1761 1086 2064 1168 quodjtpud

499 1181 718 1236 Latinos
742 1179 913 1233 tribus
937 1177 1202 1244 excipitur
1225 1175 1404 1229 verbis
1427 1191 1444 1240 ;
1467 1176 1569 1248 ὁρῶ
1590 1176 1785 1245 quippe
1809 1183 1864 1229 et
1885 1175 2064 1239 video,

499 1282 554 1325 et
569 1269 783 1334 deﬁnio,
802 1276 856 1322 et
880 1266 1089 1322 destino
1110 1266 1509 1333 interpretatur.
1526 1263 1784 1318 Similiter
1804 1263 2066 1331 composi-

499 1368 612 1413 tum
627 1363 846 1432 προορῶ,
859 1355 1165 1426 praevideo,
1183 1353 1530 1423 praedelinio,
1543 1353 1899 1422 praedestino.
1915 1353 2066 1418 Quod

498 1464 563 1502 ex
603 1455 856 1502 contextu
892 1458 1079 1500 sacrae
1125 1443 1436 1512 Scripturae
1462 1442 1714 1496 facillime
1751 1442 2062 1512 colligitur:

403 1609 410 1614 _
500 1540 552 1592 in
584 1536 807 1608 epistola
850 1536 918 1590 ad
954 1536 1225 1590 Romanos
1252 1551 1266 1587 :
1296 1542 1384 1589 τοῦ
1413 1534 1692 1610 ὁρισθέντος
1718 1537 1833 1588 υἱοῦ
1856 1541 1983 1590 Θεοῦ
2015 1537 2063 1588 ἐν

497 1627 704 1698 δυνάμει
723 1628 765 1691 ⁸,
797 1625 1040 1678 destinati
1055 1623 1153 1690 ﬁlii
1175 1622 1268 1676 Dei
1285 1622 1338 1674 in
1359 1622 1612 1686 uirtutea;
1638 1624 1705 1676 ad
1737 1623 1993 1691 Ephesios
2018 1623 2060 1676 ³.

2163 487 2282 528 rum
2319 492 2338 525 ι
2367 483 2412 528 α.
2433 471 2534 528 Ubi
2572 475 2815 543 profecto
2865 477 3411 544 intelligendum,non
3461 482 3603 536 aliud
3647 500 3739 540 vo-

2162 555 2326 616 luisse
2353 563 2405 615 in
2449 564 2613 618 verbo
2654 566 3179 632 praedestinationis,
3217 583 3377 636 quam
3402 572 3544 638 quod
3571 574 3743 630 voluit

2161 648 2214 701 in
2235 649 2399 704 verbo
2425 652 2796 718 praevisionis.

2229 735 2317 788 IV.
2349 736 2485 802 Quis
2507 751 2639 805 ergo
2664 740 2764 794 nisi
2795 739 3070 796 insaniens
3101 757 3204 796 non
3234 748 3434 810 vincat,
3467 763 3570 802 non
3615 765 3737 806 esse

2162 823 2304 878 aliud
2319 825 2428 880 Deo
2448 829 2868 896 praedestinare,
2892 845 3053 898 quam
3076 835 3446 901 praedelinire,
3469 854 3568 892 nec
3589 841 3735 894 aliud

2163 925 2286 968 esse
2297 914 2672 982 praedelinire,
2697 931 2856 985 quam
2879 920 3191 987 praevidere
3215 921 3256 974 ε.
3282 922 3392 978 Non
3415 927 3736 997 aliudigitnr

2161 1001 2579 1069 praedestinare,
2609 1019 2769 1072 quam
2796 1007 3126 1073 praevidere.
3151 1008 3399 1076 Proinde,
3428 1014 3564 1067 sicut
3595 1016 3732 1068 dici-

2165 1103 2313 1153 mus,
2337 1088 2504 1143 Deum
2548 1093 2895 1158 praevidisse,
2918 1109 3056 1162 quae
3082 1095 3323 1152 facturus
3361 1109 3414 1154 et
3457 1118 3594 1170 quae
3629 1085 3737 1158 non

2165 1174 2425 1241 facturus,
2457 1192 2579 1231 cum
2601 1180 2987 1247 proculdubio,
3013 1199 3150 1251 quae
3180 1186 3291 1254 ipse
3317 1203 3420 1242 non
3460 1190 3698 1246 facturus
3717 1232 3733 1255 ,

2170 1265 2303 1319 nihil
2345 1274 2503 1332 sunt;
2537 1268 2709 1322 omnia
2737 1269 2932 1338 quippe
2973 1288 3065 1340 per
3089 1273 3257 1341 ipsum
3306 1277 3448 1343 facta
3495 1289 3648 1343 sunt,
3687 1290 3734 1333 et

2165 1356 2275 1409 sine
2298 1356 2406 1424 ipso
2431 1358 2627 1424 factum
2665 1368 2738 1412 est
2774 1360 2901 1412 nihil
2931 1361 2990 1424 ⁸,
3027 1362 3157 1415 nihil
3197 1376 3375 1419 autem
3419 1368 3584 1422 videri
3630 1386 3733 1422 non

2167 1453 2382 1515 potest:
2409 1446 2481 1499 ita
2512 1461 2674 1515 saepe
2721 1457 2968 1503 auctores
2994 1450 3176 1504 dicere
3204 1452 3523 1519 invenimus,
3566 1457 3734 1512 Deum

2167 1536 2618 1604 praedestinasse,
2643 1552 2780 1605 quae
2800 1537 3054 1601 facturus,
3081 1548 3134 1592 et
3157 1555 3295 1608 quae
3323 1558 3431 1597 non
3463 1544 3701 1600 facturus
3718 1586 3734 1610 ,

2167 1624 2413 1677 similiter
2423 1625 2803 1694 praedeiinisse
2825 1627 2885 1680 ιθ.
2911 1626 2966 1681 Si
2986 1628 3130 1680 enim
3153 1629 3204 1682 in
3231 1631 3440 1699 graecis
3459 1634 3735 1688 codicibus

495 1717 549 1771 ἰν
581 1719 751 1790 ἀγάπῃ
775 1717 1054 1792 προορίσας
1081 1717 1214 1784 ἡμᾶς
1238 1713 1277 1776 ⁵,
1311 1714 1364 1765 in
1413 1715 1630 1766 caritate
1676 1714 2065 1781 praedestinans

2170 1713 2508 1769 invenientes
2547 1718 2872 1789 προώρισεν,
2920 1731 3025 1770 non
3071 1716 3380 1774 dubitamus
3434 1721 3736 1792 intelligere

496 1821 588 1859 nos
601 1807 628 1845 δ
646 1816 727 1871 ;et
741 1805 898 1874 paulo
920 1814 1040 1872 post
1055 1821 1067 1856 ε
1083 1803 1465 1879 προορισθέντες
1478 1803 1605 1857 κατὰ
1624 1803 1861 1873 πρόθεσιν
1869 1809 1994 1857 Θεοῦ
2009 1803 2032 1835 ³
2047 1841 2063 1869 ,

493 1895 865 1965 praedestinati
892 1892 1173 1947 secundum
1200 1891 1520 1960 propositum
1546 1889 1641 1942 Dei
1671 1900 1718 1946 ο.
1743 1890 1801 1943 In
1839 1890 1923 1944 his
1947 1905 2066 1944 om-

496 1985 934 2052 nibusinterpres
956 1983 1120 2038 verbo
1143 1980 1652 2051 praedestinationis
1672 1995 1800 2036 usus
1821 1992 1924 2046 est,
1945 1996 2068 2035 cum

494 2081 676 2143 posset
687 2081 742 2127 et
754 2071 870 2125 aliis
885 2071 979 2135 uti,
998 2070 1048 2123 id
1065 2077 1223 2132 est,et
1239 2067 1666 2137 praevisionis,ct
1679 2067 2069 2135 praedeiinitio-

497 2163 604 2228 nis,
621 2161 872 2230 quoniam
887 2159 1134 2213 haectria
1149 2158 1331 2221 verba,
1348 2165 1406 2210 ut
1439 2156 1689 2223 diximus,
1721 2157 1876 2212 unius
1889 2159 2067 2226 graeci

495 2255 646 2310 verbi
657 2269 871 2308 sensum
887 2254 1211 2323 exprimunt.
1227 2251 1360 2306 Hinc
1375 2250 1501 2305 illud
1515 2265 1708 2304 nomen
1727 2251 1912 2327 ὅρασις
1927 2253 1969 2283 δ’
1988 2252 2070 2306 vel

495 2345 778 2420 προόρασις
797 2342 846 2408 ⁸,
877 2343 1020 2412 quod
1047 2341 1185 2411 apud
1219 2341 1337 2396 illos
1366 2357 1396 2395 a
1425 2341 1586 2396 verbo
1611 2341 1711 2415 ὁρῶ
1737 2341 1820 2396 vel
1841 2350 2064 2420 προορῶ,

496 2434 795 2497 derivatur,
826 2431 968 2501 apud
992 2446 1091 2485 nos
1132 2431 1329 2484 dicitur
1357 2430 1492 2484 visio
1511 2470 1526 2496 ,
1552 2430 1637 2484 vel
1678 2429 1948 2495 deﬁnitio,
1984 2431 2068 2485 vel

493 2520 872 2585 destinatio-,et
899 2533 1087 2573 eorum
1113 2519 1406 2588 composita
1435 2517 1721 2588 praevisio,
1745 2519 2064 2587 praedelini-

492 2610 590 2674 tio,
619 2624 652 2662 a
677 2607 974 2677 composito
1014 2607 1218 2661 Graeco
1252 2607 1493 2673 veniunt,
1525 2608 1666 2677 quod
1708 2608 1992 2680 προόρασις
2021 2608 2064 2660 ⁷.

492 2699 700 2753 Dehinc
748 2706 931 2767 aperte
965 2697 1249 2752 coniicitur
1272 2737 1288 2764 ,
1332 2697 1384 2751 in
1432 2698 1515 2752 his
1549 2697 1718 2752 tribus
1745 2699 1925 2755 verbis
1975 2707 2070 2754 aut

490 2787 718 2841 eundem
750 2799 966 2841 sensum
997 2800 1137 2851 esse,
1163 2794 1256 2840 aut
1297 2795 1500 2840 tantam
1531 2785 1910 2857 intelligentiae
1933 2787 2066 2842 vici-

492 2879 656 2942 niam,
691 2885 750 2931 ut
778 2877 1196 2946 unumquodque
1225 2876 1446 2931 alterius
1475 2876 1593 2932 loco
1617 2877 1741 2946 poni
1769 2877 1962 2946 possit.

563 2967 646 3021 Ill.
677 2965 825 3032 Quae
842 2966 985 3020 ratio
1011 2966 1078 3020 ab
1105 2965 1389 3036 Augustini
1412 2965 1735 3019 dictionibus
1762 2964 2068 3019 ﬁrmissime

2167 1805 2451 1874 praevidit,
2484 1804 2565 1859 vel
2581 1805 2970 1874 praedetinivit,
3004 1807 3087 1861 vel
3110 1810 3526 1876 praedestinavit
3556 1830 3569 1863 :
3605 1815 3737 1883 quid

2169 1908 2269 1949 nos
2321 1894 2586 1962 prohibet,
2625 1895 2901 1949 audientes
2927 1897 3348 1964 praedestinavit
3382 1901 3424 1930 ιι
3449 1941 3467 1966 ,
3490 1904 3737 1972 accipere

2167 1985 2430 2053 praevidit
2456 1984 2535 2038 vel
2555 1984 2944 2053 praedeﬁnivit,
2961 1996 3170 2040 servata
3194 1987 3280 2040 illa
3311 1990 3735 2048 incommutabili

2167 2072 2512 2140 ratione,qua
2536 2073 2669 2126 haec
2695 2083 2749 2127 et
2777 2072 3080 2142 hujusmodi
3111 2077 3272 2129 verba
3304 2076 3357 2130 in
3390 2079 3472 2132 his
3503 2088 3734 2145 tantum,

2167 2173 2305 2228 quae
2337 2159 2476 2213 Deus
2512 2157 2662 2224 fecit,
2709 2159 3078 2230 intelligantur
3115 2162 3323 2229 inesse,
3353 2164 3407 2218 in
3452 2165 3556 2220 illis
3581 2182 3732 2232 vero,

2167 2262 2303 2315 quae
2327 2247 2466 2301 Deus
2493 2261 2597 2301 non
2622 2246 2813 2312 fecit,e
2845 2250 3118 2304 contrario
3139 2252 3243 2305 dici
3265 2266 3442 2321 posse,
3470 2269 3594 2309 cum
3623 2272 3732 2312 non

2167 2335 2304 2390 sint?
2325 2335 2368 2390 Ο
2382 2344 2596 2392 aeterna
2619 2337 2836 2402 veritas,
2851 2346 2905 2391 et
2919 2352 3046 2392 vera
3065 2340 3287 2406 caritas,
3301 2345 3522 2398 ostende
3548 2354 3736 2399 temet-

2168 2428 2338 2498 ipsam
2384 2428 2764 2496 quaerentibus
2813 2430 2866 2482 te
2914 2430 2970 2482 in
3020 2432 3292 2496 omnibus,
3325 2433 3380 2487 in
3423 2434 3617 2503 quibus
3645 2449 3728 2490 es.

2167 2518 2424 2585 Ostende,
2451 2519 2684 2574 creatrix
2717 2519 3138 2588 sapientissima,
3173 2524 3308 2576 nihil
3335 2539 3453 2578 esse
3475 2536 3630 2579 extra
3659 2535 3732 2592 te,

2168 2616 2220 2662 et
2244 2611 2448 2672 omnia,
2471 2622 2608 2676 quae
2635 2617 2761 2661 sunt
2781 2608 2919 2662 intra
2948 2617 3016 2672 te,
3047 2624 3108 2663 ea
3136 2611 3175 2640 ¹¹
3205 2620 3410 2666 tantum
3432 2629 3463 2667 a
3494 2624 3544 2666 te
3575 2630 3730 2682 prae-

2169 2698 2283 2752 visa
2314 2706 2367 2752 et
2398 2696 2793 2766 praedestinata
2814 2736 2827 2760 ,
2858 2698 3202 2766 praedelinita
3221 2710 3276 2755 et
3294 2702 3556 2769 praescita
3592 2718 3730 2766 esse,

2169 2786 2259 2840 illa
2289 2799 2590 2853 vero,quae
2617 2784 2867 2838 dicuntur
2895 2799 3031 2850 esse,
3059 2803 3184 2840 cum
3216 2803 3318 2842 non
3342 2789 3469 2854 sint,
3501 2806 3599 2844 nec
3623 2807 3652 2844 a
3681 2801 3736 2846 te

2169 2888 2312 2938 esse,
2339 2889 2438 2928 nec
2464 2874 2516 2927 in
2549 2882 2599 2926 te
2636 2889 2778 2938 esse,
2804 2875 3028 2944 ideoque
3047 2892 3146 2930 nec
3172 2893 3200 2929 a
3231 2885 3281 2932 te
3301 2881 3696 2946 praedestinata
3715 2921 3732 2946 ,

2171 2980 2271 3020 nec
2284 2963 2648 3035 praedelinita,
2666 2980 2763 3019 nec
2773 2967 3060 3035 praescita,
3072 2982 3168 3021 nec
3179 2970 3440 3036 praevisa.
3458 2971 3500 3024 Ο
3515 2970 3740 3026 Domine

492 3059 894 3126 comprobatur.
947 3057 1082 3111 Cum
1127 3057 1270 3111 enim
1319 3056 1510 3125 ipsein
1539 3056 1698 3121 libro,
1725 3055 1817 3125 qui
1843 3065 2062 3110 vocatur
2095 3032 2140 3093 Ο
2173 3053 2701 3108 misericordissime!
2733 3064 3010 3122 peccatum
3045 3072 3148 3109 non
3176 3056 3368 3120 fecisti,
3395 3073 3568 3127 neque
3594 3076 3738 3113 mor-

491 3147 840 3203 Enchiridion
897 3146 1373 3216 “,Psalmographi
1434 3155 1726 3215 exponeret
1784 3159 2000 3200 versum
2050 3164 2062 3199 :

494 3234 693 3306 Magna
735 3253 888 3306 opera
905 3237 1135 3300 Domini,
1183 3237 1438 3306 exquisita
1472 3238 1527 3290 in
1568 3252 1745 3290 omnes
1780 3235 2067 3289 voluntates

493 3328 606 3397 ejus
639 3367 652 3390 ,
697 3329 838 3382 inter
883 3336 1064 3381 cetera
1107 3326 1242 3380 dixit
1280 3342 1292 3378 :
1337 3343 1354 3376 ι
1399 3325 1543 3390 Quos
1582 3323 1726 3392 juste
1766 3323 2067 3392 praedesti-

493 3419 645 3472 navit
671 3420 736 3473 ad
751 3399 978 3488 poenam
1011 3435 1057 3486 ι,
1074 3425 1128 3471 et
1152 3417 1426 3479 continuo,
1464 3433 1480 3465 ‹
1503 3431 1638 3483 quos
1661 3415 1889 3484 benigne
1914 3412 2071 3483 prae-

493 3509 788 3566 destinavit
835 3507 902 3562 ad
951 3504 1230 3578 gratiamd
1269 3524 1316 3558 ι.
1363 3505 1605 3559 Eundem
1666 3518 1881 3557 versum
1916 3503 1972 3556 in
2015 3501 2068 3555 xi

497 3599 835 3656 Exemeron’
859 3599 995 3654 libro
1009 3612 1284 3668 exponens
1311 3595 1499 3650 eodem
1520 3595 1678 3648 modo
1703 3610 1718 3646 :
1753 3611 1772 3644 ι
1801 3592 1997 3662 Magna
2019 3611 2065 3657 ι,

495 3690 706 3758 inquit,
739 3707 758 3742 ‹
787 3704 943 3758 Opera
967 3687 1202 3750 Domini,
1231 3683 1487 3753 exquisita
1514 3685 1568 3734 in
1590 3697 1762 3734 omnes
1785 3681 2070 3733 voluntates

495 3781 632 3849 ejus.
656 3799 676 3830 ›
694 3777 976 3831 Praevidet
991 3775 1162 3830 bonos
1185 3773 1392 3828 futuros
1407 3781 1460 3826 et
1475 3778 1644 3836 creat,
1667 3770 1941 3839 praevidet
1963 3785 2071 3823 ma-

497 3869 580 3923 los
607 3865 816 3920 futuros
842 3873 897 3918 et
922 3872 1072 3919 creat
1095 3881 1109 3916 :
1139 3877 1197 3916 se
1219 3862 1390 3932 ipsum
1417 3859 1483 3913 ad
1504 3859 1786 3913 fruendum
1809 3858 2072 3928 praebens

496 3956 675 4019 bonis,
725 3953 892 4008 multa
934 3967 1216 4006 munerum
1245 3963 1462 4003 suorum
1502 3947 1736 4018 largiens
1778 3955 1833 4000 et
1875 3947 2028 4001 malis
2054 3986 2069 4012 ,

499 4044 924 4101 misericorditer
946 4043 1246 4113 ignescens,
1292 4037 1436 4106 juste
1465 4037 1730 4093 ulciscens
1758 4053 1774 4103 ;
1810 4037 1938 4091 item
1968 4037 2072 4091 mi-

499 4136 847 4191 sericorditer
876 4134 1176 4197 ulciscens,
1224 4131 1369 4200 juste
1418 4129 1730 4200 ignoscens,
1780 4128 1914 4181 nihil
1957 4141 2073 4180 me-

500 4234 660 4278 tuens
685 4225 751 4278 de
771 4223 1087 4292 cujusquam
1116 4218 1341 4282 malitia,
1373 4217 1504 4270 nihil
1529 4216 1774 4283 indigens
1801 4216 1866 4269 de
1895 4213 2074 4281 cujus-

501 4329 663 4383 quam
685 4314 893 4382 justitia
913 4351 928 4378 ,
961 4309 1094 4365 nihil
1120 4308 1222 4362 sibi
1257 4306 1573 4370 consulens,
1605 4321 1705 4359 nec
1730 4305 1796 4358 de
1817 4305 2068 4372 operibus

2173 3149 2296 3204 tem,
2330 3155 2500 3210 neque
2529 3142 2823 3206 interitum,
2849 3158 3022 3212 neque
3045 3147 3388 3215 supplicium,
3415 3158 3468 3202 et
3489 3150 3609 3204 ideo
3631 3167 3735 3206 non

2170 3239 2313 3295 sunt,
2342 3245 2441 3283 nec
2467 3244 2498 3283 a
2527 3238 2576 3284 te
2605 3240 2782 3299 potest
2807 3247 2952 3296 esse,
2973 3240 3116 3302 quod
3151 3244 3202 3288 tu
3232 3237 3348 3290 lieri
3379 3239 3420 3267 ¹³
3469 3239 3683 3292 noluisti
3719 3259 3731 3292 :

2172 3319 2296 3372 Non
2322 3321 2393 3372 vis
2439 3330 2653 3373 mortem
2680 3324 2994 3389 peccatoris,
3024 3325 3115 3376 sed
3142 3326 3214 3379 vis
3242 3337 3296 3379 ut
3327 3340 3659 3383 convertatur
3684 3341 3732 3384 et

2170 3409 2300 3462 vivat
2329 3410 2380 3462 ιι.
2417 3409 2460 3464 Ο
2495 3419 2711 3463 aeterna
2754 3411 3043 3479 sapientia!
3081 3415 3145 3466 da
3172 3454 3186 3478 ,
3225 3417 3315 3484 qui
3356 3417 3535 3470 videat
3569 3418 3732 3473 vitam

2169 3499 2486 3554 creatricem
2511 3499 2815 3559 nullomodo
2846 3499 3039 3556 fecisse
3067 3517 3295 3558 mortem
3327 3507 3468 3562 vitae
3486 3517 3700 3564 creatae
3716 3549 3738 3575 ,

2170 3589 2401 3658 quando,
2429 3590 2474 3642 si
2501 3598 2821 3653 moreretur,
2859 3604 3060 3658 poenas
3084 3608 3188 3645 non
3213 3602 3484 3662 pateretur
3510 3597 3552 3650 ί.
3583 3596 3742 3664 Quod

2170 3677 2215 3730 si
2257 3675 2727 3745 animapeccatrix
2774 3692 2975 3746 poenas
3011 3679 3242 3747 patitur,
3289 3682 3466 3737 vivere
3513 3685 3736 3738 convin-

2171 3766 2330 3819 citur.

2244 3851 2304 3906 γ.
2346 3851 2488 3906 Mors
2534 3852 2696 3920 igitur
2737 3854 2948 3908 animae
2990 3863 3266 3923 peccatum
3293 3865 3414 3911 est:
3446 3858 3584 3912 Deus
3633 3875 3740 3914 non

2173 3941 2296 3996 fecit
2319 3951 2595 4011 peccatum
2627 3943 2859 4009 animae,
2888 3945 3318 4014 quandoquidem
3349 3947 3415 4000 de
3445 3963 3509 4002 eo
3546 3948 3740 4004 liberat

2171 4048 2318 4089 eam:
2367 4048 2472 4087 non
2507 4034 2687 4101 itaque
2722 4043 2949 4088 mortem
2974 4034 3115 4088 vitae
3156 4034 3281 4089 fecit
3320 4037 3430 4090 vita
3466 4037 3526 4089 ιδ.
3559 4037 3735 4094 Poena

2170 4124 2374 4195 peccati
2428 4139 2571 4178 mors
2619 4133 2698 4178 est
2735 4139 2749 4176 :
2792 4123 2933 4178 Deus
2974 4133 3198 4178 mortem
3263 4141 3369 4179 non
3403 4123 3561 4198 feciti
3588 4145 3601 4180 :
3631 4143 3737 4182 non

2172 4217 2299 4270 fecit
2330 4215 2489 4284 igitur
2510 4229 2756 4283 poenam.
2773 4213 3106 4284 Supplicium
3124 4230 3294 4284 poena
3319 4225 3439 4270 est:
3473 4218 3610 4271 Deus
3633 4233 3737 4272 non

2171 4302 2300 4358 fecit
2338 4319 2562 4372 poenam
2596 4320 2609 4355 :
2651 4319 2757 4358 non
2802 4304 2963 4373 igitur
3014 4302 3143 4359 fecit
3189 4305 3528 4374 supplicium.
3556 4306 3734 4362 Poena

1789 4429 2042 4483 VARIAE
2082 4428 2482 4485 LECTIONES.

575 4570 588 4584 ⁸
622 4551 753 4605 Cod.
788 4569 904 4623 ωρω
941 4565 1196 4623 «pompm,
1223 4543 1302 4596 sic
1327 4539 1541 4607 ubique.
1615 4539 1638 4568 ³
1667 4535 1799 4592 Cod.
1827 4556 1918 4591 του
1949 4541 2228 4623 ορισθενςος
2248 4540 2441 4623 ungui?
2469 4538 2764 4623 ενδιναμξι..
2811 4538 2831 4568 ³
2861 4539 3224 4623 Οοάιιείιξείρε.

502 4639 808 4692 “pampini;
1056 4608 1220 4692 {VC-0d.
1247 4627 1651 4692 ξροωριστηνῖις
1673 4626 1804 4660 κατα
1831 4608 2112 4692 «pec-{inata
2143 4617 2223 4662 Θῑ.
2299 4609 2337 4638 ⁵·
2367 4608 2551 4692 Cotile”
2571 4610 2716 4692 lcod.
2743 4608 2940 4692 ὅροςια,
2982 4608 3031 4692 δέ
3049 4610 3274 4692 lasona;

3355 4537 3485 4613 Cond.
3519 4561 3735 4613 ςναγαπι

3362 4607 3382 4636 ⁸
3408 4607 3581 4675 Conj.,
3609 4607 3734 4662 cod.

503 4676 759 4760 πξοοωὸνςᾳ,
781 4676 840 4738 VM
859 4676 1216 4760 uneowpéam.”
1254 4676 1474 4760 [Edon]?
1501 4676 1952 4760 βοαίπροωροςια,
2060 4697 2376 4760 «pompae-ig,
2440 4677 2615 4760 390d,
2639 4676 2978 4760 gylgau'P‘é‘Png‘
3000 4676 3528 4760 999d,ngg,,mpﬂ,;.
3549 4676 3608 4760 ito
3645 4679 3737 4760 ξω

504 4751 646 4818 end"
681 4756 749 4806 bl.
781 4751 1102 4822 praeﬁntsse.

505 4813 751 4894 ﬁeri'om.
781 4813 851 4875 Μ.
908 4813 974 4848 ’⁸⁵
1005 4816 1096 4872 Sic
1121 4815 1265 4881 cod.,
1292 4814 1396 4869 vita
1423 4828 1533 4867 om.
1561 4813 1631 4865 M.

1181 4747 1220 4816 ‘f
1254 4745 1343 4816 Sic
1367 4743 1510 4810 cod.,
1535 4744 1611 4816 vel
1630 4743 2516 4816 pfaedestinavitéprdedestinavit
2539 4759 2649 4799 om.
2677 4743 2747 4798 M.

2825 4745 2867 4774 ιι
2896 4744 2986 4798 sic
3013 4745 3156 4807 cod.,
3177 4743 3228 4796 Μ
3257 4743 3324 4796 et.
3370 4743 3446 4774 ἰι
3474 4743 3564 4798 Sic
3591 4749 3736 4812 cod.,

2013 4899 2262 4958 NOTAE.

509 5023 772 5080 tantillula
800 5037 980 5076 earum
1024 5017 1293 5072 scientiola
1331 5016 1469 5070 ultra
1499 5016 1628 5069 vires
1649 5029 1771 5069 suas
1798 5009 2068 5078 tumuisse,
2095 5025 2147 5084 D
2171 5013 2750 5084 praedestinanturnec
2773 5009 3246 5082 praedeliniuntur.

507 5106 657 5164 atque
687 5095 741 5144 in
767 5091 1106 5159 blasphemias
1131 5087 1284 5154 impie
1313 5087 1619 5156 prorupisse.

577 5175 604 5202 ι
642 5161 794 5214 Rom.
821 5160 930 5214 1.4.

577 5175 604 5202 ι
644 5175 794 5214 nom.
821 5175 864 5224 ι,
879 5175 930 5211 4.

574 5230 606 5268 δ
638 5231 833 5298 Ephes.
869 5229 905 5289 I,
933 5227 986 5280 4.
1016 5227 1069 5280 5.

579 5311 601 5335 ε
632 5299 758 5352 Ibid.
792 5299 850 5350 V.
887 5299 971 5349 II.

578 5363 605 5402 ά
637 5368 914 5433 AuguStin.
949 5364 1222 5416 Enchirid.
1255 5377 1304 5433 ε.
1339 5358 1462 5433 IIO.

587 5442 608 5500 ξ’
636 5427 916 5500 Augustin.
943 5438 1004 5484 de
1030 5433 1213 5485 Cenes.
1239 5431 1305 5481 ad
1326 5431 1434 5500 litt.
1469 5427 1559 5500 Χι,
1591 5429 1676 5480 II.

589 5497 604 5530 τ
639 5497 1183 5554 Pr-aedestinatimtem
1209 5499 1338 5550 nihil
1361 5498 1500 5549 aliud
1524 5512 1642 5550 esse
1678 5507 1837 5562 quam
1868 5504 2074 5558 praevr-

510 5562 715 5616 sionem
744 5567 934 5620 falsum
960 5579 1058 5622 est.
1077 5569 1237 5620 Multa
1253 5569 1394 5620 enim
1417 5566 1792 5634 praevidentur
1819 5574 1953 5627 quae
1979 5572 2076 5611 nec

2245 5084 2272 5122 ε
2302 5082 2453 5137 Joan.
2483 5085 2522 5146 Ι,
2554 5085 2607 5136 5.

2239 5153 2267 5190 ιι
2302 5153 2499 5205 Ezech.
2542 5150 2781 5217 XXXIII,
2806 5150 2892 5203 II.

2254 5222 2268 5258 ί
2303 5220 2652 5275 Prudentius:
2669 5215 2835 5274 Deum
2858 5229 2904 5273 et
2929 5215 3237 5290 praevidisse
3259 5228 3305 5271 et
3334 5222 3743 5288 praedestinasse

2174 5302 2389 5341 mortem
2403 5300 2448 5341 et
2461 5305 2672 5357 poenas,
2693 5291 2781 5359 qui
2800 5288 3128 5359 peccaturum
3143 5288 3401 5359 hominem
3421 5293 3739 5357 praeudens,

2175 5359 2244 5419 ei,
2272 5373 2335 5408 ne
2367 5367 2594 5425 peccaret
2621 5397 2636 5421 ,
2679 5356 3006 5412 interdixi-rit
3027 5398 3040 5422 ,
3071 5367 3138 5420 et,
3162 5356 3207 5410 si
3252 5356 3504 5425 peccaret,
3533 5361 3748 5412 morituo

2179 5441 2292 5476 rum
2325 5427 2471 5476 illum
2501 5427 2838 5490 praedixerit.

2254 5505 2265 5541 l
2307 5494 2432 5562 Sap.
2472 5495 2511 5554 Ι,
2550 5493 2632 5544 l5.
