4194 6276
427 287 534 343 ιδε

1531 283 1726 338 LIBER
1760 284 1845 340 DE
1882 277 2585 348 PBAEDESTINATIONE.

3579 301 3684 359 ὁδί

429 400 642 471 peccati
668 414 816 455 mors
832 408 959 454 est:
990 411 1139 453 mors
1169 397 1314 453 vitae
1355 404 1641 466 peccatum
1672 405 1798 449 est:
1829 409 2005 464 poena
2037 399 2084 454 Α
2113 399 2351 466 nequitia
2384 400 2700 457 honestetur
2737 403 3003 462 laudanda
3041 410 3337 481 sapientiae
3373 415 3681 487 disciplina,

432 492 620 560 itaque
634 488 850 558 peccati
877 497 962 543 est
982 496 1285 557 peceatum.
1315 484 1493 541 Poma
1526 495 1610 540 est
1640 483 1962 556 supplicium
1991 503 2003 538 :

432 579 753 649 supplicium
774 578 943 649 igitur
962 577 1166 646 peccati
1203 585 1485 645 peccatum
1513 586 1617 631 est.
1640 572 1763 631 Vita
1786 585 2008 631 aeterna

429 666 590 722 Jesus
610 665 856 721 Christus
870 673 956 720 est
978 664 1439 720 :JesusChristus
1452 679 1603 718 mors
1623 665 1816 719 mortis
1837 672 2010 718 aeter-

434 770 537 810 nae
549 766 631 809 est
647 772 663 808 :
685 756 793 808 vita
811 754 993 823 itaque
1005 762 1227 809 aeterna
1246 768 1394 809 mors
1424 755 1615 810 mortis
1633 764 1890 809 aeternae
1902 763 2006 820 est,

431 850 575 901 sicut
610 848 725 916 ipse
758 845 932 900 dixit:
964 845 1073 899 Ero
1098 845 1118 876 ⁸
1143 854 1435 908 mors-tua,
1464 861 1497 899 ο
1521 859 1681 910 mon,
1711 855 1759 898 et
1798 860 2007 899 morsus

429 950 572 1002 tuus,
602 954 633 991 ο
672 936 880 1005 inferne
912 948 963 989 ι.
992 934 1227 989 Proinde
1268 936 1381 990 vita
1416 950 1520 989 non
1551 943 1637 990 est
1666 950 1810 990 mors
1839 937 2005 998 vitae,

430 1043 591 1096 quam
620 1026 772 1092 fecit,
812 1027 913 1081 sed
943 1037 1027 1080 est
1051 1040 1200 1080 mors
1222 1026 1435 1090 mortis,
1463 1041 1624 1095 quam
1657 1026 1924 1081 destruxit
1952 1028 2006 1080 in

431 1120 540 1183 his,
557 1133 697 1188 quos
716 1117 1144 1187 praedestinavit
1166 1117 1235 1171 ad
1254 1131 1314 1171 se
1332 1117 1639 1171 fruendum.
1668 1117 1725 1172 lu
1749 1119 1833 1172 his
1857 1131 2008 1184 vero,

432 1225 571 1280 quos
622 1208 1053 1279 praedestinavit
1102 1208 1169 1261 ad
1221 1207 1520 1271 interitum,
1556 1222 1661 1262 non
1708 1207 2007 1270 destruxit,

434 1300 564 1370 quia
591 1313 688 1355 eos
713 1299 767 1352 in
795 1312 976 1353 massa
1025 1296 1305 1366 originalis
1340 1298 1549 1366 peccati
1590 1298 1952 1352 remotissimo
1976 1313 2008 1351 a

437 1390 597 1445 nobis
614 1404 714 1444 suo
731 1386 939 1456 judicio
963 1386 1195 1455 reliquit,
1224 1386 1442 1441 relictos
1466 1387 1703 1441 deseruit
1727 1426 1743 1452 ,
1764 1387 2009 1443 desertos

437 1482 645 1536 lumine
670 1480 924 1535 tenebrae
939 1479 1508 1548 torquent',desertos
1535 1477 1641 1531 vita
1668 1492 1813 1533 mors
1841 1479 2009 1533 inter-

435 1572 574 1628 imit.
614 1570 728 1626 Non
768 1571 910 1639 quod
941 1570 994 1624 in
1028 1570 1107 1624 eis
1133 1569 1249 1639 ipse
1290 1568 1420 1625 fecit
1443 1608 1457 1631 ,
1496 1569 1753 1638 relinquit
1791 1570 1874 1621 vel
1911 1569 2007 1624 de-

430 1664 577 1727 terit,
605 1662 843 1731 alioquin
877 1673 1063 1715 eorum
1092 1669 1284 1714 natura
1329 1661 1397 1714 ad
1421 1660 1647 1715 nihilum
1686 1660 1918 1723 rediret,
1961 1659 2007 1714 si

428 1769 640 1809 summa
673 1752 910 1807 essentia
943 1751 998 1805 in
1036 1752 1117 1806 eis
1154 1766 1262 1806 non
1301 1761 1489 1815 esset;
1525 1749 1619 1805 sed
1650 1751 1791 1820 quod
1835 1751 1886 1804 in
1927 1752 2006 1806 eis

427 1858 536 1897 non
550 1840 707 1903 fecit,
740 1841 790 1895 id
808 1848 893 1896 est
914 1840 1246 1909 superbiam,
1276 1840 1498 1909 sprevit.
1523 1840 1666 1895 Deus
1686 1841 1830 1895 enim
1862 1842 1915 1894 in
1943 1855 2007 1895 ea

428 1940 624 1988 natura
648 1971 665 1997 ,
715 1946 878 2001 quam
919 1930 986 1983 ad
1023 1944 1084 1984 se
1119 1929 1356 1994 creavit,
1404 1943 1622 2000 semper
1666 1929 1904 1992 habitat,
1944 1944 2010 1983 ac

428 2038 529 2093 per
556 2023 658 2078 hoc
685 2037 899 2092 semper
937 2039 1002 2075 ca
1039 2028 1242 2088 manet,
1274 2021 1328 2074 in
1361 2034 1490 2090 qua,
1528 2020 1621 2088 qui
1658 2034 1874 2088 semper
1899 2027 2005 2082 est,

433 2114 638 2169 residet
665 2113 709 2166 ³.

501 2202 589 2255 Vl.
619 2202 771 2268 Quen
800 2214 933 2255 vero
959 2200 1067 2255 dixi
1110 2216 1241 2271 quos
1270 2200 1673 2271 praedestinavit
1701 2200 1773 2253 ad
1827 2200 2007 2253 interi-

435 2304 568 2356 tum,
586 2300 869 2363 propterea
895 2292 1046 2356 dixi,
1088 2293 1343 2361 quoniam
1378 2292 1599 2347 beatum
1644 2292 2004 2362 Augustinum

440 2382 568 2435 talia
591 2381 791 2437 dixisse
805 2395 964 2449 saepe
979 2383 1209 2450 reperio,
1227 2382 1695 2436 demonstraturus
1724 2383 2008 2451 adiuvante

438 2471 696 2535 Domino,
755 2470 893 2537 Quid
950 2470 1040 2525 tali
1092 2471 1420 2524 locutionum
1481 2487 1680 2543 genere
1734 2474 2007 2531 insinuare

431 2560 604 2612 voluit
662 2559 936 2629 piissimus
1000 2560 1282 2614 doctrinae
1328 2569 1521 2630 pater,
1586 2561 2006 2630 pulcherrimum

428 2648 714 2715 exemplar
739 2647 1104 2717 eloquentiae,
1131 2648 1479 2704 acutissimus
1502 2650 1750 2705 veritatis
1768 2640 2007 2721 inquisi-

431 2752 534 2807 tor,
561 2742 1325 2797 studiosissimusliberalium
1349 2744 1550 2798 artium
1580 2746 1855 2814 magister,
1882 2762 2005 2816 pro-

426 2832 830 2887 videntissimus
892 2831 1199 2886 animorum
1262 2833 1622 2898 exercitator,
1658 2834 2003 2894 humillimus

427 2936 739 2992 persuasor,
760 2936 828 2976 ne
848 2922 901 2975 in
927 2923 1043 2976 suis
1066 2922 1397 2977 dictionibus
1434 2923 1556 2993 quis
1585 2924 1832 2977 aestimet
1876 2940 2001 2979 eum

428 3012 692 3076 voluisse,
722 3012 865 3081 quod
912 3012 1165 3066 videatur
1191 3014 1406 3067 veritati
1444 3014 1712 3069 resistere.
1745 3013 1861 3069 Non
1896 3017 2000 3070 ita-
2028 3046 2073 3107 ϐ

428 3118 537 3170 que
567 3102 758 3156 eodem
790 3100 947 3155 modo
962 3100 1130 3155 voluit
1153 3101 1395 3171 intelligi,
1426 3104 1568 3171 quod
1595 3103 1729 3159 dixit
1755 3121 1770 3157 :
1802 3122 1821 3155 ι
1855 3104 2003 3171 Quos

422 3190 570 3259 juste
600 3191 1016 3259 praedestinavit
1048 3191 1115 3243 ad
1142 3205 1366 3259 poenam
1392 3210 1411 3241 ι
1445 3229 1461 3257 ,
1501 3207 1608 3260 quo
1638 3192 1827 3257 voluit,
1857 3196 2001 3262 quod

425 3281 562 3334 dixit
589 3297 603 3333 :
636 3297 656 3330 ς
694 3293 827 3349 quos
851 3278 1082 3348 benigne
1108 3278 1529 3347 praedestinavit
1560 3280 1626 3334 ad
1645 3282 1876 3351 gratiam
1901 3281 1928 3321 δ
1954 3301 1999 3334 ι.

420 3370 656 3437 Attende
709 3370 763 3422 in
808 3369 963 3432 haec,
999 3382 1138 3437 quae
1159 3378 1479 3438 sequuntur.
1512 3368 1703 3425 Omnis
1729 3379 2000 3435 creatura,

421 3462 741 3531 priusquam
776 3459 954 3524 ﬁeret,
993 3460 1068 3514 ita
1106 3467 1189 3515 est
1224 3476 1253 3514 a
1283 3458 1547 3515 Creatore
1577 3460 2001 3529 praedestinata,

426 3553 476 3607 id
505 3562 608 3615 est,
636 3551 986 3620 praedeiiuita
1020 3562 1075 3606 et
1102 3551 1366 3620 praevisa,
1393 3561 1452 3605 ut
1483 3552 1747 3607 terminos
1774 3561 2003 3611 naturae

426 3658 572 3703 suae,
614 3642 757 3695 intra
778 3656 912 3710 quos
937 3639 1116 3694 fuerat
1143 3641 1450 3706 condenda,
1476 3641 1700 3694 omnino
1727 3641 2001 3710 impleret,

428 3730 575 3786 nullo
604 3732 762 3785 modo
800 3731 1108 3786 excederet.
1148 3729 1389 3785 Termini
1417 3740 1601 3784 autem
1627 3731 1873 3786 omnium
1899 3748 1999 3791 na-

432 3832 672 3875 turarum
722 3822 999 3877 constituti
1044 3822 1098 3875 in
1141 3829 1259 3876 arte
1309 3821 1697 3890 omnipotentis
1747 3822 2001 3891 artiﬁcis,

428 3932 572 3987 quae
596 3925 678 3972 est
705 3917 875 3971 Patris
893 3917 1179 3987 sapientia,
1203 3917 1254 3970 in
1284 3932 1387 3985 qua
1410 3924 1465 3970 et
1499 3931 1597 3987 per
1621 3931 1783 3986 quam
1807 3924 2001 3972 cuncta

426 4014 555 4061 sunt
580 4007 817 4060 condita.
840 4004 1166 4060 Naturarum
1191 4005 1383 4059 deinde
1402 4014 1709 4060 ereatarum
1734 4008 1999 4074 quaedam

350 4098 355 4107 ’
424 4105 575 4161 sunt,
625 4112 768 4166 quae
814 4097 1059 4152 ordinem
1114 4095 1246 4166 legis
1295 4096 1503 4150 aeterni
1556 4096 1860 4167 transgredi
1897 4109 2001 4151 nec

423 4185 632 4250 volunt,
662 4200 762 4241 nec
803 4194 1048 4255 possunt,
1092 4196 1153 4239 ut
1180 4185 1203 4217 ’⁵
1222 4194 1350 4240 sunt
1381 4186 1562 4240 omnia
1594 4187 1806 4241 ratione
1834 4194 1890 4241 et
1918 4187 2001 4241 in-

427 4272 644 4328 tellectu
668 4275 911 4328 carentia
937 4290 953 4338 ;
985 4275 1248 4343 quaedam
1279 4290 1408 4328 vero
1452 4284 1603 4339 sunt,
1634 4276 1832 4345 quibus
1859 4277 2001 4333 ratio

2107 494 2163 540 et
2174 489 2332 542 unius
2345 490 2519 558 partis
2530 491 2835 547 inordinata
2848 496 3161 556 deformitas
3175 504 3338 559 totius
3360 520 3428 558 un
3438 507 3685 564 iversita-

2109 575 2177 629 tis
2190 577 2646 634 ordinatissimam
2661 581 3114 650 pulchritudinem
3133 605 3238 643 non
3253 590 3482 647 minuat.

2150 664 2287 720 ‘Vll.
2318 664 2553 723 Proinde
2587 684 2799 725 summa
2849 681 2904 727 et
2938 673 3225 733 ineﬂ‘abilis
3260 681 3439 735 divina
3469 684 3687 754 sapien-

2109 755 2180 809 tia
2207 758 2625 826 praedestinavit
2653 763 2706 815 in
2748 764 2861 818 suis
2900 765 3105 834 legibus
3137 770 3343 834 modos,
3376 771 3517 827 ultra
3547 789 3684 845 quos

2107 843 2395 912 impiorum
2424 846 2626 901 malitia
2654 852 2903 920 progredi
2926 868 3028 907 non
3061 862 3257 922 potest.
3287 855 3403 914 Non
3431 843 3577 916 enim
3607 864 3682 918 si-

2107 934 2256 987 nitur
2297 935 2524 1007 alieujus
2553 940 2759 994 malitia
2804 942 2857 995 in
2890 942 3180 1011 infinitum,
3216 959 3375 1018 prout
3401 951 3552 1017 velit,
3585 969 3684 1009 ex-

2110 1026 2501 1090 tendi,divinis
2547 1029 2754 1101 legibus
2800 1036 3176 1105 progrediendi
3230 1039 3446 1096 modum
3508 1043 3682 1114 impo-

2110 1116 2379 1171 ncntibus.
2405 1117 2546 1185 Quid
2577 1120 2721 1176 enim
2769 1125 2973 1193 appetit
3014 1127 3297 1196 impiorum
3328 1132 3593 1201 omnium,
3624 1144 3680 1189 et

2108 1206 2193 1260 sui
2224 1209 2438 1277 capitis,
2463 1212 2604 1278 quod
2637 1220 2719 1266 est
2743 1214 3008 1281 diabolus,
3039 1219 3298 1287 nequitia,
3340 1222 3443 1276 nisi
3497 1223 3566 1277 ab
3590 1220 3699 1290 eo,”

2110 1295 2198 1362 qui
2228 1304 2313 1349 est
2345 1311 2555 1352 summa
2585 1304 2838 1368 essentia,
2867 1307 3141 1371 recedere,
3162 1307 3213 1361 in
3242 1315 3469 1376 tantum,
3498 1320 3557 1366 ut
3587 1328 3680 1367 eo-

2109 1399 2230 1438 rum
2266 1394 2479 1451 natura,
2508 1387 2553 1442 si
2591 1389 2674 1443 lex
2704 1390 2882 1445 divina
2914 1393 3147 1460 sineret,
3182 1397 3235 1450 in
3267 1397 3496 1453 nihilum
3534 1401 3681 1456 redi-
3718 1396 3733 1403 ”

2109 1479 2234 1533 ret?
2264 1478 2403 1535 Hinc
2427 1496 2660 1563 namque
2696 1487 2934 1555 nequitia
2977 1496 3060 1543 est
3094 1491 3260 1558 dicta,
3290 1493 3431 1562 quod
3455 1474 3682 1565 nequic-

2110 1569 2335 1649 quam',
2357 1569 2411 1623 id
2440 1579 2522 1624 est
2544 1571 2773 1627 nihilum
2802 1589 2923 1630 esse
2957 1582 3252 1635 contendit.
3284 1580 3391 1637 Sed
3419 1585 3679 1653 quoniam

2111 1659 2162 1712 ei
2198 1658 2481 1716 diliicultas
2504 1661 2571 1716 ex'
2600 1666 2838 1721 aeternis
2861 1667 3069 1735 legibus
3093 1673 3331 1739 obsistit,
3374 1690 3443 1730 ne
3470 1676 3522 1731 in
3554 1685 3677 1733 tan-

2110 1758 2220 1804 tum
2252 1752 2430 1818 cadat,
2461 1762 2722 1822 quantum
2755 1758 2935 1825 vellet,
2971 1776 3038 1814 ex
3070 1778 3134 1817 ea
3178 1765 3486 1822 diilicultate
3529 1769 3681 1825 labo-

2110 1849 2216 1905 rat,
2238 1840 2534 1898 laborando
2555 1853 2855 1914 torquetur,
2870 1851 3110 1919 punitur,
3131 1855 3425 1909 cruciatur.
3451 1856 3516 1911 Et
3535 1859 3679 1913 unde

2108 1930 2163 1985 ﬁt
2196 1932 2436 1987 misera?
2456 1933 2698 1990 inanium
2730 1938 3059 2009 voluptatum
3082 1952 3339 2012 egestate.
3370 1945 3681 2003 Praedesti-

2114 2019 2268 2072 navit
2293 2021 2476 2090 itaque
2496 2021 2637 2078 Deus
2662 2025 2855 2095 impios
2885 2029 2951 2083 ad
2980 2044 3232 2097 poenam,
3263 2033 3346 2087 vel
3374 2034 3675 2102 interitum,

2110 2107 2215 2161 hoc
2237 2117 2342 2173 est,
2373 2110 2797 2183 circumscripsit
2835 2131 2930 2171 eos
2983 2117 3192 2189 legibus
3237 2121 3350 2176 suis
3380 2122 3681 2180 incommu-

2109 2200 2382 2266 tabilibus,
2409 2215 2546 2269 quas
2573 2217 2760 2257 eorum
2787 2204 3035 2273 impietas
3064 2209 3292 2264 evadere
3319 2224 3425 2264 non
3454 2213 3679 2281 permit-

2108 2290 2285 2343 titur:
2344 2290 2411 2344 ad
2451 2305 2680 2359 poenam
2730 2292 2970 2363 profecto
3006 2311 3191 2361 suam;
3235 2311 3298 2352 ea
3325 2298 3519 2369 quippe
3541 2299 3678 2355 ditii-

2106 2378 2297 2439 cultas.
2329 2387 2386 2433 ut
2412 2387 2495 2434 est
2522 2381 2748 2447 dictum,
2776 2397 2880 2451 qua
2928 2385 3281 2452 prohibentur
3306 2390 3590 2458 pervenire
3610 2390 3679 2446 ad

2070 2474 2073 2475 '
2108 2481 2193 2530 ea,
2225 2481 2365 2537 quae
2416 2467 2703 2524 libidinose
2747 2481 3027 2541 appetunt,
3058 2472 3286 2529 eﬂicitur
3323 2477 3404 2532 eis
3437 2478 3680 2546 poenalis

2108 2557 2378 2620 interitus,
2408 2565 2465 2612 et
2491 2573 2622 2613 suae
2669 2561 3008 2616 miserrimae
3050 2565 3320 2633 cupidinis
3343 2565 3678 2634 iustissimus

2106 2648 2400 2703 cruciatus.
2427 2647 2581 2702 Sicut
2604 2649 2747 2703 enim
2788 2650 2929 2706 Deus
2950 2652 3267 2716 electorum,
3294 2670 3430 2723 quos
3452 2657 3680 2726 praede-

2106 2736 2326 2790 stinavit
2355 2735 2423 2790 ad
2467 2737 2729 2807 gratiam,
2775 2738 3022 2794 liberavit
3064 2741 3414 2806 voluntatem,
3447 2759 3681 2813 eamque

2105 2828 2348 2881 caritatis
2398 2841 2530 2881 suae
2585 2826 2866 2883 aﬂ’ectibus
2918 2829 3196 2899 implevit,
3244 2838 3302 2885 ut
3349 2848 3455 2886 non
3502 2835 3676 2888 solum

2105 2914 2247 2967 intra
2288 2912 2422 2966 lines
2462 2921 2717 2969 aeternae
2756 2915 2890 2984 legis
2928 2917 3199 2986 gaudeant
3253 2920 3534 2985 contineri,
3583 2922 3678 2977 sed

2104 3003 2268 3057 etiam
2307 3003 2453 3072 ipsos
2478 3005 2707 3059 transire
2742 3021 2842 3060 nec
2874 3007 3026 3069 velle,
3057 3022 3157 3061 nec
3178 3023 3338 3077 posse
3380 3013 3676 3066 maximum

2107 3106 2238 3148 suae
2260 3092 2464 3165 gloriae
2498 3109 2691 3149 munus
2714 3110 2832 3149 esse
2861 3110 2968 3149 non
2991 3095 3236 3151 dubitent
3270 3113 3285 3150 :
3317 3098 3392 3152 ita
3422 3100 3679 3168 reprobo-

2107 3197 2249 3247 rum,
2286 3197 2423 3253 quos
2472 3184 2895 3253 praedestinavit
2922 3184 2988 3239 ad
3020 3200 3252 3253 poenam
3285 3188 3675 3257 turpissimam,

2105 3281 2321 3327 coercet
2343 3272 2696 3338 voluntatem,
2751 3281 2811 3326 ut
2862 3289 2893 3329 e
2938 3274 3235 3338 contrario,
3278 3275 3534 3345 quicquid
3573 3276 3678 3333 illis

2105 3362 2341 3429 pertinet
2388 3363 2455 3417 ad
2488 3362 2741 3434 gaudium
2769 3363 2961 3418 beatae
2990 3362 3156 3429 vitae,
3198 3363 3316 3419 istis
3345 3372 3592 3420 vertatur
3620 3367 3677 3421 in

2104 3453 2420 3522 supplicium
2449 3453 2717 3509 miseriae.
2932 3471 2943 3479 ’
3594 3468 3599 3472 ’

2177 3542 2312 3597 Vill.
2360 3543 2545 3612 Itaque
2584 3544 2867 3614 utriusque
2904 3543 3078 3613 partis
3118 3546 3552 3614 praedestinatus
3595 3556 3682 3603 est

2104 3646 2362 3685 numerus
2385 3648 2399 3695 ;
2434 3633 2484 3684 in
2514 3641 2738 3701 utraque
2760 3631 2957 3701 quippe
2985 3631 3130 3687 Deus
3152 3635 3559 3690 substantialem
3581 3650 3678 3690 na-

2106 3730 2259 3776 turae
2298 3737 2581 3775 numerum
2623 3722 2922 3787 substituit,
2961 3724 3308 3779 substitutam
3335 3728 3358 3760 ⁸
3404 3726 3676 3796 praeden-

2104 3811 2258 3863 nivit.
2292 3808 2407 3864 Una
2455 3811 2601 3865 enim
2627 3810 2925 3880 eademque
2956 3822 3150 3866 natura
3175 3816 3677 3871 numerosemulth

2103 3900 2332 3969 plicatur
2355 3901 2406 3954 in
2438 3902 2710 3964 omnibus,
2743 3903 2814 3956 ita
2844 3911 2904 3956 ut
2947 3917 3053 3959 una
3097 3904 3149 3958 in
3205 3906 3451 3975 singulis,
3484 3917 3540 3961 et
3566 3907 3678 3962 sin-

2102 3991 2210 4059 guli
2240 3991 2292 4043 in
2322 4006 2427 4044 una
2453 3991 2580 4055 sint,
2611 4004 2783 4059 neque
2817 3999 2903 4046 est
2932 3991 3076 4044 aliud
3108 3992 3223 4059 ipsa
3250 3993 3356 4047 nisi
3383 3995 3675 4063 unusquis-

2101 4094 2227 4150 que,
2267 4093 2441 4147 neque
2477 4077 2622 4131 aliud
2666 4079 3037 4148 unusquisque
3077 4079 3179 4132 nisi
3240 4082 3375 4149 ipsa.
3419 4079 3672 4137 Omnium

2104 4172 2287 4242 igitur,
2317 4185 2455 4240 quos
2487 4169 2631 4223 Deus
2665 4169 2890 4233 ereavit,
2916 4168 3349 4236 praedestinatus
3371 4176 3454 4222 est
3479 4178 3672 4224 nume;

2044 4267 2060 4292 ’
2103 4280 2227 4329 rus;
2258 4264 2352 4318 sed
2373 4262 2629 4333 quoniam
2671 4258 2918 4313 conditor
2944 4258 3245 4327 praevidit,
3281 4257 3454 4326 ipsum
3485 4262 3676 4312 nume-

423 4371 483 4416 et
503 4362 808 4419 intellectus
831 4362 1260 4417 substantialiter
1285 4364 1496 4417 insitus.
1515 4363 1756 4430 Quarum
1782 4367 1999 4434 quidem

2108 4370 2225 4409 rum
2258 4353 2311 4408 in
2356 4352 2535 4420 primo
2581 4350 2802 4406 homine
2841 4346 3168 4419 generaliter
3220 4346 3544 4417 periturum,
3576 4361 3674 4401 ex-

426 4473 555 4529 pars
589 4471 691 4509 una
720 4454 1023 4509 conditoris
1049 4454 1130 4507 sui
1161 4453 1331 4523 gratia
1361 4454 1586 4509 liberata
1608 4456 1842 4509 aeternis
1866 4455 1998 4525 legi-

424 4549 528 4602 bus
560 4545 789 4601 volendo
828 4542 1014 4606 servit,
1058 4542 1398 4598 adhaerendo
1429 4544 1586 4598 beata
1636 4544 1731 4609 ﬁt;
1787 4545 2002 4600 altera'

421 4650 575 4699 vero,
612 4633 809 4688 merito
836 4632 1025 4687 relicta
1061 4632 1347 4701 superbiae
1382 4644 1543 4702 atque
1580 4635 1998 4702 inobedientiae,

422 4725 567 4778 intra
594 4723 841 4779 ordinem
864 4720 1172 4791 praedictae
1193 4719 1351 4788 legis,
1362 4722 1610 4777 videlicet
1622 4733 1894 4789 aeternae,
1910 4740 2002 4780 eo-

420 4812 591 4866 artari
623 4810 815 4874 noluit,
836 4811 929 4865 sed
948 4825 1069 4864 eam
1115 4808 1497 4864 transcendere
1520 4826 1624 4864 non
1645 4813 1834 4880 potuit.
1858 4812 2004 4880 Quo—

418 4917 530 4973 quo
567 4903 728 4956 modo
756 4901 901 4956 enim
931 4916 989 4956 se
1012 4908 1226 4954 moveat
1254 4899 1478 4969 turpiter
1499 4900 1780 4954 rationalis
1812 4903 2000 4957 volun-

418 5001 522 5056 tas,
539 4992 591 5046 in
607 5001 828 5047 aeterna
844 4989 1110 5061 inveniet,“
1130 4997 1245 5042 arte
1263 4990 1571 5051 terminum,
1591 4989 1642 5041 in
1656 5003 1763 5058 quo
1776 4991 2002 5060 turpitu-

416 5084 489 5138 do
503 5098 601 5137 sua
623 5081 967 5137 ordinabitur
988 5081 1227 5143 honeste,
1255 5078 1327 5132 ita
1347 5086 1403 5132 ut
1424 5078 1488 5131 de
1512 5077 1680 5146 ipsius
1701 5079 2002 5134 detestabili

2104 4454 2261 4514 cepto
2304 4442 2544 4497 vulneris
2594 4440 3011 4499 medicamento,
3074 4438 3218 4504 quod
3261 4444 3348 4490 est
3400 4436 3675 4502 Christus,

2102 4532 2543 4605 praedestinavit,
2577 4531 2682 4585 hoc
2706 4536 2809 4593 est,
2855 4535 3147 4594 antequam
3179 4526 3392 4590 tierent,
3431 4524 3678 4580 deﬁnivit

2103 4631 2160 4677 et
2180 4636 2366 4676 eorum
2392 4634 2697 4684 numerum,
2740 4632 2880 4688 quos
2911 4630 3008 4671 sua
3034 4616 3209 4686 gratia
3252 4616 3599 4680 liberaturus,
3623 4625 3677 4670 et

2103 4727 2312 4775 eorum,
2345 4725 2480 4780 quos
2526 4724 2622 4764 sua
2662 4708 2871 4780 iustitia
2921 4707 3226 4769 relicturus,
3261 4706 3315 4761 in
3357 4706 3517 4762 istis’
3567 4705 3676 4761 cle-

2104 4801 2340 4856 mentiae
2369 4814 2500 4854 suae
2542 4798 2683 4854 dona
2715 4797 2963 4863 daturus,
3004 4796 3058 4851 in
3104 4796 3209 4851 illis
3236 4797 3277 4828 "
3322 4805 3547 4851 naturae
3571 4810 3676 4849 nu-

2109 4909 2341 4958 merum,
2372 4906 2480 4963 quo
2531 4890 2856 4946 universitas
2915 4888 3298 4959 perficeretur,
3338 4886 3675 4954 impleturus,

2109 4985 2162 5039 in
2191 4985 2435 5053 utrisque
2475 4981 2692 5036 divitias
2729 4979 2989 5036 bonitatis
3029 4992 3160 5033 suae
3188 4977 3673 5036 demonstraturus,

2108 5075 2357 5132 omnibus
2388 5073 2634 5128 tribuens
2658 5069 2803 5140 leges
2827 5083 2954 5125 suas
2977 5065 3224 5122 servandi
3252 5070 3600 5135 potestatem,
3628 5059 3673 5115 sl

1696 5190 1952 5249 VARIAE
1986 5188 2390 5252 LECTIONES.

492 5287 508 5317 ¹
539 5284 634 5340 Sic
659 5283 784 5340 cod.
816 5283 887 5349 M,
923 5298 1067 5336 caro.
1142 5283 1164 5314 ⁸
1186 5281 1368 5352 Com,
1395 5281 1514 5335 cod.
1550 5288 1605 5352 et
1661 5279 1739 5352 Μᾼ
1764 5289 2024 5352 torquent.

411 5355 483 5416 BI,
527 5356 653 5409 cod.
698 5353 857 5425 alter.
936 5351 1351 5425 '_Sic__hi,_4¢od.
1402 5351 1648 5406 inveniat.
1719 5350 1740 5385 '
1785 5349 1917 5410 Cod.
1975 5355 2306 5425 nequiquam.

409 5426 612 5479 missis.
693 5421 737 5455 ⁸⁸
769 5422 863 5477 Sic
885 5422 1032 5486 cod.,
1068 5421 1117 5476 Μ
1144 5419 1269 5475 illis.

2101 5285 2123 5316 ³
2149 5284 2243 5339 Sic
2284 5282 2356 5343 Μ,
2413 5281 2534 5336 cod.
2566 5277 2851 5343 possidet,
2902 5273 2925 5305 ⁸
2947 5271 3038 5343 Sic
3061 5269 3204 5343 θοᾷ..
3258 5266 3308 5319 Μ
3343 5265 3462 5343 ‘ulti.
3536 5263 3559 5293 ⁸
3584 5260 3678 5343 Sic

2342 5322 2356 5349 ,
2413 5296 2534 5336 εοα.
2578 5296 2824 5350 posstaet.
2902 5296 3038 5327 νοω
3061 5296 3204 5326 ωυ..
3260 5296 3308 5319 ι-
3365 5296 3462 5343 usto
3584 5296 3673 5316 un.

2396 5348 2541 5405 ‘Sic
2588 5347 2709 5403 cod.
2737 5384 2753 5411 ,
2802 5342 2855 5398 id
2905 5339 3269 5397 substantiam.
3342 5333 3477 5387 ’διε
3528 5332 3673 5398 cod.,

1940 5506 2187 5567 NOTAE.

483 5620 510 5648 ι
543 5606 674 5662 Ose.
707 5602 847 5667 XIII,
886 5600 973 5654 ιι.

2190 5600 2216 5641 ι’
2245 5597 2468 5666 August.
2497 5595 2549 5651 in
2582 5580 2853 5645 Encbirid.
2882 5604 2927 5644 c.
2966 5586 3081 5642 [00.
