  <div class='ocr_page' id='page_1' title='image "/cluster/home/n/w/nwhite01/storage/ocr_20150623/122/pst.000018028355/255.png"; bbox 0 0 4194 6276; ppageno 0'>
   <div class='ocr_carea' id='block_1_1' title="bbox 569 251 672 310">
    <p class='ocr_par' dir='ltr' id='par_1_1' title="bbox 569 251 672 310">
     <span class='ocr_line' id='line_1_1' title="bbox 569 251 672 310; baseline -0.058 0"><span class='ocrx_word' id='word_1_1' title='bbox 569 251 672 310; x_wconf 69' lang='grc'><strong>455</strong></span> 
     </span>
    </p>
   </div>
   <div class='ocr_carea' id='block_1_2' title="bbox 1979 267 2499 327">
    <p class='ocr_par' dir='ltr' id='par_1_2' title="bbox 1979 267 2499 327">
     <span class='ocr_line' id='line_1_2' title="bbox 1979 267 2499 327; baseline 0.002 -3"><span class='ocrx_word' id='word_1_2' title='bbox 1979 267 2096 325; x_wconf 69' lang='lat' dir='ltr'><strong>10A</strong></span> <span class='ocrx_word' id='word_1_3' title='bbox 2107 270 2263 326; x_wconf 67' lang='lat' dir='ltr'><strong>NNIS</strong></span> <span class='ocrx_word' id='word_1_4' title='bbox 2303 271 2499 327; x_wconf 70' lang='lat' dir='ltr'><strong>SCO&#39;I&#39;I</strong></span> 
     </span>
    </p>
   </div>
   <div class='ocr_carea' id='block_1_3' title="bbox 3712 280 3822 335">
    <p class='ocr_par' dir='ltr' id='par_1_3' title="bbox 3712 280 3822 335">
     <span class='ocr_line' id='line_1_3' title="bbox 3712 280 3822 335; baseline -0.018 0"><span class='ocrx_word' id='word_1_5' title='bbox 3712 280 3822 335; x_wconf 62' lang='lat'><strong>£36</strong></span> 
     </span>
    </p>
   </div>
   <div class='ocr_carea' id='block_1_4' title="bbox 563 375 3816 459">
    <p class='ocr_par' dir='ltr' id='par_1_4' title="bbox 563 375 3816 459">
     <span class='ocr_line' id='line_1_4' title="bbox 563 375 3816 459; baseline 0.003 -24"><span class='ocrx_word' id='word_1_6' title='bbox 563 378 788 441; x_wconf 82' lang='lat' dir='ltr'><strong>vellent,</strong></span> <span class='ocrx_word' id='word_1_7' title='bbox 823 385 1109 444; x_wconf 88' lang='lat' dir='ltr'><strong>antequam</strong></span> <span class='ocrx_word' id='word_1_8' title='bbox 1135 389 1324 430; x_wconf 87' lang='lat' dir='ltr'><strong>omnes</strong></span> <span class='ocrx_word' id='word_1_9' title='bbox 1351 375 1402 429; x_wconf 89' lang='lat' dir='ltr'><strong>in</strong></span> <span class='ocrx_word' id='word_1_10' title='bbox 1429 391 1535 430; x_wconf 85' lang='lat' dir='ltr'><strong>uno</strong></span> <span class='ocrx_word' id='word_1_11' title='bbox 1564 385 1875 447; x_wconf 85' lang='lat' dir='ltr'><strong>peccarent,</strong></span> <span class='ocrx_word' id='word_1_12' title='bbox 1903 379 1996 432; x_wconf 85' lang='lat' dir='ltr'><strong>sed</strong></span> <span class='ocrx_word' id='word_1_13' title='bbox 2026 395 2132 432; x_wconf 90' lang='lat' dir='ltr'><strong>non</strong></span> <span class='ocrx_word' id='word_1_14' title='bbox 2166 389 2210 443; x_wconf 79' lang='grc' dir='ltr'>Α</span> <span class='ocrx_word' id='word_1_15' title='bbox 2239 396 2371 449; x_wconf 80' lang='lat' dir='ltr'><strong>quae</strong></span> <span class='ocrx_word' id='word_1_16' title='bbox 2411 382 2569 435; x_wconf 77' lang='lat' dir='ltr'><strong>roluit</strong></span> <span class='ocrx_word' id='word_1_17' title='bbox 2624 383 2765 450; x_wconf 74' lang='lat' dir='ltr'><strong>fecit,</strong></span> <span class='ocrx_word' id='word_1_18' title='bbox 2825 382 3007 439; x_wconf 81' lang='lat' dir='ltr'><strong>omnia</strong></span> <span class='ocrx_word' id='word_1_19' title='bbox 3057 385 3491 442; x_wconf 78' lang='lat' dir='ltr'><strong>suistantialiter</strong></span> <span class='ocrx_word' id='word_1_20' title='bbox 3515 390 3816 459; x_wconf 68' lang='lat' dir='ltr'><strong>constituit,</strong></span> 
     </span>
    </p>
   </div>
   <div class='ocr_carea' id='block_1_5' title="bbox 565 464 2135 536">
    <p class='ocr_par' dir='ltr' id='par_1_5' title="bbox 565 464 2135 536">
     <span class='ocr_line' id='line_1_5' title="bbox 565 464 2135 536; baseline -0.003 -12"><span class='ocrx_word' id='word_1_21' title='bbox 565 465 816 524; x_wconf 88' lang='lat' dir='ltr'><strong>omnibus</strong></span> <span class='ocrx_word' id='word_1_22' title='bbox 840 464 1103 529; x_wconf 74' lang='lat' dir='ltr'><strong>tribuens,</strong></span> <span class='ocrx_word' id='word_1_23' title='bbox 1139 472 1199 517; x_wconf 93' lang='lat' dir='ltr'><strong>ut</strong></span> <span class='ocrx_word' id='word_1_24' title='bbox 1237 464 1422 531; x_wconf 88' lang='lat' dir='ltr'><strong>velint,</strong></span> <span class='ocrx_word' id='word_1_25' title='bbox 1453 474 1573 534; x_wconf 88' lang='lat' dir='ltr'><strong>post</strong></span> <span class='ocrx_word' id='word_1_26' title='bbox 1602 474 1884 535; x_wconf 88' lang='lat' dir='ltr'><strong>peccatum</strong></span> <span class='ocrx_word' id='word_1_27' title='bbox 1915 481 2135 536; x_wconf 85' lang='lat' dir='ltr'><strong>praepa-</strong></span> 
     </span>
    </p>
   </div>
   <div class='ocr_carea' id='block_1_6' title="bbox 565 553 2135 623">
    <p class='ocr_par' dir='ltr' id='par_1_6' title="bbox 565 553 2135 623">
     <span class='ocr_line' id='line_1_6' title="bbox 565 553 2135 623; baseline -0.003 -11"><span class='ocrx_word' id='word_1_28' title='bbox 565 572 695 612; x_wconf 87' lang='lat' dir='ltr'><strong>rans</strong></span> <span class='ocrx_word' id='word_1_29' title='bbox 717 556 918 611; x_wconf 84' lang='lat' dir='ltr'><strong>electos</strong></span> <span class='ocrx_word' id='word_1_30' title='bbox 937 553 1003 607; x_wconf 91' lang='lat' dir='ltr'><strong>ad</strong></span> <span class='ocrx_word' id='word_1_31' title='bbox 1028 553 1434 618; x_wconf 89' lang='lat' dir='ltr'><strong>beatitudinem,</strong></span> <span class='ocrx_word' id='word_1_32' title='bbox 1457 554 1748 623; x_wconf 84' lang='lat' dir='ltr'><strong>disponens</strong></span> <span class='ocrx_word' id='word_1_33' title='bbox 1779 554 2060 623; x_wconf 87' lang='lat' dir='ltr'><strong>reprobos,</strong></span> <span class='ocrx_word' id='word_1_34' title='bbox 2078 564 2135 607; x_wconf 93' lang='lat' dir='ltr'><strong>ut</strong></span> 
     </span>
    </p>
   </div>
   <div class='ocr_carea' id='block_1_7' title="bbox 564 641 2129 712">
    <p class='ocr_par' dir='ltr' id='par_1_7' title="bbox 564 641 2129 712">
     <span class='ocr_line' id='line_1_7' title="bbox 564 641 2129 712; baseline -0.002 -13"><span class='ocrx_word' id='word_1_35' title='bbox 564 644 700 706; x_wconf 83' lang='lat' dir='ltr'><strong>suis,</strong></span> <span class='ocrx_word' id='word_1_36' title='bbox 728 641 977 712; x_wconf 83' lang='lat' dir='ltr'><strong>quamvis</strong></span> <span class='ocrx_word' id='word_1_37' title='bbox 1003 641 1179 706; x_wconf 89' lang='lat' dir='ltr'><strong>inviti,</strong></span> <span class='ocrx_word' id='word_1_38' title='bbox 1229 641 1437 711; x_wconf 80' lang='lat' dir='ltr'><strong>legibus</strong></span> <span class='ocrx_word' id='word_1_39' title='bbox 1465 643 1724 707; x_wconf 84' lang='lat' dir='ltr'><strong>serviant,</strong></span> <span class='ocrx_word' id='word_1_40' title='bbox 1757 658 1879 697; x_wconf 90' lang='lat' dir='ltr'><strong>cum</strong></span> <span class='ocrx_word' id='word_1_41' title='bbox 1909 658 2041 709; x_wconf 91' lang='lat' dir='ltr'><strong>non,</strong></span> <span class='ocrx_word' id='word_1_42' title='bbox 2072 653 2129 696; x_wconf 92' lang='lat' dir='ltr'><strong>ut</strong></span> 
     </span>
    </p>
   </div>
   <div class='ocr_carea' id='block_1_8' title="bbox 564 731 2133 801">
    <p class='ocr_par' dir='ltr' id='par_1_8' title="bbox 564 731 2133 801">
     <span class='ocr_line' id='line_1_8' title="bbox 564 731 2133 801; baseline 0 -12"><span class='ocrx_word' id='word_1_43' title='bbox 564 735 643 789; x_wconf 86' lang='lat' dir='ltr'><strong>sic</strong></span> <span class='ocrx_word' id='word_1_44' title='bbox 666 733 768 787; x_wconf 87' lang='lat' dir='ltr'><strong>sibi</strong></span> <span class='ocrx_word' id='word_1_45' title='bbox 794 732 1083 796; x_wconf 82' lang='lat' dir='ltr'><strong>servirent,</strong></span> <span class='ocrx_word' id='word_1_46' title='bbox 1127 731 1552 801; x_wconf 84' lang='lat' dir='ltr'><strong>praedestinavit</strong></span> <span class='ocrx_word' id='word_1_47' title='bbox 1597 747 1691 788; x_wconf 89' lang='lat' dir='ltr'><strong>eos</strong></span> <span class='ocrx_word' id='word_1_48' title='bbox 1714 733 2012 798; x_wconf 78' lang='lat' dir='ltr'><strong>faciendos,</strong></span> <span class='ocrx_word' id='word_1_49' title='bbox 2040 733 2133 795; x_wconf 82' lang='lat' dir='ltr'><strong>sed</strong></span> 
     </span>
    </p>
   </div>
   <div class='ocr_carea' id='block_1_9' title="bbox 561 820 2133 890">
    <p class='ocr_par' dir='ltr' id='par_1_9' title="bbox 561 820 2133 890">
     <span class='ocr_line' id='line_1_9' title="bbox 561 820 2133 890; baseline 0.001 -14"><span class='ocrx_word' id='word_1_50' title='bbox 561 830 623 876; x_wconf 91' lang='lat' dir='ltr'><strong>ut</strong></span> <span class='ocrx_word' id='word_1_51' title='bbox 645 821 697 876; x_wconf 88' lang='lat' dir='ltr'><strong>ei</strong></span> <span class='ocrx_word' id='word_1_52' title='bbox 722 820 999 875; x_wconf 83' lang='lat' dir='ltr'><strong>voluntate</strong></span> <span class='ocrx_word' id='word_1_53' title='bbox 1036 821 1275 890; x_wconf 77' lang='lat' dir='ltr'><strong>perfecta</strong></span> <span class='ocrx_word' id='word_1_54' title='bbox 1319 821 1706 888; x_wconf 89' lang='lat' dir='ltr'><strong>adhaererent;</strong></span> <span class='ocrx_word' id='word_1_55' title='bbox 1748 822 1899 876; x_wconf 89' lang='lat' dir='ltr'><strong>inviti</strong></span> <span class='ocrx_word' id='word_1_56' title='bbox 1952 832 2133 877; x_wconf 89' lang='lat' dir='ltr'><strong>autem</strong></span> 
     </span>
    </p>
   </div>
   <div class='ocr_carea' id='block_1_10' title="bbox 564 900 2131 980">
    <p class='ocr_par' dir='ltr' id='par_1_10' title="bbox 564 900 2131 980">
     <span class='ocr_line' id='line_1_10' title="bbox 564 900 2131 980; baseline -0.001 -12"><span class='ocrx_word' id='word_1_57' title='bbox 564 913 615 968; x_wconf 84' lang='lat' dir='ltr'><strong>ei</strong></span> <span class='ocrx_word' id='word_1_58' title='bbox 645 912 912 977; x_wconf 85' lang='lat' dir='ltr'><strong>serviunt,</strong></span> <span class='ocrx_word' id='word_1_59' title='bbox 937 926 1043 966; x_wconf 91' lang='lat' dir='ltr'><strong>non</strong></span> <span class='ocrx_word' id='word_1_60' title='bbox 1081 910 1292 964; x_wconf 85' lang='lat' dir='ltr'><strong>illorum</strong></span> <span class='ocrx_word' id='word_1_61' title='bbox 1324 920 1538 976; x_wconf 88' lang='lat' dir='ltr'><strong>natura,</strong></span> <span class='ocrx_word' id='word_1_62' title='bbox 1576 926 1739 980; x_wconf 89' lang='lat' dir='ltr'><strong>quam</strong></span> <span class='ocrx_word' id='word_1_63' title='bbox 1784 912 1836 965; x_wconf 89' lang='lat' dir='ltr'><strong>in</strong></span> <span class='ocrx_word' id='word_1_64' title='bbox 1861 912 1942 968; x_wconf 89' lang='lat' dir='ltr'><strong>eis</strong></span> <span class='ocrx_word' id='word_1_65' title='bbox 1983 900 2131 978; x_wconf 86' lang='lat' dir='ltr'><strong>fecit,</strong></span> 
     </span>
    </p>
   </div>
   <div class='ocr_carea' id='block_1_11' title="bbox 562 1000 2136 1071">
    <p class='ocr_par' dir='ltr' id='par_1_11' title="bbox 562 1000 2136 1071">
     <span class='ocr_line' id='line_1_11' title="bbox 562 1000 2136 1071; baseline -0.001 -14"><span class='ocrx_word' id='word_1_66' title='bbox 562 1011 618 1057; x_wconf 86' lang='lat' dir='ltr'><strong>et</strong></span> <span class='ocrx_word' id='word_1_67' title='bbox 654 1003 709 1057; x_wconf 90' lang='lat' dir='ltr'><strong>in</strong></span> <span class='ocrx_word' id='word_1_68' title='bbox 739 1003 977 1056; x_wconf 87' lang='lat' dir='ltr'><strong>eis‘non</strong></span> <span class='ocrx_word' id='word_1_69' title='bbox 1022 1000 1197 1071; x_wconf 88' lang='lat' dir='ltr'><strong>punit,</strong></span> <span class='ocrx_word' id='word_1_70' title='bbox 1248 1001 1342 1055; x_wconf 87' lang='lat' dir='ltr'><strong>sed</strong></span> <span class='ocrx_word' id='word_1_71' title='bbox 1391 1000 1531 1054; x_wconf 88' lang='lat' dir='ltr'><strong>mala</strong></span> <span class='ocrx_word' id='word_1_72' title='bbox 1581 1000 1859 1055; x_wconf 91' lang='lat' dir='ltr'><strong>voluntate</strong></span> <span class='ocrx_word' id='word_1_73' title='bbox 1902 1002 1941 1066; x_wconf 79' lang='grc'><strong>³,</strong></span> <span class='ocrx_word' id='word_1_74' title='bbox 1975 1018 2136 1071; x_wconf 86' lang='lat' dir='ltr'><strong>quam</strong></span> 
     </span>
    </p>
   </div>
   <div class='ocr_carea' id='block_1_12' title="bbox 562 1091 2136 1162">
    <p class='ocr_par' dir='ltr' id='par_1_12' title="bbox 562 1091 2136 1162">
     <span class='ocr_line' id='line_1_12' title="bbox 562 1091 2136 1162; baseline 0.001 -15"><span class='ocrx_word' id='word_1_75' title='bbox 562 1095 618 1147; x_wconf 92' lang='lat' dir='ltr'><strong>in</strong></span> <span class='ocrx_word' id='word_1_76' title='bbox 652 1093 732 1147; x_wconf 91' lang='lat' dir='ltr'><strong>eis</strong></span> <span class='ocrx_word' id='word_1_77' title='bbox 760 1108 865 1147; x_wconf 93' lang='lat' dir='ltr'><strong>non</strong></span> <span class='ocrx_word' id='word_1_78' title='bbox 908 1092 1054 1158; x_wconf 81' lang='lat' dir='ltr'><strong>fecit,</strong></span> <span class='ocrx_word' id='word_1_79' title='bbox 1088 1100 1144 1146; x_wconf 90' lang='lat' dir='ltr'><strong>et</strong></span> <span class='ocrx_word' id='word_1_80' title='bbox 1172 1092 1224 1145; x_wconf 90' lang='lat' dir='ltr'><strong>in</strong></span> <span class='ocrx_word' id='word_1_81' title='bbox 1249 1092 1329 1145; x_wconf 92' lang='lat' dir='ltr'><strong>eis</strong></span> <span class='ocrx_word' id='word_1_82' title='bbox 1352 1092 1527 1160; x_wconf 90' lang='lat' dir='ltr'><strong>punit.</strong></span> <span class='ocrx_word' id='word_1_83' title='bbox 1552 1105 1578 1132; x_wconf 80' lang='grc' dir='ltr'>ιι</span> <span class='ocrx_word' id='word_1_84' title='bbox 1609 1091 1666 1145; x_wconf 89' lang='lat' dir='ltr'><strong>ln</strong></span> <span class='ocrx_word' id='word_1_85' title='bbox 1695 1093 1957 1153; x_wconf 88' lang='lat' dir='ltr'><strong>eoenim,</strong></span> <span class='ocrx_word' id='word_1_86' title='bbox 1993 1095 2136 1162; x_wconf 90' lang='lat' dir='ltr'><strong>quod</strong></span> 
     </span>
    </p>
   </div>
   <div class='ocr_carea' id='block_1_13' title="bbox 562 1181 2133 1251">
    <p class='ocr_par' dir='ltr' id='par_1_13' title="bbox 562 1181 2133 1251">
     <span class='ocr_line' id='line_1_13' title="bbox 562 1181 2133 1251; baseline -0.002 -13"><span class='ocrx_word' id='word_1_87' title='bbox 562 1184 612 1239; x_wconf 91' lang='lat' dir='ltr'><strong>ei</strong></span> <span class='ocrx_word' id='word_1_88' title='bbox 639 1183 793 1236; x_wconf 87' lang='lat' dir='ltr'><strong>inviti</strong></span> <span class='ocrx_word' id='word_1_89' title='bbox 848 1184 1109 1246; x_wconf 90' lang='lat' dir='ltr'><strong>serviunt,</strong></span> <span class='ocrx_word' id='word_1_90' title='bbox 1153 1181 1448 1251; x_wconf 91' lang='lat' dir='ltr'><strong>puniuntur</strong></span> <span class='ocrx_word' id='word_1_91' title='bbox 1478 1181 1530 1234; x_wconf 91' lang='lat' dir='ltr'><strong>in</strong></span> <span class='ocrx_word' id='word_1_92' title='bbox 1563 1181 1757 1250; x_wconf 89' lang='lat' dir='ltr'><strong>seipsis</strong></span> <span class='ocrx_word' id='word_1_93' title='bbox 1791 1197 1886 1235; x_wconf 91' lang='lat' dir='ltr'><strong>sua</strong></span> <span class='ocrx_word' id='word_1_94' title='bbox 1914 1198 2087 1251; x_wconf 89' lang='lat' dir='ltr'><strong>poena</strong></span> <span class='ocrx_word' id='word_1_95' title='bbox 2117 1222 2133 1247; x_wconf 91' lang='lat'><strong>,</strong></span> 
     </span>
    </p>
   </div>
   <div class='ocr_carea' id='block_1_14' title="bbox 560 1272 2139 1342">
    <p class='ocr_par' dir='ltr' id='par_1_14' title="bbox 560 1272 2139 1342">
     <span class='ocr_line' id='line_1_14' title="bbox 560 1272 2139 1342; baseline 0.001 -14"><span class='ocrx_word' id='word_1_96' title='bbox 560 1275 628 1328; x_wconf 87' lang='lat' dir='ltr'><strong>de</strong></span> <span class='ocrx_word' id='word_1_97' title='bbox 655 1289 760 1342; x_wconf 89' lang='lat' dir='ltr'><strong>qua</strong></span> <span class='ocrx_word' id='word_1_98' title='bbox 806 1289 936 1342; x_wconf 85' lang='lat' dir='ltr'><strong>quos</strong></span> <span class='ocrx_word' id='word_1_99' title='bbox 962 1272 1107 1340; x_wconf 88' lang='lat' dir='ltr'><strong>juste</strong></span> <span class='ocrx_word' id='word_1_100' title='bbox 1157 1274 1295 1327; x_wconf 89' lang='lat' dir='ltr'><strong>Deus</strong></span> <span class='ocrx_word' id='word_1_101' title='bbox 1341 1288 1445 1326; x_wconf 90' lang='lat' dir='ltr'><strong>non</strong></span> <span class='ocrx_word' id='word_1_102' title='bbox 1493 1272 1707 1337; x_wconf 82' lang='lat' dir='ltr'><strong>liberat,</strong></span> <span class='ocrx_word' id='word_1_103' title='bbox 1753 1274 1822 1327; x_wconf 84' lang='lat' dir='ltr'><strong>ad</strong></span> <span class='ocrx_word' id='word_1_104' title='bbox 1855 1289 1971 1328; x_wconf 88' lang='lat' dir='ltr'><strong>eam</strong></span> <span class='ocrx_word' id='word_1_105' title='bbox 2020 1275 2139 1329; x_wconf 90' lang='lat' dir='ltr'><strong>illos</strong></span> 
     </span>
    </p>
   </div>
   <div class='ocr_carea' id='block_1_15' title="bbox 560 1362 2138 1433">
    <p class='ocr_par' dir='ltr' id='par_1_15' title="bbox 560 1362 2138 1433">
     <span class='ocr_line' id='line_1_15' title="bbox 560 1362 2138 1433; baseline 0.003 -18"><span class='ocrx_word' id='word_1_106' title='bbox 560 1363 955 1433; x_wconf 85' lang='lat' dir='ltr'><strong>quodammodo</strong></span> <span class='ocrx_word' id='word_1_107' title='bbox 984 1372 1287 1431; x_wconf 91' lang='lat' dir='ltr'><strong>praeparat,</strong></span> <span class='ocrx_word' id='word_1_108' title='bbox 1322 1362 1448 1415; x_wconf 90' lang='lat' dir='ltr'><strong>dum</strong></span> <span class='ocrx_word' id='word_1_109' title='bbox 1497 1378 1590 1417; x_wconf 85' lang='lat' dir='ltr'><strong>eos</strong></span> <span class='ocrx_word' id='word_1_110' title='bbox 1635 1363 1704 1416; x_wconf 92' lang='lat' dir='ltr'><strong>ad</strong></span> <span class='ocrx_word' id='word_1_111' title='bbox 1746 1378 1865 1417; x_wconf 88' lang='lat' dir='ltr'><strong>eam</strong></span> <span class='ocrx_word' id='word_1_112' title='bbox 1909 1379 1968 1418; x_wconf 87' lang='lat' dir='ltr'><strong>se</strong></span> <span class='ocrx_word' id='word_1_113' title='bbox 1995 1365 2138 1433; x_wconf 86' lang='lat' dir='ltr'><strong>ipsos</strong></span> 
     </span>
    </p>
   </div>
   <div class='ocr_carea' id='block_1_16' title="bbox 560 1450 2136 1520">
    <p class='ocr_par' dir='ltr' id='par_1_16' title="bbox 560 1450 2136 1520">
     <span class='ocr_line' id='line_1_16' title="bbox 560 1450 2136 1520; baseline 0.002 -16"><span class='ocrx_word' id='word_1_114' title='bbox 560 1466 882 1520; x_wconf 85' lang='lat' dir='ltr'><strong>praeparare</strong></span> <span class='ocrx_word' id='word_1_115' title='bbox 901 1450 1243 1519; x_wconf 72' lang='lat' dir='ltr'><strong>permittatb,</strong></span> <span class='ocrx_word' id='word_1_116' title='bbox 1259 1465 1380 1503; x_wconf 91' lang='lat' dir='ltr'><strong>cum</strong></span> <span class='ocrx_word' id='word_1_117' title='bbox 1404 1451 1608 1505; x_wconf 72' lang='lat' dir='ltr'><strong>veritas</strong></span> <span class='ocrx_word' id='word_1_118' title='bbox 1630 1452 1841 1515; x_wconf 85' lang='lat' dir='ltr'><strong>doceat,</strong></span> <span class='ocrx_word' id='word_1_119' title='bbox 1859 1461 1910 1505; x_wconf 88' lang='lat' dir='ltr'><strong>et</strong></span> <span class='ocrx_word' id='word_1_120' title='bbox 1935 1453 2136 1508; x_wconf 87' lang='lat' dir='ltr'><strong>nullmn</strong></span> 
     </span>
    </p>
   </div>
   <div class='ocr_carea' id='block_1_17' title="bbox 557 1538 2136 1611">
    <p class='ocr_par' dir='ltr' id='par_1_17' title="bbox 557 1538 2136 1611">
     <span class='ocr_line' id='line_1_17' title="bbox 557 1538 2136 1611; baseline 0.002 -18"><span class='ocrx_word' id='word_1_121' title='bbox 557 1539 994 1611; x_wconf 87' lang='lat' dir='ltr'><strong>praedestiuasse</strong></span> <span class='ocrx_word' id='word_1_122' title='bbox 1055 1538 1120 1592; x_wconf 88' lang='lat' dir='ltr'><strong>ad</strong></span> <span class='ocrx_word' id='word_1_123' title='bbox 1172 1539 1487 1604; x_wconf 86' lang='lat' dir='ltr'><strong>interitum,</strong></span> <span class='ocrx_word' id='word_1_124' title='bbox 1546 1548 1601 1594; x_wconf 91' lang='lat' dir='ltr'><strong>et</strong></span> <span class='ocrx_word' id='word_1_125' title='bbox 1661 1540 1791 1594; x_wconf 90' lang='lat' dir='ltr'><strong>nulli</strong></span> <span class='ocrx_word' id='word_1_126' title='bbox 1857 1541 2136 1596; x_wconf 87' lang='lat' dir='ltr'><strong>interitum</strong></span> 
     </span>
    </p>
   </div>
   <div class='ocr_carea' id='block_1_18' title="bbox 558 1643 935 1697">
    <p class='ocr_par' dir='ltr' id='par_1_18' title="bbox 558 1643 935 1697">
     <span class='ocr_line' id='line_1_18' title="bbox 558 1643 935 1697; baseline -0.008 -15"><span class='ocrx_word' id='word_1_127' title='bbox 558 1643 935 1697; x_wconf 85' lang='lat' dir='ltr'><strong>praeparasse.</strong></span> 
     </span>
    </p>
   </div>
   <div class='ocr_carea' id='block_1_19' title="bbox 2237 469 3819 543">
    <p class='ocr_par' dir='ltr' id='par_1_19' title="bbox 2237 469 3819 543">
     <span class='ocr_line' id='line_1_19' title="bbox 2237 469 3819 543; baseline 0.011 -21"><span class='ocrx_word' id='word_1_128' title='bbox 2237 470 2418 523; x_wconf 87' lang='lat' dir='ltr'><strong>oumia</strong></span> <span class='ocrx_word' id='word_1_129' title='bbox 2457 469 2665 539; x_wconf 88' lang='lat' dir='ltr'><strong>legibus</strong></span> <span class='ocrx_word' id='word_1_130' title='bbox 2693 472 2809 526; x_wconf 91' lang='lat' dir='ltr'><strong>suis</strong></span> <span class='ocrx_word' id='word_1_131' title='bbox 2852 472 3256 540; x_wconf 82' lang='lat' dir='ltr'><strong>pulcherrimis,</strong></span> <span class='ocrx_word' id='word_1_132' title='bbox 3280 475 3623 543; x_wconf 80' lang='lat' dir='ltr'><strong>iustissimis,</strong></span> <span class='ocrx_word' id='word_1_133' title='bbox 3651 482 3819 538; x_wconf 86' lang='lat' dir='ltr'><strong>mise-</strong></span> 
     </span>
    </p>
   </div>
   <div class='ocr_carea' id='block_1_20' title="bbox 2240 560 3819 642">
    <p class='ocr_par' dir='ltr' id='par_1_20' title="bbox 2240 560 3819 642">
     <span class='ocr_line' id='line_1_20' title="bbox 2240 560 3819 642; baseline 0.009 -30"><span class='ocrx_word' id='word_1_134' title='bbox 2240 560 2734 630; x_wconf 89' lang='lat' dir='ltr'><strong>ricordissimisque</strong></span> <span class='ocrx_word' id='word_1_135' title='bbox 2767 564 3062 627; x_wconf 85' lang='lat' dir='ltr'><strong>ordinavit,</strong></span> <span class='ocrx_word' id='word_1_136' title='bbox 3117 573 3175 618; x_wconf 90' lang='lat' dir='ltr'><strong>ut</strong></span> <span class='ocrx_word' id='word_1_137' title='bbox 3210 565 3419 621; x_wconf 87' lang='lat' dir='ltr'><strong>liberati</strong></span> <span class='ocrx_word' id='word_1_138' title='bbox 3448 582 3548 635; x_wconf 87' lang='lat' dir='ltr'><strong>per</strong></span> <span class='ocrx_word' id='word_1_139' title='bbox 3579 570 3819 642; x_wconf 80' lang='lat' dir='ltr'><strong>unigeni-</strong></span> 
     </span>
    </p>
   </div>
   <div class='ocr_carea' id='block_1_21' title="bbox 2226 648 3816 715">
    <p class='ocr_par' dir='ltr' id='par_1_21' title="bbox 2226 648 3816 715">
     <span class='ocr_line' id='line_1_21' title="bbox 2226 648 3816 715; baseline 0.009 -14"><span class='ocrx_word' id='word_1_140' title='bbox 2226 656 2352 702; x_wconf 82' lang='lat' dir='ltr'><strong>tum</strong></span> <span class='ocrx_word' id='word_1_141' title='bbox 2376 648 2473 703; x_wconf 89' lang='lat' dir='ltr'><strong>Dei</strong></span> <span class='ocrx_word' id='word_1_142' title='bbox 2517 650 2687 705; x_wconf 83' lang='lat' dir='ltr'><strong>lilium</strong></span> <span class='ocrx_word' id='word_1_143' title='bbox 2720 652 3006 706; x_wconf 90' lang='lat' dir='ltr'><strong>Dominum</strong></span> <span class='ocrx_word' id='word_1_144' title='bbox 3051 662 3297 708; x_wconf 89' lang='lat' dir='ltr'><strong>nostrum</strong></span> <span class='ocrx_word' id='word_1_145' title='bbox 3330 655 3514 711; x_wconf 84' lang='lat' dir='ltr'><strong>Jesum</strong></span> <span class='ocrx_word' id='word_1_146' title='bbox 3539 657 3816 715; x_wconf 84' lang='lat' dir='ltr'><strong>Christum</strong></span> 
     </span>
    </p>
   </div>
   <div class='ocr_carea' id='block_1_22' title="bbox 2235 735 3816 809">
    <p class='ocr_par' dir='ltr' id='par_1_22' title="bbox 2235 735 3816 809">
     <span class='ocr_line' id='line_1_22' title="bbox 2235 735 3816 809; baseline 0.009 -20"><span class='ocrx_word' id='word_1_147' title='bbox 2235 735 2404 790; x_wconf 88' lang='lat' dir='ltr'><strong>libere</strong></span> <span class='ocrx_word' id='word_1_148' title='bbox 2433 739 2697 807; x_wconf 84' lang='lat' dir='ltr'><strong>beateque</strong></span> <span class='ocrx_word' id='word_1_149' title='bbox 2725 740 2778 794; x_wconf 89' lang='lat' dir='ltr'><strong>in</strong></span> <span class='ocrx_word' id='word_1_150' title='bbox 2804 739 2884 793; x_wconf 88' lang='lat' dir='ltr'><strong>eis</strong></span> <span class='ocrx_word' id='word_1_151' title='bbox 2907 750 3212 809; x_wconf 81' lang='lat' dir='ltr'><strong>regnarent,</strong></span> <span class='ocrx_word' id='word_1_152' title='bbox 3241 741 3311 796; x_wconf 90' lang='lat' dir='ltr'><strong>ab</strong></span> <span class='ocrx_word' id='word_1_153' title='bbox 3359 757 3427 799; x_wconf 90' lang='lat' dir='ltr'><strong>eo</strong></span> <span class='ocrx_word' id='word_1_154' title='bbox 3468 754 3648 802; x_wconf 87' lang='lat' dir='ltr'><strong>autem</strong></span> <span class='ocrx_word' id='word_1_155' title='bbox 3671 746 3693 778; x_wconf 71' lang='grc'>⁸</span> <span class='ocrx_word' id='word_1_156' title='bbox 3725 763 3816 803; x_wconf 88' lang='lat' dir='ltr'><strong>re-</strong></span> 
     </span>
    </p>
   </div>
   <div class='ocr_carea' id='block_1_23' title="bbox 2234 825 3813 906">
    <p class='ocr_par' dir='ltr' id='par_1_23' title="bbox 2234 825 3813 906">
     <span class='ocr_line' id='line_1_23' title="bbox 2234 825 3813 906; baseline 0.008 -28"><span class='ocrx_word' id='word_1_157' title='bbox 2234 825 2347 880; x_wconf 90' lang='lat' dir='ltr'><strong>licti</strong></span> <span class='ocrx_word' id='word_1_158' title='bbox 2382 827 2536 883; x_wconf 85' lang='lat' dir='ltr'><strong>inviti</strong></span> <span class='ocrx_word' id='word_1_159' title='bbox 2566 829 2646 883; x_wconf 92' lang='lat' dir='ltr'><strong>eis</strong></span> <span class='ocrx_word' id='word_1_160' title='bbox 2673 831 2958 894; x_wconf 82' lang='lat' dir='ltr'><strong>servirent,</strong></span> <span class='ocrx_word' id='word_1_161' title='bbox 2981 847 3046 885; x_wconf 90' lang='lat' dir='ltr'><strong>ac</strong></span> <span class='ocrx_word' id='word_1_162' title='bbox 3065 847 3163 901; x_wconf 90' lang='lat' dir='ltr'><strong>per</strong></span> <span class='ocrx_word' id='word_1_163' title='bbox 3185 833 3287 887; x_wconf 90' lang='lat' dir='ltr'><strong>hoc</strong></span> <span class='ocrx_word' id='word_1_164' title='bbox 3310 836 3411 889; x_wconf 86' lang='lat' dir='ltr'><strong>sub</strong></span> <span class='ocrx_word' id='word_1_165' title='bbox 3439 835 3519 890; x_wconf 92' lang='lat' dir='ltr'><strong>eis</strong></span> <span class='ocrx_word' id='word_1_166' title='bbox 3546 838 3813 906; x_wconf 87' lang='lat' dir='ltr'><strong>perirent,</strong></span> 
     </span>
    </p>
   </div>
   <div class='ocr_carea' id='block_1_24' title="bbox 2236 918 3811 996">
    <p class='ocr_par' dir='ltr' id='par_1_24' title="bbox 2236 918 3811 996">
     <span class='ocr_line' id='line_1_24' title="bbox 2236 918 3811 996; baseline 0.01 -27"><span class='ocrx_word' id='word_1_167' title='bbox 2236 930 2342 970; x_wconf 91' lang='lat' dir='ltr'><strong>non</strong></span> <span class='ocrx_word' id='word_1_168' title='bbox 2374 926 2432 970; x_wconf 90' lang='lat' dir='ltr'><strong>ut</strong></span> <span class='ocrx_word' id='word_1_169' title='bbox 2460 918 2527 972; x_wconf 89' lang='lat' dir='ltr'><strong>de</strong></span> <span class='ocrx_word' id='word_1_170' title='bbox 2551 933 2738 973; x_wconf 90' lang='lat' dir='ltr'><strong>eorum</strong></span> <span class='ocrx_word' id='word_1_171' title='bbox 2779 929 2996 985; x_wconf 90' lang='lat' dir='ltr'><strong>natura,</strong></span> <span class='ocrx_word' id='word_1_172' title='bbox 3036 937 3200 991; x_wconf 87' lang='lat' dir='ltr'><strong>quam</strong></span> <span class='ocrx_word' id='word_1_173' title='bbox 3255 924 3370 993; x_wconf 90' lang='lat' dir='ltr'><strong>ipse</strong></span> <span class='ocrx_word' id='word_1_174' title='bbox 3415 926 3564 991; x_wconf 78' lang='lat' dir='ltr'><strong>fecit,</strong></span> <span class='ocrx_word' id='word_1_175' title='bbox 3599 927 3811 996; x_wconf 80' lang='lat' dir='ltr'><strong>aliquid</strong></span> 
     </span>
    </p>
   </div>
   <div class='ocr_carea' id='block_1_25' title="bbox 2237 1010 3816 1087">
    <p class='ocr_par' dir='ltr' id='par_1_25' title="bbox 2237 1010 3816 1087">
     <span class='ocr_line' id='line_1_25' title="bbox 2237 1010 3816 1087; baseline 0.008 -26"><span class='ocrx_word' id='word_1_176' title='bbox 2237 1017 2447 1076; x_wconf 88' lang='lat' dir='ltr'><strong>pereat,</strong></span> <span class='ocrx_word' id='word_1_177' title='bbox 2475 1012 2568 1063; x_wconf 81' lang='lat' dir='ltr'><strong>sed</strong></span> <span class='ocrx_word' id='word_1_178' title='bbox 2596 1018 2656 1063; x_wconf 93' lang='lat' dir='ltr'><strong>ut</strong></span> <span class='ocrx_word' id='word_1_179' title='bbox 2683 1010 2735 1063; x_wconf 92' lang='lat' dir='ltr'><strong>in</strong></span> <span class='ocrx_word' id='word_1_180' title='bbox 2766 1010 2867 1075; x_wconf 90' lang='lat' dir='ltr'><strong>eis,</strong></span> <span class='ocrx_word' id='word_1_181' title='bbox 2898 1015 3042 1081; x_wconf 91' lang='lat' dir='ltr'><strong>quod</strong></span> <span class='ocrx_word' id='word_1_182' title='bbox 3064 1014 3178 1082; x_wconf 83' lang='lat' dir='ltr'><strong>ipse</strong></span> <span class='ocrx_word' id='word_1_183' title='bbox 3204 1031 3311 1069; x_wconf 93' lang='lat' dir='ltr'><strong>non</strong></span> <span class='ocrx_word' id='word_1_184' title='bbox 3340 1014 3484 1082; x_wconf 81' lang='lat' dir='ltr'><strong>fecit,</strong></span> <span class='ocrx_word' id='word_1_185' title='bbox 3508 1018 3690 1087; x_wconf 87' lang='lat' dir='ltr'><strong>puniri</strong></span> <span class='ocrx_word' id='word_1_186' title='bbox 3720 1034 3816 1073; x_wconf 85' lang='lat' dir='ltr'><strong>co-</strong></span> 
     </span>
    </p>
   </div>
   <div class='ocr_carea' id='block_1_26' title="bbox 2228 1098 3811 1177">
    <p class='ocr_par' dir='ltr' id='par_1_26' title="bbox 2228 1098 3811 1177">
     <span class='ocr_line' id='line_1_26' title="bbox 2228 1098 3811 1177; baseline 0.009 -26"><span class='ocrx_word' id='word_1_187' title='bbox 2228 1108 2357 1169; x_wconf 76' lang='lat' dir='ltr'><strong>gat.</strong></span> <span class='ocrx_word' id='word_1_188' title='bbox 2376 1098 2509 1153; x_wconf 89' lang='lat' dir='ltr'><strong>Cum</strong></span> <span class='ocrx_word' id='word_1_189' title='bbox 2530 1100 2711 1169; x_wconf 85' lang='lat' dir='ltr'><strong>itaque</strong></span> <span class='ocrx_word' id='word_1_190' title='bbox 2736 1103 2897 1156; x_wconf 86' lang='lat' dir='ltr'><strong>audio</strong></span> <span class='ocrx_word' id='word_1_191' title='bbox 2930 1121 2947 1153; x_wconf 81' lang='grc' dir='ltr'>ι</span> <span class='ocrx_word' id='word_1_192' title='bbox 2979 1119 3116 1172; x_wconf 91' lang='lat' dir='ltr'><strong>quos</strong></span> <span class='ocrx_word' id='word_1_193' title='bbox 3130 1106 3276 1175; x_wconf 84' lang='lat' dir='ltr'><strong>juste</strong></span> <span class='ocrx_word' id='word_1_194' title='bbox 3299 1110 3722 1177; x_wconf 79' lang='lat' dir='ltr'><strong>praedestinavit</strong></span> <span class='ocrx_word' id='word_1_195' title='bbox 3742 1112 3811 1166; x_wconf 87' lang='lat' dir='ltr'><strong>ad</strong></span> 
     </span>
    </p>
   </div>
   <div class='ocr_carea' id='block_1_27' title="bbox 2236 1190 3815 1269">
    <p class='ocr_par' dir='ltr' id='par_1_27' title="bbox 2236 1190 3815 1269">
     <span class='ocr_line' id='line_1_27' title="bbox 2236 1190 3815 1269; baseline 0.009 -28"><span class='ocrx_word' id='word_1_196' title='bbox 2236 1204 2465 1259; x_wconf 85' lang='lat' dir='ltr'><strong>poenam</strong></span> <span class='ocrx_word' id='word_1_197' title='bbox 2490 1209 2538 1251; x_wconf 73' lang='grc' dir='ltr'><strong>ι,</strong></span> <span class='ocrx_word' id='word_1_198' title='bbox 2573 1190 2830 1261; x_wconf 79' lang='lat' dir='ltr'><strong>intelligo,</strong></span> <span class='ocrx_word' id='word_1_199' title='bbox 2874 1207 3101 1259; x_wconf 89' lang='lat' dir='ltr'><strong>quorum</strong></span> <span class='ocrx_word' id='word_1_200' title='bbox 3140 1196 3421 1261; x_wconf 86' lang='lat' dir='ltr'><strong>malitiam,</strong></span> <span class='ocrx_word' id='word_1_201' title='bbox 3452 1213 3556 1266; x_wconf 88' lang='lat' dir='ltr'><strong>qua</strong></span> <span class='ocrx_word' id='word_1_202' title='bbox 3586 1199 3815 1269; x_wconf 77' lang='lat' dir='ltr'><strong>puniun-</strong></span> 
     </span>
    </p>
   </div>
   <div class='ocr_carea' id='block_1_28' title="bbox 2240 1282 3814 1355">
    <p class='ocr_par' dir='ltr' id='par_1_28' title="bbox 2240 1282 3814 1355">
     <span class='ocr_line' id='line_1_28' title="bbox 2240 1282 3814 1355; baseline 0.009 -21"><span class='ocrx_word' id='word_1_203' title='bbox 2240 1282 2553 1350; x_wconf 88' lang='lat' dir='ltr'><strong>turlegibus</strong></span> <span class='ocrx_word' id='word_1_204' title='bbox 2592 1285 2726 1346; x_wconf 88' lang='lat' dir='ltr'><strong>suis,</strong></span> <span class='ocrx_word' id='word_1_205' title='bbox 2756 1284 3133 1339; x_wconf 81' lang='lat' dir='ltr'><strong>refrenandam</strong></span> <span class='ocrx_word' id='word_1_206' title='bbox 3180 1288 3622 1355; x_wconf 81' lang='lat' dir='ltr'><strong>praedestinavit.</strong></span> <span class='ocrx_word' id='word_1_207' title='bbox 3660 1291 3814 1348; x_wconf 87' lang='lat' dir='ltr'><strong>Sicut</strong></span> 
     </span>
    </p>
   </div>
   <div class='ocr_carea' id='block_1_29' title="bbox 2237 1376 3807 1452">
    <p class='ocr_par' dir='ltr' id='par_1_29' title="bbox 2237 1376 3807 1452">
     <span class='ocr_line' id='line_1_29' title="bbox 2237 1376 3807 1452; baseline 0.008 -24"><span class='ocrx_word' id='word_1_208' title='bbox 2237 1376 2379 1429; x_wconf 83' lang='lat' dir='ltr'><strong>enim</strong></span> <span class='ocrx_word' id='word_1_209' title='bbox 2404 1377 2548 1429; x_wconf 92' lang='lat' dir='ltr'><strong>nullo</strong></span> <span class='ocrx_word' id='word_1_210' title='bbox 2579 1377 2738 1433; x_wconf 91' lang='lat' dir='ltr'><strong>modo</strong></span> <span class='ocrx_word' id='word_1_211' title='bbox 2767 1378 2935 1432; x_wconf 87' lang='lat' dir='ltr'><strong>malos</strong></span> <span class='ocrx_word' id='word_1_212' title='bbox 2974 1380 3399 1448; x_wconf 86' lang='lat' dir='ltr'><strong>praedestinavit</strong></span> <span class='ocrx_word' id='word_1_213' title='bbox 3427 1384 3496 1437; x_wconf 91' lang='lat' dir='ltr'><strong>ad</strong></span> <span class='ocrx_word' id='word_1_214' title='bbox 3521 1385 3807 1452; x_wconf 85' lang='lat' dir='ltr'><strong>malitiam,</strong></span> 
     </span>
    </p>
   </div>
   <div class='ocr_carea' id='block_1_30' title="bbox 2238 1465 3808 1543">
    <p class='ocr_par' dir='ltr' id='par_1_30' title="bbox 2238 1465 3808 1543">
     <span class='ocr_line' id='line_1_30' title="bbox 2238 1465 3808 1543; baseline 0.008 -26"><span class='ocrx_word' id='word_1_215' title='bbox 2238 1465 2309 1518; x_wconf 87' lang='lat' dir='ltr'><strong>ita</strong></span> <span class='ocrx_word' id='word_1_216' title='bbox 2343 1466 2488 1518; x_wconf 87' lang='lat' dir='ltr'><strong>nullo</strong></span> <span class='ocrx_word' id='word_1_217' title='bbox 2517 1467 2676 1520; x_wconf 87' lang='lat' dir='ltr'><strong>modo</strong></span> <span class='ocrx_word' id='word_1_218' title='bbox 2725 1469 3146 1535; x_wconf 84' lang='lat' dir='ltr'><strong>praedestinavit</strong></span> <span class='ocrx_word' id='word_1_219' title='bbox 3191 1471 3451 1526; x_wconf 84' lang='lat' dir='ltr'><strong>malitiam</strong></span> <span class='ocrx_word' id='word_1_220' title='bbox 3481 1474 3550 1528; x_wconf 90' lang='lat' dir='ltr'><strong>ad</strong></span> <span class='ocrx_word' id='word_1_221' title='bbox 3577 1476 3808 1543; x_wconf 84' lang='lat' dir='ltr'><strong>punien-</strong></span> 
     </span>
    </p>
   </div>
   <div class='ocr_carea' id='block_1_31' title="bbox 2238 1555 3810 1626">
    <p class='ocr_par' dir='ltr' id='par_1_31' title="bbox 2238 1555 3810 1626">
     <span class='ocr_line' id='line_1_31' title="bbox 2238 1555 3810 1626; baseline 0.008 -17"><span class='ocrx_word' id='word_1_222' title='bbox 2238 1555 2335 1609; x_wconf 79' lang='lat' dir='ltr'><strong>dos</strong></span> <span class='ocrx_word' id='word_1_223' title='bbox 2365 1556 2554 1609; x_wconf 87' lang='lat' dir='ltr'><strong>malos.</strong></span> <span class='ocrx_word' id='word_1_224' title='bbox 2584 1557 2648 1610; x_wconf 86' lang='lat' dir='ltr'><strong>Et</strong></span> <span class='ocrx_word' id='word_1_225' title='bbox 2673 1559 2815 1611; x_wconf 87' lang='lat' dir='ltr'><strong>sicut</strong></span> <span class='ocrx_word' id='word_1_226' title='bbox 2846 1560 3267 1626; x_wconf 83' lang='lat' dir='ltr'><strong>praedestinavit</strong></span> <span class='ocrx_word' id='word_1_227' title='bbox 3299 1562 3472 1617; x_wconf 86' lang='lat' dir='ltr'><strong>malos</strong></span> <span class='ocrx_word' id='word_1_228' title='bbox 3502 1564 3702 1620; x_wconf 90' lang='lat' dir='ltr'><strong>invitos</strong></span> <span class='ocrx_word' id='word_1_229' title='bbox 3729 1566 3810 1621; x_wconf 90' lang='lat' dir='ltr'><strong>le-</strong></span> 
     </span>
    </p>
   </div>
   <div class='ocr_carea' id='block_1_32' title="bbox 2237 1645 3811 1722">
    <p class='ocr_par' dir='ltr' id='par_1_32' title="bbox 2237 1645 3811 1722">
     <span class='ocr_line' id='line_1_32' title="bbox 2237 1645 3811 1722; baseline 0.009 -26"><span class='ocrx_word' id='word_1_230' title='bbox 2237 1645 2395 1715; x_wconf 91' lang='lat' dir='ltr'><strong>gibus</strong></span> <span class='ocrx_word' id='word_1_231' title='bbox 2441 1646 2552 1703; x_wconf 85' lang='lat' dir='ltr'><strong>suis</strong></span> <span class='ocrx_word' id='word_1_232' title='bbox 2578 1648 2893 1713; x_wconf 80' lang='lat' dir='ltr'><strong>servituros,</strong></span> <span class='ocrx_word' id='word_1_233' title='bbox 2930 1650 3000 1703; x_wconf 88' lang='lat' dir='ltr'><strong>ita</strong></span> <span class='ocrx_word' id='word_1_234' title='bbox 3044 1650 3191 1721; x_wconf 89' lang='lat' dir='ltr'><strong>leges</strong></span> <span class='ocrx_word' id='word_1_235' title='bbox 3217 1668 3345 1707; x_wconf 90' lang='lat' dir='ltr'><strong>suas</strong></span> <span class='ocrx_word' id='word_1_236' title='bbox 3382 1655 3811 1722; x_wconf 84' lang='lat' dir='ltr'><strong>praedestinavit</strong></span> 
     </span>
    </p>
   </div>
   <div class='ocr_carea' id='block_1_33' title="bbox 626 1717 3806 1819">
    <p class='ocr_par' dir='ltr' id='par_1_33' title="bbox 626 1717 3806 1819">
     <span class='ocr_line' id='line_1_33' title="bbox 626 1717 3806 1819; baseline 0.001 -25"><span class='ocrx_word' id='word_1_237' title='bbox 626 1739 718 1794; x_wconf 79' lang='lat' dir='ltr'><strong>1X.</strong></span> <span class='ocrx_word' id='word_1_238' title='bbox 759 1739 1185 1794; x_wconf 80' lang='lat' dir='ltr'><strong>Praedestinavit</strong></span> <span class='ocrx_word' id='word_1_239' title='bbox 1239 1740 1441 1808; x_wconf 91' lang='lat' dir='ltr'><strong>itaque,</strong></span> <span class='ocrx_word' id='word_1_240' title='bbox 1488 1741 1680 1819; x_wconf 83' lang='lat' dir='ltr'><strong>impios</strong></span> <span class='ocrx_word' id='word_1_241' title='bbox 1736 1744 1976 1797; x_wconf 72' lang='lat' dir='ltr'><strong>aeternis</strong></span> <span class='ocrx_word' id='word_1_242' title='bbox 2022 1744 2135 1799; x_wconf 68' lang='lat' dir='ltr'><strong>suis</strong></span> <span class='ocrx_word' id='word_1_243' title='bbox 2163 1717 2414 1789; x_wconf 9' lang='lat' dir='ltr'><strong>Bimalos</strong></span> <span class='ocrx_word' id='word_1_244' title='bbox 2453 1736 2654 1789; x_wconf 85' lang='lat' dir='ltr'><strong>malitia</strong></span> <span class='ocrx_word' id='word_1_245' title='bbox 2684 1752 2780 1790; x_wconf 90' lang='lat' dir='ltr'><strong>sua</strong></span> <span class='ocrx_word' id='word_1_246' title='bbox 2806 1740 3022 1807; x_wconf 81' lang='lat' dir='ltr'><strong>punitus</strong></span> <span class='ocrx_word' id='word_1_247' title='bbox 3057 1717 3160 1794; x_wconf 79' lang='lat' dir='ltr'><strong>non</strong></span> <span class='ocrx_word' id='word_1_248' title='bbox 3191 1717 3471 1798; x_wconf 76' lang='lat' dir='ltr'><strong>evasuros.</strong></span> <span class='ocrx_word' id='word_1_249' title='bbox 3497 1743 3596 1798; x_wconf 89' lang='lat' dir='ltr'><strong>Ubi</strong></span> <span class='ocrx_word' id='word_1_250' title='bbox 3627 1746 3806 1799; x_wconf 90' lang='lat' dir='ltr'><strong>subti-</strong></span> 
     </span>
    </p>
   </div>
   <div class='ocr_carea' id='block_1_34' title="bbox 550 1827 2135 1900">
    <p class='ocr_par' dir='ltr' id='par_1_34' title="bbox 550 1827 2135 1900">
     <span class='ocr_line' id='line_1_34' title="bbox 550 1827 2135 1900; baseline 0.003 -18"><span class='ocrx_word' id='word_1_251' title='bbox 550 1828 974 1899; x_wconf 82' lang='lat' dir='ltr'><strong>justissimisque</strong></span> <span class='ocrx_word' id='word_1_252' title='bbox 1026 1827 1229 1897; x_wconf 82' lang='lat' dir='ltr'><strong>legibus</strong></span> <span class='ocrx_word' id='word_1_253' title='bbox 1285 1828 1436 1881; x_wconf 89' lang='lat' dir='ltr'><strong>inviti</strong></span> <span class='ocrx_word' id='word_1_254' title='bbox 1477 1830 1498 1860; x_wconf 87' lang='grc'>¹</span> <span class='ocrx_word' id='word_1_255' title='bbox 1542 1830 1879 1893; x_wconf 85' lang='lat' dir='ltr'><strong>servituros,</strong></span> <span class='ocrx_word' id='word_1_256' title='bbox 1931 1846 2135 1900; x_wconf 87' lang='lat' dir='ltr'><strong>easque</strong></span> 
     </span>
    </p>
   </div>
   <div class='ocr_carea' id='block_1_35' title="bbox 556 1917 2135 1987">
    <p class='ocr_par' dir='ltr' id='par_1_35' title="bbox 556 1917 2135 1987">
     <span class='ocr_line' id='line_1_35' title="bbox 556 1917 2135 1987; baseline 0.001 -13"><span class='ocrx_word' id='word_1_257' title='bbox 556 1919 705 1974; x_wconf 87' lang='lat' dir='ltr'><strong>nullo</strong></span> <span class='ocrx_word' id='word_1_258' title='bbox 733 1919 934 1986; x_wconf 90' lang='lat' dir='ltr'><strong>impetu</strong></span> <span class='ocrx_word' id='word_1_259' title='bbox 966 1917 1255 1986; x_wconf 84' lang='lat' dir='ltr'><strong>impietatis</strong></span> <span class='ocrx_word' id='word_1_260' title='bbox 1284 1933 1413 1972; x_wconf 89' lang='lat' dir='ltr'><strong>suae</strong></span> <span class='ocrx_word' id='word_1_261' title='bbox 1458 1918 1511 1971; x_wconf 91' lang='lat' dir='ltr'><strong>in</strong></span> <span class='ocrx_word' id='word_1_262' title='bbox 1546 1917 1870 1987; x_wconf 76' lang='lat' dir='ltr'><strong>profundum</strong></span> <span class='ocrx_word' id='word_1_263' title='bbox 1896 1920 2135 1976; x_wconf 87' lang='lat' dir='ltr'><strong>malitiae</strong></span> 
     </span>
    </p>
   </div>
   <div class='ocr_carea' id='block_1_36' title="bbox 561 2008 2134 2076">
    <p class='ocr_par' dir='ltr' id='par_1_36' title="bbox 561 2008 2134 2076">
     <span class='ocr_line' id='line_1_36' title="bbox 561 2008 2134 2076; baseline 0.001 -15"><span class='ocrx_word' id='word_1_264' title='bbox 561 2008 831 2062; x_wconf 89' lang='lat' dir='ltr'><strong>tendentis</strong></span> <span class='ocrx_word' id='word_1_265' title='bbox 878 2008 1220 2073; x_wconf 90' lang='lat' dir='ltr'><strong>transituros,</strong></span> <span class='ocrx_word' id='word_1_266' title='bbox 1250 2022 1422 2075; x_wconf 90' lang='lat' dir='ltr'><strong>eoque</strong></span> <span class='ocrx_word' id='word_1_267' title='bbox 1462 2008 1623 2060; x_wconf 90' lang='lat' dir='ltr'><strong>modo</strong></span> <span class='ocrx_word' id='word_1_268' title='bbox 1651 2008 1907 2076; x_wconf 87' lang='lat' dir='ltr'><strong>puniendi</strong></span> <span class='ocrx_word' id='word_1_269' title='bbox 1948 2009 2134 2062; x_wconf 86' lang='lat' dir='ltr'><strong>interi-</strong></span> 
     </span>
    </p>
   </div>
   <div class='ocr_carea' id='block_1_37' title="bbox 559 2096 2133 2166">
    <p class='ocr_par' dir='ltr' id='par_1_37' title="bbox 559 2096 2133 2166">
     <span class='ocr_line' id='line_1_37' title="bbox 559 2096 2133 2166; baseline 0 -14"><span class='ocrx_word' id='word_1_270' title='bbox 559 2107 731 2153; x_wconf 89' lang='lat' dir='ltr'><strong>turos.</strong></span> <span class='ocrx_word' id='word_1_271' title='bbox 756 2097 913 2151; x_wconf 85' lang='lat' dir='ltr'><strong>Nulla</strong></span> <span class='ocrx_word' id='word_1_272' title='bbox 957 2097 1155 2166; x_wconf 87' lang='lat' dir='ltr'><strong>quippe</strong></span> <span class='ocrx_word' id='word_1_273' title='bbox 1195 2098 1411 2165; x_wconf 78' lang='lat' dir='ltr'><strong>gravior</strong></span> <span class='ocrx_word' id='word_1_274' title='bbox 1466 2111 1635 2165; x_wconf 89' lang='lat' dir='ltr'><strong>poena</strong></span> <span class='ocrx_word' id='word_1_275' title='bbox 1672 2096 1929 2166; x_wconf 79' lang='lat' dir='ltr'><strong>inﬂigitur</strong></span> <span class='ocrx_word' id='word_1_276' title='bbox 1974 2111 2133 2152; x_wconf 90' lang='lat' dir='ltr'><strong>servo</strong></span> 
     </span>
    </p>
   </div>
   <div class='ocr_carea' id='block_1_38' title="bbox 556 2184 2131 2254">
    <p class='ocr_par' dir='ltr' id='par_1_38' title="bbox 556 2184 2131 2254">
     <span class='ocr_line' id='line_1_38' title="bbox 556 2184 2131 2254; baseline 0.001 -16"><span class='ocrx_word' id='word_1_277' title='bbox 556 2185 763 2254; x_wconf 88' lang='lat' dir='ltr'><strong>iniquo,</strong></span> <span class='ocrx_word' id='word_1_278' title='bbox 786 2199 947 2253; x_wconf 91' lang='lat' dir='ltr'><strong>quam</strong></span> <span class='ocrx_word' id='word_1_279' title='bbox 981 2194 1039 2239; x_wconf 89' lang='lat' dir='ltr'><strong>ut</strong></span> <span class='ocrx_word' id='word_1_280' title='bbox 1064 2195 1284 2254; x_wconf 87' lang='lat' dir='ltr'><strong>cogatur</strong></span> <span class='ocrx_word' id='word_1_281' title='bbox 1306 2184 1510 2239; x_wconf 87' lang='lat' dir='ltr'><strong>servire</strong></span> <span class='ocrx_word' id='word_1_282' title='bbox 1553 2184 1757 2239; x_wconf 90' lang='lat' dir='ltr'><strong>invitus</strong></span> <span class='ocrx_word' id='word_1_283' title='bbox 1776 2184 1925 2252; x_wconf 90' lang='lat' dir='ltr'><strong>justo</strong></span> <span class='ocrx_word' id='word_1_284' title='bbox 1949 2184 2131 2239; x_wconf 92' lang='lat' dir='ltr'><strong>Domi-</strong></span> 
     </span>
    </p>
   </div>
   <div class='ocr_carea' id='block_1_39' title="bbox 556 2271 2125 2349">
    <p class='ocr_par' dir='ltr' id='par_1_39' title="bbox 556 2271 2125 2349">
     <span class='ocr_line' id='line_1_39' title="bbox 556 2271 2125 2349; baseline 0.001 -22"><span class='ocrx_word' id='word_1_285' title='bbox 556 2287 647 2327; x_wconf 90' lang='lat' dir='ltr'><strong>no.</strong></span> <span class='ocrx_word' id='word_1_286' title='bbox 674 2271 800 2326; x_wconf 90' lang='lat' dir='ltr'><strong>Plus</strong></span> <span class='ocrx_word' id='word_1_287' title='bbox 830 2272 1027 2326; x_wconf 89' lang='lat' dir='ltr'><strong>etenim</strong></span> <span class='ocrx_word' id='word_1_288' title='bbox 1059 2272 1113 2326; x_wconf 94' lang='lat' dir='ltr'><strong>in</strong></span> <span class='ocrx_word' id='word_1_289' title='bbox 1138 2287 1196 2327; x_wconf 90' lang='lat' dir='ltr'><strong>se</strong></span> <span class='ocrx_word' id='word_1_290' title='bbox 1221 2272 1336 2342; x_wconf 92' lang='lat' dir='ltr'><strong>ipso</strong></span> <span class='ocrx_word' id='word_1_291' title='bbox 1381 2271 1607 2326; x_wconf 85' lang='lat' dir='ltr'><strong>interius</strong></span> <span class='ocrx_word' id='word_1_292' title='bbox 1636 2273 1901 2349; x_wconf 86' lang='lat' dir='ltr'><strong>superbae</strong></span> <span class='ocrx_word' id='word_1_293' title='bbox 1932 2273 2125 2328; x_wconf 88' lang='lat' dir='ltr'><strong>volun-</strong></span> 
     </span>
    </p>
   </div>
   <div class='ocr_carea' id='block_1_40' title="bbox 555 2362 2131 2431">
    <p class='ocr_par' dir='ltr' id='par_1_40' title="bbox 555 2362 2131 2431">
     <span class='ocr_line' id='line_1_40' title="bbox 555 2362 2131 2431; baseline 0.001 -14"><span class='ocrx_word' id='word_1_294' title='bbox 555 2363 690 2417; x_wconf 85' lang='lat' dir='ltr'><strong>tatis</strong></span> <span class='ocrx_word' id='word_1_295' title='bbox 712 2363 917 2430; x_wconf 90' lang='lat' dir='ltr'><strong>patitur</strong></span> <span class='ocrx_word' id='word_1_296' title='bbox 942 2362 1311 2427; x_wconf 87' lang='lat' dir='ltr'><strong>incitamenta,</strong></span> <span class='ocrx_word' id='word_1_297' title='bbox 1341 2377 1500 2429; x_wconf 89' lang='lat' dir='ltr'><strong>quam</strong></span> <span class='ocrx_word' id='word_1_298' title='bbox 1538 2363 1779 2417; x_wconf 78' lang='lat' dir='ltr'><strong>exterius</strong></span> <span class='ocrx_word' id='word_1_299' title='bbox 1824 2362 1878 2416; x_wconf 92' lang='lat' dir='ltr'><strong>in</strong></span> <span class='ocrx_word' id='word_1_300' title='bbox 1905 2378 2131 2431; x_wconf 85' lang='lat' dir='ltr'><strong>corpore</strong></span> 
     </span>
    </p>
   </div>
   <div class='ocr_carea' id='block_1_41' title="bbox 553 2452 2151 2523">
    <p class='ocr_par' dir='ltr' id='par_1_41' title="bbox 553 2452 2151 2523">
     <span class='ocr_line' id='line_1_41' title="bbox 553 2452 2151 2523; baseline -0.001 -16"><span class='ocrx_word' id='word_1_301' title='bbox 553 2453 844 2508; x_wconf 85' lang='lat' dir='ltr'><strong>durissima</strong></span> <span class='ocrx_word' id='word_1_302' title='bbox 875 2452 1107 2523; x_wconf 81' lang='lat' dir='ltr'><strong>ﬂagella,</strong></span> <span class='ocrx_word' id='word_1_303' title='bbox 1132 2454 1277 2522; x_wconf 87' lang='lat' dir='ltr'><strong>quia,</strong></span> <span class='ocrx_word' id='word_1_304' title='bbox 1307 2468 1428 2507; x_wconf 91' lang='lat' dir='ltr'><strong>cum</strong></span> <span class='ocrx_word' id='word_1_305' title='bbox 1451 2454 1660 2507; x_wconf 86' lang='lat' dir='ltr'><strong>Domini</strong></span> <span class='ocrx_word' id='word_1_306' title='bbox 1687 2454 1768 2508; x_wconf 89' lang='lat' dir='ltr'><strong>sui</strong></span> <span class='ocrx_word' id='word_1_307' title='bbox 1796 2453 2151 2509; x_wconf 89' lang='lat' dir='ltr'><strong>voluntatem‘</strong></span> 
     </span>
    </p>
   </div>
   <div class='ocr_carea' id='block_1_42' title="bbox 551 2540 2130 2612">
    <p class='ocr_par' dir='ltr' id='par_1_42' title="bbox 551 2540 2130 2612">
     <span class='ocr_line' id='line_1_42' title="bbox 551 2540 2130 2612; baseline 0.002 -17"><span class='ocrx_word' id='word_1_308' title='bbox 551 2554 812 2609; x_wconf 81' lang='lat' dir='ltr'><strong>spernere</strong></span> <span class='ocrx_word' id='word_1_309' title='bbox 840 2555 947 2594; x_wconf 87' lang='lat' dir='ltr'><strong>non</strong></span> <span class='ocrx_word' id='word_1_310' title='bbox 993 2541 1188 2596; x_wconf 90' lang='lat' dir='ltr'><strong>sinitur</strong></span> <span class='ocrx_word' id='word_1_311' title='bbox 1231 2540 1274 2606; x_wconf 87' lang='grc'>³,</span> <span class='ocrx_word' id='word_1_312' title='bbox 1307 2541 1449 2594; x_wconf 88' lang='lat' dir='ltr'><strong>intra</strong></span> <span class='ocrx_word' id='word_1_313' title='bbox 1484 2542 1833 2611; x_wconf 86' lang='lat' dir='ltr'><strong>semetipsum</strong></span> <span class='ocrx_word' id='word_1_314' title='bbox 1870 2556 1903 2594; x_wconf 90' lang='lat' dir='ltr'><strong>a</strong></span> <span class='ocrx_word' id='word_1_315' title='bbox 1934 2556 1992 2595; x_wconf 90' lang='lat' dir='ltr'><strong>se</strong></span> <span class='ocrx_word' id='word_1_316' title='bbox 2015 2544 2130 2612; x_wconf 87' lang='lat' dir='ltr'><strong>ipso</strong></span> 
     </span>
    </p>
   </div>
   <div class='ocr_carea' id='block_1_43' title="bbox 553 2629 2131 2699">
    <p class='ocr_par' dir='ltr' id='par_1_43' title="bbox 553 2629 2131 2699">
     <span class='ocr_line' id='line_1_43' title="bbox 553 2629 2131 2699; baseline 0.001 -15"><span class='ocrx_word' id='word_1_317' title='bbox 553 2629 850 2684; x_wconf 87' lang='lat' dir='ltr'><strong>cruciatur.</strong></span> <span class='ocrx_word' id='word_1_318' title='bbox 874 2629 1004 2695; x_wconf 83' lang='lat' dir='ltr'><strong>Quis</strong></span> <span class='ocrx_word' id='word_1_319' title='bbox 1020 2638 1199 2684; x_wconf 85' lang='lat' dir='ltr'><strong>autem</strong></span> <span class='ocrx_word' id='word_1_320' title='bbox 1232 2641 1379 2685; x_wconf 88' lang='lat' dir='ltr'><strong>recte</strong></span> <span class='ocrx_word' id='word_1_321' title='bbox 1402 2629 1764 2697; x_wconf 77' lang='lat' dir='ltr'><strong>iudicantium</strong></span> <span class='ocrx_word' id='word_1_322' title='bbox 1783 2631 1904 2685; x_wconf 88' lang='lat' dir='ltr'><strong>talis</strong></span> <span class='ocrx_word' id='word_1_323' title='bbox 1926 2645 2131 2699; x_wconf 88' lang='lat' dir='ltr'><strong>poenae</strong></span> 
     </span>
    </p>
   </div>
   <div class='ocr_carea' id='block_1_44' title="bbox 551 2722 2131 2792">
    <p class='ocr_par' dir='ltr' id='par_1_44' title="bbox 551 2722 2131 2792">
     <span class='ocr_line' id='line_1_44' title="bbox 551 2722 2131 2792; baseline 0.003 -18"><span class='ocrx_word' id='word_1_324' title='bbox 551 2722 929 2776; x_wconf 86' lang='lat' dir='ltr'><strong>auctoritatem</strong></span> <span class='ocrx_word' id='word_1_325' title='bbox 956 2722 1107 2792; x_wconf 78' lang='lat' dir='ltr'><strong>&quot;justo</strong></span> <span class='ocrx_word' id='word_1_326' title='bbox 1150 2722 1409 2788; x_wconf 90' lang='lat' dir='ltr'><strong>Domino,</strong></span> <span class='ocrx_word' id='word_1_327' title='bbox 1455 2731 1511 2778; x_wconf 91' lang='lat' dir='ltr'><strong>et</strong></span> <span class='ocrx_word' id='word_1_328' title='bbox 1559 2738 1667 2777; x_wconf 87' lang='lat' dir='ltr'><strong>non</strong></span> <span class='ocrx_word' id='word_1_329' title='bbox 1707 2723 1887 2792; x_wconf 90' lang='lat' dir='ltr'><strong>potius</strong></span> <span class='ocrx_word' id='word_1_330' title='bbox 1932 2722 2131 2779; x_wconf 80' lang='lat' dir='ltr'><strong>referat</strong></span> 
     </span>
    </p>
   </div>
   <div class='ocr_carea' id='block_1_45' title="bbox 551 2811 2131 2883">
    <p class='ocr_par' dir='ltr' id='par_1_45' title="bbox 551 2811 2131 2883">
     <span class='ocr_line' id='line_1_45' title="bbox 551 2811 2131 2883; baseline 0.003 -18"><span class='ocrx_word' id='word_1_331' title='bbox 551 2811 753 2882; x_wconf 74' lang='lat' dir='ltr'><strong>iniusto</strong></span> <span class='ocrx_word' id='word_1_332' title='bbox 795 2826 978 2877; x_wconf 87' lang='lat' dir='ltr'><strong>servo,</strong></span> <span class='ocrx_word' id='word_1_333' title='bbox 1021 2813 1457 2883; x_wconf 87' lang='lat' dir='ltr'><strong>quandoquidem</strong></span> <span class='ocrx_word' id='word_1_334' title='bbox 1508 2815 1652 2869; x_wconf 86' lang='lat' dir='ltr'><strong>intra</strong></span> <span class='ocrx_word' id='word_1_335' title='bbox 1682 2815 1917 2882; x_wconf 88' lang='lat' dir='ltr'><strong>seipsmn</strong></span> <span class='ocrx_word' id='word_1_336' title='bbox 1946 2814 2131 2870; x_wconf 82' lang='lat' dir='ltr'><strong>inobe-</strong></span> 
     </span>
    </p>
   </div>
   <div class='ocr_carea' id='block_1_46' title="bbox 551 2901 2129 2972">
    <p class='ocr_par' dir='ltr' id='par_1_46' title="bbox 551 2901 2129 2972">
     <span class='ocr_line' id='line_1_46' title="bbox 551 2901 2129 2972; baseline 0.002 -18"><span class='ocrx_word' id='word_1_337' title='bbox 551 2901 790 2955; x_wconf 89' lang='lat' dir='ltr'><strong>dientiae</strong></span> <span class='ocrx_word' id='word_1_338' title='bbox 819 2915 949 2958; x_wconf 88' lang='lat' dir='ltr'><strong>suae</strong></span> <span class='ocrx_word' id='word_1_339' title='bbox 979 2901 1188 2957; x_wconf 78' lang='lat' dir='ltr'><strong>facibus</strong></span> <span class='ocrx_word' id='word_1_340' title='bbox 1235 2904 1540 2958; x_wconf 90' lang='lat' dir='ltr'><strong>incenditur</strong></span> <span class='ocrx_word' id='word_1_341' title='bbox 1562 2943 1577 2966; x_wconf 89' lang='lat'><strong>,</strong></span> <span class='ocrx_word' id='word_1_342' title='bbox 1614 2903 1931 2972; x_wconf 83' lang='lat' dir='ltr'><strong>priusquam</strong></span> <span class='ocrx_word' id='word_1_343' title='bbox 1962 2918 1992 2957; x_wconf 88' lang='lat' dir='ltr'><strong>a</strong></span> <span class='ocrx_word' id='word_1_344' title='bbox 2023 2902 2129 2957; x_wconf 83' lang='lat' dir='ltr'><strong>De-</strong></span> 
     </span>
    </p>
   </div>
   <div class='ocr_carea' id='block_1_47' title="bbox 552 2990 2127 3059">
    <p class='ocr_par' dir='ltr' id='par_1_47' title="bbox 552 2990 2127 3059">
     <span class='ocr_line' id='line_1_47' title="bbox 552 2990 2127 3059; baseline 0.001 -15"><span class='ocrx_word' id='word_1_345' title='bbox 552 2990 701 3044; x_wconf 87' lang='lat' dir='ltr'><strong>mino</strong></span> <span class='ocrx_word' id='word_1_346' title='bbox 737 2992 1078 3046; x_wconf 81' lang='lat' dir='ltr'><strong>extrinsecus</strong></span> <span class='ocrx_word' id='word_1_347' title='bbox 1116 2991 1185 3045; x_wconf 87' lang='lat' dir='ltr'><strong>ad</strong></span> <span class='ocrx_word' id='word_1_348' title='bbox 1237 2991 1510 3046; x_wconf 92' lang='lat' dir='ltr'><strong>cumulum</strong></span> <span class='ocrx_word' id='word_1_349' title='bbox 1554 3005 1760 3059; x_wconf 86' lang='lat' dir='ltr'><strong>poenae</strong></span> <span class='ocrx_word' id='word_1_350' title='bbox 1803 3001 2127 3046; x_wconf 87' lang='lat' dir='ltr'><strong>tormentum</strong></span> 
     </span>
    </p>
   </div>
   <div class='ocr_carea' id='block_1_48' title="bbox 547 3052 2198 3152">
    <p class='ocr_par' dir='ltr' id='par_1_48' title="bbox 547 3052 2198 3152">
     <span class='ocr_line' id='line_1_48' title="bbox 547 3052 2198 3152; baseline -0.001 -16"><span class='ocrx_word' id='word_1_351' title='bbox 547 3081 766 3152; x_wconf 75' lang='lat' dir='ltr'><strong>aliquod</strong></span> <span class='ocrx_word' id='word_1_352' title='bbox 814 3083 1060 3137; x_wconf 88' lang='lat' dir='ltr'><strong>addatur.</strong></span> <span class='ocrx_word' id='word_1_353' title='bbox 1098 3082 1176 3135; x_wconf 88' lang='lat' dir='ltr'><strong>Eo</strong></span> <span class='ocrx_word' id='word_1_354' title='bbox 1206 3082 1368 3151; x_wconf 89' lang='lat' dir='ltr'><strong>igitur</strong></span> <span class='ocrx_word' id='word_1_355' title='bbox 1402 3052 1651 3151; x_wconf 73' lang='lat' dir='ltr'><strong>loquendi</strong></span> <span class='ocrx_word' id='word_1_356' title='bbox 1684 3085 1842 3139; x_wconf 91' lang='lat' dir='ltr'><strong>modo</strong></span> <span class='ocrx_word' id='word_1_357' title='bbox 1883 3082 2025 3137; x_wconf 91' lang='lat' dir='ltr'><strong>Deus</strong></span> <span class='ocrx_word' id='word_1_358' title='bbox 2045 3083 2126 3135; x_wconf 89' lang='lat' dir='ltr'><strong>di-</strong></span> <span class='ocrx_word' id='word_1_359' title='bbox 2155 3052 2198 3113; x_wconf 55' lang='grc' dir='ltr'><strong>(δ</strong></span> 
     </span>
    </p>
   </div>
   <div class='ocr_carea' id='block_1_49' title="bbox 549 3172 2123 3243">
    <p class='ocr_par' dir='ltr' id='par_1_49' title="bbox 549 3172 2123 3243">
     <span class='ocr_line' id='line_1_49' title="bbox 549 3172 2123 3243; baseline -0.001 -14"><span class='ocrx_word' id='word_1_360' title='bbox 549 3174 693 3229; x_wconf 90' lang='lat' dir='ltr'><strong>citur</strong></span> <span class='ocrx_word' id='word_1_361' title='bbox 727 3173 924 3243; x_wconf 89' lang='lat' dir='ltr'><strong>impios</strong></span> <span class='ocrx_word' id='word_1_362' title='bbox 946 3173 1014 3226; x_wconf 89' lang='lat' dir='ltr'><strong>ad</strong></span> <span class='ocrx_word' id='word_1_363' title='bbox 1039 3172 1316 3226; x_wconf 89' lang='lat' dir='ltr'><strong>interitum</strong></span> <span class='ocrx_word' id='word_1_364' title='bbox 1346 3174 1800 3240; x_wconf 88' lang='lat' dir='ltr'><strong>praedestinasse,</strong></span> <span class='ocrx_word' id='word_1_365' title='bbox 1826 3188 1936 3241; x_wconf 90' lang='lat' dir='ltr'><strong>quo</strong></span> <span class='ocrx_word' id='word_1_366' title='bbox 1972 3174 2123 3228; x_wconf 82' lang='lat' dir='ltr'><strong>dice-</strong></span> 
     </span>
    </p>
   </div>
   <div class='ocr_carea' id='block_1_50' title="bbox 549 3263 2128 3332">
    <p class='ocr_par' dir='ltr' id='par_1_50' title="bbox 549 3263 2128 3332">
     <span class='ocr_line' id='line_1_50' title="bbox 549 3263 2128 3332; baseline -0.001 -14"><span class='ocrx_word' id='word_1_367' title='bbox 549 3271 703 3318; x_wconf 85' lang='lat' dir='ltr'><strong>retur</strong></span> <span class='ocrx_word' id='word_1_368' title='bbox 727 3278 914 3318; x_wconf 87' lang='lat' dir='ltr'><strong>eorum</strong></span> <span class='ocrx_word' id='word_1_369' title='bbox 943 3263 1297 3332; x_wconf 88' lang='lat' dir='ltr'><strong>impietatem,</strong></span> <span class='ocrx_word' id='word_1_370' title='bbox 1323 3277 1429 3330; x_wconf 89' lang='lat' dir='ltr'><strong>qua</strong></span> <span class='ocrx_word' id='word_1_371' title='bbox 1454 3263 1744 3327; x_wconf 89' lang='lat' dir='ltr'><strong>intereunt,</strong></span> <span class='ocrx_word' id='word_1_372' title='bbox 1775 3263 1985 3332; x_wconf 88' lang='lat' dir='ltr'><strong>legibus</strong></span> <span class='ocrx_word' id='word_1_373' title='bbox 2015 3264 2128 3317; x_wconf 88' lang='lat' dir='ltr'><strong>suis</strong></span> 
     </span>
    </p>
   </div>
   <div class='ocr_carea' id='block_1_51' title="bbox 550 3352 2127 3423">
    <p class='ocr_par' dir='ltr' id='par_1_51' title="bbox 550 3352 2127 3423">
     <span class='ocr_line' id='line_1_51' title="bbox 550 3352 2127 3423; baseline -0.001 -14"><span class='ocrx_word' id='word_1_374' title='bbox 550 3353 1066 3423; x_wconf 82' lang='lat' dir='ltr'><strong>circumscripsisse,</strong></span> <span class='ocrx_word' id='word_1_375' title='bbox 1095 3353 1462 3423; x_wconf 85' lang='lat' dir='ltr'><strong>impetumque</strong></span> <span class='ocrx_word' id='word_1_376' title='bbox 1484 3352 1800 3406; x_wconf 87' lang='lat' dir='ltr'><strong>libidinosae</strong></span> <span class='ocrx_word' id='word_1_377' title='bbox 1824 3368 2011 3406; x_wconf 85' lang='lat' dir='ltr'><strong>eorum</strong></span> <span class='ocrx_word' id='word_1_378' title='bbox 2039 3370 2127 3407; x_wconf 85' lang='lat' dir='ltr'><strong>su-</strong></span> 
     </span>
    </p>
   </div>
   <div class='ocr_carea' id='block_1_52' title="bbox 547 3439 2127 3509">
    <p class='ocr_par' dir='ltr' id='par_1_52' title="bbox 547 3439 2127 3509">
     <span class='ocr_line' id='line_1_52' title="bbox 547 3439 2127 3509; baseline 0.003 -16"><span class='ocrx_word' id='word_1_379' title='bbox 547 3441 772 3508; x_wconf 87' lang='lat' dir='ltr'><strong>perbiae</strong></span> <span class='ocrx_word' id='word_1_380' title='bbox 806 3439 1107 3507; x_wconf 77' lang='lat' dir='ltr'><strong>iustissimo</strong></span> <span class='ocrx_word' id='word_1_381' title='bbox 1142 3440 1225 3494; x_wconf 91' lang='lat' dir='ltr'><strong>sui</strong></span> <span class='ocrx_word' id='word_1_382' title='bbox 1283 3440 1670 3494; x_wconf 89' lang='lat' dir='ltr'><strong>moderaminis</strong></span> <span class='ocrx_word' id='word_1_383' title='bbox 1704 3449 2127 3509; x_wconf 87' lang='lat' dir='ltr'><strong>temperamento</strong></span> 
     </span>
    </p>
   </div>
   <div class='ocr_carea' id='block_1_53' title="bbox 555 3529 2124 3599">
    <p class='ocr_par' dir='ltr' id='par_1_53' title="bbox 555 3529 2124 3599">
     <span class='ocr_line' id='line_1_53' title="bbox 555 3529 2124 3599; baseline 0.001 -14"><span class='ocrx_word' id='word_1_384' title='bbox 555 3532 875 3593; x_wconf 72' lang='lat' dir='ltr'><strong>refrenas-e,</strong></span> <span class='ocrx_word' id='word_1_385' title='bbox 909 3540 967 3584; x_wconf 90' lang='lat' dir='ltr'><strong>ut</strong></span> <span class='ocrx_word' id='word_1_386' title='bbox 991 3546 1130 3585; x_wconf 85' lang='lat' dir='ltr'><strong>mtro</strong></span> <span class='ocrx_word' id='word_1_387' title='bbox 1157 3539 1319 3599; x_wconf 90' lang='lat' dir='ltr'><strong>atque</strong></span> <span class='ocrx_word' id='word_1_388' title='bbox 1347 3529 1599 3584; x_wconf 70' lang='lat' dir='ltr'><strong>ineffabili</strong></span> <span class='ocrx_word' id='word_1_389' title='bbox 1627 3531 1785 3585; x_wconf 89' lang='lat' dir='ltr'><strong>modo</strong></span> <span class='ocrx_word' id='word_1_390' title='bbox 1820 3532 2124 3587; x_wconf 86' lang='lat' dir='ltr'><strong>divinarum</strong></span> 
     </span>
    </p>
   </div>
   <div class='ocr_carea' id='block_1_54' title="bbox 554 3620 2127 3690">
    <p class='ocr_par' dir='ltr' id='par_1_54' title="bbox 554 3620 2127 3690">
     <span class='ocr_line' id='line_1_54' title="bbox 554 3620 2127 3690; baseline 0 -14"><span class='ocrx_word' id='word_1_391' title='bbox 554 3622 730 3690; x_wconf 87' lang='lat' dir='ltr'><strong>legum</strong></span> <span class='ocrx_word' id='word_1_392' title='bbox 777 3620 1137 3690; x_wconf 89' lang='lat' dir='ltr'><strong>pulcherrima</strong></span> <span class='ocrx_word' id='word_1_393' title='bbox 1187 3620 1483 3674; x_wconf 76' lang='lat' dir='ltr'><strong>moderatio</strong></span> <span class='ocrx_word' id='word_1_394' title='bbox 1518 3635 1705 3674; x_wconf 92' lang='lat' dir='ltr'><strong>eorum</strong></span> <span class='ocrx_word' id='word_1_395' title='bbox 1745 3621 2017 3689; x_wconf 90' lang='lat' dir='ltr'><strong>nequitiae</strong></span> <span class='ocrx_word' id='word_1_396' title='bbox 2044 3636 2127 3676; x_wconf 83' lang='lat' dir='ltr'><strong>es-</strong></span> 
     </span>
    </p>
   </div>
   <div class='ocr_carea' id='block_1_55' title="bbox 553 3711 2127 3780">
    <p class='ocr_par' dir='ltr' id='par_1_55' title="bbox 553 3711 2127 3780">
     <span class='ocr_line' id='line_1_55' title="bbox 553 3711 2127 3780; baseline -0.001 -13"><span class='ocrx_word' id='word_1_397' title='bbox 553 3722 637 3767; x_wconf 82' lang='lat' dir='ltr'><strong>set</strong></span> <span class='ocrx_word' id='word_1_398' title='bbox 665 3712 956 3765; x_wconf 87' lang='lat' dir='ltr'><strong>deterrima</strong></span> <span class='ocrx_word' id='word_1_399' title='bbox 998 3712 1294 3766; x_wconf 86' lang='lat' dir='ltr'><strong>damnatio.</strong></span> <span class='ocrx_word' id='word_1_400' title='bbox 1331 3711 1444 3767; x_wconf 88' lang='lat' dir='ltr'><strong>Una</strong></span> <span class='ocrx_word' id='word_1_401' title='bbox 1473 3712 1773 3779; x_wconf 87' lang='lat' dir='ltr'><strong>eademque</strong></span> <span class='ocrx_word' id='word_1_402' title='bbox 1803 3712 1888 3766; x_wconf 79' lang='lat' dir='ltr'><strong>lex</strong></span> <span class='ocrx_word' id='word_1_403' title='bbox 1913 3713 2127 3780; x_wconf 88' lang='lat' dir='ltr'><strong>aequis-</strong></span> 
     </span>
    </p>
   </div>
   <div class='ocr_carea' id='block_1_56' title="bbox 551 3798 2125 3868">
    <p class='ocr_par' dir='ltr' id='par_1_56' title="bbox 551 3798 2125 3868">
     <span class='ocr_line' id='line_1_56' title="bbox 551 3798 2125 3868; baseline -0.002 -13"><span class='ocrx_word' id='word_1_404' title='bbox 551 3802 690 3855; x_wconf 85' lang='lat' dir='ltr'><strong>simo</strong></span> <span class='ocrx_word' id='word_1_405' title='bbox 719 3798 1103 3868; x_wconf 89' lang='lat' dir='ltr'><strong>rempublicam</strong></span> <span class='ocrx_word' id='word_1_406' title='bbox 1148 3799 1340 3854; x_wconf 88' lang='lat' dir='ltr'><strong>ordine</strong></span> <span class='ocrx_word' id='word_1_407' title='bbox 1376 3798 1690 3868; x_wconf 89' lang='lat' dir='ltr'><strong>disponens,</strong></span> <span class='ocrx_word' id='word_1_408' title='bbox 1720 3801 1861 3855; x_wconf 91' lang='lat' dir='ltr'><strong>sicut</strong></span> <span class='ocrx_word' id='word_1_409' title='bbox 1880 3800 2015 3855; x_wconf 89' lang='lat' dir='ltr'><strong>bene</strong></span> <span class='ocrx_word' id='word_1_410' title='bbox 2042 3800 2125 3853; x_wconf 89' lang='lat' dir='ltr'><strong>vi-</strong></span> 
     </span>
    </p>
   </div>
   <div class='ocr_carea' id='block_1_57' title="bbox 547 3888 2123 3952">
    <p class='ocr_par' dir='ltr' id='par_1_57' title="bbox 547 3888 2123 3952">
     <span class='ocr_line' id='line_1_57' title="bbox 547 3888 2123 3952; baseline -0.001 -8"><span class='ocrx_word' id='word_1_411' title='bbox 547 3905 677 3944; x_wconf 85' lang='lat' dir='ltr'><strong>vere</strong></span> <span class='ocrx_word' id='word_1_412' title='bbox 721 3888 1019 3944; x_wconf 89' lang='lat' dir='ltr'><strong>volentibus</strong></span> <span class='ocrx_word' id='word_1_413' title='bbox 1048 3889 1268 3945; x_wconf 79' lang='lat' dir='ltr'><strong>adhibet</strong></span> <span class='ocrx_word' id='word_1_414' title='bbox 1298 3888 1484 3952; x_wconf 88' lang='lat' dir='ltr'><strong>vitam,</strong></span> <span class='ocrx_word' id='word_1_415' title='bbox 1523 3890 1594 3942; x_wconf 85' lang='lat' dir='ltr'><strong>ita</strong></span> <span class='ocrx_word' id='word_1_416' title='bbox 1639 3890 1780 3943; x_wconf 89' lang='lat' dir='ltr'><strong>male</strong></span> <span class='ocrx_word' id='word_1_417' title='bbox 1820 3890 2003 3943; x_wconf 84' lang='lat' dir='ltr'><strong>vivere</strong></span> <span class='ocrx_word' id='word_1_418' title='bbox 2029 3904 2123 3943; x_wconf 58' lang='lat' dir='ltr'><strong>eu-</strong></span> 
     </span>
    </p>
   </div>
   <div class='ocr_carea' id='block_1_58' title="bbox 549 3978 2124 4051">
    <p class='ocr_par' dir='ltr' id='par_1_58' title="bbox 549 3978 2124 4051">
     <span class='ocr_line' id='line_1_58' title="bbox 549 3978 2124 4051; baseline 0.001 -17"><span class='ocrx_word' id='word_1_419' title='bbox 549 3980 824 4051; x_wconf 86' lang='lat' dir='ltr'><strong>pientibus</strong></span> <span class='ocrx_word' id='word_1_420' title='bbox 851 3979 1149 4034; x_wconf 88' lang='lat' dir='ltr'><strong>interitum.</strong></span> <span class='ocrx_word' id='word_1_421' title='bbox 1172 3979 1316 4033; x_wconf 87' lang='lat' dir='ltr'><strong>lntra</strong></span> <span class='ocrx_word' id='word_1_422' title='bbox 1349 3978 1537 4043; x_wconf 86' lang='lat' dir='ltr'><strong>eadem</strong></span> <span class='ocrx_word' id='word_1_423' title='bbox 1565 3990 1717 4049; x_wconf 86' lang='lat' dir='ltr'><strong>septa</strong></span> <span class='ocrx_word' id='word_1_424' title='bbox 1748 3979 1942 4050; x_wconf 84' lang='lat' dir='ltr'><strong>regalis</strong></span> <span class='ocrx_word' id='word_1_425' title='bbox 1968 3980 2124 4035; x_wconf 89' lang='lat' dir='ltr'><strong>aulae</strong></span> 
     </span>
    </p>
   </div>
   <div class='ocr_carea' id='block_1_59' title="bbox 550 4070 2124 4140">
    <p class='ocr_par' dir='ltr' id='par_1_59' title="bbox 550 4070 2124 4140">
     <span class='ocr_line' id='line_1_59' title="bbox 550 4070 2124 4140; baseline 0 -15"><span class='ocrx_word' id='word_1_426' title='bbox 550 4073 869 4128; x_wconf 72' lang='lat' dir='ltr'><strong>febricitans</strong></span> <span class='ocrx_word' id='word_1_427' title='bbox 901 4087 997 4133; x_wconf 89' lang='lat' dir='ltr'><strong>sua</strong></span> <span class='ocrx_word' id='word_1_428' title='bbox 1050 4072 1269 4126; x_wconf 87' lang='lat' dir='ltr'><strong>miseria</strong></span> <span class='ocrx_word' id='word_1_429' title='bbox 1310 4079 1611 4140; x_wconf 90' lang='lat' dir='ltr'><strong>torquetur,</strong></span> <span class='ocrx_word' id='word_1_430' title='bbox 1642 4071 1874 4126; x_wconf 90' lang='lat' dir='ltr'><strong>sanitate</strong></span> <span class='ocrx_word' id='word_1_431' title='bbox 1917 4070 2124 4139; x_wconf 88' lang='lat' dir='ltr'><strong>pollens</strong></span> 
     </span>
    </p>
   </div>
   <div class='ocr_carea' id='block_1_60' title="bbox 547 4159 2122 4229">
    <p class='ocr_par' dir='ltr' id='par_1_60' title="bbox 547 4159 2122 4229">
     <span class='ocr_line' id='line_1_60' title="bbox 547 4159 2122 4229; baseline 0.001 -15"><span class='ocrx_word' id='word_1_432' title='bbox 547 4162 803 4215; x_wconf 84' lang='lat' dir='ltr'><strong>laetatur.</strong></span> <span class='ocrx_word' id='word_1_433' title='bbox 836 4162 1074 4215; x_wconf 86' lang='lat' dir='ltr'><strong>Duorum</strong></span> <span class='ocrx_word' id='word_1_434' title='bbox 1116 4163 1283 4215; x_wconf 89' lang='lat' dir='ltr'><strong>solem</strong></span> <span class='ocrx_word' id='word_1_435' title='bbox 1332 4159 1493 4215; x_wconf 87' lang='lat' dir='ltr'><strong>simul</strong></span> <span class='ocrx_word' id='word_1_436' title='bbox 1523 4159 1935 4229; x_wconf 87' lang='lat' dir='ltr'><strong>adspicientium</strong></span> <span class='ocrx_word' id='word_1_437' title='bbox 1983 4175 2122 4216; x_wconf 88' lang='lat' dir='ltr'><strong>unus</strong></span> 
     </span>
    </p>
   </div>
   <div class='ocr_carea' id='block_1_61' title="bbox 548 4250 2118 4317">
    <p class='ocr_par' dir='ltr' id='par_1_61' title="bbox 548 4250 2118 4317">
     <span class='ocr_line' id='line_1_61' title="bbox 548 4250 2118 4317; baseline 0.001 -13"><span class='ocrx_word' id='word_1_438' title='bbox 548 4252 799 4306; x_wconf 83' lang='lat' dir='ltr'><strong>ordinato</strong></span> <span class='ocrx_word' id='word_1_439' title='bbox 829 4250 945 4305; x_wconf 89' lang='lat' dir='ltr'><strong>visu</strong></span> <span class='ocrx_word' id='word_1_440' title='bbox 975 4251 1328 4317; x_wconf 89' lang='lat' dir='ltr'><strong>illuminatur,</strong></span> <span class='ocrx_word' id='word_1_441' title='bbox 1357 4250 1494 4305; x_wconf 88' lang='lat' dir='ltr'><strong>alter</strong></span> <span class='ocrx_word' id='word_1_442' title='bbox 1541 4252 1844 4307; x_wconf 89' lang='lat' dir='ltr'><strong>inordinato</strong></span> <span class='ocrx_word' id='word_1_443' title='bbox 1880 4253 2118 4306; x_wconf 88' lang='lat' dir='ltr'><strong>tenebris</strong></span> 
     </span>
    </p>
   </div>
   <div class='ocr_carea' id='block_1_62' title="bbox 2240 1823 3806 1903">
    <p class='ocr_par' dir='ltr' id='par_1_62' title="bbox 2240 1823 3806 1903">
     <span class='ocr_line' id='line_1_62' title="bbox 2240 1823 3806 1903; baseline 0.008 -26"><span class='ocrx_word' id='word_1_444' title='bbox 2240 1823 2363 1878; x_wconf 89' lang='lat' dir='ltr'><strong>liter</strong></span> <span class='ocrx_word' id='word_1_445' title='bbox 2393 1826 2820 1896; x_wconf 87' lang='lat' dir='ltr'><strong>intelligendum,</strong></span> <span class='ocrx_word' id='word_1_446' title='bbox 2845 1832 2987 1897; x_wconf 85' lang='lat' dir='ltr'><strong>quod</strong></span> <span class='ocrx_word' id='word_1_447' title='bbox 3011 1832 3434 1899; x_wconf 73' lang='lat' dir='ltr'><strong>praedestinatio</strong></span> <span class='ocrx_word' id='word_1_448' title='bbox 3466 1834 3577 1903; x_wconf 87' lang='lat' dir='ltr'><strong>ipsa</strong></span> <span class='ocrx_word' id='word_1_449' title='bbox 3603 1835 3674 1888; x_wconf 89' lang='lat' dir='ltr'><strong>sit</strong></span> <span class='ocrx_word' id='word_1_450' title='bbox 3700 1836 3806 1900; x_wconf 56' lang='lat' dir='ltr'><strong>le»,</strong></span> 
     </span>
    </p>
   </div>
   <div class='ocr_carea' id='block_1_63' title="bbox 2237 1916 3808 1992">
    <p class='ocr_par' dir='ltr' id='par_1_63' title="bbox 2237 1916 3808 1992">
     <span class='ocr_line' id='line_1_63' title="bbox 2237 1916 3808 1992; baseline 0.006 -22"><span class='ocrx_word' id='word_1_451' title='bbox 2237 1923 2290 1970; x_wconf 90' lang='lat' dir='ltr'><strong>et</strong></span> <span class='ocrx_word' id='word_1_452' title='bbox 2321 1916 2402 1969; x_wconf 80' lang='lat' dir='ltr'><strong>lex</strong></span> <span class='ocrx_word' id='word_1_453' title='bbox 2429 1918 2540 1986; x_wconf 86' lang='lat' dir='ltr'><strong>ipsa</strong></span> <span class='ocrx_word' id='word_1_454' title='bbox 2573 1919 2645 1971; x_wconf 86' lang='lat' dir='ltr'><strong>sit</strong></span> <span class='ocrx_word' id='word_1_455' title='bbox 2672 1919 3110 1985; x_wconf 87' lang='lat' dir='ltr'><strong>praedestinatio.</strong></span> <span class='ocrx_word' id='word_1_456' title='bbox 3156 1920 3213 1974; x_wconf 90' lang='lat' dir='ltr'><strong>Si</strong></span> <span class='ocrx_word' id='word_1_457' title='bbox 3241 1922 3384 1975; x_wconf 92' lang='lat' dir='ltr'><strong>enim</strong></span> <span class='ocrx_word' id='word_1_458' title='bbox 3430 1923 3608 1978; x_wconf 86' lang='lat' dir='ltr'><strong>cumis</strong></span> <span class='ocrx_word' id='word_1_459' title='bbox 3647 1938 3808 1992; x_wconf 38' lang='lat' dir='ltr'><strong>prae.-</strong></span> 
     </span>
    </p>
   </div>
   <div class='ocr_carea' id='block_1_64' title="bbox 2236 2005 3811 2081">
    <p class='ocr_par' dir='ltr' id='par_1_64' title="bbox 2236 2005 3811 2081">
     <span class='ocr_line' id='line_1_64' title="bbox 2236 2005 3811 2081; baseline 0.004 -22"><span class='ocrx_word' id='word_1_460' title='bbox 2236 2005 2525 2081; x_wconf 84' lang='lat' dir='ltr'><strong>destinatio</strong></span> <span class='ocrx_word' id='word_1_461' title='bbox 2552 2007 2795 2062; x_wconf 81' lang='lat' dir='ltr'><strong>deﬁnitio</strong></span> <span class='ocrx_word' id='word_1_462' title='bbox 2821 2018 2925 2071; x_wconf 83' lang='lat' dir='ltr'><strong>est,</strong></span> <span class='ocrx_word' id='word_1_463' title='bbox 2953 2019 3007 2061; x_wconf 90' lang='lat' dir='ltr'><strong>et</strong></span> <span class='ocrx_word' id='word_1_464' title='bbox 3035 2010 3211 2065; x_wconf 89' lang='lat' dir='ltr'><strong>omnis</strong></span> <span class='ocrx_word' id='word_1_465' title='bbox 3235 2010 3317 2062; x_wconf 85' lang='lat' dir='ltr'><strong>lex</strong></span> <span class='ocrx_word' id='word_1_466' title='bbox 3350 2010 3610 2074; x_wconf 79' lang='lat' dir='ltr'><strong>deﬁnitio,</strong></span> <span class='ocrx_word' id='word_1_467' title='bbox 3634 2014 3811 2065; x_wconf 87' lang='lat' dir='ltr'><strong>omnis</strong></span> 
     </span>
    </p>
   </div>
   <div class='ocr_carea' id='block_1_65' title="bbox 2237 2096 3810 2167">
    <p class='ocr_par' dir='ltr' id='par_1_65' title="bbox 2237 2096 3810 2167">
     <span class='ocr_line' id='line_1_65' title="bbox 2237 2096 3810 2167; baseline 0.004 -19"><span class='ocrx_word' id='word_1_468' title='bbox 2237 2096 2401 2164; x_wconf 89' lang='lat' dir='ltr'><strong>igitur</strong></span> <span class='ocrx_word' id='word_1_469' title='bbox 2430 2096 2849 2163; x_wconf 73' lang='lat' dir='ltr'><strong>praedeszinatio</strong></span> <span class='ocrx_word' id='word_1_470' title='bbox 2874 2096 2954 2149; x_wconf 79' lang='lat' dir='ltr'><strong>lex</strong></span> <span class='ocrx_word' id='word_1_471' title='bbox 2985 2105 3085 2156; x_wconf 88' lang='lat' dir='ltr'><strong>est,</strong></span> <span class='ocrx_word' id='word_1_472' title='bbox 3120 2105 3176 2150; x_wconf 91' lang='lat' dir='ltr'><strong>ct</strong></span> <span class='ocrx_word' id='word_1_473' title='bbox 3203 2099 3379 2151; x_wconf 87' lang='lat' dir='ltr'><strong>omnis</strong></span> <span class='ocrx_word' id='word_1_474' title='bbox 3403 2099 3483 2150; x_wconf 78' lang='lat' dir='ltr'><strong>lex</strong></span> <span class='ocrx_word' id='word_1_475' title='bbox 3514 2101 3810 2167; x_wconf 74' lang='lat' dir='ltr'><strong>praedesti-</strong></span> 
     </span>
    </p>
   </div>
   <div class='ocr_carea' id='block_1_66' title="bbox 2234 2185 3810 2255">
    <p class='ocr_par' dir='ltr' id='par_1_66' title="bbox 2234 2185 3810 2255">
     <span class='ocr_line' id='line_1_66' title="bbox 2234 2185 3810 2255; baseline 0.002 -15"><span class='ocrx_word' id='word_1_476' title='bbox 2234 2187 2397 2240; x_wconf 88' lang='lat' dir='ltr'><strong>natio.</strong></span> <span class='ocrx_word' id='word_1_477' title='bbox 2419 2185 2605 2239; x_wconf 72' lang='lat' dir='ltr'><strong>Divina</strong></span> <span class='ocrx_word' id='word_1_478' title='bbox 2624 2187 2801 2253; x_wconf 85' lang='lat' dir='ltr'><strong>itaque</strong></span> <span class='ocrx_word' id='word_1_479' title='bbox 2816 2188 3234 2255; x_wconf 85' lang='lat' dir='ltr'><strong>pracdestinatio</strong></span> <span class='ocrx_word' id='word_1_480' title='bbox 3247 2199 3330 2242; x_wconf 87' lang='lat' dir='ltr'><strong>est</strong></span> <span class='ocrx_word' id='word_1_481' title='bbox 3347 2189 3431 2242; x_wconf 79' lang='lat' dir='ltr'><strong>lex</strong></span> <span class='ocrx_word' id='word_1_482' title='bbox 3453 2191 3695 2247; x_wconf 24' lang='lat' dir='ltr'><strong>omnium,</strong></span> <span class='ocrx_word' id='word_1_483' title='bbox 3714 2207 3810 2243; x_wconf 87' lang='lat' dir='ltr'><strong>na-</strong></span> 
     </span>
    </p>
   </div>
   <div class='ocr_carea' id='block_1_67' title="bbox 2234 2277 3810 2349">
    <p class='ocr_par' dir='ltr' id='par_1_67' title="bbox 2234 2277 3810 2349">
     <span class='ocr_line' id='line_1_67' title="bbox 2234 2277 3810 2349; baseline 0.003 -18"><span class='ocrx_word' id='word_1_484' title='bbox 2234 2285 2480 2331; x_wconf 91' lang='lat' dir='ltr'><strong>turarum</strong></span> <span class='ocrx_word' id='word_1_485' title='bbox 2501 2289 2740 2342; x_wconf 86' lang='lat' dir='ltr'><strong>acterna,</strong></span> <span class='ocrx_word' id='word_1_486' title='bbox 2759 2288 2814 2331; x_wconf 92' lang='lat' dir='ltr'><strong>et</strong></span> <span class='ocrx_word' id='word_1_487' title='bbox 2833 2277 3283 2339; x_wconf 86' lang='lat' dir='ltr'><strong>incommutabilis</strong></span> <span class='ocrx_word' id='word_1_488' title='bbox 3304 2281 3606 2349; x_wconf 86' lang='lat' dir='ltr'><strong>disciplina,</strong></span> <span class='ocrx_word' id='word_1_489' title='bbox 3624 2282 3810 2336; x_wconf 88' lang='lat' dir='ltr'><strong>ruinas</strong></span> 
     </span>
    </p>
   </div>
   <div class='ocr_carea' id='block_1_68' title="bbox 2232 2368 3807 2441">
    <p class='ocr_par' dir='ltr' id='par_1_68' title="bbox 2232 2368 3807 2441">
     <span class='ocr_line' id='line_1_68' title="bbox 2232 2368 3807 2441; baseline 0.003 -20"><span class='ocrx_word' id='word_1_490' title='bbox 2232 2368 2506 2421; x_wconf 85' lang='lat' dir='ltr'><strong>mutabilis</strong></span> <span class='ocrx_word' id='word_1_491' title='bbox 2544 2377 2824 2421; x_wconf 84' lang='lat' dir='ltr'><strong>creaturae</strong></span> <span class='ocrx_word' id='word_1_492' title='bbox 2859 2368 2914 2420; x_wconf 88' lang='lat' dir='ltr'><strong>in</strong></span> <span class='ocrx_word' id='word_1_493' title='bbox 2958 2368 3064 2432; x_wconf 91' lang='lat' dir='ltr'><strong>his,</strong></span> <span class='ocrx_word' id='word_1_494' title='bbox 3095 2383 3231 2436; x_wconf 88' lang='lat' dir='ltr'><strong>quos</strong></span> <span class='ocrx_word' id='word_1_495' title='bbox 3271 2370 3443 2439; x_wconf 87' lang='lat' dir='ltr'><strong>gratia</strong></span> <span class='ocrx_word' id='word_1_496' title='bbox 3490 2386 3585 2435; x_wconf 82' lang='lat' dir='ltr'><strong>sua</strong></span> <span class='ocrx_word' id='word_1_497' title='bbox 3627 2372 3807 2441; x_wconf 86' lang='lat' dir='ltr'><strong>elegit,</strong></span> 
     </span>
    </p>
   </div>
   <div class='ocr_carea' id='block_1_69' title="bbox 2234 2459 3811 2533">
    <p class='ocr_par' dir='ltr' id='par_1_69' title="bbox 2234 2459 3811 2533">
     <span class='ocr_line' id='line_1_69' title="bbox 2234 2459 3811 2533; baseline 0.005 -21"><span class='ocrx_word' id='word_1_498' title='bbox 2234 2459 2655 2514; x_wconf 80' lang='lat' dir='ltr'><strong>misericorditer</strong></span> <span class='ocrx_word' id='word_1_499' title='bbox 2690 2474 2980 2525; x_wconf 88' lang='lat' dir='ltr'><strong>renovans,</strong></span> <span class='ocrx_word' id='word_1_500' title='bbox 3014 2462 3066 2514; x_wconf 91' lang='lat' dir='ltr'><strong>in</strong></span> <span class='ocrx_word' id='word_1_501' title='bbox 3096 2462 3180 2515; x_wconf 88' lang='lat' dir='ltr'><strong>his</strong></span> <span class='ocrx_word' id='word_1_502' title='bbox 3213 2477 3365 2527; x_wconf 87' lang='lat' dir='ltr'><strong>vero,</strong></span> <span class='ocrx_word' id='word_1_503' title='bbox 3397 2478 3532 2533; x_wconf 90' lang='lat' dir='ltr'><strong>quos</strong></span> <span class='ocrx_word' id='word_1_504' title='bbox 3555 2463 3701 2531; x_wconf 87' lang='lat' dir='ltr'><strong>juste</strong></span> <span class='ocrx_word' id='word_1_505' title='bbox 3728 2480 3811 2520; x_wconf 83' lang='lat' dir='ltr'><strong>re-</strong></span> 
     </span>
    </p>
   </div>
   <div class='ocr_carea' id='block_1_70' title="bbox 2232 2548 3808 2622">
    <p class='ocr_par' dir='ltr' id='par_1_70' title="bbox 2232 2548 3808 2622">
     <span class='ocr_line' id='line_1_70' title="bbox 2232 2548 3808 2622; baseline 0.005 -23"><span class='ocrx_word' id='word_1_506' title='bbox 2232 2548 2384 2617; x_wconf 90' lang='lat' dir='ltr'><strong>pulit,</strong></span> <span class='ocrx_word' id='word_1_507' title='bbox 2403 2556 2647 2617; x_wconf 87' lang='lat' dir='ltr'><strong>potentcr</strong></span> <span class='ocrx_word' id='word_1_508' title='bbox 2668 2548 2946 2613; x_wconf 85' lang='lat' dir='ltr'><strong>ordinans,</strong></span> <span class='ocrx_word' id='word_1_509' title='bbox 2964 2550 3037 2603; x_wconf 91' lang='lat' dir='ltr'><strong>ita</strong></span> <span class='ocrx_word' id='word_1_510' title='bbox 3061 2559 3118 2603; x_wconf 91' lang='lat' dir='ltr'><strong>ut</strong></span> <span class='ocrx_word' id='word_1_511' title='bbox 3134 2551 3249 2621; x_wconf 82' lang='lat' dir='ltr'><strong>ipsa</strong></span> <span class='ocrx_word' id='word_1_512' title='bbox 3270 2553 3572 2622; x_wconf 89' lang='lat' dir='ltr'><strong>disciplina,</strong></span> <span class='ocrx_word' id='word_1_513' title='bbox 3591 2554 3714 2607; x_wconf 91' lang='lat' dir='ltr'><strong>dum</strong></span> <span class='ocrx_word' id='word_1_514' title='bbox 3738 2554 3808 2607; x_wconf 88' lang='lat' dir='ltr'><strong>sit</strong></span> 
     </span>
    </p>
   </div>
   <div class='ocr_carea' id='block_1_71' title="bbox 2230 2632 3808 2716">
    <p class='ocr_par' dir='ltr' id='par_1_71' title="bbox 2230 2632 3808 2716">
     <span class='ocr_line' id='line_1_71' title="bbox 2230 2632 3808 2716; baseline 0.005 -23"><span class='ocrx_word' id='word_1_515' title='bbox 2230 2641 2421 2694; x_wconf 89' lang='lat' dir='ltr'><strong>cadem</strong></span> <span class='ocrx_word' id='word_1_516' title='bbox 2455 2632 2507 2692; x_wconf 86' lang='lat' dir='ltr'><strong>in</strong></span> <span class='ocrx_word' id='word_1_517' title='bbox 2535 2654 2596 2695; x_wconf 91' lang='lat' dir='ltr'><strong>se</strong></span> <span class='ocrx_word' id='word_1_518' title='bbox 2619 2655 2833 2710; x_wconf 75' lang='lat' dir='ltr'><strong>seraper</strong></span> <span class='ocrx_word' id='word_1_519' title='bbox 2870 2642 3169 2710; x_wconf 89' lang='lat' dir='ltr'><strong>aequaliter</strong></span> <span class='ocrx_word' id='word_1_520' title='bbox 3188 2660 3431 2709; x_wconf 87' lang='lat' dir='ltr'><strong>manens,</strong></span> <span class='ocrx_word' id='word_1_521' title='bbox 3465 2646 3808 2716; x_wconf 83' lang='lat' dir='ltr'><strong>diligentibus</strong></span> 
     </span>
    </p>
   </div>
   <div class='ocr_carea' id='block_1_72' title="bbox 2231 2729 3805 2804">
    <p class='ocr_par' dir='ltr' id='par_1_72' title="bbox 2231 2729 3805 2804">
     <span class='ocr_line' id='line_1_72' title="bbox 2231 2729 3805 2804; baseline 0.002 -21"><span class='ocrx_word' id='word_1_522' title='bbox 2231 2744 2349 2783; x_wconf 91' lang='lat' dir='ltr'><strong>eam</strong></span> <span class='ocrx_word' id='word_1_523' title='bbox 2382 2729 2452 2782; x_wconf 92' lang='lat' dir='ltr'><strong>sit</strong></span> <span class='ocrx_word' id='word_1_524' title='bbox 2477 2730 2826 2784; x_wconf 88' lang='lat' dir='ltr'><strong>beatitudinis</strong></span> <span class='ocrx_word' id='word_1_525' title='bbox 2866 2730 3056 2800; x_wconf 85' lang='lat' dir='ltr'><strong>gloria,</strong></span> <span class='ocrx_word' id='word_1_526' title='bbox 3096 2732 3402 2788; x_wconf 89' lang='lat' dir='ltr'><strong>odientibus</strong></span> <span class='ocrx_word' id='word_1_527' title='bbox 3426 2747 3544 2787; x_wconf 91' lang='lat' dir='ltr'><strong>eam</strong></span> <span class='ocrx_word' id='word_1_528' title='bbox 3573 2736 3644 2788; x_wconf 87' lang='lat' dir='ltr'><strong>sit</strong></span> <span class='ocrx_word' id='word_1_529' title='bbox 3674 2751 3805 2804; x_wconf 81' lang='lat' dir='ltr'><strong>snp-</strong></span> 
     </span>
    </p>
   </div>
   <div class='ocr_carea' id='block_1_73' title="bbox 2230 2821 3808 2893">
    <p class='ocr_par' dir='ltr' id='par_1_73' title="bbox 2230 2821 3808 2893">
     <span class='ocr_line' id='line_1_73' title="bbox 2230 2821 3808 2893; baseline 0.004 -19"><span class='ocrx_word' id='word_1_530' title='bbox 2230 2821 2507 2889; x_wconf 84' lang='lat' dir='ltr'><strong>pliciorum</strong></span> <span class='ocrx_word' id='word_1_531' title='bbox 2554 2822 2895 2878; x_wconf 87' lang='lat' dir='ltr'><strong>contumelia.</strong></span> <span class='ocrx_word' id='word_1_532' title='bbox 2929 2822 3056 2876; x_wconf 91' lang='lat' dir='ltr'><strong>dum</strong></span> <span class='ocrx_word' id='word_1_533' title='bbox 3094 2823 3430 2893; x_wconf 89' lang='lat' dir='ltr'><strong>diligentium</strong></span> <span class='ocrx_word' id='word_1_534' title='bbox 3476 2825 3608 2880; x_wconf 89' lang='lat' dir='ltr'><strong>nihil</strong></span> <span class='ocrx_word' id='word_1_535' title='bbox 3661 2825 3808 2880; x_wconf 79' lang='lat' dir='ltr'><strong>aliud</strong></span> 
     </span>
    </p>
   </div>
   <div class='ocr_carea' id='block_1_74' title="bbox 2226 2910 3809 2982">
    <p class='ocr_par' dir='ltr' id='par_1_74' title="bbox 2226 2910 3809 2982">
     <span class='ocr_line' id='line_1_74' title="bbox 2226 2910 3809 2982; baseline 0.001 -17"><span class='ocrx_word' id='word_1_536' title='bbox 2226 2913 2299 2972; x_wconf 84' lang='lat' dir='ltr'><strong>sit</strong></span> <span class='ocrx_word' id='word_1_537' title='bbox 2344 2910 2649 2975; x_wconf 87' lang='lat' dir='ltr'><strong>beatitudo,</strong></span> <span class='ocrx_word' id='word_1_538' title='bbox 2697 2912 2804 2966; x_wconf 88' lang='lat' dir='ltr'><strong>nisi</strong></span> <span class='ocrx_word' id='word_1_539' title='bbox 2839 2912 3091 2982; x_wconf 89' lang='lat' dir='ltr'><strong>gaudium</strong></span> <span class='ocrx_word' id='word_1_540' title='bbox 3132 2913 3198 2967; x_wconf 90' lang='lat' dir='ltr'><strong>de</strong></span> <span class='ocrx_word' id='word_1_541' title='bbox 3221 2912 3480 2976; x_wconf 89' lang='lat' dir='ltr'><strong>veritate,</strong></span> <span class='ocrx_word' id='word_1_542' title='bbox 3511 2914 3809 2968; x_wconf 88' lang='lat' dir='ltr'><strong>odientium</strong></span> 
     </span>
    </p>
   </div>
   <div class='ocr_carea' id='block_1_75' title="bbox 2232 2999 3805 3069">
    <p class='ocr_par' dir='ltr' id='par_1_75' title="bbox 2232 2999 3805 3069">
     <span class='ocr_line' id='line_1_75' title="bbox 2232 2999 3805 3069; baseline 0 -17"><span class='ocrx_word' id='word_1_543' title='bbox 2232 2999 2376 3053; x_wconf 88' lang='lat' dir='ltr'><strong>nulla</strong></span> <span class='ocrx_word' id='word_1_544' title='bbox 2421 3000 2491 3054; x_wconf 90' lang='lat' dir='ltr'><strong>sit</strong></span> <span class='ocrx_word' id='word_1_545' title='bbox 2526 2999 2764 3059; x_wconf 87' lang='lat' dir='ltr'><strong>miseria,</strong></span> <span class='ocrx_word' id='word_1_546' title='bbox 2810 3001 2910 3054; x_wconf 84' lang='lat' dir='ltr'><strong>nisi</strong></span> <span class='ocrx_word' id='word_1_547' title='bbox 2938 3000 3089 3054; x_wconf 88' lang='lat' dir='ltr'><strong>dolor</strong></span> <span class='ocrx_word' id='word_1_548' title='bbox 3128 3000 3194 3054; x_wconf 84' lang='lat' dir='ltr'><strong>de</strong></span> <span class='ocrx_word' id='word_1_549' title='bbox 3240 3000 3487 3055; x_wconf 87' lang='lat' dir='ltr'><strong>veritatis</strong></span> <span class='ocrx_word' id='word_1_550' title='bbox 3516 3003 3805 3069; x_wconf 77' lang='lat' dir='ltr'><strong>aequitate.</strong></span> 
     </span>
    </p>
   </div>
   <div class='ocr_carea' id='block_1_76' title="bbox 2228 3086 3811 3156">
    <p class='ocr_par' dir='ltr' id='par_1_76' title="bbox 2228 3086 3811 3156">
     <span class='ocr_line' id='line_1_76' title="bbox 2228 3086 3811 3156; baseline 0.002 -15"><span class='ocrx_word' id='word_1_551' title='bbox 2228 3086 2353 3142; x_wconf 90' lang='lat' dir='ltr'><strong>lllos</strong></span> <span class='ocrx_word' id='word_1_552' title='bbox 2382 3102 2475 3141; x_wconf 89' lang='lat' dir='ltr'><strong>sua</strong></span> <span class='ocrx_word' id='word_1_553' title='bbox 2526 3088 2723 3140; x_wconf 89' lang='lat' dir='ltr'><strong>invidia</strong></span> <span class='ocrx_word' id='word_1_554' title='bbox 2772 3095 2990 3156; x_wconf 85' lang='lat' dir='ltr'><strong>torquet</strong></span> <span class='ocrx_word' id='word_1_555' title='bbox 3035 3088 3251 3151; x_wconf 85' lang='lat' dir='ltr'><strong>invitos,</strong></span> <span class='ocrx_word' id='word_1_556' title='bbox 3303 3087 3435 3141; x_wconf 86' lang='lat' dir='ltr'><strong>istos</strong></span> <span class='ocrx_word' id='word_1_557' title='bbox 3480 3102 3575 3141; x_wconf 90' lang='lat' dir='ltr'><strong>sua</strong></span> <span class='ocrx_word' id='word_1_558' title='bbox 3611 3091 3811 3144; x_wconf 78' lang='lat' dir='ltr'><strong>caritas</strong></span> 
     </span>
    </p>
   </div>
   <div class='ocr_carea' id='block_1_77' title="bbox 2230 3179 2839 3253">
    <p class='ocr_par' dir='ltr' id='par_1_77' title="bbox 2230 3179 2839 3253">
     <span class='ocr_line' id='line_1_77' title="bbox 2230 3179 2839 3253; baseline 0.002 -21"><span class='ocrx_word' id='word_1_559' title='bbox 2230 3188 2454 3253; x_wconf 89' lang='lat' dir='ltr'><strong>coronat</strong></span> <span class='ocrx_word' id='word_1_560' title='bbox 2487 3179 2776 3235; x_wconf 89' lang='lat' dir='ltr'><strong>benevolos</strong></span> <span class='ocrx_word' id='word_1_561' title='bbox 2800 3179 2839 3233; x_wconf 86' lang='lat'><strong>&#39;.</strong></span> 
     </span>
    </p>
   </div>
   <div class='ocr_carea' id='block_1_78' title="bbox 2727 3286 3303 3342">
    <p class='ocr_par' dir='ltr' id='par_1_78' title="bbox 2727 3286 3303 3342">
     <span class='ocr_line' id='line_1_78' title="bbox 2727 3286 3303 3342; baseline -0.003 0"><span class='ocrx_word' id='word_1_562' title='bbox 2727 3286 3123 3342; x_wconf 79' lang='lat' dir='ltr'><strong>CAPITULUM</strong></span> <span class='ocrx_word' id='word_1_563' title='bbox 3163 3286 3303 3340; x_wconf 79' lang='lat' dir='ltr'><strong>XIX.</strong></span> 
     </span>
    </p>
   </div>
   <div class='ocr_carea' id='block_1_79' title="bbox 2785 3378 3243 3447">
    <p class='ocr_par' dir='ltr' id='par_1_79' title="bbox 2785 3378 3243 3447">
     <span class='ocr_line' id='line_1_79' title="bbox 2785 3378 3243 3447; baseline -0.004 -17"><span class='ocrx_word' id='word_1_564' title='bbox 2785 3378 2863 3430; x_wconf 83' lang='lat' dir='ltr'><strong>De</strong></span> <span class='ocrx_word' id='word_1_565' title='bbox 2878 3379 2996 3447; x_wconf 81' lang='lat' dir='ltr'><strong>igne</strong></span> <span class='ocrx_word' id='word_1_566' title='bbox 3011 3386 3243 3430; x_wconf 82' lang='lat' dir='ltr'><strong>aeterno.</strong></span> 
     </span>
    </p>
   </div>
   <div class='ocr_carea' id='block_1_80' title="bbox 2292 3465 3804 3536">
    <p class='ocr_par' dir='ltr' id='par_1_80' title="bbox 2292 3465 3804 3536">
     <span class='ocr_line' id='line_1_80' title="bbox 2292 3465 3804 3536; baseline -0.002 -15"><span class='ocrx_word' id='word_1_567' title='bbox 2292 3466 2334 3521; x_wconf 90' lang='grc' dir='ltr'><strong>ι.</strong></span> <span class='ocrx_word' id='word_1_568' title='bbox 2378 3467 2451 3520; x_wconf 83' lang='lat' dir='ltr'><strong>De</strong></span> <span class='ocrx_word' id='word_1_569' title='bbox 2480 3475 2700 3520; x_wconf 79' lang='lat' dir='ltr'><strong>aeterno</strong></span> <span class='ocrx_word' id='word_1_570' title='bbox 2720 3481 2848 3520; x_wconf 91' lang='lat' dir='ltr'><strong>vero</strong></span> <span class='ocrx_word' id='word_1_571' title='bbox 2872 3467 3016 3536; x_wconf 85' lang='lat' dir='ltr'><strong>igne,</strong></span> <span class='ocrx_word' id='word_1_572' title='bbox 3042 3468 3110 3520; x_wconf 89' lang='lat' dir='ltr'><strong>de</strong></span> <span class='ocrx_word' id='word_1_573' title='bbox 3131 3482 3238 3534; x_wconf 89' lang='lat' dir='ltr'><strong>quo</strong></span> <span class='ocrx_word' id='word_1_574' title='bbox 3270 3465 3522 3520; x_wconf 89' lang='lat' dir='ltr'><strong>Dominus</strong></span> <span class='ocrx_word' id='word_1_575' title='bbox 3548 3465 3601 3519; x_wconf 92' lang='lat' dir='ltr'><strong>in</strong></span> <span class='ocrx_word' id='word_1_576' title='bbox 3624 3465 3804 3518; x_wconf 84' lang='lat' dir='ltr'><strong>Evan-</strong></span> 
     </span>
    </p>
   </div>
   <div class='ocr_carea' id='block_1_81' title="bbox 2226 3556 3804 3628">
    <p class='ocr_par' dir='ltr' id='par_1_81' title="bbox 2226 3556 3804 3628">
     <span class='ocr_line' id='line_1_81' title="bbox 2226 3556 3804 3628; baseline -0.001 -17"><span class='ocrx_word' id='word_1_577' title='bbox 2226 3558 2365 3628; x_wconf 89' lang='lat' dir='ltr'><strong>gelio</strong></span> <span class='ocrx_word' id='word_1_578' title='bbox 2386 3558 2462 3611; x_wconf 86' lang='lat' dir='ltr'><strong>ait</strong></span> <span class='ocrx_word' id='word_1_579' title='bbox 2486 3580 2497 3610; x_wconf 87' lang='lat'><strong>:</strong></span> <span class='ocrx_word' id='word_1_580' title='bbox 2525 3557 2625 3620; x_wconf 80' lang='lat' dir='ltr'><strong>Ite,</strong></span> <span class='ocrx_word' id='word_1_581' title='bbox 2645 3557 2928 3621; x_wconf 80' lang='lat' dir='ltr'><strong>maledicti,</strong></span> <span class='ocrx_word' id='word_1_582' title='bbox 2954 3558 3008 3610; x_wconf 88' lang='lat' dir='ltr'><strong>in</strong></span> <span class='ocrx_word' id='word_1_583' title='bbox 3030 3558 3199 3626; x_wconf 82' lang='lat' dir='ltr'><strong>ignem</strong></span> <span class='ocrx_word' id='word_1_584' title='bbox 3225 3564 3511 3619; x_wconf 82' lang='lat' dir='ltr'><strong>aeternum,</strong></span> <span class='ocrx_word' id='word_1_585' title='bbox 3534 3556 3625 3626; x_wconf 85' lang='lat' dir='ltr'><strong>qui</strong></span> <span class='ocrx_word' id='word_1_586' title='bbox 3651 3572 3804 3624; x_wconf 85' lang='lat' dir='ltr'><strong>prae-</strong></span> 
     </span>
    </p>
   </div>
   <div class='ocr_carea' id='block_1_82' title="bbox 2225 3645 3805 3718">
    <p class='ocr_par' dir='ltr' id='par_1_82' title="bbox 2225 3645 3805 3718">
     <span class='ocr_line' id='line_1_82' title="bbox 2225 3645 3805 3718; baseline -0.004 -18"><span class='ocrx_word' id='word_1_587' title='bbox 2225 3661 2441 3718; x_wconf 79' lang='lat' dir='ltr'><strong>paratus</strong></span> <span class='ocrx_word' id='word_1_588' title='bbox 2477 3657 2550 3700; x_wconf 84' lang='lat' dir='ltr'><strong>est</strong></span> <span class='ocrx_word' id='word_1_589' title='bbox 2587 3647 2795 3700; x_wconf 75' lang='lat' dir='ltr'><strong>diabolo</strong></span> <span class='ocrx_word' id='word_1_590' title='bbox 2830 3655 2878 3700; x_wconf 83' lang='lat' dir='ltr'><strong>et</strong></span> <span class='ocrx_word' id='word_1_591' title='bbox 2934 3647 3131 3716; x_wconf 86' lang='lat' dir='ltr'><strong>angelis</strong></span> <span class='ocrx_word' id='word_1_592' title='bbox 3162 3646 3277 3715; x_wconf 86' lang='lat' dir='ltr'><strong>ejus</strong></span> <span class='ocrx_word' id='word_1_593' title='bbox 3311 3658 3359 3711; x_wconf 72' lang='grc' dir='ltr'><strong>ο,</strong></span> <span class='ocrx_word' id='word_1_594' title='bbox 3392 3645 3523 3699; x_wconf 89' lang='lat' dir='ltr'><strong>nulli</strong></span> <span class='ocrx_word' id='word_1_595' title='bbox 3555 3646 3805 3700; x_wconf 64' lang='grc' dir='ltr'><strong>(Ῐιώίιτιηφ</strong></span> 
     </span>
    </p>
   </div>
   <div class='ocr_carea' id='block_1_83' title="bbox 2226 3735 3804 3806">
    <p class='ocr_par' dir='ltr' id='par_1_83' title="bbox 2226 3735 3804 3806">
     <span class='ocr_line' id='line_1_83' title="bbox 2226 3735 3804 3806; baseline -0.004 -11"><span class='ocrx_word' id='word_1_596' title='bbox 2226 3741 2374 3804; x_wconf 84' lang='lat' dir='ltr'><strong>dum,</strong></span> <span class='ocrx_word' id='word_1_597' title='bbox 2402 3752 2721 3806; x_wconf 89' lang='lat' dir='ltr'><strong>corporeum</strong></span> <span class='ocrx_word' id='word_1_598' title='bbox 2765 3752 2905 3800; x_wconf 81' lang='lat' dir='ltr'><strong>esse,</strong></span> <span class='ocrx_word' id='word_1_599' title='bbox 2934 3737 3179 3805; x_wconf 90' lang='lat' dir='ltr'><strong>quamvis</strong></span> <span class='ocrx_word' id='word_1_600' title='bbox 3226 3750 3325 3805; x_wconf 90' lang='lat' dir='ltr'><strong>pro</strong></span> <span class='ocrx_word' id='word_1_601' title='bbox 3363 3735 3657 3791; x_wconf 87' lang='lat' dir='ltr'><strong>subtilitate</strong></span> <span class='ocrx_word' id='word_1_602' title='bbox 3702 3751 3804 3788; x_wconf 84' lang='lat' dir='ltr'><strong>na-</strong></span> 
     </span>
    </p>
   </div>
   <div class='ocr_carea' id='block_1_84' title="bbox 2227 3822 3806 3896">
    <p class='ocr_par' dir='ltr' id='par_1_84' title="bbox 2227 3822 3806 3896">
     <span class='ocr_line' id='line_1_84' title="bbox 2227 3822 3806 3896; baseline -0.003 -14"><span class='ocrx_word' id='word_1_603' title='bbox 2227 3838 2379 3895; x_wconf 72' lang='lat' dir='ltr'><strong>turae</strong></span> <span class='ocrx_word' id='word_1_604' title='bbox 2404 3822 2752 3896; x_wconf 84' lang='lat' dir='ltr'><strong>incorporeus</strong></span> <span class='ocrx_word' id='word_1_605' title='bbox 2777 3841 2897 3881; x_wconf 88' lang='lat' dir='ltr'><strong>esse</strong></span> <span class='ocrx_word' id='word_1_606' title='bbox 2922 3828 3154 3890; x_wconf 88' lang='lat' dir='ltr'><strong>dicatur,</strong></span> <span class='ocrx_word' id='word_1_607' title='bbox 3187 3826 3637 3894; x_wconf 87' lang='lat' dir='ltr'><strong>quemadmodum</strong></span> <span class='ocrx_word' id='word_1_608' title='bbox 3666 3824 3806 3879; x_wconf 86' lang='lat' dir='ltr'><strong>sole-</strong></span> 
     </span>
    </p>
   </div>
   <div class='ocr_carea' id='block_1_85' title="bbox 2226 3917 3801 3985">
    <p class='ocr_par' dir='ltr' id='par_1_85' title="bbox 2226 3917 3801 3985">
     <span class='ocr_line' id='line_1_85' title="bbox 2226 3917 3801 3985; baseline -0.002 -13"><span class='ocrx_word' id='word_1_609' title='bbox 2226 3934 2344 3972; x_wconf 91' lang='lat' dir='ltr'><strong>mus</strong></span> <span class='ocrx_word' id='word_1_610' title='bbox 2374 3919 2552 3972; x_wconf 86' lang='lat' dir='ltr'><strong>dicere</strong></span> <span class='ocrx_word' id='word_1_611' title='bbox 2591 3918 2902 3979; x_wconf 85' lang='lat' dir='ltr'><strong>aethereum</strong></span> <span class='ocrx_word' id='word_1_612' title='bbox 2953 3917 3222 3985; x_wconf 90' lang='lat' dir='ltr'><strong>spiritum,</strong></span> <span class='ocrx_word' id='word_1_613' title='bbox 3271 3931 3394 3970; x_wconf 91' lang='lat' dir='ltr'><strong>cum</strong></span> <span class='ocrx_word' id='word_1_614' title='bbox 3441 3923 3631 3983; x_wconf 84' lang='lat' dir='ltr'><strong>quarta</strong></span> <span class='ocrx_word' id='word_1_615' title='bbox 3676 3929 3801 3982; x_wconf 89' lang='lat' dir='ltr'><strong>pars</strong></span> 
     </span>
    </p>
   </div>
   <div class='ocr_carea' id='block_1_86' title="bbox 2223 4006 3802 4079">
    <p class='ocr_par' dir='ltr' id='par_1_86' title="bbox 2223 4006 3802 4079">
     <span class='ocr_line' id='line_1_86' title="bbox 2223 4006 3802 4079; baseline -0.004 -15"><span class='ocrx_word' id='word_1_616' title='bbox 2223 4009 2599 4079; x_wconf 87' lang='lat' dir='ltr'><strong>sitcorporalis</strong></span> <span class='ocrx_word' id='word_1_617' title='bbox 2621 4016 2920 4063; x_wconf 84' lang='lat' dir='ltr'><strong>creaturae.</strong></span> <span class='ocrx_word' id='word_1_618' title='bbox 2950 4006 3063 4062; x_wconf 73' lang='lat' dir='ltr'><strong>Nec</strong></span> <span class='ocrx_word' id='word_1_619' title='bbox 3089 4007 3243 4061; x_wconf 80' lang='lat' dir='ltr'><strong>facile</strong></span> <span class='ocrx_word' id='word_1_620' title='bbox 3261 4007 3604 4070; x_wconf 87' lang='lat' dir='ltr'><strong>crediderim,</strong></span> <span class='ocrx_word' id='word_1_621' title='bbox 3636 4006 3802 4058; x_wconf 89' lang='lat' dir='ltr'><strong>alium</strong></span> 
     </span>
    </p>
   </div>
   <div class='ocr_carea' id='block_1_87' title="bbox 2224 4096 3807 4169">
    <p class='ocr_par' dir='ltr' id='par_1_87' title="bbox 2224 4096 3807 4169">
     <span class='ocr_line' id='line_1_87' title="bbox 2224 4096 3807 4169; baseline -0.001 -18"><span class='ocrx_word' id='word_1_622' title='bbox 2224 4099 2401 4169; x_wconf 91' lang='lat' dir='ltr'><strong>ignem</strong></span> <span class='ocrx_word' id='word_1_623' title='bbox 2447 4104 2825 4167; x_wconf 88' lang='lat' dir='ltr'><strong>praeparatum</strong></span> <span class='ocrx_word' id='word_1_624' title='bbox 2876 4097 2944 4150; x_wconf 90' lang='lat' dir='ltr'><strong>ad</strong></span> <span class='ocrx_word' id='word_1_625' title='bbox 2986 4096 3312 4164; x_wconf 89' lang='lat' dir='ltr'><strong>puniendum</strong></span> <span class='ocrx_word' id='word_1_626' title='bbox 3359 4096 3630 4151; x_wconf 83' lang='lat' dir='ltr'><strong>diabolum</strong></span> <span class='ocrx_word' id='word_1_627' title='bbox 3676 4111 3807 4151; x_wconf 89' lang='lat' dir='ltr'><strong>cum</strong></span> 
     </span>
    </p>
   </div>
   <div class='ocr_carea' id='block_1_88' title="bbox 2223 4185 3801 4263">
    <p class='ocr_par' dir='ltr' id='par_1_88' title="bbox 2223 4185 3801 4263">
     <span class='ocr_line' id='line_1_88' title="bbox 2223 4185 3801 4263; baseline -0.001 -23"><span class='ocrx_word' id='word_1_628' title='bbox 2223 4187 2473 4241; x_wconf 89' lang='lat' dir='ltr'><strong>omnibus</strong></span> <span class='ocrx_word' id='word_1_629' title='bbox 2501 4189 2615 4240; x_wconf 89' lang='lat' dir='ltr'><strong>suis</strong></span> <span class='ocrx_word' id='word_1_630' title='bbox 2666 4186 2945 4249; x_wconf 89' lang='lat' dir='ltr'><strong>membris,</strong></span> <span class='ocrx_word' id='word_1_631' title='bbox 2986 4194 3202 4254; x_wconf 89' lang='lat' dir='ltr'><strong>praeter</strong></span> <span class='ocrx_word' id='word_1_632' title='bbox 3249 4185 3411 4239; x_wconf 88' lang='lat' dir='ltr'><strong>istum</strong></span> <span class='ocrx_word' id='word_1_633' title='bbox 3457 4186 3668 4263; x_wconf 87' lang='lat' dir='ltr'><strong>ipsum,</strong></span> <span class='ocrx_word' id='word_1_634' title='bbox 3708 4185 3801 4255; x_wconf 90' lang='lat' dir='ltr'><strong>qui</strong></span> 
     </span>
    </p>
   </div>
   <div class='ocr_carea' id='block_1_89' title="bbox 2226 4275 3799 4347">
    <p class='ocr_par' dir='ltr' id='par_1_89' title="bbox 2226 4275 3799 4347">
     <span class='ocr_line' id='line_1_89' title="bbox 2226 4275 3799 4347; baseline -0.004 -13"><span class='ocrx_word' id='word_1_635' title='bbox 2226 4288 2317 4335; x_wconf 84' lang='lat' dir='ltr'><strong>est</strong></span> <span class='ocrx_word' id='word_1_636' title='bbox 2332 4287 2583 4347; x_wconf 90' lang='lat' dir='ltr'><strong>quartum</strong></span> <span class='ocrx_word' id='word_1_637' title='bbox 2624 4277 2804 4331; x_wconf 90' lang='lat' dir='ltr'><strong>mundi</strong></span> <span class='ocrx_word' id='word_1_638' title='bbox 2836 4277 3162 4331; x_wconf 86' lang='lat' dir='ltr'><strong>elementum</strong></span> <span class='ocrx_word' id='word_1_639' title='bbox 3177 4275 3227 4330; x_wconf 74' lang='grc' dir='ltr'><strong>ἀ.</strong></span> <span class='ocrx_word' id='word_1_640' title='bbox 3268 4276 3407 4343; x_wconf 84' lang='lat' dir='ltr'><strong>Quid</strong></span> <span class='ocrx_word' id='word_1_641' title='bbox 3445 4276 3799 4331; x_wconf 86' lang='lat' dir='ltr'><strong>enim?Num-</strong></span> 
     </span>
    </p>
   </div>
   <div class='ocr_carea' id='block_1_90' title="bbox 546 4342 3804 4436">
    <p class='ocr_par' dir='ltr' id='par_1_90' title="bbox 546 4342 3804 4436">
     <span class='ocr_line' id='line_1_90' title="bbox 546 4342 3804 4436; baseline -0 -17"><span class='ocrx_word' id='word_1_642' title='bbox 546 4344 868 4436; x_wconf 54' lang='grc' dir='ltr'><strong>Ιῖθῗθνίίιιπο</strong></span> <span class='ocrx_word' id='word_1_643' title='bbox 917 4342 1070 4398; x_wconf 71' lang='lat' dir='ltr'><strong>unus</strong></span> <span class='ocrx_word' id='word_1_644' title='bbox 1122 4343 1372 4436; x_wconf 47' lang='lat' dir='ltr'><strong>memque.</strong></span> <span class='ocrx_word' id='word_1_645' title='bbox 1423 4342 1578 4436; x_wconf 35' lang='lat' dir='ltr'><strong>cib&#39;fs</strong></span> <span class='ocrx_word' id='word_1_646' title='bbox 1625 4358 1841 4436; x_wconf 40' lang='grc' dir='ltr'><strong>ἔφη-ωδ</strong></span> <span class='ocrx_word' id='word_1_647' title='bbox 1877 4342 2111 4436; x_wconf 56' lang='grc' dir='ltr'><strong>ξηιῖνιηρι</strong></span> <span class='ocrx_word' id='word_1_648' title='bbox 2152 4342 2366 4436; x_wconf 64' lang='grc' dir='ltr'><strong>υιιιιίιί</strong></span> <span class='ocrx_word' id='word_1_649' title='bbox 2391 4367 2606 4432; x_wconf 87' lang='lat' dir='ltr'><strong>mirum,</strong></span> <span class='ocrx_word' id='word_1_650' title='bbox 2655 4366 2701 4419; x_wconf 90' lang='lat' dir='ltr'><strong>si</strong></span> <span class='ocrx_word' id='word_1_651' title='bbox 2754 4365 2841 4419; x_wconf 88' lang='lat' dir='ltr'><strong>illa</strong></span> <span class='ocrx_word' id='word_1_652' title='bbox 2890 4366 3177 4435; x_wconf 88' lang='lat' dir='ltr'><strong>impiorum</strong></span> <span class='ocrx_word' id='word_1_653' title='bbox 3207 4342 3457 4434; x_wconf 84' lang='lat' dir='ltr'><strong>corpora,</strong></span> <span class='ocrx_word' id='word_1_654' title='bbox 3487 4380 3626 4434; x_wconf 90' lang='lat' dir='ltr'><strong>quae</strong></span> <span class='ocrx_word' id='word_1_655' title='bbox 3677 4380 3804 4433; x_wconf 83' lang='lat' dir='ltr'><strong>pro-</strong></span> 
     </span>
    </p>
   </div>
   <div class='ocr_carea' id='block_1_91' title="bbox 518 4428 2119 4501">
    <p class='ocr_par' dir='ltr' id='par_1_91' title="bbox 518 4428 2119 4501">
     <span class='ocr_line' id='line_1_91' title="bbox 518 4428 2119 4501; baseline 0.001 -15"><span class='ocrx_word' id='word_1_656' title='bbox 518 4428 525 4435; x_wconf 83' lang='grc'><strong>’</strong></span> <span class='ocrx_word' id='word_1_657' title='bbox 548 4432 722 4487; x_wconf 90' lang='lat' dir='ltr'><strong>dulcis</strong></span> <span class='ocrx_word' id='word_1_658' title='bbox 747 4446 919 4496; x_wconf 87' lang='lat' dir='ltr'><strong>sano;</strong></span> <span class='ocrx_word' id='word_1_659' title='bbox 952 4433 1380 4501; x_wconf 76' lang='lat' dir='ltr'><strong>unaeademque</strong></span> <span class='ocrx_word' id='word_1_660' title='bbox 1402 4431 1701 4499; x_wconf 86' lang='lat' dir='ltr'><strong>spiritualis</strong></span> <span class='ocrx_word' id='word_1_661' title='bbox 1719 4431 1965 4487; x_wconf 88' lang='lat' dir='ltr'><strong>doctrina</strong></span> <span class='ocrx_word' id='word_1_662' title='bbox 1996 4432 2119 4487; x_wconf 86' lang='lat' dir='ltr'><strong>aliis</strong></span> 
     </span>
    </p>
   </div>
   <div class='ocr_carea' id='block_1_92' title="bbox 550 4521 2048 4585">
    <p class='ocr_par' dir='ltr' id='par_1_92' title="bbox 550 4521 2048 4585">
     <span class='ocr_line' id='line_1_92' title="bbox 550 4521 2048 4585; baseline 0.001 -10"><span class='ocrx_word' id='word_1_663' title='bbox 550 4524 686 4575; x_wconf 86' lang='lat' dir='ltr'><strong>odor</strong></span> <span class='ocrx_word' id='word_1_664' title='bbox 711 4521 857 4573; x_wconf 89' lang='lat' dir='ltr'><strong>vitae</strong></span> <span class='ocrx_word' id='word_1_665' title='bbox 882 4521 936 4573; x_wconf 91' lang='lat' dir='ltr'><strong>in</strong></span> <span class='ocrx_word' id='word_1_666' title='bbox 960 4522 1149 4585; x_wconf 87' lang='lat' dir='ltr'><strong>vitam,</strong></span> <span class='ocrx_word' id='word_1_667' title='bbox 1181 4522 1304 4576; x_wconf 88' lang='lat' dir='ltr'><strong>aliis</strong></span> <span class='ocrx_word' id='word_1_668' title='bbox 1335 4522 1471 4579; x_wconf 88' lang='lat' dir='ltr'><strong>odor</strong></span> <span class='ocrx_word' id='word_1_669' title='bbox 1498 4521 1690 4577; x_wconf 83' lang='lat' dir='ltr'><strong>mortis</strong></span> <span class='ocrx_word' id='word_1_670' title='bbox 1719 4522 1771 4575; x_wconf 88' lang='lat' dir='ltr'><strong>in</strong></span> <span class='ocrx_word' id='word_1_671' title='bbox 1798 4530 2048 4576; x_wconf 90' lang='lat' dir='ltr'><strong>mortem.</strong></span> 
     </span>
    </p>
   </div>
   <div class='ocr_carea' id='block_1_93' title="bbox 618 4630 2122 4704">
    <p class='ocr_par' dir='ltr' id='par_1_93' title="bbox 618 4630 2122 4704">
     <span class='ocr_line' id='line_1_93' title="bbox 618 4630 2122 4704; baseline 0.001 -20"><span class='ocrx_word' id='word_1_672' title='bbox 618 4630 688 4684; x_wconf 77' lang='grc' dir='ltr'><strong>Χ.</strong></span> <span class='ocrx_word' id='word_1_673' title='bbox 715 4631 946 4684; x_wconf 88' lang='lat' dir='ltr'><strong>Proinde</strong></span> <span class='ocrx_word' id='word_1_674' title='bbox 976 4630 1155 4683; x_wconf 89' lang='lat' dir='ltr'><strong>divina</strong></span> <span class='ocrx_word' id='word_1_675' title='bbox 1188 4632 1628 4699; x_wconf 88' lang='lat' dir='ltr'><strong>praedestinatio,</strong></span> <span class='ocrx_word' id='word_1_676' title='bbox 1656 4648 1795 4704; x_wconf 87' lang='lat' dir='ltr'><strong>quae</strong></span> <span class='ocrx_word' id='word_1_677' title='bbox 1819 4632 2122 4703; x_wconf 88' lang='lat' dir='ltr'><strong>proculdu-</strong></span> 
     </span>
    </p>
   </div>
   <div class='ocr_carea' id='block_1_94' title="bbox 550 4716 2123 4796">
    <p class='ocr_par' dir='ltr' id='par_1_94' title="bbox 550 4716 2123 4796">
     <span class='ocr_line' id='line_1_94' title="bbox 550 4716 2123 4796; baseline 0.003 -21"><span class='ocrx_word' id='word_1_678' title='bbox 550 4721 640 4776; x_wconf 86' lang='lat' dir='ltr'><strong>bio</strong></span> <span class='ocrx_word' id='word_1_679' title='bbox 677 4720 810 4775; x_wconf 87' lang='lat' dir='ltr'><strong>nihil</strong></span> <span class='ocrx_word' id='word_1_680' title='bbox 839 4721 983 4774; x_wconf 89' lang='lat' dir='ltr'><strong>aliud</strong></span> <span class='ocrx_word' id='word_1_681' title='bbox 1022 4716 1317 4791; x_wconf 66' lang='lat' dir='ltr'><strong>est,jquam</strong></span> <span class='ocrx_word' id='word_1_682' title='bbox 1367 4724 1547 4779; x_wconf 89' lang='lat' dir='ltr'><strong>divina</strong></span> <span class='ocrx_word' id='word_1_683' title='bbox 1602 4728 1890 4796; x_wconf 86' lang='lat' dir='ltr'><strong>praerisio,</strong></span> <span class='ocrx_word' id='word_1_684' title='bbox 1948 4728 2123 4781; x_wconf 84' lang='lat' dir='ltr'><strong>omnia</strong></span> 
     </span>
    </p>
   </div>
   <div class='ocr_carea' id='block_1_95' title="bbox 2230 4455 3804 4526">
    <p class='ocr_par' dir='ltr' id='par_1_95' title="bbox 2230 4455 3804 4526">
     <span class='ocr_line' id='line_1_95' title="bbox 2230 4455 3804 4526; baseline -0.003 -15"><span class='ocrx_word' id='word_1_685' title='bbox 2230 4456 2368 4513; x_wconf 68' lang='lat' dir='ltr'><strong>recto</strong></span> <span class='ocrx_word' id='word_1_686' title='bbox 2415 4458 2591 4511; x_wconf 90' lang='lat' dir='ltr'><strong>dehis</strong></span> <span class='ocrx_word' id='word_1_687' title='bbox 2618 4465 2874 4526; x_wconf 89' lang='lat' dir='ltr'><strong>quattuor</strong></span> <span class='ocrx_word' id='word_1_688' title='bbox 2921 4456 3293 4525; x_wconf 87' lang='lat' dir='ltr'><strong>corporalibus</strong></span> <span class='ocrx_word' id='word_1_689' title='bbox 3343 4455 3627 4510; x_wconf 89' lang='lat' dir='ltr'><strong>elementis</strong></span> <span class='ocrx_word' id='word_1_690' title='bbox 3676 4464 3804 4510; x_wconf 90' lang='lat' dir='ltr'><strong>sunt</strong></span> 
     </span>
    </p>
   </div>
   <div class='ocr_carea' id='block_1_96' title="bbox 2228 4546 3805 4615">
    <p class='ocr_par' dir='ltr' id='par_1_96' title="bbox 2228 4546 3805 4615">
     <span class='ocr_line' id='line_1_96' title="bbox 2228 4546 3805 4615; baseline -0.001 -16"><span class='ocrx_word' id='word_1_691' title='bbox 2228 4555 2544 4615; x_wconf 87' lang='lat' dir='ltr'><strong>compacta,</strong></span> <span class='ocrx_word' id='word_1_692' title='bbox 2596 4547 2648 4599; x_wconf 92' lang='lat' dir='ltr'><strong>in</strong></span> <span class='ocrx_word' id='word_1_693' title='bbox 2695 4546 2883 4600; x_wconf 88' lang='lat' dir='ltr'><strong>eadem</strong></span> <span class='ocrx_word' id='word_1_694' title='bbox 2921 4546 3233 4600; x_wconf 86' lang='lat' dir='ltr'><strong>resolvenda</strong></span> <span class='ocrx_word' id='word_1_695' title='bbox 3295 4552 3532 4613; x_wconf 85' lang='lat' dir='ltr'><strong>tempore</strong></span> <span class='ocrx_word' id='word_1_696' title='bbox 3583 4556 3805 4611; x_wconf 80' lang='lat' dir='ltr'><strong>quoque</strong></span> 
     </span>
    </p>
   </div>
   <div class='ocr_carea' id='block_1_97' title="bbox 2226 4632 3795 4706">
    <p class='ocr_par' dir='ltr' id='par_1_97' title="bbox 2226 4632 3795 4706">
     <span class='ocr_line' id='line_1_97' title="bbox 2226 4632 3795 4706; baseline -0.001 -18"><span class='ocrx_word' id='word_1_697' title='bbox 2226 4636 2599 4706; x_wconf 82' lang='lat' dir='ltr'><strong>praedeiinito,</strong></span> <span class='ocrx_word' id='word_1_698' title='bbox 2638 4637 2707 4690; x_wconf 89' lang='lat' dir='ltr'><strong>ab</strong></span> <span class='ocrx_word' id='word_1_699' title='bbox 2751 4636 2952 4689; x_wconf 74' lang='lat' dir='ltr'><strong>eisdem</strong></span> <span class='ocrx_word' id='word_1_700' title='bbox 2996 4636 3185 4689; x_wconf 87' lang='lat' dir='ltr'><strong>iterum</strong></span> <span class='ocrx_word' id='word_1_701' title='bbox 3237 4632 3645 4687; x_wconf 89' lang='lat' dir='ltr'><strong>resurrectionis</strong></span> <span class='ocrx_word' id='word_1_702' title='bbox 3676 4646 3795 4686; x_wconf 86' lang='lat' dir='ltr'><strong>mo-</strong></span> 
     </span>
    </p>
   </div>
   <div class='ocr_carea' id='block_1_98' title="bbox 2229 4724 3797 4791">
    <p class='ocr_par' dir='ltr' id='par_1_98' title="bbox 2229 4724 3797 4791">
     <span class='ocr_line' id='line_1_98' title="bbox 2229 4724 3797 4791; baseline -0.003 -12"><span class='ocrx_word' id='word_1_703' title='bbox 2229 4734 2412 4781; x_wconf 92' lang='lat' dir='ltr'><strong>mento</strong></span> <span class='ocrx_word' id='word_1_704' title='bbox 2470 4726 2790 4789; x_wconf 85' lang='lat' dir='ltr'><strong>revocanda,</strong></span> <span class='ocrx_word' id='word_1_705' title='bbox 2845 4726 2896 4777; x_wconf 92' lang='lat' dir='ltr'><strong>in</strong></span> <span class='ocrx_word' id='word_1_706' title='bbox 2947 4724 3036 4778; x_wconf 89' lang='lat' dir='ltr'><strong>illo</strong></span> <span class='ocrx_word' id='word_1_707' title='bbox 3088 4724 3227 4790; x_wconf 79' lang='lat' dir='ltr'><strong>igne,</strong></span> <span class='ocrx_word' id='word_1_708' title='bbox 3280 4737 3384 4791; x_wconf 88' lang='lat' dir='ltr'><strong>quo</strong></span> <span class='ocrx_word' id='word_1_709' title='bbox 3422 4730 3797 4775; x_wconf 87' lang='lat' dir='ltr'><strong>resurrectura</strong></span> 
     </span>
    </p>
   </div>
   <div class='ocr_carea' id='block_1_99' title="bbox 1824 4858 2516 4916">
    <p class='ocr_par' dir='ltr' id='par_1_99' title="bbox 1824 4858 2516 4916">
     <span class='ocr_line' id='line_1_99' title="bbox 1824 4858 2516 4916; baseline 0.006 -6"><span class='ocrx_word' id='word_1_710' title='bbox 1824 4858 2080 4914; x_wconf 74' lang='lat' dir='ltr'><strong>VARIAE</strong></span> <span class='ocrx_word' id='word_1_711' title='bbox 2113 4858 2516 4916; x_wconf 70' lang='lat' dir='ltr'><strong>LECTIONES.</strong></span> 
     </span>
    </p>
   </div>
   <div class='ocr_carea' id='block_1_100' title="bbox 648 4964 1613 5032">
    <p class='ocr_par' dir='ltr' id='par_1_100' title="bbox 648 4964 1613 5032">
     <span class='ocr_line' id='line_1_100' title="bbox 648 4964 1613 5032; baseline -0.006 -7"><span class='ocrx_word' id='word_1_712' title='bbox 648 4971 664 5002; x_wconf 80' lang='grc'>⁸</span> <span class='ocrx_word' id='word_1_713' title='bbox 693 4970 783 5027; x_wconf 87' lang='lat' dir='ltr'><strong>Sic</strong></span> <span class='ocrx_word' id='word_1_714' title='bbox 808 4967 879 5032; x_wconf 78' lang='grc' dir='ltr'><strong>Μ,</strong></span> <span class='ocrx_word' id='word_1_715' title='bbox 904 4967 1024 5022; x_wconf 89' lang='lat' dir='ltr'><strong>cod.</strong></span> <span class='ocrx_word' id='word_1_716' title='bbox 1048 4966 1242 5021; x_wconf 80' lang='lat' dir='ltr'><strong>malum</strong></span> <span class='ocrx_word' id='word_1_717' title='bbox 1283 4964 1613 5021; x_wconf 84' lang='lat' dir='ltr'><strong>roluntatem.</strong></span> 
     </span>
    </p>
   </div>
   <div class='ocr_carea' id='block_1_101' title="bbox 551 5036 1044 5123">
    <p class='ocr_par' dir='ltr' id='par_1_101' title="bbox 551 5036 1044 5123">
     <span class='ocr_line' id='line_1_101' title="bbox 551 5036 1044 5123; baseline -0.014 -27"><span class='ocrx_word' id='word_1_718' title='bbox 551 5041 574 5074; x_wconf 84' lang='lat'><strong>&#39;</strong></span> <span class='ocrx_word' id='word_1_719' title='bbox 600 5040 733 5096; x_wconf 86' lang='lat' dir='ltr'><strong>Cod.</strong></span> <span class='ocrx_word' id='word_1_720' title='bbox 765 5036 1044 5123; x_wconf 63' lang='lat' dir='ltr'><strong>benivoios.</strong></span> 
     </span>
    </p>
   </div>
   <div class='ocr_carea' id='block_1_102' title="bbox 622 5198 2130 5268">
    <p class='ocr_par' dir='ltr' id='par_1_102' title="bbox 622 5198 2130 5268">
     <span class='ocr_line' id='line_1_102' title="bbox 622 5198 2130 5268; baseline -0.003 -12"><span class='ocrx_word' id='word_1_721' title='bbox 622 5215 649 5242; x_wconf 72' lang='grc' dir='ltr'><strong>α</strong></span> <span class='ocrx_word' id='word_1_722' title='bbox 678 5198 998 5256; x_wconf 79' lang='lat' dir='ltr'><strong>Prudentius</strong></span> <span class='ocrx_word' id='word_1_723' title='bbox 1024 5198 1296 5262; x_wconf 84' lang='lat' dir='ltr'><strong>observat,</strong></span> <span class='ocrx_word' id='word_1_724' title='bbox 1320 5207 1617 5268; x_wconf 67' lang='lat' dir='ltr'><strong>utrumque,</strong></span> <span class='ocrx_word' id='word_1_725' title='bbox 1639 5206 1685 5251; x_wconf 87' lang='lat' dir='ltr'><strong>et</strong></span> <span class='ocrx_word' id='word_1_726' title='bbox 1715 5206 1957 5251; x_wconf 83' lang='lat' dir='ltr'><strong>naturam</strong></span> <span class='ocrx_word' id='word_1_727' title='bbox 1984 5199 2130 5252; x_wconf 74' lang='lat' dir='ltr'><strong>scili-</strong></span> 
     </span>
    </p>
   </div>
   <div class='ocr_carea' id='block_1_103' title="bbox 550 5266 2131 5337">
    <p class='ocr_par' dir='ltr' id='par_1_103' title="bbox 550 5266 2131 5337">
     <span class='ocr_line' id='line_1_103' title="bbox 550 5266 2131 5337; baseline -0.001 -14"><span class='ocrx_word' id='word_1_728' title='bbox 550 5279 651 5333; x_wconf 79' lang='lat' dir='ltr'><strong>cet,</strong></span> <span class='ocrx_word' id='word_1_729' title='bbox 681 5280 728 5323; x_wconf 88' lang='lat' dir='ltr'><strong>et</strong></span> <span class='ocrx_word' id='word_1_730' title='bbox 763 5269 1081 5323; x_wconf 80' lang='lat' dir='ltr'><strong>uoluntatem</strong></span> <span class='ocrx_word' id='word_1_731' title='bbox 1109 5268 1385 5335; x_wconf 86' lang='lat' dir='ltr'><strong>impiorum</strong></span> <span class='ocrx_word' id='word_1_732' title='bbox 1417 5266 1524 5321; x_wconf 81' lang='lat' dir='ltr'><strong>Deo</strong></span> <span class='ocrx_word' id='word_1_733' title='bbox 1552 5269 1711 5323; x_wconf 78' lang='lat' dir='ltr'><strong>invite</strong></span> <span class='ocrx_word' id='word_1_734' title='bbox 1735 5269 1944 5337; x_wconf 75' lang='lat' dir='ltr'><strong>servire,</strong></span> <span class='ocrx_word' id='word_1_735' title='bbox 1959 5269 2131 5337; x_wconf 82' lang='lat' dir='ltr'><strong>juste-</strong></span> 
     </span>
    </p>
   </div>
   <div class='ocr_carea' id='block_1_104' title="bbox 548 5336 2127 5408">
    <p class='ocr_par' dir='ltr' id='par_1_104' title="bbox 548 5336 2127 5408">
     <span class='ocr_line' id='line_1_104' title="bbox 548 5336 2127 5408; baseline 0.001 -18"><span class='ocrx_word' id='word_1_736' title='bbox 548 5353 650 5408; x_wconf 80' lang='lat' dir='ltr'><strong>que</strong></span> <span class='ocrx_word' id='word_1_737' title='bbox 673 5338 874 5408; x_wconf 84' lang='lat' dir='ltr'><strong>puniri,</strong></span> <span class='ocrx_word' id='word_1_738' title='bbox 903 5353 1007 5408; x_wconf 81' lang='lat' dir='ltr'><strong>non</strong></span> <span class='ocrx_word' id='word_1_739' title='bbox 1028 5354 1060 5390; x_wconf 80' lang='grc' dir='ltr'><em>α</em></span> <span class='ocrx_word' id='word_1_740' title='bbox 1081 5352 1136 5390; x_wconf 81' lang='lat' dir='ltr'><strong>se</strong></span> <span class='ocrx_word' id='word_1_741' title='bbox 1155 5336 1281 5406; x_wconf 80' lang='lat' dir='ltr'><strong>ipsis</strong></span> <span class='ocrx_word' id='word_1_742' title='bbox 1298 5350 1400 5389; x_wconf 82' lang='lat' dir='ltr'><strong>sua</strong></span> <span class='ocrx_word' id='word_1_743' title='bbox 1423 5353 1610 5406; x_wconf 83' lang='lat' dir='ltr'><strong>poena,</strong></span> <span class='ocrx_word' id='word_1_744' title='bbox 1632 5337 1722 5391; x_wconf 84' lang='lat' dir='ltr'><strong>sed</strong></span> <span class='ocrx_word' id='word_1_745' title='bbox 1746 5337 1811 5390; x_wconf 85' lang='lat' dir='ltr'><strong>ab</strong></span> <span class='ocrx_word' id='word_1_746' title='bbox 1839 5336 2127 5406; x_wconf 38' lang='lat' dir='ltr'><strong>illo,&#39;cujus</strong></span> 
     </span>
    </p>
   </div>
   <div class='ocr_carea' id='block_1_105' title="bbox 554 5405 2074 5473">
    <p class='ocr_par' dir='ltr' id='par_1_105' title="bbox 554 5405 2074 5473">
     <span class='ocr_line' id='line_1_105' title="bbox 554 5405 2074 5473; baseline 0.001 -17"><span class='ocrx_word' id='word_1_747' title='bbox 554 5405 631 5473; x_wconf 62' lang='lat' dir='ltr'><strong>est</strong></span> <span class='ocrx_word' id='word_1_748' title='bbox 658 5405 883 5473; x_wconf 71' lang='lat' dir='ltr'><strong>potestas</strong></span> <span class='ocrx_word' id='word_1_749' title='bbox 898 5405 1069 5473; x_wconf 80' lang='lat' dir='ltr'><strong>justa.</strong></span> <span class='ocrx_word' id='word_1_750' title='bbox 1108 5472 1119 5473; x_wconf 20' lang='grc' dir='ltr'><em>γ</em></span> <span class='ocrx_word' id='word_1_751' title='bbox 1177 5405 1181 5406; x_wconf 28' lang='grc' dir='ltr'>ί</span> <span class='ocrx_word' id='word_1_752' title='bbox 1425 5405 1431 5406; x_wconf 28' lang='grc' dir='ltr'>ί</span> <span class='ocrx_word' id='word_1_753' title='bbox 2037 5405 2074 5414; x_wconf 56' lang='grc'><em>“</em></span> 
     </span>
    </p>
   </div>
   <div class='ocr_carea' id='block_1_106' title="bbox 624 5472 2128 5544">
    <p class='ocr_par' dir='ltr' id='par_1_106' title="bbox 624 5472 2128 5544">
     <span class='ocr_line' id='line_1_106' title="bbox 624 5472 2128 5544; baseline 0 -18"><span class='ocrx_word' id='word_1_754' title='bbox 624 5472 664 5511; x_wconf 57' lang='lat'><strong>5</strong></span> <span class='ocrx_word' id='word_1_755' title='bbox 697 5472 1017 5544; x_wconf 82' lang='lat' dir='ltr'><strong>Prudentius</strong></span> <span class='ocrx_word' id='word_1_756' title='bbox 1049 5491 1061 5526; x_wconf 96' lang='lat'>:</span> <span class='ocrx_word' id='word_1_757' title='bbox 1096 5472 1163 5526; x_wconf 84' lang='lat' dir='ltr'><strong>Id</strong></span> <span class='ocrx_word' id='word_1_758' title='bbox 1191 5473 1382 5544; x_wconf 82' lang='lat' dir='ltr'><strong>Patres</strong></span> <span class='ocrx_word' id='word_1_759' title='bbox 1423 5491 1688 5544; x_wconf 84' lang='lat' dir='ltr'><strong>nunquam</strong></span> <span class='ocrx_word' id='word_1_760' title='bbox 1726 5476 1821 5530; x_wconf 85' lang='lat' dir='ltr'><strong>tali</strong></span> <span class='ocrx_word' id='word_1_761' title='bbox 1872 5474 2128 5544; x_wconf 79' lang='lat' dir='ltr'><strong>loculione</strong></span> 
     </span>
    </p>
   </div>
   <div class='ocr_carea' id='block_1_107' title="bbox 553 5540 2126 5615">
    <p class='ocr_par' dir='ltr' id='par_1_107' title="bbox 553 5540 2126 5615">
     <span class='ocr_line' id='line_1_107' title="bbox 553 5540 2126 5615; baseline 0.004 -26"><span class='ocrx_word' id='word_1_762' title='bbox 553 5540 748 5593; x_wconf 76' lang='lat' dir='ltr'><strong>dictum</strong></span> <span class='ocrx_word' id='word_1_763' title='bbox 778 5543 1014 5608; x_wconf 78' lang='lat' dir='ltr'><strong>sensisse,</strong></span> <span class='ocrx_word' id='word_1_764' title='bbox 1038 5544 1161 5611; x_wconf 83' lang='lat' dir='ltr'><strong>quin</strong></span> <span class='ocrx_word' id='word_1_765' title='bbox 1182 5543 1283 5596; x_wconf 86' lang='lat' dir='ltr'><strong>into</strong></span> <span class='ocrx_word' id='word_1_766' title='bbox 1305 5545 1427 5599; x_wconf 79' lang='lat' dir='ltr'><strong>istos</strong></span> <span class='ocrx_word' id='word_1_767' title='bbox 1440 5554 1485 5598; x_wconf 86' lang='lat' dir='ltr'><strong>et</strong></span> <span class='ocrx_word' id='word_1_768' title='bbox 1510 5540 1822 5615; x_wconf 73' lang='lat' dir='ltr'><strong>praeparare</strong></span> <span class='ocrx_word' id='word_1_769' title='bbox 1839 5563 1891 5601; x_wconf 84' lang='lat' dir='ltr'><strong>se</strong></span> <span class='ocrx_word' id='word_1_770' title='bbox 1908 5548 2042 5612; x_wconf 81' lang='lat' dir='ltr'><strong>ipsos</strong></span> <span class='ocrx_word' id='word_1_771' title='bbox 2059 5543 2126 5596; x_wconf 85' lang='lat' dir='ltr'><strong>ad</strong></span> 
     </span>
    </p>
   </div>
   <div class='ocr_carea' id='block_1_108' title="bbox 1727 4966 2325 5031">
    <p class='ocr_par' dir='ltr' id='par_1_108' title="bbox 1727 4966 2325 5031">
     <span class='ocr_line' id='line_1_108' title="bbox 1727 4966 2325 5031; baseline 0.002 -10"><span class='ocrx_word' id='word_1_772' title='bbox 1727 4968 1747 4998; x_wconf 87' lang='grc'><strong><em>²</em></strong></span> <span class='ocrx_word' id='word_1_773' title='bbox 1774 4966 1864 5023; x_wconf 90' lang='lat' dir='ltr'><strong>Sic</strong></span> <span class='ocrx_word' id='word_1_774' title='bbox 1890 4970 2034 5031; x_wconf 87' lang='lat' dir='ltr'><strong>cod.,</strong></span> <span class='ocrx_word' id='word_1_775' title='bbox 2056 4969 2104 5023; x_wconf 83' lang='lat' dir='ltr'><strong>M</strong></span> <span class='ocrx_word' id='word_1_776' title='bbox 2152 4971 2325 5024; x_wconf 77' lang='lat' dir='ltr'><strong>invite.</strong></span> 
     </span>
    </p>
   </div>
   <div class='ocr_carea' id='block_1_109' title="bbox 2056 5107 2307 5163">
    <p class='ocr_par' dir='ltr' id='par_1_109' title="bbox 2056 5107 2307 5163">
     <span class='ocr_line' id='line_1_109' title="bbox 2056 5107 2307 5163; baseline -0.004 0"><span class='ocrx_word' id='word_1_777' title='bbox 2056 5107 2307 5163; x_wconf 79' lang='lat' dir='ltr'><strong>NOTAE.</strong></span> 
     </span>
    </p>
   </div>
   <div class='ocr_carea' id='block_1_110' title="bbox 2433 4965 3773 5033">
    <p class='ocr_par' dir='ltr' id='par_1_110' title="bbox 2433 4965 3773 5033">
     <span class='ocr_line' id='line_1_110' title="bbox 2433 4965 3773 5033; baseline -0.004 -8"><span class='ocrx_word' id='word_1_778' title='bbox 2433 4970 2558 5025; x_wconf 75' lang='lat' dir='ltr'><strong>&#39;Sic</strong></span> <span class='ocrx_word' id='word_1_779' title='bbox 2579 4969 2725 5033; x_wconf 89' lang='lat' dir='ltr'><strong>cod.,</strong></span> <span class='ocrx_word' id='word_1_780' title='bbox 2748 4967 2794 5022; x_wconf 80' lang='grc' dir='ltr'><strong>Μ</strong></span> <span class='ocrx_word' id='word_1_781' title='bbox 2820 4969 3048 5023; x_wconf 82' lang='lat' dir='ltr'><strong>sinalur.</strong></span> <span class='ocrx_word' id='word_1_782' title='bbox 3160 4967 3181 4997; x_wconf 71' lang='grc'><strong>⁸</strong></span> <span class='ocrx_word' id='word_1_783' title='bbox 3221 4966 3314 5023; x_wconf 88' lang='lat' dir='ltr'><strong>Sic</strong></span> <span class='ocrx_word' id='word_1_784' title='bbox 3351 4967 3501 5033; x_wconf 80' lang='lat' dir='ltr'><strong>cod.,</strong></span> <span class='ocrx_word' id='word_1_785' title='bbox 3526 4965 3573 5020; x_wconf 79' lang='grc' dir='ltr'><strong>Μ</strong></span> <span class='ocrx_word' id='word_1_786' title='bbox 3597 4976 3773 5020; x_wconf 76' lang='lat' dir='ltr'><strong>tamen</strong></span> 
     </span>
    </p>
   </div>
   <div class='ocr_carea' id='block_1_111' title="bbox 2226 5193 3793 5269">
    <p class='ocr_par' dir='ltr' id='par_1_111' title="bbox 2226 5193 3793 5269">
     <span class='ocr_line' id='line_1_111' title="bbox 2226 5193 3793 5269; baseline -0.005 -16"><span class='ocrx_word' id='word_1_787' title='bbox 2226 5216 2443 5269; x_wconf 79' lang='lat' dir='ltr'><strong>poenam</strong></span> <span class='ocrx_word' id='word_1_788' title='bbox 2477 5215 2651 5269; x_wconf 73' lang='lat' dir='ltr'><strong>imque</strong></span> <span class='ocrx_word' id='word_1_789' title='bbox 2675 5198 2905 5262; x_wconf 65' lang='lat' dir='ltr'><strong>vivendo,</strong></span> <span class='ocrx_word' id='word_1_790' title='bbox 2936 5199 3064 5269; x_wconf 26' lang='lat' dir='ltr'><strong>et‘in</strong></span> <span class='ocrx_word' id='word_1_791' title='bbox 3101 5193 3793 5269; x_wconf 72' lang='lat' dir='ltr'><strong>iniquitalepersererando,</strong></span> 
     </span>
    </p>
   </div>
   <div class='ocr_carea' id='block_1_112' title="bbox 2224 5263 3590 5338">
    <p class='ocr_par' dir='ltr' id='par_1_112' title="bbox 2224 5263 3590 5338">
     <span class='ocr_line' id='line_1_112' title="bbox 2224 5263 3590 5338; baseline -0.006 -16"><span class='ocrx_word' id='word_1_792' title='bbox 2224 5263 2274 5323; x_wconf 71' lang='lat' dir='ltr'><strong>et</strong></span> <span class='ocrx_word' id='word_1_793' title='bbox 2307 5271 2467 5323; x_wconf 80' lang='lat' dir='ltr'><strong>Deum</strong></span> <span class='ocrx_word' id='word_1_794' title='bbox 2515 5263 2830 5338; x_wconf 68' lang='lat' dir='ltr'><strong>praeparare</strong></span> <span class='ocrx_word' id='word_1_795' title='bbox 2868 5283 2954 5321; x_wconf 84' lang='lat' dir='ltr'><strong>eos</strong></span> <span class='ocrx_word' id='word_1_796' title='bbox 2984 5263 3265 5334; x_wconf 76' lang='lat' dir='ltr'><strong>iustissime</strong></span> <span class='ocrx_word' id='word_1_797' title='bbox 3280 5263 3590 5334; x_wconf 84' lang='lat' dir='ltr'><strong>judicando.</strong></span> 
     </span>
    </p>
   </div>
   <div class='ocr_carea' id='block_1_113' title="bbox 2301 5339 2828 5399">
    <p class='ocr_par' dir='ltr' id='par_1_113' title="bbox 2301 5339 2828 5399">
     <span class='ocr_line' id='line_1_113' title="bbox 2301 5339 2828 5399; baseline -0.004 -6"><span class='ocrx_word' id='word_1_798' title='bbox 2301 5350 2323 5378; x_wconf 77' lang='grc' dir='ltr'><strong>ο</strong></span> <span class='ocrx_word' id='word_1_799' title='bbox 2367 5339 2554 5393; x_wconf 82' lang='lat' dir='ltr'><strong>Matth.</strong></span> <span class='ocrx_word' id='word_1_800' title='bbox 2578 5353 2710 5399; x_wconf 70' lang='lat' dir='ltr'><strong>xxv,</strong></span> <span class='ocrx_word' id='word_1_801' title='bbox 2738 5339 2828 5391; x_wconf 73' lang='grc'><strong>41.</strong></span> 
     </span>
    </p>
   </div>
   <div class='ocr_carea' id='block_1_114' title="bbox 2296 5398 3790 5463">
    <p class='ocr_par' dir='ltr' id='par_1_114' title="bbox 2296 5398 3790 5463">
     <span class='ocr_line' id='line_1_114' title="bbox 2296 5398 3790 5463; baseline -0.009 0"><span class='ocrx_word' id='word_1_802' title='bbox 2296 5407 2322 5447; x_wconf 74' lang='grc' dir='ltr'><em>ά</em></span> <span class='ocrx_word' id='word_1_803' title='bbox 2367 5411 2440 5462; x_wconf 90' lang='lat' dir='ltr'><strong>De</strong></span> <span class='ocrx_word' id='word_1_804' title='bbox 2478 5409 2579 5460; x_wconf 89' lang='lat' dir='ltr'><strong>hac</strong></span> <span class='ocrx_word' id='word_1_805' title='bbox 2614 5422 2671 5460; x_wconf 93' lang='lat' dir='ltr'><strong>re</strong></span> <span class='ocrx_word' id='word_1_806' title='bbox 2698 5398 2852 5463; x_wconf 86' lang='lat' dir='ltr'><strong>nihil</strong></span> <span class='ocrx_word' id='word_1_807' title='bbox 2897 5413 3132 5461; x_wconf 81' lang='lat' dir='ltr'><strong>constat.</strong></span> <span class='ocrx_word' id='word_1_808' title='bbox 3162 5401 3455 5459; x_wconf 81' lang='lat' dir='ltr'><strong>Prudentio</strong></span> <span class='ocrx_word' id='word_1_809' title='bbox 3494 5398 3630 5452; x_wconf 88' lang='lat' dir='ltr'><strong>alius</strong></span> <span class='ocrx_word' id='word_1_810' title='bbox 3674 5411 3790 5451; x_wconf 48' lang='lat' dir='ltr'><strong>oms</strong></span> 
     </span>
    </p>
   </div>
   <div class='ocr_carea' id='block_1_115' title="bbox 2224 5462 3791 5557">
    <p class='ocr_par' dir='ltr' id='par_1_115' title="bbox 2224 5462 3791 5557">
     <span class='ocr_line' id='line_1_115' title="bbox 2224 5462 3791 5557; baseline -0.009 -26"><span class='ocrx_word' id='word_1_811' title='bbox 2224 5478 2353 5557; x_wconf 78' lang='lat' dir='ltr'><strong>nino</strong></span> <span class='ocrx_word' id='word_1_812' title='bbox 2380 5478 2517 5547; x_wconf 87' lang='lat' dir='ltr'><strong>ignis</strong></span> <span class='ocrx_word' id='word_1_813' title='bbox 2536 5490 2657 5531; x_wconf 89' lang='lat' dir='ltr'><strong>esse</strong></span> <span class='ocrx_word' id='word_1_814' title='bbox 2684 5475 2918 5540; x_wconf 87' lang='lat' dir='ltr'><strong>videtur,</strong></span> <span class='ocrx_word' id='word_1_815' title='bbox 2950 5476 3201 5544; x_wconf 86' lang='lat' dir='ltr'><strong>quoniam</strong></span> <span class='ocrx_word' id='word_1_816' title='bbox 3243 5472 3483 5529; x_wconf 83' lang='lat' dir='ltr'><strong>diversae</strong></span> <span class='ocrx_word' id='word_1_817' title='bbox 3514 5462 3791 5536; x_wconf 81' lang='lat' dir='ltr'><strong>qualitatis</strong></span> 
     </span>
    </p>
   </div>
   <div class='ocr_carea' id='block_1_116' title="bbox 2225 5556 2352 5601">
    <p class='ocr_par' dir='ltr' id='par_1_116' title="bbox 2225 5556 2352 5601">
     <span class='ocr_line' id='line_1_116' title="bbox 2225 5556 2352 5601; baseline 0.016 -2"><span class='ocrx_word' id='word_1_818' title='bbox 2225 5556 2352 5601; x_wconf 82' lang='lat' dir='ltr'><strong>sint.</strong></span> 
     </span>
    </p>
   </div>
  </div>
