4194 6276
268 342 377 397 457

1312 342 1511 397 manu
1555 341 1641 394 DE
1678 316 2380 401 ruamusnsmous.

3428 354 3534 411 $38

274 455 517 509 ciuilium
538 468 766 524 corpora
802 455 1037 509 maxime
1058 454 1485 510 substantialitcr
1512 455 1853 520 constabunt,
1884 462 1930 522 Α
1953 457 2074 527 jici,
2103 475 2208 512 non
2263 461 2640 528 substantiam,
2688 478 2861 532 neque
2887 467 2909 497 "
2948 465 3067 535 ejus
3106 466 3397 536 qualitates
3440 482 3535 536 ge—

274 544 472 597 merito
496 543 788 614 impietatis
818 559 951 598 suae
978 551 1244 598 tormenta
1274 545 1543 613 patientur
1567 545 1827 598 aeterna?

276 653 284 663 -
349 631 411 685 Il.
456 631 561 687 Ubi
602 647 707 685 non
752 632 1048 702 incongrue
1082 633 1429 697 credendum,
1459 633 1600 701 quod
1629 648 1857 702 corpora

281 730 589 777 sanctorum
628 723 681 774 in
738 722 1051 776 aetheream
1119 722 1471 775 mutabuntur
1522 722 1857 790 qualitatem,

282 826 423 876 quae
451 813 519 865 ab
556 810 657 863 alia
687 809 949 879 qualitate
966 811 1209 863 consumi
1242 825 1347 864 non
1369 818 1567 879 potest,
1589 808 1852 864 cuminfe-

284 901 485 954 riorum
518 914 801 969 corporum
855 899 1147 969 qualitates
1183 900 1235 954 in
1287 915 1346 955 se
1377 909 1586 954 mutare
1619 901 1792 969 possit
1818 900 1853 962 ',

284 989 570 1060 impiorum
591 1004 718 1043 vero
747 1004 971 1059 corpora
1000 990 1055 1043 in
1085 1004 1296 1044 aeream
1323 988 1633 1060 qualitatem
1681 998 1860 1045 trans-

287 1080 448 1143 itura,
465 1090 523 1132 ut
549 1094 580 1132 a
608 1079 890 1147 superiore
916 1079 1040 1148 igne
1060 1080 1332 1146 patiantur
1356 1092 1402 1132 ιι.
1427 1078 1564 1133 Hinc
1593 1089 1695 1143 est,
1721 1078 1864 1147 quod

282 1166 530 1222 diabolus
566 1177 690 1237 post
730 1167 938 1234 lapsum
970 1170 1223 1222 detrusus
1268 1169 1335 1223 ab
1377 1169 1630 1225 aethereo
1670 1169 1863 1238 spatio,

285 1257 599 1326 adjunctnm
615 1268 698 1311 est
719 1259 768 1311 ei
794 1258 961 1311 invito
987 1274 1205 1312 aereum
1222 1274 1434 1328 corpus,
1458 1259 1511 1313 in
1535 1273 1641 1327 quo
1668 1274 1868 1328 poenas

284 1364 419 1403 suae
444 1348 728 1417 superbiae
754 1348 885 1402 luat.
925 1349 1058 1402 Miro
1085 1359 1246 1418 atque
1278 1348 1531 1403 inell'abili
1557 1358 1866 1403 naturarum

288 1441 455 1495 modo
501 1440 808 1509 peragitur,
851 1440 1061 1494 occulto
1126 1450 1301 1494 tamen
1344 1441 1596 1510 justoque
1643 1440 1864 1510 judicio,

291 1536 377 1593 ut,
405 1529 556 1597 quod,
586 1529 844 1582 elementa
873 1529 1051 1581 mundi
1076 1528 1219 1582 inter
1247 1542 1307 1582 se
1334 1529 1488 1596 quasi
1512 1530 1741 1596 quodam
1768 1544 1866 1582 na-

294 1616 488 1671 turalis
519 1617 720 1671 amoris
773 1616 985 1669 vinculo
1019 1615 1297 1684 complexa
1337 1616 1874 1685 inseparabiliterque

290 1706 576 1775 conjuncta
615 1705 1020 1759 ordinatissimo
1064 1713 1211 1760 motu
1252 1713 1531 1776 appetunt,
1583 1706 1872 1760 veritatem

1958 546 2171 599 hennali
2196 546 2409 602 ﬂamma
2437 553 2786 619 torquendas,
2816 554 2910 607 sed
2940 570 3156 610 sensum
3188 553 3442 625 patientis
3483 562 3545 608 et

1959 637 2201 690 animum
2226 636 2544 693 reluctantis
2568 648 2788 694 aeterna
2820 642 3035 696 miseria
3075 642 3393 697 luetaturos.

2570 770 2928 828 EPILOGUS.

2348 878 2426 933 De
2457 879 2632 935 divina
2661 882 3152 951 praedestinatione.

2032 986 2266 1054 LQuae
2313 980 2438 1045 cum
2487 990 2560 1045 ita
2606 986 2737 1057 sint,
2788 1006 2937 1055 ecce,
2980 1007 3145 1046 unum
3186 991 3354 1049 Deum
3401 993 3549 1059 colo,

1961 1094 2129 1133 unum
2159 1080 2398 1135 omnium
2428 1082 2749 1152 principium
2770 1084 3297 1153 etsapientiam,qua
3318 1085 3538 1153 sapiens

1965 1176 2069 1234 est,
2097 1184 2447 1239 quaecunque
2467 1171 2645 1227 anima
2676 1173 2889 1241 sapiens
2920 1180 3024 1236 est,
3045 1179 3100 1226 ει
3122 1173 3293 1240 ipsum
3320 1189 3537 1236 munus,

1966 1275 2072 1327 quo
2119 1260 2275 1313 beata
2315 1269 2480 1324 sunt,
2529 1276 2880 1329 quaecunque
2923 1263 3079 1316 beata
3131 1272 3289 1325 sunt,
3331 1271 3385 1316 et
3430 1264 3546 1332 ejus

1967 1360 2129 1399 unam
2175 1354 2230 1398 et
2277 1347 2445 1401 solam
2472 1355 2527 1400 et
2555 1362 2737 1400 veram
2787 1348 3333 1417 praedestinationem
3384 1350 3549 1419 proli--

1971 1444 2108 1500 teor,
2131 1451 2269 1505 quae
2297 1444 2400 1498 est,
2423 1437 2567 1505 quod
2592 1436 2705 1506 ipse
2737 1448 2839 1500 εει,
2879 1439 3004 1505 quia
3033 1429 3117 1492 lex
3160 1437 3278 1506 ejus
3321 1446 3543 1491 aeterna

1969 1535 2024 1579 et
2050 1524 2502 1579 incommutabilis
2531 1533 2634 1589 est,
2662 1540 2801 1594 quae
2832 1526 2971 1580 sicut
3011 1527 3280 1580 neminem
3318 1526 3549 1594 praede-

1973 1615 2193 1669 stinavit
2217 1614 2283 1667 ad
2312 1613 2748 1682 interitum,quia
2780 1614 2885 1667 vita
2915 1621 3015 1675 est,
3051 1622 3105 1668 et
3134 1613 3391 1677 rcﬂexim,
3410 1613 3552 1667 sicut

1973 1701 2102 1756 nulli
2146 1702 2289 1756 malo
2329 1701 2748 1771 praedestinavit
2789 1702 3070 1766 malitiam,
3115 1717 3254 1771 quae
3298 1702 3551 1757 interitus

288 1793 595 1849 odientibus
623 1801 866 1849 vertatur
891 1794 946 1848 in
971 1794 1308 1863 supplicium.
1329 1794 1487 1864 ignea
1516 1795 1714 1865 quippe
1737 1810 1870 1863 qua-
1896 1785 2074 1871 Best,
2107 1793 2180 1847 ita
2225 1792 2354 1846 nulli
2404 1791 2548 1847 malo
2593 1793 3012 1862 praedestinavit
3056 1793 3366 1857 interitum,
3422 1792 3550 1860 quia

288 1884 414 1939 litas
452 1884 702 1953 superior
742 1884 971 1937 naturali
1025 1885 1073 1937 vi
1131 1884 1446 1939 inferiorum
1478 1885 1869 1939 elementorum

293 1972 579 2041 qualitates
613 1972 662 2025 in
696 1988 754 2026 se
783 1971 1158 2027 transfundere
1178 1987 1391 2041 semper
1412 1973 1617 2043 appetit
1641 1972 1872 2026 naturali

294 2071 465 2127 motu,
493 2063 645 2131 quasi
677 2064 941 2131 quoddam
963 2064 1046 2116 sui
1078 2063 1413 2117 alimentum.

369 2152 456 2205 lll.
494 2151 629 2206 Cum
658 2167 802 2222 ergo,
837 2160 896 2205 ut
924 2152 1176 2216 diximus,
1200 2167 1449 2221 suprema
1484 2154 1726 2207 omnium
1748 2167 1871 2207 cor—

299 2254 487 2309 porum
514 2240 769 2308 qualitas,
791 2255 927 2307 quae
949 2249 1031 2293 est
1059 2240 1335 2305 aetherea,
1368 2239 1658 2296 inferiores
1702 2241 1876 2309 quali-

303 2336 444 2381 tates
465 2336 521 2382 et
556 2328 696 2380 intra
731 2343 787 2381 se
809 2327 1091 2381 ambiendo
1128 2336 1358 2393 coartat,
1410 2339 1464 2383 et
1500 2328 1552 2382 in
1584 2343 1667 2394 se,
1710 2338 1874 2399 prout

304 2418 391 2470 lex
419 2428 732 2471 naturarum
762 2417 913 2481 sinit,
939 2432 1280 2483 commovere
1320 2433 1429 2472 non
1458 2418 1692 2483 desinat,
1722 2428 1878 2473 natu-

304 2522 489 2560 rarum
518 2508 655 2560 iutra
682 2522 741 2561 se
768 2506 1011 2560 mirabile
1038 2507 1312 2576 perﬁcitur
1327 2509 1875 2577 gaudium,malarum

302 2614 434 2673 vero
479 2597 812 2651 voluntatum
863 2597 1130 2652 ineffabile
1181 2605 1513 2652 tormentum
1547 2598 1598 2650 ιι.
1654 2597 1885 2654 Proinde

302 2688 590 2757 impiorum
631 2688 906 2752 omnium,
948 2687 1259 2757 angelorum
1286 2688 1537 2743 videlicet
1579 2689 1887 2742 hominum-

302 2792 407 2845 que
431 2762 1089 2844 perversorumfcorpora
1144 2776 1215 2829 ita
1264 2785 1393 2830 sunt
1444 2777 1701 2846 supplicia
1747 2778 1884 2846 ignis

304 2868 509 2921 aeterni
541 2882 879 2935 perpessura,
908 2876 967 2920 ut
997 2867 1313 2937 integritate
1333 2883 1521 2923 eorum
1550 2869 1882 2924 substantiae

304 2957 454 3010 nullo
486 2957 645 3011 modo
689 2955 962 3021 defutura,
997 2973 1185 3010 eorum
1232 2957 1462 3011 naturali
1515 2957 1881 3012 incolumitate

305 3060 685 3115 permansura,
712 3046 965 3099 omnibus
1002 3046 1193 3099 deinde
1232 3056 1457 3100 naturae
1484 3047 1636 3101 bonis
1663 3047 1730 3101 ad
1757 3047 1880 3100 uni-

1971 1884 2177 1938 malitia
2218 1892 2321 1938 est.
2371 1882 2510 1937 Nulli
2553 1898 2784 1952 namque
2835 1883 3099 1937 catholico
3137 1882 3264 1936 licet
3303 1883 3551 1945 credere,

1972 1988 2237 2029 summam
2262 1973 2574 2033 bonitatem,
2605 1987 2672 2026 ex
2706 1988 2809 2040 qua
2834 1981 2918 2026 est
2939 1987 3099 2026 omne
3125 1972 3348 2035 bonum,
3398 1986 3555 2039 prae-

1944 2100 1953 2103 --
1972 2063 2275 2118 destinasse
2297 2061 2455 2114 alicui
2473 2060 2705 2129 aliquam
2731 2060 3069 2124 malitiam,et
3084 2073 3349 2114 summam
3367 2060 3552 2121 vitam,

1974 2172 2040 2212 ex
2068 2173 2195 2226 qua,
2224 2164 2280 2209 et
2301 2155 2354 2209 in
2386 2169 2517 2223 qua,
2537 2162 2592 2207 et
2631 2168 2729 2223 per
2752 2168 2913 2222 quam
2937 2151 3117 2205 omnia
3143 2151 3351 2214 vivunt,
3392 2150 3555 2203 alicui

1974 2246 2403 2316 praedestinasse
2451 2243 2726 2297 interitum
2776 2243 2858 2295 vel
2899 2252 3149 2311 poenam,
3187 2240 3404 2308 quando
3436 2253 3503 2293 ne
3533 2237 3555 2269 ’

1977 2337 2056 2391 id‘
2080 2335 2297 2404 quidem
2324 2372 2340 2400 ,
2380 2331 2527 2403 quod
2567 2345 2625 2386 se
2663 2331 2891 2386 invicem
2934 2331 3149 2401 perdit,
3194 2328 3374 2399 perire
3425 2341 3555 2395 per-

1977 2427 2175 2478 mittat.

2047 2514 2110 2568 ll.
2150 2511 2384 2567 Proinde
2407 2525 2529 2565 cum
2559 2510 2718 2564 audio
2747 2509 3146 2579 praedicatores
3178 2516 3319 2571 tuos,
3364 2520 3398 2560 o
3421 2506 3556 2560 bea—

1981 2605 2184 2659 tissima
2206 2604 2426 2661 veritas,
2456 2601 2563 2654 vita
2586 2600 2824 2653 omnium
2852 2598 3171 2661 communis,
3201 2597 3459 2659 dicentes,
3506 2604 3561 2649 te

1979 2683 2413 2763 praedestinasse
2443 2689 2638 2756 impios
2688 2689 2752 2740 ad
2800 2686 3095 2748 interitum,
3131 2693 3224 2738 aut
3278 2683 3557 2737 interitum

1980 2781 2178 2849 impiis,
2228 2779 2503 2841 continuo,
2553 2776 2641 2829 lux
2703 2775 3041 2837 clarissima,
3098 2781 3149 2826 te
3212 2772 3552 2825 illuminante

1980 2869 2233 2926 tenebras
2261 2882 2427 2930 meas,
2458 2866 2510 2920 in
2539 2874 2593 2935 te
2617 2865 2773 2918 video
2798 2872 2852 2916 te
2881 2863 3334 2932 praedestinasse,
3367 2861 3418 2913 id
3451 2867 3555 2923 est,

1981 2968 2106 3013 ante
2144 2958 2325 3012 secula
2354 2956 2628 3011 deﬁniisse
2658 2955 2701 2985 ¹⁰
2727 2955 2867 3007 intra
2897 2953 3041 3019 leges
3064 2951 3559 3004 tuasincommuta-

1980 3048 2118 3103 biles
2138 3056 2346 3102 certum
2374 3060 2656 3099 numerum
2682 3059 2890 3107 eorum,
2923 3042 3015 3111 qui
3042 3042 3096 3121 in
3130 3055 3225 3094 sua
3263 3039 3563 3107 impietate,

306 3135 588 3189 versitatis
608 3144 981 3189 ornamentum
1010 3134 1240 3190 mirabili
1287 3135 1474 3190 ordine
1519 3135 1801 3190 refulsuris
1832 3147 1881 3202 ει,
1910 3118 1954 3178 C
1983 3152 2147 3206 quam
2172 3151 2447 3204 nunquam
2473 3142 2528 3191 et
2550 3148 2811 3202 nusquam
2839 3118 3573 3202 praedestinasti,interituri.

309 3232 536 3292 excepta
566 3221 931 3289 beatitudine,
963 3237 1065 3291 qua
1090 3224 1465 3293 privabuntur,
1488 3239 1625 3292 quae
1648 3241 1761 3283 non.
1798 3236 1883 3281 est

308 3330 376 3369 ex
406 3324 620 3379 natura,
655 3315 747 3369 sed
777 3329 842 3368 ex
881 3317 1088 3385 gratia,
1132 3316 1427 3386 superioris
1453 3316 1592 3387 ignis
1632 3317 1883 3387 corporei

307 3421 429 3461 eum
452 3405 725 3460 inferioris
744 3405 886 3459 aeris
914 3407 1232 3475 corporibus
1254 3406 1513 3475 qualitate
1537 3407 1883 3471 colluctantc,

309 3495 536 3549 naturali
566 3494 617 3549 vi
644 3503 877 3558 servata,
922 3494 1208 3567 infelicium
1238 3496 1538 3551 animarum
1566 3497 1792 3552 intentio
1820 3497 1888 3551 de

312 3586 627 3654 corporibus
654 3587 767 3641 suis
799 3595 1049 3643 aeternas
1086 3589 1323 3655 patiatur
1349 3576 1686 3643 "aerumnas
1706 3587 1732 3626 ά
1764 3606 1777 3641 :
1814 3588 1886 3642 ita

312 3676 576 3741 videlicet,
602 3687 662 3731 ut
683 3677 827 3732 idem
857 3678 970 3747 ipse
994 3678 1132 3749 ignis
1163 3679 1419 3734 omnibus
1446 3679 1765 3748 corporibus
1794 3679 1889 3741 liat

314 3763 481 3833 gloria
517 3775 565 3829 ο,
614 3779 719 3833 quo
748 3765 1068 3820 damnandis
1103 3766 1386 3822 animabus
1425 3767 1751 3823 intrinsecus
1782 3768 1888 3822 ini-

314 3854 521 3922 quitate
549 3855 786 3924 propria,
817 3857 1156 3912 extrinsecus
1182 3857 1543 3912 cumulabitur
1568 3873 1761 3929 poena.

386 3941 476 3996 lV.
535 3940 689 4007 Quod
732 3942 779 3999 si
822 3945 981 3999 alicui
1031 3945 1346 4002 incredibile
1378 3947 1613 4013 videtur,
1661 3963 1887 4018 corpora
1958 3970 1959 3973 η

315 4028 534 4095 quidem
567 4044 780 4099 semper
803 4046 1015 4097 arsura,
1044 4042 1101 4087 et
1135 4034 1202 4088 de
1243 4034 1480 4103 ipsorum
1528 4036 1659 4089 nihil
1689 4038 1892 4105 peritu-

314 4135 434 4173 rum
455 4128 674 4185 natura,
706 4122 882 4177 videat
904 4124 1050 4178 illum
1081 4124 1329 4193 lapidem,
1352 4125 1445 4195 qui
1469 4126 1521 4180 in
1544 4126 1770 4181 Arcadia
1794 4128 1893 4191 sub

314 4217 500 4263 monte
548 4212 791 4266 nascitur
847 4213 1334 4283 Erimantbi’;qui
1358 4230 1479 4287 cum
1517 4216 1586 4270 sit
1607 4215 1768 4270 ferrei
1814 4216 1894 4270 ni-

314 4299 471 4361 toris,
490 4308 635 4355 tacto
660 4316 945 4368 accensus,
961 4304 1028 4357 ah
1046 4302 1154 4374 igni
1177 4303 1196 4333 *
1217 4304 1453 4373 extingui
1476 4306 1660 4374 nequit
1681 4304 1722 4368 ⁸,
1737 4320 1894 4373 quem

317 4388 473 4444 Graii
499 4392 520 4421 ⁸
545 4392 762 4446 nomine
788 4407 917 4447 vero
964 4393 1256 4457 asbestum,
1300 4394 1477 4457 idest,
1517 4394 1895 4463 inextinguibi-

1987 3236 2187 3284 essent.
2218 3227 2372 3293 Quod
2400 3226 2508 3290 alio
2537 3226 2697 3281 modo
2739 3225 2842 3279 dici
2884 3231 3060 3293 potest
3084 3239 3099 3275 :
3122 3218 3572 3291 praedestinasti,.

1990 3320 2240 3385 Domine,
2262 3318 2315 3372 in
2348 3325 2437 3373 tua
2483 3316 2861 3387 praescientia,
2906 3327 3048 3384 quae
3092 3312 3204 3365 falli
3259 3310 3571 3378 mutarique

1988 3428 2096 3467 non
2117 3420 2318 3481 potest,
2343 3426 2626 3466 numerum
2656 3410 2896 3475 illorum,
2925 3422 3066 3478 quae
3100 3421 3230 3461 suae
3274 3403 3573 3473 impietatis

1989 3512 2044 3558 ει
2071 3517 2295 3573 poenam
2335 3511 2393 3557 et
2422 3504 2699 3557 interitum
2727 3498 3096 3570 praeparaturi
3135 3505 3338 3560 essent,
3377 3510 3483 3548 non
3512 3495 3568 3548 in

1989 3595 2087 3657 eis,
2123 3594 2265 3663 quod
2298 3594 2494 3659 fecisti,
2539 3595 2846 3663 puniturus,
2878 3591 2971 3644 sed
3022 3590 3077 3643 in
3129 3589 3229 3653 eis,
3275 3586 3417 3656 quod
3460 3599 3575 3639 non

1990 3685 2189 3750 fecisti,
2233 3686 2410 3755 puniri
2465 3685 2772 3739 relicturus.
2849 3681 2997 3735 Haec
3040 3687 3125 3734 est
3177 3678 3308 3732 fides
3346 3690 3488 3737 mea,
3535 3687 3571 3727 ο

1991 3784 2208 3830 aeterna
2259 3777 2349 3829 lux
2425 3775 2719 3838 mentium,
2773 3775 2838 3827 de
2885 3780 2975 3825 tua
3046 3764 3573 3839 praedestinatione,

1992 3878 2130 3932 quae
2154 3872 2207 3918 tu
2241 3879 2319 3918 es.
3328 3906 3331 3907 ν
3394 3910 3395 3913 η
3548 3898 3553 3902 ι

2063 3953 2147 4006 lll.
2190 3954 2268 4007 Ac
2297 3969 2394 4022 per
2422 3953 2526 4007 hoc
2551 3967 2675 4007 cum
2697 3952 2946 4005 omnibus
2971 3945 3287 4003 orthodoxis
3317 3943 3575 3996 ﬁdelibus

1994 4043 2390 4098 anathematizo
2417 4041 2646 4108 cos,-qui
2677 4040 2878 4100 dicunt,
2896 4039 3029 4092 duas
3048 4031 3579 4103 praedestinationes

1995 4146 2137 4195 esse,
2165 4137 2258 4184 aut
2293 4144 2451 4183 unam
2480 4129 2773 4198 geminam,
2826 4125 3154 4192 bipertitam,
3203 4127 3296 4172 aut
3330 4116 3570 4184 duplam.

1999 4220 2056 4275 Si
2086 4220 2229 4274 enim
2254 4217 2394 4271 duae
2414 4226 2561 4278 sunt,
2580 4231 2684 4269 non
2708 4222 2792 4268 est
2811 4229 2916 4266 una
2954 4212 3131 4266 divina
3158 4205 3479 4263 substantia.
3512 4203 3575 4257 Si

1997 4307 2231 4379 gemina,
2277 4319 2383 4359 non
2413 4314 2499 4359 est
2546 4301 2839 4357 individua.
2891 4299 2949 4352 Si
2997 4295 3281 4366 bipertita,
3329 4307 3435 4346 non
3491 4299 3576 4344 est

2000 4397 2251 4467 simplex,
2280 4395 2372 4451 sed
2399 4393 2642 4464 partibus
2667 4387 2983 4458 composita.
3008 4385 3065 4441 Si
3091 4383 3248 4452 dupla
3270 4391 3376 4444 est,
3420 4393 3573 4432 com-

313 4481 423 4535 lem
451 4468 777 4543 memorant,
807 4481 898 4545 ita,
924 4490 985 4536 ut
1019 4491 1073 4536 et
1102 4483 1251 4537 color
1290 4483 1339 4537 ei
1366 4482 1704 4554 praebeatur,
1725 4447 1893 4552 ignea
1924 4447 1974 4505 Β
1999 4447 2193 4555 plicata
2232 4447 2336 4538 est.
2382 4447 2536 4549 (Quod
2581 4479 2628 4534 si
2669 4477 3018 4547 prohibemur
3044 4472 3281 4529 divinam
3313 4468 3576 4527 unitatem

315 4580 535 4635 natura,
567 4580 620 4625 et
644 4571 777 4624 nihil
803 4572 1074 4627 minuatur
1106 4573 1172 4628 de
1198 4573 1313 4643 ejus
1350 4560 1649 4641 substantia
1676 4591 1689 4626 :
1715 4573 1895 4629 videat

318 4658 717 4714 salamandram
751 4660 853 4715 τίη
891 4660 1016 4731 igne
1062 4661 1352 4715 viventem.
1396 4659 1532 4714 Hinc
1559 4671 1737 4730 potest
1760 4677 1893 4716 con-

1592 4768 1848 4825 VARIAE
1883 4770 2287 4827 LECTIONES.

1793 4864 1814 4895 ⁸
1850 4864 1981 4918 Cod.
2024 4863 2288 4917 erintauti.

1306 4933 1327 4965 ⁷
1367 4932 1459 4988 Sic
1487 4929 1562 4996 Μ,
1614 4932 1734 4988 cod.
1786 4932 2146 4987 salamandra.

392 4866 406 4897 ²
452 4864 543 4920 Sic
601 4865 746 4930 cod.,
794 4863 843 4917 Μ
892 4872 1096 4933 ρουεεἒ
1158 4867 1179 4896 ³
1217 4861 1309 4918 Sic
1348 4862 1568 4933 cod._et
1610 4860 1684 4916 M.

316 4934 735 5075 ‘g:ticlqutgl;tﬁr..
832 4933 853 4965 ⁶
890 4931 1022 4990 Cod.
1054 4931 1203 4988 Grai.

449 5019 482 5057 ο
525 5041 540 5056 .
608 5022 622 5056 ι
681 5019 839 5058 mssa.

449 5019 540 5057 ου.
570 5019 839 5058 aunmsse.

2001 4575 2185 4629 dicere
2211 4573 2447 4642 triplam,
2470 4585 2574 4640 qua
2606 4565 2876 4622 dementia
2919 4564 3082 4618 audet
3120 4560 3426 4619 haereticus
3453 4570 3577 4611 eam

2003 4677 2248 4717 asserere
2274 4659 2528 4730 duplam?
2564 4657 2681 4712 Tali
2721 4656 2883 4726 igitur
2919 4660 3253 4716 monstroso,
3281 4660 3577 4710 venenoso,

2400 4861 2421 4891 ⁸
2460 4859 2553 4914 Stc
2608 4858 2751 4920 cod.,
2805 4855 2856 4911 Μ
2914 4856 3051 4926 igne.

2256 4888 2288 4914 to
2406 4888 2415 4891 ‘
2461 4888 2553 4914 om
2608 4888 2751 4920 um...
2805 4888 2856 4911 ιιι
2916 4888 3051 4926 tgna.
3224 4888 3353 4903 wu.
3408 4888 3549 4900 νου-συν

2256 4932 2280 4963 ⁸
2317 4929 2407 4984 Sic
2458 4929 2602 4994 cod.,
2634 4927 2683 4981 Μ
2707 4938 2879 4996 atque.
2983 4928 3004 4958 ⁸
3047 4924 3139 4979 Sic
3172 4922 3321 4985 cod”
3360 4916 3412 4969 Μ
3462 4930 3573 4967 nec.

1843 5085 2093 5142 NOTAE.

391 5200 416 5227 ι
459 5184 826 5241 Prudentius:
868 5184 1184 5240 Sanctorum
1212 5198 1429 5250 corpora
1470 5194 1794 5250 nequaquam
1822 5175 1900 5250 vel

391 5200 416 5227 ⁸
460 5200 826 5241 Prudentius:
868 5200 1184 5240 Sanctorum
1212 5200 1270 5238 co
1336 5200 1429 5235 ora
1470 5200 1794 5250 nequaquam
1822 5200 1899 5232 vet

311 5261 369 5311 in
391 5256 485 5309 illo
506 5257 650 5324 igne,
671 5256 747 5308 vel
770 5255 962 5324 absque
980 5257 1092 5323 ipso
1118 5254 1171 5324 in
1203 5200 1495 5324 «(Tereum
1514 5248 1708 5300 mutari
1734 5245 1902 5324 quali-

314 5338 500 5389 tatem,
527 5317 619 5378 sed
636 5317 704 5376 in
722 5317 939 5377 veritate
963 5317 1204 5392 propriae
1243 5320 1417 5375 carnis
1445 5329 1601 5389 atque
1648 5317 1903 5392 membro—

317 5410 462 5456 rum,
487 5387 1123 5463 quamlibetglori/icaia,
1162 5405 1433 5463 mansura,
1461 5387 1615 5455 atque
1646 5387 1701 5463 in
1738 5393 1905 5438 acter-

316 5480 444 5516 nnm
479 5458 704 5535 uictura,
755 5458 960 5530 praeter
993 5458 1458 5535 immortalitatem,
1490 5472 1592 5526 qua
1631 5458 1747 5535 jam
1774 5469 1907 5535 cor-

320 5533 491 5600 rumpi
511 5548 606 5601 per
634 5529 853 5583 mortem
884 5539 1040 5608 atque
1060 5529 1280 5607 deﬁcere
1297 5541 1562 5606 nunquam
1585 5529 1802 5594 possint.

388 5603 415 5641 ιι
457 5600 791 5655 Prudentius
822 5613 836 5651 :
874 5597 917 5650 Α
932 5597 1095 5651 ullum
1120 5596 1229 5649 illic
1250 5595 1364 5662 ﬁeri
1404 5595 1655 5661 gaudium
1684 5601 1903 5662 natura-

319 5686 454 5736 rum,
482 5670 593 5736 ubi,
619 5678 845 5723 testante
887 5666 1134 5730 Domino,
1182 5660 1335 5734 ﬂetus
1358 5660 1451 5716 erit
1484 5672 1529 5717 et
1554 5663 1747 5716 stridor
1776 5660 1904 5713 den-

2004 5186 2470 5315 tiugl’rudentius
2507 5257 2520 5293 :
2570 5237 2753 5315 Dicere
2780 5232 3101 5315 scripturam
3127 5246 3196 5285 :‘c
3255 5227 3373 5315 Ubi
3400 5225 3576 5311 nullus

2008 5312 2137 5369 ordo
2158 5322 2206 5365 et
2234 5316 2581 5381 sempiternus
2601 5308 2792 5360 horror.
2813 5302 3069 5381 inhabitat
3105 5319 3154 5352 ι.

2077 5381 2105 5422 ά
2142 5372 2465 5436 Prudentius
2491 5396 2504 5432 :
2536 5378 2643 5431 Eos
2668 5387 2713 5430 et
2735 5372 3030 5428 animarum
3050 5381 3097 5423 et
3119 5381 3393 5427 corporum
3416 5374 3580 5417 neten

2010 5467 2103 5505 nos
2122 5451 2315 5520 perpeti
2342 5450 2626 5520 crucianti}.
2650 5510 2682 5520 η
3067 5506 3093 5520 ρ
3236 5503 3249 5520 ι
3319 5502 3330 5515 _

2085 5503 2473 5573 i'Pnudcntius
2503 5533 2517 5568 :
2551 5510 2768 5566 Nullam
2801 5522 3013 5578 prorsus
3056 5506 3172 5574 ﬁeri
3200 5503 3437 5562 nlorimn.
3487 5518 3573 5555 vc-

2013 5605 2125 5642 rum
2148 5584 2529 5643 interminabile
2550 5590 2879 5637 tormentum.
