4194 6276
660 266 765 320 459
2075 275 2357 332 JOANMS
2395 276 2587 333 SCOTI
3798 280 3904 334 HO

663 376 941 432 mortifero
979 378 1227 448 dogmate
1254 398 1284 436 a
1312 383 1563 438 cordibus
1593 385 1792 439 nostris
1839 386 2094 442 radicitus
2137 403 2230 442 ex-
2255 392 2302 450 Α
2331 406 2394 444 ea
2451 404 2578 447 vero
2608 428 2623 452 ,
2670 402 2808 457 quae
2855 402 2960 441 non
2999 394 3148 452 sunt,
3197 388 3350 442 nullo.
3395 388 3552 441 modo
3609 388 3898 455 pertinere.

663 464 812 535 ploso
838 468 1144 534 credamus,
1189 485 1350 525 unam
1383 483 1658 527 aeternam
1691 476 2231 543 praedestinationem
2334 481 2561 549 Explicil
2585 481 2624 533 ¹.

662 556 758 610 Del
785 555 996 611 Domini
1023 570 1162 623 esse,
1192 568 1247 614 et
1273 577 1379 616 non
1412 563 1514 618 nisi
1545 563 1596 616 in
1645 563 1751 628 his,
1795 580 1934 635 quae
1969 574 2112 631 sunt,
2163 566 2230 620 ad

1927 693 2173 750 VARIAE
2209 695 2608 752 LECTIONES.

731 798 747 828 ¹
787 798 1013 868 Explicit
1044 815 1231 856 recens
1251 803 1353 856 alia
1379 820 1570 859 manus
1597 806 1863 860 addidisse
1887 806 2115 859 videtur.

659 933 3897 972 Μ

1576 1125 2368 1238 JOANNIS
2443 1125 2952 1240 δῦθι-ι

1749 1362 1938 1412 ΙΙΕΡΙ
2001 1365 2297 1414 ΦΥΣΕΩΣ
2359 1365 2792 1415 ΜΕΡΙΣΜΟΥ

2165 1528 2231 1570 ιι)
2273 1528 2386 1570 EST

849 1713 1133 1845 DE
1331 1705 2474 1849 DIVISIONE
2679 1711 3700 1848 NATUBAE

1866 1978 2141 2055 LIBRI
2197 1932 2665 2070 QUINQUE

1202 2269 3298 2327 Edltioprinreps................................A

1197 2331 1310 2378 Qui.
1333 2345 1421 2377 ms.
1452 2330 1735 2377 l’srisiensis
1752 2331 1804 2378 S.
1825 2331 2049 2391 Germani
2076 2333 2121 2380 in
2151 2331 2364 2379 editione
2393 2331 2609 2391 principe
2629 2329 2870 2379 adhibitus
2905 2367 2918 2381 .
2955 2368 2968 2382 .
3010 2368 3024 2381 .
3061 2366 3076 2380 .
3112 2370 3126 2383 .
3165 2366 3180 2381 .
3217 2370 3230 2382 .
3259 2332 3320 2380 ἰδ’

1196 2392 1309 2441 Cod.
1335 2403 1424 2437 ms.
1451 2391 1500 2451 S.
1525 2391 1750 2451 Germani
1772 2392 1863 2451 309
1885 2392 2000 2438 bibl.
2029 2390 2152 2451 Heg.
2179 2392 2310 2438 Paris
2335 2428 2348 2450 ,
2371 2390 2659 2451 membrum,
2684 2404 2786 2451 sec.
2814 2391 2873 2440 ΧΙ
2911 2427 2924 2440 .
2962 2427 2976 2440 .
3011 2426 3027 2442 .
3066 2429 3079 2442 .
3116 2429 3131 2444 .
3167 2428 3181 2440 .
3217 2429 3230 2441 .
3260 2392 3296 2440 C

1194 2425 1309 2497 ἰτὸιῖ
1335 2425 1424 2497 iii;
1452 2425 2155 2511 is:tiaramsmus:
2178 2425 2982 2511 ἷηὲτὶἶᾶτέἱιῖζᾜᾷἚίιὶἶῖίιιξὶἶιιίεί
3011 2426 3033 2500 °.
3066 2429 3082 2500 ἶ
3116 2429 3134 2503 '.
3167 2428 3183 2500 ἶ
3217 2425 3303 2500 ΣΒ

1199 2513 1314 2561 Cod.
1341 2523 1428 2560 ms.
1453 2511 1502 2574 _S.
1532 2511 1753 2574 Germani
1776 2511 1866 2574 280
1890 2509 2004 2559 bibl.
2032 2512 2156 2574 _llrg.
2177 2511 2354 2574 faris,
2377 2511 2664 2574 membrau.,
2686 2509 3143 2574 sec.__l§ll_(mutllus)
3223 2549 3235 2562 .

1197 2574 1308 2621 Cod.
1337 2584 1425 2619 nis.
1448 2572 1500 2619 S.
1528 2572 1752 2620 Germani
1775 2573 1867 2621 850
1891 2573 2012 2621 bibl.
2031 2570 2152 2629 nea.
2172 2572 2647 2632 Psris.,membrau.,
2667 2582 2764 2619 sec.
2783 2570 2841 2620 Xl
2869 2571 2976 2632 (lib.
3001 2572 3058 2622 IV
3085 2570 3138 2624 et
3163 2573 3241 2629 ν).
3267 2573 3323 2621 γ·

1606 2837 2094 2917 MONITUM
2159 2841 2288 2942 AD
2348 2837 2908 2916 LECTOREM.

719 3116 944 3172 Joannis
969 3115 1115 3171 Scoti
1151 3134 1168 3166 ε
1199 3117 1266 3170 de
1285 3116 1550 3170 divisione
1570 3114 1806 3170 Naturae
1835 3133 1854 3167 ι
1888 3115 2008 3170 libri
2033 3117 2165 3170 satis
2189 3116 2351 3185 ampli
2383 3115 2602 3171 omnino
2641 3114 2906 3184 duplicem
2951 3114 3180 3183 speciem
3225 3127 3354 3183 prae
3387 3127 3447 3169 se
3479 3111 3678 3170 lerunt.
3721 3115 3876 3169 Modo

640 3205 791 3260 enim
819 3206 976 3260 ﬁdem
1009 3203 1280 3257 Ecclesiae
1308 3219 1414 3256 non
1451 3204 1705 3271 migrant,
1733 3211 1789 3257 et
1819 3222 1837 3255 ε
1865 3212 2173 3259 sanctorum
2221 3203 2442 3258 Patrum
2494 3204 2797 3258 intellectus
2838 3204 2926 3273 pie
2967 3217 3031 3257 ac
3076 3204 3455 3258 venerabiliter
3507 3204 3874 3273 suscipiendos

639 3308 765 3349 esse
799 3313 817 3344 ι
851 3308 947 3345 nos
971 3290 1216 3355 edocent,
1241 3291 1399 3346 modo
1425 3291 1821 3361 philosophicas
1847 3293 2088 3347 referunt
2116 3293 2354 3348 theorias
2381 3309 2410 3348 a
2443 3294 2669 3349 veritate
2697 3295 2984 3363 plurimum
3013 3295 3342 3350 recedentes.
3368 3294 3518 3350 Unde
3545 3295 3622 3357 lit,
3646 3304 3723 3359 ut,
3742 3312 3866 3350 cum

639 3382 727 3436 his
757 3382 977 3435 theoriis
1007 3381 1214 3446 primae
1241 3391 1421 3449 partes
1451 3381 1772 3448 tribuantur,
1801 3384 2020 3450 pessimi
2051 3398 2440 3453 saepenumero
2473 3393 2763 3439 nascantur
2789 3401 3022 3441 errores.
3051 3387 3197 3452 Quos
3246 3400 3504 3442 excusare
3550 3387 3687 3451 ideo,
3726 3387 3873 3455 quod

640 3466 880 3522 Joannes
907 3467 1100 3521 Seotus
1122 3467 1242 3522 aliis
1271 3469 1404 3524 locis
1431 3470 1700 3524 saniorem
1726 3471 2024 3526 doctrinam
2053 3472 2294 3542 protulit,
2339 3471 2424 3529 vel
2458 3472 2726 3528 interdum
2776 3475 2946 3545 ipsam
2988 3477 3270 3531 veritatem
3319 3475 3589 3546 ingeniose
3622 3490 3686 3531 ac
3719 3491 3879 3546 prae-

641 3557 788 3612 clare
811 3557 1080 3626 exposuit,
1117 3573 1220 3612 non
1246 3558 1390 3614 licet.

713 3647 861 3702 Haec
884 3650 1222 3718 igitur-quum
1247 3652 1456 3707 illorum
1471 3653 1731 3709 librorum
1754 3655 1960 3712 indoles
1979 3658 2069 3722 sit,
2083 3667 2142 3712 ut
2169 3658 2222 3712 in
2252 3660 2318 3714 iis
2341 3661 2541 3714 veritas
2561 3677 2682 3716 cum
2709 3660 3003 3723 erroribus,
3022 3673 3157 3728 quos
3177 3672 3409 3713 eoannes
3430 3658 3624 3714 Scotus
3645 3675 3674 3713 e
3695 3659 3867 3729 philo-

639 3740 828 3807 sophia
843 3755 939 3794 sua
965 3741 1172 3810 petivit,
1197 3743 1486 3798 artiﬁciose
1513 3745 1824 3809 misceatur,
1839 3747 1964 3816 quid
1993 3748 2208 3812 mirum,
2226 3752 2366 3817 quod
2393 3750 2661 3804 Ecclesiae
2675 3750 2947 3804 antistites
2969 3748 3073 3803 tale
3097 3762 3251 3816 opus,
3290 3748 3400 3812 ubi,
3429 3763 3666 3816 eousque
3691 3749 3868 3818 negle-

639 3839 809 3895 ctum,
847 3847 878 3886 a
907 3833 1064 3888 medii
1096 3837 1212 3887 aevi
1237 3834 1523 3890 haereticis
1546 3851 1575 3890 e
1603 3835 1942 3893 bibliothecis
1986 3840 2226 3907 protrahi
2278 3849 2334 3896 et
2372 3857 2468 3909 pro
2513 3841 2660 3910 apice
2701 3840 2958 3896 scientiae
2993 3853 3056 3893 ac
3091 3837 3335 3892 veritatis
3373 3838 3638 3892 venditari
3679 3841 3871 3908 coepit,

639 3930 983 3990 respuerunt,
1008 3921 1355 3987 damnarunt,
1388 3931 1549 3992 atque
1579 3921 1848 3981 Honorius
1882 3927 2025 3995 Papa
2055 3926 2122 3981 111
2153 3929 2203 3982 id
2235 3929 2340 3997 igni
2371 3930 2780 3998 adjndicandum
2805 3942 2924 3982 esse
2948 3927 3193 3982 censuit?
3214 3923 3588 3993 Cujusbullam
3612 3927 3871 3995 integram

637 4020 697 4063 ut
728 4011 780 4062 in
814 4011 1045 4065 medium
1070 4011 1380 4076 aﬂ'cramns,
1415 4001 1500 4068 res
1529 4014 1805 4082 postulare
1835 4015 2066 4070 videtur.
2107 4017 2202 4070 Est
2227 4019 2370 4070 enim
2401 4018 2521 4071 talis
2555 4035 2568 4071 ε

706 4099 980 4154 Honorius
1000 4103 1290 4170 episcopus,
1317 4119 1494 4157 servus
1517 4121 1781 4159 servorum
1812 4105 1931 4169 Dei,
1955 4106 2351 4177 archiepiscopis
2379 4118 2425 4162 et
2449 4108 2697 4176 episcopis
2739 4116 2837 4160 et...

712 4191 961 4246 lnFmicus
985 4192 1136 4246 homo
1165 4194 1373 4246 zizania
1401 4195 1531 4248 bono
1559 4199 1742 4250 semini
1763 4199 2021 4252 seminare
2049 4215 2151 4252 non
2185 4209 2349 4252 cessat
2400 4210 2498 4252 etc.
2534 4198 2715 4268 Nuper
2733 4199 3008 4269 siquidm,
3040 4200 3173 4252 sicut
3205 4199 3350 4253 nobis
3383 4199 3691 4269 signiﬁcavit
3721 4216 3871 4253 vene-

634 4279 813 4332 rabilis
850 4279 1015 4348 frater
1041 4292 1215 4335 noster
1234 4281 1549 4337 Parisiensis
1575 4287 1862 4355 episcopus,
1887 4297 1960 4340 est
1988 4287 2198 4356 quidam
2227 4287 2374 4350 liber,
2395 4286 2690 4357 Periphysis
2730 4288 2989 4353 titulatus,
3014 4290 3267 4352 inventus,
3295 4299 3366 4341 tot
3397 4301 3598 4343 scatens
3622 4289 3872 4343 vermibus

635 4369 925 4422 baereticae
953 4371 1245 4438 prauitatis,
1272 4372 1408 4424 unde
1429 4388 1461 4424 a
1492 4373 1770 4425 uenerabili
1806 4374 1970 4440 fratre
2019 4385 2194 4428 nostra
2237 4375 2622 4445 archiepiscOpo
2655 4376 2941 4431 Senonensi
2963 4387 3010 4431 et
3040 4379 3384 4449 su/fraganeis
3412 4379 3546 4447 ejus,
3575 4380 3627 4432 in
3665 4379 3873 4446 provin-

630 4457 755 4510 ciali
789 4459 1008 4511 concilio
1034 4461 1375 4528 congregatis,
1391 4461 1540 4528 justo
1568 4473 1641 4516 est
1667 4463 1983 4531 Dcijudicio
2008 4465 2329 4533 reprobatus.
2377 4466 2514 4530 Quia
2554 4468 2713 4536 igitur
2761 4469 2920 4534 liber,
2965 4471 3096 4524 sicut
3145 4472 3446 4540 recepimus,
3491 4471 3546 4523 in
3609 4470 3872 4522 nonnullis

633 4549 960 4600 monasteriis
980 4558 1025 4601 et
1051 4549 1170 4602 aliis
1199 4550 1325 4604 locis
1346 4552 1584 4616 habetur,
1609 4563 1655 4607 et
1678 4553 1985 4608 claustrales
2012 4556 2250 4610 nonnulli
2275 4567 2324 4611 et
2358 4559 2458 4610 uiri
2475 4557 2794 4625 scholastici,
2825 4561 2941 4614 novi
2967 4570 3138 4614 tamen
3161 4562 3295 4628 forte
3312 4560 3426 4627 plus
3445 4574 3600 4626 quam
3631 4559 3868 4626 expediat

634 4645 920 4701 amotores,
939 4653 992 4690 se
1006 4638 1291 4692 studiosius
1311 4640 1528 4696 lectione
1550 4653 1802 4712 occupant
1824 4645 1951 4697 dicti
1975 4642 2418 4714 libri,’gloriosum
2444 4655 2757 4716 reputantes,
2783 4650 2990 4718 ignotas
3018 4650 3248 4718 proferre
3269 4649 3564 4710 sententias,
3590 4663 3706 4700 cum
3731 4648 3873 4717 Apo-

635 4725 800 4780 stolus
837 4728 1088 4795 profanas
1128 4730 1375 4785 novitates
1398 4732 1576 4786 doceat
1603 4737 1795 4800 vitare,
1819 4753 1911 4789 nos
1939 4737 2100 4806 juxta
2127 4737 2406 4805 pastoralis
2444 4738 2813 4794 sollicitudinis
2852 4741 3080 4794 debitum
3113 4739 3451 4809 corruptelae,
3497 4753 3656 4806 quam
3700 4749 3870 4806 posset

633 4817 864 4884 ingerere
894 4815 1024 4870 liber
1046 4818 1371 4886 hujusmodi,
1403 4838 1674 4876 occurrere
1693 4833 2008 4893 satagentes,
2039 4823 2182 4878 vobis
2209 4827 2459 4880 uniuersis
2499 4835 2551 4880 et
2591 4826 2808 4896 singulis
2847 4828 2901 4881 in
2931 4829 3115 4880 uirtute
3153 4826 3321 4878 sancti
3365 4824 3593 4894 Spiritus
3638 4825 3871 4880 districta

631 4908 992 4978 praecipiendo
1023 4912 1354 4978 mandamus,
1381 4925 1636 4983 quatenus
1661 4915 1890 4968 libellum
1924 4919 2079 4968 istum
2107 4916 2323 4971 sollicite
2347 4919 2683 4988 perquiratis,
2710 4927 2758 4972 et
2785 4919 3076 4986 ubicunque
3112 4917 3279 4986 ipsum
3319 4915 3396 4970 vel
3422 4927 3620 4985 partem
3651 4917 3764 4986 ejus
3793 4917 3872 4969 in-

631 4997 794 5050 ueniri
814 4999 1106 5066 contigerit,
1126 4999 1195 5053 ad
1221 5016 1336 5066 nos,
1359 5002 1405 5055 si
1424 5019 1601 5056 secure
1628 5004 1742 5070 ﬁeri
1767 5005 1948 5072 possit,
1971 5003 2082 5056 sine
2105 5003 2355 5058 dilatione
2375 5008 2593 5060 mittatis
2623 5005 2917 5060 solemniter
2941 5007 3376 5067 comburendum;
3403 5004 3634 5074 alioquin
3663 5022 3746 5059 vos
3773 5006 3869 5074 ipsi

630 5083 832 5151 publice
875 5084 1190 5141 comburatis
1211 5089 1448 5153 eundem,
1472 5091 1693 5144 subditis
1726 5091 1906 5144 vestris
1932 5107 2171 5158 expresse
2215 5093 2567 5163 injungentes,
2605 5105 2692 5160 ut,
2730 5095 3022 5165 quicunque
3067 5096 3302 5165 ipsorum
3346 5096 3533 5149 habent
3567 5097 3642 5149 vel
3684 5096 3869 5148 habere

631 5185 844 5246 possunt
874 5178 928 5232 in
959 5185 1065 5232 toto
1088 5178 1165 5232 vel
1191 5180 1245 5233 in
1265 5191 1412 5248 parte
1429 5181 1745 5249 exemplaria
1776 5182 1903 5235 dicti
1923 5181 2062 5244 libri,
2087 5199 2148 5235 ea
2179 5182 2323 5236 nobis
2350 5184 2597 5252 di/ferant
2627 5187 2910 5255 resignare,
2939 5185 2993 5238 in
3019 5198 3216 5249 omnes,
3264 5185 3353 5254 qui
3398 5183 3534 5236 ultra
3577 5184 3866 5252 quindecim

630 5270 761 5333 dies,
792 5279 1064 5340 postquam
1089 5271 1392 5340 Itujusmodi
1417 5272 1723 5325 mandatum
1753 5288 1842 5324 seu
1872 5272 2195 5325 denuntiatio
2221 5273 2290 5325 ad
2318 5275 2552 5327 notitiam
2591 5291 2768 5328 eorum
2808 5275 3086 5343 peruenerit
3107 5315 3122 5340 ,
3148 5273 3336 5326 librum
3373 5273 3539 5337 ipsum
3589 5281 3749 5324 totum
3777 5280 3867 5322 aut

627 5371 828 5426 partem
856 5361 1075 5415 scienter
1094 5362 1316 5416 retinere
1333 5363 1792 5430 praesumpserint,
1833 5361 2380 5416 excommunicationis
2428 5365 2734 5417 sententiam
2759 5364 3038 5418 incurrisse
3079 5374 3355 5433 notamque
3391 5361 3658 5431 pravitatis
3689 5361 3868 5412 haere-

630 5449 764 5504 ticae
787 5469 888 5507 non
918 5456 1150 5510 evadent.
1183 5458 1376 5512 Datum
1402 5459 1646 5512 Laterani
1675 5459 1870 5513 decimo
1903 5455 2168 5512 Kalendas
2199 5456 2475 5512 Februarii
2495 5468 2590 5512 etc.
2626 5459 2720 5529 (a).

705 5586 778 5656 (α)
807 5591 1109 5675 Chronicon
1140 5594 1369 5650 Alberici
1401 5597 1465 5652 ad
1498 5612 1545 5650 a.
1580 5595 1734 5662 1225,
1763 5597 1843 5651 ed.
1881 5593 2145 5648 Leibnitz.
2187 5592 2415 5671 Lipsiae;
2439 5589 2662 5645 MDCllC
2702 5606 2754 5660 p.
2795 5589 2914 5645 5M.
