  <div class='ocr_page' id='page_1' title='image "/cluster/home/n/w/nwhite01/storage/ocr_20150623/122/pst.000018028355/258.png"; bbox 0 0 4194 6276; ppageno 0'>
   <div class='ocr_carea' id='block_1_1' title="bbox 271 400 3540 474">
    <p class='ocr_par' dir='ltr' id='par_1_1' title="bbox 271 400 3540 474">
     <span class='ocr_line' id='line_1_1' title="bbox 271 400 3540 474; baseline -0.001 -7"><span class='ocrx_word' id='word_1_1' title='bbox 271 402 368 460; x_wconf 69' lang='lat' dir='ltr'><strong>ul</strong></span> <span class='ocrx_word' id='word_1_2' title='bbox 1157 413 1246 468; x_wconf 83' lang='lat' dir='ltr'><strong>DE</strong></span> <span class='ocrx_word' id='word_1_3' title='bbox 1283 415 1620 474; x_wconf 77' lang='lat' dir='ltr'><strong>DIVISIONE</strong></span> <span class='ocrx_word' id='word_1_4' title='bbox 1655 415 2004 472; x_wconf 73' lang='lat' dir='ltr'><strong>NA‘I‘URAE.</strong></span> <span class='ocrx_word' id='word_1_5' title='bbox 2039 445 2108 454; x_wconf 99' lang='lat'><strong>—</strong></span> <span class='ocrx_word' id='word_1_6' title='bbox 2143 411 2344 468; x_wconf 78' lang='lat' dir='ltr'><strong>LIBER</strong></span> <span class='ocrx_word' id='word_1_7' title='bbox 2382 409 2657 466; x_wconf 81' lang='lat' dir='ltr'><strong>PRIMUS.</strong></span> <span class='ocrx_word' id='word_1_8' title='bbox 3436 400 3540 454; x_wconf 60' lang='lat'><strong>“9</strong></span> 
     </span>
    </p>
   </div>
   <div class='ocr_carea' id='block_1_2' title="bbox 348 516 3532 594">
    <p class='ocr_par' dir='ltr' id='par_1_2' title="bbox 348 516 3532 594">
     <span class='ocr_line' id='line_1_2' title="bbox 348 516 3532 594; baseline -0.001 -23"><span class='ocrx_word' id='word_1_9' title='bbox 348 517 482 572; x_wconf 86' lang='lat' dir='ltr'><strong>Lata</strong></span> <span class='ocrx_word' id='word_1_10' title='bbox 507 521 608 575; x_wconf 87' lang='lat' dir='ltr'><strong>hac</strong></span> <span class='ocrx_word' id='word_1_11' title='bbox 643 521 910 576; x_wconf 76' lang='lat' dir='ltr'><strong>sententia</strong></span> <span class='ocrx_word' id='word_1_12' title='bbox 936 525 1308 590; x_wconf 78' lang='lat' dir='ltr'><strong>acerbissima,</strong></span> <span class='ocrx_word' id='word_1_13' title='bbox 1338 527 1479 581; x_wconf 90' lang='lat' dir='ltr'><strong>nulla</strong></span> <span class='ocrx_word' id='word_1_14' title='bbox 1505 529 1684 584; x_wconf 90' lang='lat' dir='ltr'><strong>medio</strong></span> <span class='ocrx_word' id='word_1_15' title='bbox 1711 543 1844 584; x_wconf 90' lang='lat' dir='ltr'><strong>aevo</strong></span> <span class='ocrx_word' id='word_1_16' title='bbox 1867 528 2078 582; x_wconf 89' lang='lat' dir='ltr'><strong>illorum</strong></span> <span class='ocrx_word' id='word_1_17' title='bbox 2105 527 2361 580; x_wconf 90' lang='lat' dir='ltr'><strong>librorum</strong></span> <span class='ocrx_word' id='word_1_18' title='bbox 2387 523 2842 594; x_wconf 80' lang='lat' dir='ltr'><strong>ampliusmeutio</strong></span> <span class='ocrx_word' id='word_1_19' title='bbox 2877 521 2954 576; x_wconf 86' lang='lat' dir='ltr'><strong>lit.</strong></span> <span class='ocrx_word' id='word_1_20' title='bbox 2983 521 3140 576; x_wconf 84' lang='lat' dir='ltr'><strong>Anno</strong></span> <span class='ocrx_word' id='word_1_21' title='bbox 3160 521 3374 576; x_wconf 88' lang='lat' dir='ltr'><strong>demum</strong></span> <span class='ocrx_word' id='word_1_22' title='bbox 3401 516 3532 570; x_wconf 75' lang='lat' dir='ltr'><strong>Nisi</strong></span> 
     </span>
    </p>
   </div>
   <div class='ocr_carea' id='block_1_3' title="bbox 275 607 3539 690">
    <p class='ocr_par' dir='ltr' id='par_1_3' title="bbox 275 607 3539 690">
     <span class='ocr_line' id='line_1_3' title="bbox 275 607 3539 690; baseline 0.001 -30"><span class='ocrx_word' id='word_1_23' title='bbox 275 607 596 674; x_wconf 54' lang='lat' dir='ltr'><strong>proﬁierunt</strong></span> <span class='ocrx_word' id='word_1_24' title='bbox 623 611 756 680; x_wconf 85' lang='lat' dir='ltr'><strong>typis</strong></span> <span class='ocrx_word' id='word_1_25' title='bbox 783 613 965 666; x_wconf 80' lang='lat' dir='ltr'><strong>excusi</strong></span> <span class='ocrx_word' id='word_1_26' title='bbox 996 629 1124 668; x_wconf 85' lang='lat' dir='ltr'><strong>cura</strong></span> <span class='ocrx_word' id='word_1_27' title='bbox 1154 613 1390 671; x_wconf 87' lang='lat' dir='ltr'><strong>Thomae</strong></span> <span class='ocrx_word' id='word_1_28' title='bbox 1428 617 1603 684; x_wconf 88' lang='lat' dir='ltr'><strong>Galei,</strong></span> <span class='ocrx_word' id='word_1_29' title='bbox 1633 619 1808 690; x_wconf 83' lang='lat' dir='ltr'><strong>Angli.</strong></span> <span class='ocrx_word' id='word_1_30' title='bbox 1842 618 2035 674; x_wconf 86' lang='lat' dir='ltr'><strong>Statim</strong></span> <span class='ocrx_word' id='word_1_31' title='bbox 2068 618 2332 688; x_wconf 89' lang='lat' dir='ltr'><strong>repetitur</strong></span> <span class='ocrx_word' id='word_1_32' title='bbox 2355 631 2583 671; x_wconf 82' lang='lat' dir='ltr'><strong>censura</strong></span> <span class='ocrx_word' id='word_1_33' title='bbox 2623 613 2914 668; x_wconf 81' lang='lat' dir='ltr'><strong>Ecclesiae.</strong></span> <span class='ocrx_word' id='word_1_34' title='bbox 2941 613 3076 666; x_wconf 86' lang='lat' dir='ltr'><strong>Nam</strong></span> <span class='ocrx_word' id='word_1_35' title='bbox 3099 613 3152 666; x_wconf 89' lang='lat' dir='ltr'><strong>in</strong></span> <span class='ocrx_word' id='word_1_36' title='bbox 3179 611 3354 665; x_wconf 87' lang='lat' dir='ltr'><strong>iudice</strong></span> <span class='ocrx_word' id='word_1_37' title='bbox 3377 609 3539 661; x_wconf 81' lang='lat' dir='ltr'><strong>libro-</strong></span> 
     </span>
    </p>
   </div>
   <div class='ocr_carea' id='block_1_4' title="bbox 276 698 3542 776">
    <p class='ocr_par' dir='ltr' id='par_1_4' title="bbox 276 698 3542 776">
     <span class='ocr_line' id='line_1_4' title="bbox 276 698 3542 776; baseline 0 -24"><span class='ocrx_word' id='word_1_38' title='bbox 276 715 400 753; x_wconf 88' lang='lat' dir='ltr'><strong>rum</strong></span> <span class='ocrx_word' id='word_1_39' title='bbox 432 701 820 770; x_wconf 86' lang='lat' dir='ltr'><strong>prohibitorum</strong></span> <span class='ocrx_word' id='word_1_40' title='bbox 845 704 975 758; x_wconf 86' lang='lat' dir='ltr'><strong>haec</strong></span> <span class='ocrx_word' id='word_1_41' title='bbox 1004 707 1206 774; x_wconf 82' lang='lat' dir='ltr'><strong>reperis</strong></span> <span class='ocrx_word' id='word_1_42' title='bbox 1239 724 1252 758; x_wconf 89' lang='lat'><strong>:</strong></span> <span class='ocrx_word' id='word_1_43' title='bbox 1287 706 1514 776; x_wconf 87' lang='lat' dir='ltr'><strong>Erigena</strong></span> <span class='ocrx_word' id='word_1_44' title='bbox 1538 709 1771 764; x_wconf 77' lang='lat' dir='ltr'><strong>Joannes</strong></span> <span class='ocrx_word' id='word_1_45' title='bbox 1803 709 1990 766; x_wconf 84' lang='lat' dir='ltr'><strong>Scotus</strong></span> <span class='ocrx_word' id='word_1_46' title='bbox 2019 710 2082 762; x_wconf 85' lang='lat' dir='ltr'><strong>de</strong></span> <span class='ocrx_word' id='word_1_47' title='bbox 2109 709 2370 762; x_wconf 79' lang='lat' dir='ltr'><strong>Diuisione</strong></span> <span class='ocrx_word' id='word_1_48' title='bbox 2407 715 2625 760; x_wconf 86' lang='lat' dir='ltr'><strong>naturae</strong></span> <span class='ocrx_word' id='word_1_49' title='bbox 2655 704 2774 756; x_wconf 80' lang='lat' dir='ltr'><strong>libri</strong></span> <span class='ocrx_word' id='word_1_50' title='bbox 2809 701 2873 755; x_wconf 85' lang='lat' dir='ltr'><strong>V.</strong></span> <span class='ocrx_word' id='word_1_51' title='bbox 2903 701 3110 757; x_wconf 76' lang='lat' dir='ltr'><strong>Accedit</strong></span> <span class='ocrx_word' id='word_1_52' title='bbox 3150 698 3425 770; x_wconf 71' lang='lat' dir='ltr'><strong>Appendix</strong></span> <span class='ocrx_word' id='word_1_53' title='bbox 3478 714 3542 752; x_wconf 77' lang='lat' dir='ltr'><strong>ea:</strong></span> 
     </span>
    </p>
   </div>
   <div class='ocr_carea' id='block_1_5' title="bbox 278 789 2518 870">
    <p class='ocr_par' dir='ltr' id='par_1_5' title="bbox 278 789 2518 870">
     <span class='ocr_line' id='line_1_5' title="bbox 278 789 2518 870; baseline 0.003 -28"><span class='ocrx_word' id='word_1_54' title='bbox 278 790 554 860; x_wconf 75' lang='lat' dir='ltr'><strong>Ambiguis</strong></span> <span class='ocrx_word' id='word_1_55' title='bbox 579 791 638 846; x_wconf 92' lang='lat' dir='ltr'><strong>S.</strong></span> <span class='ocrx_word' id='word_1_56' title='bbox 670 789 894 846; x_wconf 77' lang='lat' dir='ltr'><strong>Maximi</strong></span> <span class='ocrx_word' id='word_1_57' title='bbox 927 811 1111 862; x_wconf 80' lang='lat' dir='ltr'><strong>graece</strong></span> <span class='ocrx_word' id='word_1_58' title='bbox 1149 805 1196 849; x_wconf 87' lang='lat' dir='ltr'><strong>et</strong></span> <span class='ocrx_word' id='word_1_59' title='bbox 1229 795 1411 852; x_wconf 88' lang='lat' dir='ltr'><strong>latine.</strong></span> <span class='ocrx_word' id='word_1_60' title='bbox 1445 798 1719 853; x_wconf 84' lang='lat' dir='ltr'><strong>Decretum</strong></span> <span class='ocrx_word' id='word_1_61' title='bbox 1759 800 1858 853; x_wconf 85' lang='grc' dir='ltr'><strong>ΙΙΙ</strong></span> <span class='ocrx_word' id='word_1_62' title='bbox 1890 801 2058 870; x_wconf 81' lang='lat' dir='ltr'><strong>April.</strong></span> <span class='ocrx_word' id='word_1_63' title='bbox 2088 799 2143 853; x_wconf 85' lang='grc' dir='ltr'><em>Μ</em></span> <span class='ocrx_word' id='word_1_64' title='bbox 2153 795 2446 852; x_wconf 83' lang='lat' dir='ltr'><strong>DCLXXX</strong></span> <span class='ocrx_word' id='word_1_65' title='bbox 2459 795 2518 849; x_wconf 85' lang='lat' dir='ltr'><strong>V.</strong></span> 
     </span>
    </p>
   </div>
   <div class='ocr_carea' id='block_1_6' title="bbox 351 877 3543 958">
    <p class='ocr_par' dir='ltr' id='par_1_6' title="bbox 351 877 3543 958">
     <span class='ocr_line' id='line_1_6' title="bbox 351 877 3543 958; baseline -0.003 -24"><span class='ocrx_word' id='word_1_66' title='bbox 351 879 496 936; x_wconf 84' lang='lat' dir='ltr'><strong>Haec</strong></span> <span class='ocrx_word' id='word_1_67' title='bbox 523 882 684 951; x_wconf 78' lang='lat' dir='ltr'><strong>igitur</strong></span> <span class='ocrx_word' id='word_1_68' title='bbox 709 897 874 951; x_wconf 90' lang='lat' dir='ltr'><strong>quum</strong></span> <span class='ocrx_word' id='word_1_69' title='bbox 909 886 980 939; x_wconf 91' lang='lat' dir='ltr'><strong>ita</strong></span> <span class='ocrx_word' id='word_1_70' title='bbox 1009 901 1068 940; x_wconf 90' lang='lat' dir='ltr'><strong>se</strong></span> <span class='ocrx_word' id='word_1_71' title='bbox 1094 888 1360 954; x_wconf 85' lang='lat' dir='ltr'><strong>habeant,</strong></span> <span class='ocrx_word' id='word_1_72' title='bbox 1392 891 1520 958; x_wconf 90' lang='lat' dir='ltr'><strong>quid</strong></span> <span class='ocrx_word' id='word_1_73' title='bbox 1543 890 1610 943; x_wconf 93' lang='lat' dir='ltr'><strong>de</strong></span> <span class='ocrx_word' id='word_1_74' title='bbox 1645 891 1822 945; x_wconf 85' lang='lat' dir='ltr'><strong>indole</strong></span> <span class='ocrx_word' id='word_1_75' title='bbox 1857 906 1922 945; x_wconf 90' lang='lat' dir='ltr'><strong>ac</strong></span> <span class='ocrx_word' id='word_1_76' title='bbox 1953 899 2142 944; x_wconf 89' lang='lat' dir='ltr'><strong>natura</strong></span> <span class='ocrx_word' id='word_1_77' title='bbox 2187 889 2379 942; x_wconf 90' lang='lat' dir='ltr'><strong>horum</strong></span> <span class='ocrx_word' id='word_1_78' title='bbox 2427 885 2686 938; x_wconf 88' lang='lat' dir='ltr'><strong>librorum</strong></span> <span class='ocrx_word' id='word_1_79' title='bbox 2728 879 3070 936; x_wconf 89' lang='lat' dir='ltr'><strong>statuendum</strong></span> <span class='ocrx_word' id='word_1_80' title='bbox 3121 878 3223 941; x_wconf 88' lang='lat' dir='ltr'><strong>sit,</strong></span> <span class='ocrx_word' id='word_1_81' title='bbox 3269 877 3411 931; x_wconf 89' lang='lat' dir='ltr'><strong>inter</strong></span> <span class='ocrx_word' id='word_1_82' title='bbox 3453 889 3543 928; x_wconf 90' lang='lat' dir='ltr'><strong>ca-</strong></span> 
     </span>
    </p>
   </div>
   <div class='ocr_carea' id='block_1_7' title="bbox 279 969 3542 1050">
    <p class='ocr_par' dir='ltr' id='par_1_7' title="bbox 279 969 3542 1050">
     <span class='ocr_line' id='line_1_7' title="bbox 279 969 3542 1050; baseline -0.002 -26"><span class='ocrx_word' id='word_1_83' title='bbox 279 969 508 1026; x_wconf 77' lang='lat' dir='ltr'><strong>tholicos</strong></span> <span class='ocrx_word' id='word_1_84' title='bbox 539 972 758 1027; x_wconf 87' lang='lat' dir='ltr'><strong>dubium</strong></span> <span class='ocrx_word' id='word_1_85' title='bbox 789 989 914 1029; x_wconf 89' lang='lat' dir='ltr'><strong>esse</strong></span> <span class='ocrx_word' id='word_1_86' title='bbox 946 978 1152 1046; x_wconf 84' lang='lat' dir='ltr'><strong>nequit.</strong></span> <span class='ocrx_word' id='word_1_87' title='bbox 1183 977 1292 1032; x_wconf 86' lang='lat' dir='ltr'><strong>Cur</strong></span> <span class='ocrx_word' id='word_1_88' title='bbox 1321 980 1354 1032; x_wconf 94' lang='lat' dir='ltr'><strong>ii</strong></span> <span class='ocrx_word' id='word_1_89' title='bbox 1385 979 1474 1034; x_wconf 88' lang='lat' dir='ltr'><strong>hic</strong></span> <span class='ocrx_word' id='word_1_90' title='bbox 1497 979 1647 1050; x_wconf 83' lang='lat' dir='ltr'><strong>typis</strong></span> <span class='ocrx_word' id='word_1_91' title='bbox 1686 989 2018 1049; x_wconf 86' lang='lat' dir='ltr'><strong>repetantur,</strong></span> <span class='ocrx_word' id='word_1_92' title='bbox 2051 979 2102 1032; x_wconf 93' lang='lat' dir='ltr'><strong>in</strong></span> <span class='ocrx_word' id='word_1_93' title='bbox 2135 977 2421 1032; x_wconf 87' lang='lat' dir='ltr'><strong>Prooemio</strong></span> <span class='ocrx_word' id='word_1_94' title='bbox 2465 973 2795 1042; x_wconf 83' lang='lat' dir='ltr'><strong>aperuimus.</strong></span> <span class='ocrx_word' id='word_1_95' title='bbox 2855 971 3104 1041; x_wconf 84' lang='lat' dir='ltr'><strong>Systema</strong></span> <span class='ocrx_word' id='word_1_96' title='bbox 3147 979 3324 1022; x_wconf 87' lang='lat' dir='ltr'><strong>autem</strong></span> <span class='ocrx_word' id='word_1_97' title='bbox 3351 981 3542 1022; x_wconf 91' lang='lat' dir='ltr'><strong>eorum</strong></span> 
     </span>
    </p>
   </div>
   <div class='ocr_carea' id='block_1_8' title="bbox 277 1047 3594 1139">
    <p class='ocr_par' dir='ltr' id='par_1_8' title="bbox 277 1047 3594 1139">
     <span class='ocr_line' id='line_1_8' title="bbox 277 1047 3594 1139; baseline 0.001 -27"><span class='ocrx_word' id='word_1_98' title='bbox 277 1071 567 1129; x_wconf 80' lang='lat' dir='ltr'><strong>exponere,</strong></span> <span class='ocrx_word' id='word_1_99' title='bbox 597 1064 948 1134; x_wconf 86' lang='lat' dir='ltr'><strong>singulosque</strong></span> <span class='ocrx_word' id='word_1_100' title='bbox 976 1082 1193 1122; x_wconf 90' lang='lat' dir='ltr'><strong>errores</strong></span> <span class='ocrx_word' id='word_1_101' title='bbox 1218 1047 1618 1139; x_wconf 76' lang='lat' dir='ltr'><strong>perstringere,</strong></span> <span class='ocrx_word' id='word_1_102' title='bbox 1653 1047 1792 1138; x_wconf 80' lang='lat' dir='ltr'><strong>quod</strong></span> <span class='ocrx_word' id='word_1_103' title='bbox 1831 1071 1936 1126; x_wconf 85' lang='lat' dir='ltr'><strong>hoc</strong></span> <span class='ocrx_word' id='word_1_104' title='bbox 1973 1070 2092 1123; x_wconf 90' lang='lat' dir='ltr'><strong>loco</strong></span> <span class='ocrx_word' id='word_1_105' title='bbox 2138 1067 2491 1137; x_wconf 90' lang='lat' dir='ltr'><strong>supersedere</strong></span> <span class='ocrx_word' id='word_1_106' title='bbox 2541 1079 2856 1136; x_wconf 89' lang='lat' dir='ltr'><strong>possumus,</strong></span> <span class='ocrx_word' id='word_1_107' title='bbox 2901 1061 3152 1131; x_wconf 85' lang='lat' dir='ltr'><strong>scriptori</strong></span> <span class='ocrx_word' id='word_1_108' title='bbox 3195 1060 3594 1116; x_wconf 80' lang='lat' dir='ltr'><strong>Commenta-.-</strong></span> 
     </span>
    </p>
   </div>
   <div class='ocr_carea' id='block_1_9' title="bbox 279 1149 3545 1231">
    <p class='ocr_par' dir='ltr' id='par_1_9' title="bbox 279 1149 3545 1231">
     <span class='ocr_line' id='line_1_9' title="bbox 279 1149 3545 1231; baseline 0.002 -29"><span class='ocrx_word' id='word_1_109' title='bbox 279 1149 441 1204; x_wconf 86' lang='lat' dir='ltr'><strong>tionis</strong></span> <span class='ocrx_word' id='word_1_110' title='bbox 469 1152 535 1205; x_wconf 91' lang='lat' dir='ltr'><strong>de</strong></span> <span class='ocrx_word' id='word_1_111' title='bbox 564 1151 776 1208; x_wconf 79' lang='lat' dir='ltr'><strong>Joanne</strong></span> <span class='ocrx_word' id='word_1_112' title='bbox 805 1153 971 1210; x_wconf 89' lang='lat' dir='ltr'><strong>Scoto</strong></span> <span class='ocrx_word' id='word_1_113' title='bbox 993 1172 1151 1228; x_wconf 88' lang='lat' dir='ltr'><strong>supra</strong></span> <span class='ocrx_word' id='word_1_114' title='bbox 1183 1159 1478 1228; x_wconf 83' lang='lat' dir='ltr'><strong>impressae</strong></span> <span class='ocrx_word' id='word_1_115' title='bbox 1516 1164 1740 1217; x_wconf 86' lang='lat' dir='ltr'><strong>debetur</strong></span> <span class='ocrx_word' id='word_1_116' title='bbox 1764 1178 1778 1216; x_wconf 89' lang='lat'><strong>:</strong></span> <span class='ocrx_word' id='word_1_117' title='bbox 1807 1161 1958 1231; x_wconf 85' lang='lat' dir='ltr'><strong>cujus</strong></span> <span class='ocrx_word' id='word_1_118' title='bbox 1985 1161 2050 1216; x_wconf 88' lang='lat' dir='ltr'><strong>ad</strong></span> <span class='ocrx_word' id='word_1_119' title='bbox 2077 1172 2287 1230; x_wconf 88' lang='lat' dir='ltr'><strong>partem</strong></span> <span class='ocrx_word' id='word_1_120' title='bbox 2331 1159 2556 1214; x_wconf 86' lang='lat' dir='ltr'><strong>alteram</strong></span> <span class='ocrx_word' id='word_1_121' title='bbox 2575 1197 2589 1222; x_wconf 91' lang='lat'><strong>,</strong></span> <span class='ocrx_word' id='word_1_122' title='bbox 2615 1173 2752 1226; x_wconf 89' lang='lat' dir='ltr'><strong>quae</strong></span> <span class='ocrx_word' id='word_1_123' title='bbox 2800 1157 2853 1210; x_wconf 90' lang='lat' dir='ltr'><strong>in</strong></span> <span class='ocrx_word' id='word_1_124' title='bbox 2905 1156 3008 1210; x_wconf 84' lang='lat' dir='ltr'><strong>hoc</strong></span> <span class='ocrx_word' id='word_1_125' title='bbox 3053 1165 3371 1226; x_wconf 86' lang='lat' dir='ltr'><strong>argumento</strong></span> <span class='ocrx_word' id='word_1_126' title='bbox 3401 1153 3545 1208; x_wconf 88' lang='lat' dir='ltr'><strong>inte-</strong></span> 
     </span>
    </p>
   </div>
   <div class='ocr_carea' id='block_1_10' title="bbox 279 1252 1832 1325">
    <p class='ocr_par' dir='ltr' id='par_1_10' title="bbox 279 1252 1832 1325">
     <span class='ocr_line' id='line_1_10' title="bbox 279 1252 1832 1325; baseline 0.01 -32"><span class='ocrx_word' id='word_1_127' title='bbox 279 1257 371 1311; x_wconf 81' lang='lat' dir='ltr'><strong>gra</strong></span> <span class='ocrx_word' id='word_1_128' title='bbox 407 1252 678 1308; x_wconf 83' lang='lat' dir='ltr'><strong>versatur,</strong></span> <span class='ocrx_word' id='word_1_129' title='bbox 710 1261 780 1298; x_wconf 93' lang='lat' dir='ltr'><strong>ne</strong></span> <span class='ocrx_word' id='word_1_130' title='bbox 815 1255 934 1300; x_wconf 89' lang='lat' dir='ltr'><strong>acta</strong></span> <span class='ocrx_word' id='word_1_131' title='bbox 975 1264 1135 1318; x_wconf 85' lang='lat' dir='ltr'><strong>agere</strong></span> <span class='ocrx_word' id='word_1_132' title='bbox 1179 1252 1473 1317; x_wconf 80' lang='lat' dir='ltr'><strong>videamur,</strong></span> <span class='ocrx_word' id='word_1_133' title='bbox 1506 1254 1832 1325; x_wconf 78' lang='lat' dir='ltr'><strong>delegamus.</strong></span> 
     </span>
    </p>
   </div>
   <div class='ocr_carea' id='block_1_11' title="bbox 349 1329 3547 1414">
    <p class='ocr_par' dir='ltr' id='par_1_11' title="bbox 349 1329 3547 1414">
     <span class='ocr_line' id='line_1_11' title="bbox 349 1329 3547 1414; baseline 0.003 -28"><span class='ocrx_word' id='word_1_134' title='bbox 349 1329 652 1388; x_wconf 83' lang='lat' dir='ltr'><strong>Guilelmus</strong></span> <span class='ocrx_word' id='word_1_135' title='bbox 701 1335 1192 1394; x_wconf 78' lang='lat' dir='ltr'><strong>Malmesburieusis</strong></span> <span class='ocrx_word' id='word_1_136' title='bbox 1231 1357 1367 1409; x_wconf 82' lang='lat' dir='ltr'><strong>opus</strong></span> <span class='ocrx_word' id='word_1_137' title='bbox 1411 1343 1537 1396; x_wconf 91' lang='lat' dir='ltr'><strong>illud</strong></span> <span class='ocrx_word' id='word_1_138' title='bbox 1579 1345 1850 1412; x_wconf 86' lang='lat' dir='ltr'><strong>praedicat</strong></span> <span class='ocrx_word' id='word_1_139' title='bbox 1887 1355 2096 1414; x_wconf 70' lang='lat' dir='ltr'><strong>promer</strong></span> <span class='ocrx_word' id='word_1_140' title='bbox 2138 1342 2526 1413; x_wconf 75' lang='lat' dir='ltr'><strong>perplexitatem</strong></span> <span class='ocrx_word' id='word_1_141' title='bbox 2567 1342 2902 1412; x_wconf 87' lang='lat' dir='ltr'><strong>quarundam</strong></span> <span class='ocrx_word' id='word_1_142' title='bbox 2928 1343 3287 1411; x_wconf 80' lang='lat' dir='ltr'><strong>quaestionum</strong></span> <span class='ocrx_word' id='word_1_143' title='bbox 3342 1340 3547 1400; x_wconf 69' lang='lat' dir='ltr'><strong>solven-</strong></span> 
     </span>
    </p>
   </div>
   <div class='ocr_carea' id='block_1_12' title="bbox 281 1422 3548 1506">
    <p class='ocr_par' dir='ltr' id='par_1_12' title="bbox 281 1422 3548 1506">
     <span class='ocr_line' id='line_1_12' title="bbox 281 1422 3548 1506; baseline 0.004 -32"><span class='ocrx_word' id='word_1_144' title='bbox 281 1422 407 1474; x_wconf 87' lang='lat' dir='ltr'><strong>dam</strong></span> <span class='ocrx_word' id='word_1_145' title='bbox 439 1424 564 1476; x_wconf 83' lang='lat' dir='ltr'><strong>bene</strong></span> <span class='ocrx_word' id='word_1_146' title='bbox 583 1425 739 1489; x_wconf 81' lang='lat' dir='ltr'><strong>utile;</strong></span> <span class='ocrx_word' id='word_1_147' title='bbox 770 1428 862 1480; x_wconf 88' lang='lat' dir='ltr'><strong>sed</strong></span> <span class='ocrx_word' id='word_1_148' title='bbox 888 1429 1034 1481; x_wconf 88' lang='lat' dir='ltr'><strong>addit</strong></span> <span class='ocrx_word' id='word_1_149' title='bbox 1061 1445 1075 1482; x_wconf 90' lang='lat'><strong>:</strong></span> <span class='ocrx_word' id='word_1_150' title='bbox 1104 1431 1151 1482; x_wconf 79' lang='lat' dir='ltr'><strong>si</strong></span> <span class='ocrx_word' id='word_1_151' title='bbox 1175 1441 1348 1484; x_wconf 88' lang='lat' dir='ltr'><strong>tamen</strong></span> <span class='ocrx_word' id='word_1_152' title='bbox 1376 1433 1676 1502; x_wconf 69' lang='lat' dir='ltr'><strong>ignoscatur</strong></span> <span class='ocrx_word' id='word_1_153' title='bbox 1701 1437 1748 1488; x_wconf 86' lang='lat' dir='ltr'><strong>ei</strong></span> <span class='ocrx_word' id='word_1_154' title='bbox 1777 1434 1989 1506; x_wconf 78' lang='lat' dir='ltr'><strong>(Joanni</strong></span> <span class='ocrx_word' id='word_1_155' title='bbox 2025 1437 2210 1506; x_wconf 81' lang='lat' dir='ltr'><strong>Scoto)</strong></span> <span class='ocrx_word' id='word_1_156' title='bbox 2238 1436 2292 1488; x_wconf 90' lang='lat' dir='ltr'><strong>in</strong></span> <span class='ocrx_word' id='word_1_157' title='bbox 2318 1434 2654 1506; x_wconf 81' lang='lat' dir='ltr'><strong>quibusdam,</strong></span> <span class='ocrx_word' id='word_1_158' title='bbox 2685 1434 2869 1503; x_wconf 79' lang='lat' dir='ltr'><strong>quibus</strong></span> <span class='ocrx_word' id='word_1_159' title='bbox 2901 1452 2933 1486; x_wconf 90' lang='lat' dir='ltr'><strong>a</strong></span> <span class='ocrx_word' id='word_1_160' title='bbox 2977 1432 3285 1486; x_wconf 87' lang='lat' dir='ltr'><strong>Latinorum</strong></span> <span class='ocrx_word' id='word_1_161' title='bbox 3338 1435 3548 1486; x_wconf 81' lang='lat' dir='ltr'><strong>tramite</strong></span> 
     </span>
    </p>
   </div>
   <div class='ocr_carea' id='block_1_13' title="bbox 281 1513 3546 1594">
    <p class='ocr_par' dir='ltr' id='par_1_13' title="bbox 281 1513 3546 1594">
     <span class='ocr_line' id='line_1_13' title="bbox 281 1513 3546 1594; baseline 0.003 -29"><span class='ocrx_word' id='word_1_162' title='bbox 281 1513 542 1578; x_wconf 79' lang='lat' dir='ltr'><strong>deviavit,</strong></span> <span class='ocrx_word' id='word_1_163' title='bbox 571 1513 771 1566; x_wconf 86' lang='lat' dir='ltr'><strong>dumin</strong></span> <span class='ocrx_word' id='word_1_164' title='bbox 798 1514 1020 1570; x_wconf 74' lang='lat' dir='ltr'><strong>Graecos</strong></span> <span class='ocrx_word' id='word_1_165' title='bbox 1059 1519 1250 1571; x_wconf 86' lang='lat' dir='ltr'><strong>acriter</strong></span> <span class='ocrx_word' id='word_1_166' title='bbox 1273 1522 1451 1574; x_wconf 77' lang='lat' dir='ltr'><strong>oculos</strong></span> <span class='ocrx_word' id='word_1_167' title='bbox 1481 1523 1722 1577; x_wconf 84' lang='lat' dir='ltr'><strong>intendit.</strong></span> <span class='ocrx_word' id='word_1_168' title='bbox 1774 1523 2102 1594; x_wconf 83' lang='lat' dir='ltr'><strong>Quapropter</strong></span> <span class='ocrx_word' id='word_1_169' title='bbox 2145 1535 2194 1578; x_wconf 89' lang='lat' dir='ltr'><strong>et</strong></span> <span class='ocrx_word' id='word_1_170' title='bbox 2240 1525 2529 1578; x_wconf 80' lang='lat' dir='ltr'><strong>haereticus</strong></span> <span class='ocrx_word' id='word_1_171' title='bbox 2574 1533 2786 1578; x_wconf 72' lang='lat' dir='ltr'><strong>vittatus</strong></span> <span class='ocrx_word' id='word_1_172' title='bbox 2829 1535 2971 1577; x_wconf 86' lang='lat' dir='ltr'><strong>est...</strong></span> <span class='ocrx_word' id='word_1_173' title='bbox 3011 1523 3146 1577; x_wconf 86' lang='lat' dir='ltr'><strong>Sunt</strong></span> <span class='ocrx_word' id='word_1_174' title='bbox 3189 1526 3326 1576; x_wconf 88' lang='lat' dir='ltr'><strong>enim</strong></span> <span class='ocrx_word' id='word_1_175' title='bbox 3369 1541 3546 1577; x_wconf 79' lang='lat' dir='ltr'><strong>revera</strong></span> 
     </span>
    </p>
   </div>
   <div class='ocr_carea' id='block_1_14' title="bbox 282 1599 3539 1681">
    <p class='ocr_par' dir='ltr' id='par_1_14' title="bbox 282 1599 3539 1681">
     <span class='ocr_line' id='line_1_14' title="bbox 282 1599 3539 1681; baseline 0.004 -29"><span class='ocrx_word' id='word_1_176' title='bbox 282 1601 341 1654; x_wconf 85' lang='lat' dir='ltr'><strong>in</strong></span> <span class='ocrx_word' id='word_1_177' title='bbox 393 1601 526 1654; x_wconf 87' lang='lat' dir='ltr'><strong>libro</strong></span> <span class='ocrx_word' id='word_1_178' title='bbox 573 1599 698 1654; x_wconf 83' lang='lat' dir='ltr'><strong>Peri</strong></span> <span class='ocrx_word' id='word_1_179' title='bbox 723 1603 941 1671; x_wconf 81' lang='lat' dir='ltr'><strong>physion</strong></span> <span class='ocrx_word' id='word_1_180' title='bbox 969 1604 1312 1674; x_wconf 77' lang='lat' dir='ltr'><strong>perplurima,</strong></span> <span class='ocrx_word' id='word_1_181' title='bbox 1343 1625 1498 1678; x_wconf 82' lang='lat' dir='ltr'><strong>quae,</strong></span> <span class='ocrx_word' id='word_1_182' title='bbox 1545 1611 1646 1665; x_wconf 77' lang='lat' dir='ltr'><strong>nisi</strong></span> <span class='ocrx_word' id='word_1_183' title='bbox 1671 1611 1945 1681; x_wconf 83' lang='lat' dir='ltr'><strong>diligenter</strong></span> <span class='ocrx_word' id='word_1_184' title='bbox 1991 1613 2363 1676; x_wconf 78' lang='lat' dir='ltr'><strong>discutiantur,</strong></span> <span class='ocrx_word' id='word_1_185' title='bbox 2396 1630 2428 1664; x_wconf 88' lang='lat' dir='ltr'><strong>a</strong></span> <span class='ocrx_word' id='word_1_186' title='bbox 2461 1612 2566 1678; x_wconf 81' lang='lat' dir='ltr'><strong>ﬁde</strong></span> <span class='ocrx_word' id='word_1_187' title='bbox 2595 1611 2851 1666; x_wconf 84' lang='lat' dir='ltr'><strong>catholica</strong></span> <span class='ocrx_word' id='word_1_188' title='bbox 2878 1613 3208 1666; x_wconf 86' lang='lat' dir='ltr'><strong>abhorrentia</strong></span> <span class='ocrx_word' id='word_1_189' title='bbox 3239 1612 3539 1667; x_wconf 85' lang='lat' dir='ltr'><strong>videantur.</strong></span> 
     </span>
    </p>
   </div>
   <div class='ocr_carea' id='block_1_15' title="bbox 277 1688 3548 1776">
    <p class='ocr_par' dir='ltr' id='par_1_15' title="bbox 277 1688 3548 1776">
     <span class='ocr_line' id='line_1_15' title="bbox 277 1688 3548 1776; baseline 0.004 -33"><span class='ocrx_word' id='word_1_190' title='bbox 277 1689 482 1756; x_wconf 81' lang='lat' dir='ltr'><strong>Anglus</strong></span> <span class='ocrx_word' id='word_1_191' title='bbox 505 1704 631 1743; x_wconf 92' lang='lat' dir='ltr'><strong>cum</strong></span> <span class='ocrx_word' id='word_1_192' title='bbox 663 1688 822 1742; x_wconf 85' lang='lat' dir='ltr'><strong>Scuto</strong></span> <span class='ocrx_word' id='word_1_193' title='bbox 859 1689 1053 1745; x_wconf 81' lang='lat' dir='ltr'><strong>leniter</strong></span> <span class='ocrx_word' id='word_1_194' title='bbox 1075 1708 1235 1762; x_wconf 88' lang='lat' dir='ltr'><strong>agere</strong></span> <span class='ocrx_word' id='word_1_195' title='bbox 1267 1695 1496 1750; x_wconf 87' lang='lat' dir='ltr'><strong>videtur.</strong></span> <span class='ocrx_word' id='word_1_196' title='bbox 1527 1696 1719 1752; x_wconf 87' lang='lat' dir='ltr'><strong>Libros</strong></span> <span class='ocrx_word' id='word_1_197' title='bbox 1745 1714 1873 1752; x_wconf 85' lang='lat' dir='ltr'><strong>vero</strong></span> <span class='ocrx_word' id='word_1_198' title='bbox 1898 1704 2016 1776; x_wconf 74' lang='grc' dir='ltr'><strong>περὶ</strong></span> <span class='ocrx_word' id='word_1_199' title='bbox 2046 1702 2247 1760; x_wconf 77' lang='grc' dir='ltr'><strong>Φύσεως</strong></span> <span class='ocrx_word' id='word_1_200' title='bbox 2272 1705 2528 1773; x_wconf 76' lang='grc' dir='ltr'><strong>μερισμοῦ</strong></span> <span class='ocrx_word' id='word_1_201' title='bbox 2557 1699 2600 1752; x_wconf 92' lang='lat' dir='ltr'><strong>si</strong></span> <span class='ocrx_word' id='word_1_202' title='bbox 2645 1707 2846 1753; x_wconf 90' lang='lat' dir='ltr'><strong>attente</strong></span> <span class='ocrx_word' id='word_1_203' title='bbox 2882 1701 3174 1770; x_wconf 70' lang='lat' dir='ltr'><strong>perleget-is</strong></span> <span class='ocrx_word' id='word_1_204' title='bbox 3197 1741 3211 1764; x_wconf 92' lang='lat'><strong>,</strong></span> <span class='ocrx_word' id='word_1_205' title='bbox 3257 1701 3350 1754; x_wconf 89' lang='lat' dir='ltr'><strong>tibi</strong></span> <span class='ocrx_word' id='word_1_206' title='bbox 3384 1702 3548 1756; x_wconf 85' lang='lat' dir='ltr'><strong>facile</strong></span> 
     </span>
    </p>
   </div>
   <div class='ocr_carea' id='block_1_16' title="bbox 275 1781 3537 1862">
    <p class='ocr_par' dir='ltr' id='par_1_16' title="bbox 275 1781 3537 1862">
     <span class='ocr_line' id='line_1_16' title="bbox 275 1781 3537 1862; baseline 0.004 -30"><span class='ocrx_word' id='word_1_207' title='bbox 275 1781 648 1850; x_wconf 88' lang='lat' dir='ltr'><strong>persuadebis,</strong></span> <span class='ocrx_word' id='word_1_208' title='bbox 676 1795 914 1848; x_wconf 90' lang='lat' dir='ltr'><strong>errores,</strong></span> <span class='ocrx_word' id='word_1_209' title='bbox 953 1799 1088 1853; x_wconf 87' lang='lat' dir='ltr'><strong>quos</strong></span> <span class='ocrx_word' id='word_1_210' title='bbox 1120 1783 1172 1838; x_wconf 88' lang='lat' dir='ltr'><strong>in</strong></span> <span class='ocrx_word' id='word_1_211' title='bbox 1207 1784 1344 1840; x_wconf 93' lang='lat' dir='ltr'><strong>libro</strong></span> <span class='ocrx_word' id='word_1_212' title='bbox 1390 1787 1458 1841; x_wconf 90' lang='lat' dir='ltr'><strong>de</strong></span> <span class='ocrx_word' id='word_1_213' title='bbox 1487 1785 1986 1846; x_wconf 88' lang='lat' dir='ltr'><strong>Praedestinatione</strong></span> <span class='ocrx_word' id='word_1_214' title='bbox 2039 1792 2422 1862; x_wconf 77' lang='lat' dir='ltr'><strong>cognovimus,</strong></span> <span class='ocrx_word' id='word_1_215' title='bbox 2471 1805 2540 1844; x_wconf 83' lang='lat' dir='ltr'><strong>ex</strong></span> <span class='ocrx_word' id='word_1_216' title='bbox 2584 1790 2796 1844; x_wconf 90' lang='lat' dir='ltr'><strong>illorum</strong></span> <span class='ocrx_word' id='word_1_217' title='bbox 2827 1800 3122 1862; x_wconf 89' lang='lat' dir='ltr'><strong>systemate</strong></span> <span class='ocrx_word' id='word_1_218' title='bbox 3153 1792 3304 1862; x_wconf 89' lang='lat' dir='ltr'><strong>quasi</strong></span> <span class='ocrx_word' id='word_1_219' title='bbox 3346 1801 3537 1860; x_wconf 86' lang='lat' dir='ltr'><strong>sponte</strong></span> 
     </span>
    </p>
   </div>
   <div class='ocr_carea' id='block_1_17' title="bbox 279 1868 590 1936">
    <p class='ocr_par' dir='ltr' id='par_1_17' title="bbox 279 1868 590 1936">
     <span class='ocr_line' id='line_1_17' title="bbox 279 1868 590 1936; baseline 0.006 -17"><span class='ocrx_word' id='word_1_220' title='bbox 279 1868 590 1936; x_wconf 85' lang='lat' dir='ltr'><strong>procedere.</strong></span> 
     </span>
    </p>
   </div>
   <div class='ocr_carea' id='block_1_18' title="bbox 286 2047 2572 2084">
    <p class='ocr_par' dir='ltr' id='par_1_18' title="bbox 286 2047 2572 2084">
     <span class='ocr_line' id='line_1_18' title="bbox 286 2047 2572 2084; baseline 0.001 -16"><span class='ocrx_word' id='word_1_221' title='bbox 286 2047 2572 2084; x_wconf 47' lang='lat' dir='ltr'>MM</span> 
     </span>
    </p>
   </div>
   <div class='ocr_carea' id='block_1_19' title="bbox 1479 2204 2347 2256">
    <p class='ocr_par' dir='ltr' id='par_1_19' title="bbox 1479 2204 2347 2256">
     <span class='ocr_line' id='line_1_19' title="bbox 1479 2204 2347 2256; baseline 0 -2"><span class='ocrx_word' id='word_1_222' title='bbox 1479 2204 1642 2256; x_wconf 79' lang='grc' dir='ltr'><strong>ΠΕΡΙ</strong></span> <span class='ocrx_word' id='word_1_223' title='bbox 1677 2206 1938 2256; x_wconf 69' lang='grc' dir='ltr'><strong>ΦΥΣΕΩΣ</strong></span> <span class='ocrx_word' id='word_1_224' title='bbox 1976 2209 2024 2255; x_wconf 82' lang='grc' dir='ltr'><strong>Μ</strong></span> <span class='ocrx_word' id='word_1_225' title='bbox 2037 2207 2347 2256; x_wconf 80' lang='grc' dir='ltr'><strong>ΕΡΙΣΜΟΥ</strong></span> 
     </span>
    </p>
   </div>
   <div class='ocr_carea' id='block_1_20' title="bbox 1769 2377 2040 2423">
    <p class='ocr_par' dir='ltr' id='par_1_20' title="bbox 1769 2377 2040 2423">
     <span class='ocr_line' id='line_1_20' title="bbox 1769 2377 2040 2423; baseline 0.018 -5"><span class='ocrx_word' id='word_1_226' title='bbox 1769 2377 1848 2418; x_wconf 86' lang='lat' dir='ltr'><strong>ID</strong></span> <span class='ocrx_word' id='word_1_227' title='bbox 1905 2381 2040 2423; x_wconf 81' lang='lat' dir='ltr'><strong>EST</strong></span> 
     </span>
    </p>
   </div>
   <div class='ocr_carea' id='block_1_21' title="bbox 863 2537 2944 2690">
    <p class='ocr_par' dir='ltr' id='par_1_21' title="bbox 863 2537 2944 2690">
     <span class='ocr_line' id='line_1_21' title="bbox 863 2537 2944 2690; baseline 0.004 -38"><span class='ocrx_word' id='word_1_228' title='bbox 863 2543 1061 2654; x_wconf 91' lang='lat' dir='ltr'><strong>DE</strong></span> <span class='ocrx_word' id='word_1_229' title='bbox 1161 2537 2056 2690; x_wconf 85' lang='lat' dir='ltr'><strong>DIVlSlONE</strong></span> <span class='ocrx_word' id='word_1_230' title='bbox 2131 2545 2944 2661; x_wconf 82' lang='lat' dir='ltr'><strong>NA&#39;I‘URAE.</strong></span> 
     </span>
    </p>
   </div>
   <div class='ocr_carea' id='block_1_22' title="bbox 1509 2875 2293 2964">
    <p class='ocr_par' dir='ltr' id='par_1_22' title="bbox 1509 2875 2293 2964">
     <span class='ocr_line' id='line_1_22' title="bbox 1509 2875 2293 2964; baseline 0.005 -4"><span class='ocrx_word' id='word_1_231' title='bbox 1509 2883 1806 2961; x_wconf 82' lang='lat' dir='ltr'><strong>LIBER</strong></span> <span class='ocrx_word' id='word_1_232' title='bbox 1880 2875 2293 2964; x_wconf 75' lang='lat' dir='ltr'><strong>PRIMUSI</strong></span> 
     </span>
    </p>
   </div>
   <div class='ocr_carea' id='block_1_23' title="bbox 355 3167 3550 3241">
    <p class='ocr_par' dir='ltr' id='par_1_23' title="bbox 355 3167 3550 3241">
     <span class='ocr_line' id='line_1_23' title="bbox 355 3167 3550 3241; baseline 0.003 -17"><span class='ocrx_word' id='word_1_233' title='bbox 355 3169 656 3225; x_wconf 70' lang='lat' dir='ltr'><strong>Maelsrsn.</strong></span> <span class='ocrx_word' id='word_1_234' title='bbox 716 3170 888 3239; x_wconf 84' lang='lat' dir='ltr'><strong>Saepe</strong></span> <span class='ocrx_word' id='word_1_235' title='bbox 942 3170 1072 3224; x_wconf 83' lang='lat' dir='ltr'><strong>mihi</strong></span> <span class='ocrx_word' id='word_1_236' title='bbox 1129 3169 1406 3241; x_wconf 78' lang='lat' dir='ltr'><strong>cogitanti,</strong></span> <span class='ocrx_word' id='word_1_237' title='bbox 1442 3167 1856 3240; x_wconf 77' lang='lat' dir='ltr'><strong>diligentiusque</strong></span> <span class='ocrx_word' id='word_1_238' title='bbox 1885 3179 1932 3236; x_wconf 78' lang='grc' dir='ltr'><strong>Α</strong></span> <span class='ocrx_word' id='word_1_239' title='bbox 1961 3177 2218 3238; x_wconf 81' lang='lat' dir='ltr'><strong>quattuor</strong></span> <span class='ocrx_word' id='word_1_240' title='bbox 2243 3167 2404 3222; x_wconf 87' lang='lat' dir='ltr'><strong>binae</strong></span> <span class='ocrx_word' id='word_1_241' title='bbox 2431 3169 2530 3224; x_wconf 90' lang='lat' dir='ltr'><strong>sibi</strong></span> <span class='ocrx_word' id='word_1_242' title='bbox 2567 3169 2796 3224; x_wconf 89' lang='lat' dir='ltr'><strong>invicem</strong></span> <span class='ocrx_word' id='word_1_243' title='bbox 2827 3181 3204 3240; x_wconf 86' lang='lat' dir='ltr'><strong>opponuntur;</strong></span> <span class='ocrx_word' id='word_1_244' title='bbox 3239 3189 3360 3228; x_wconf 88' lang='lat' dir='ltr'><strong>nam</strong></span> <span class='ocrx_word' id='word_1_245' title='bbox 3394 3177 3550 3232; x_wconf 86' lang='lat' dir='ltr'><strong>tertia</strong></span> 
     </span>
    </p>
   </div>
   <div class='ocr_carea' id='block_1_24' title="bbox 277 3261 1856 3332">
    <p class='ocr_par' dir='ltr' id='par_1_24' title="bbox 277 3261 1856 3332">
     <span class='ocr_line' id='line_1_24' title="bbox 277 3261 1856 3332; baseline 0.003 -19"><span class='ocrx_word' id='word_1_246' title='bbox 277 3271 546 3330; x_wconf 81' lang='lat' dir='ltr'><strong>quantum</strong></span> <span class='ocrx_word' id='word_1_247' title='bbox 572 3261 716 3314; x_wconf 88' lang='lat' dir='ltr'><strong>vires</strong></span> <span class='ocrx_word' id='word_1_248' title='bbox 743 3271 1030 3330; x_wconf 87' lang='lat' dir='ltr'><strong>suppetunt</strong></span> <span class='ocrx_word' id='word_1_249' title='bbox 1061 3262 1374 3332; x_wconf 85' lang='lat' dir='ltr'><strong>inquirenti,</strong></span> <span class='ocrx_word' id='word_1_250' title='bbox 1393 3277 1570 3317; x_wconf 87' lang='lat' dir='ltr'><strong>rerum</strong></span> <span class='ocrx_word' id='word_1_251' title='bbox 1591 3265 1856 3326; x_wconf 89' lang='lat' dir='ltr'><strong>omnium,</strong></span> 
     </span>
    </p>
   </div>
   <div class='ocr_carea' id='block_1_25' title="bbox 273 3352 1858 3424">
    <p class='ocr_par' dir='ltr' id='par_1_25' title="bbox 273 3352 1858 3424">
     <span class='ocr_line' id='line_1_25' title="bbox 273 3352 1858 3424; baseline 0.003 -20"><span class='ocrx_word' id='word_1_252' title='bbox 273 3365 420 3420; x_wconf 85' lang='lat' dir='ltr'><strong>quae</strong></span> <span class='ocrx_word' id='word_1_253' title='bbox 455 3352 536 3405; x_wconf 89' lang='lat' dir='ltr'><strong>vel</strong></span> <span class='ocrx_word' id='word_1_254' title='bbox 569 3353 752 3406; x_wconf 87' lang='lat' dir='ltr'><strong>animo</strong></span> <span class='ocrx_word' id='word_1_255' title='bbox 807 3353 1006 3424; x_wconf 88' lang='lat' dir='ltr'><strong>percipi</strong></span> <span class='ocrx_word' id='word_1_256' title='bbox 1070 3363 1314 3424; x_wconf 88' lang='lat' dir='ltr'><strong>possunt,</strong></span> <span class='ocrx_word' id='word_1_257' title='bbox 1370 3355 1450 3409; x_wconf 85' lang='lat' dir='ltr'><strong>vel</strong></span> <span class='ocrx_word' id='word_1_258' title='bbox 1503 3356 1858 3411; x_wconf 86' lang='lat' dir='ltr'><strong>intentionem</strong></span> 
     </span>
    </p>
   </div>
   <div class='ocr_carea' id='block_1_26' title="bbox 273 3439 1862 3516">
    <p class='ocr_par' dir='ltr' id='par_1_26' title="bbox 273 3439 1862 3516">
     <span class='ocr_line' id='line_1_26' title="bbox 273 3439 1862 3516; baseline 0.004 -22"><span class='ocrx_word' id='word_1_259' title='bbox 273 3439 396 3508; x_wconf 86' lang='lat' dir='ltr'><strong>ejus</strong></span> <span class='ocrx_word' id='word_1_260' title='bbox 427 3450 704 3510; x_wconf 87' lang='lat' dir='ltr'><strong>superant,</strong></span> <span class='ocrx_word' id='word_1_261' title='bbox 728 3443 957 3512; x_wconf 86' lang='lat' dir='ltr'><strong>primam</strong></span> <span class='ocrx_word' id='word_1_262' title='bbox 987 3459 1363 3516; x_wconf 88' lang='lat' dir='ltr'><strong>summamque</strong></span> <span class='ocrx_word' id='word_1_263' title='bbox 1391 3444 1712 3502; x_wconf 85' lang='lat' dir='ltr'><strong>divisionem</strong></span> <span class='ocrx_word' id='word_1_264' title='bbox 1741 3459 1862 3500; x_wconf 86' lang='lat' dir='ltr'><strong>esse</strong></span> 
     </span>
    </p>
   </div>
   <div class='ocr_carea' id='block_1_27' title="bbox 277 3531 1858 3604">
    <p class='ocr_par' dir='ltr' id='par_1_27' title="bbox 277 3531 1858 3604">
     <span class='ocr_line' id='line_1_27' title="bbox 277 3531 1858 3604; baseline 0.003 -20"><span class='ocrx_word' id='word_1_265' title='bbox 277 3531 332 3586; x_wconf 87' lang='lat' dir='ltr'><strong>in</strong></span> <span class='ocrx_word' id='word_1_266' title='bbox 367 3546 432 3586; x_wconf 90' lang='lat' dir='ltr'><strong>ea</strong></span> <span class='ocrx_word' id='word_1_267' title='bbox 461 3545 598 3600; x_wconf 87' lang='lat' dir='ltr'><strong>quae</strong></span> <span class='ocrx_word' id='word_1_268' title='bbox 623 3541 769 3594; x_wconf 88' lang='lat' dir='ltr'><strong>sunt,</strong></span> <span class='ocrx_word' id='word_1_269' title='bbox 801 3541 858 3588; x_wconf 89' lang='lat' dir='ltr'><strong>et</strong></span> <span class='ocrx_word' id='word_1_270' title='bbox 899 3534 950 3587; x_wconf 91' lang='lat' dir='ltr'><strong>in</strong></span> <span class='ocrx_word' id='word_1_271' title='bbox 998 3549 1062 3588; x_wconf 87' lang='lat' dir='ltr'><strong>ea</strong></span> <span class='ocrx_word' id='word_1_272' title='bbox 1107 3549 1247 3604; x_wconf 88' lang='lat' dir='ltr'><strong>quae</strong></span> <span class='ocrx_word' id='word_1_273' title='bbox 1297 3549 1404 3590; x_wconf 90' lang='lat' dir='ltr'><strong>non</strong></span> <span class='ocrx_word' id='word_1_274' title='bbox 1453 3543 1610 3600; x_wconf 88' lang='lat' dir='ltr'><strong>sunt,</strong></span> <span class='ocrx_word' id='word_1_275' title='bbox 1667 3537 1858 3590; x_wconf 83' lang='lat' dir='ltr'><strong>horum</strong></span> 
     </span>
    </p>
   </div>
   <div class='ocr_carea' id='block_1_28' title="bbox 274 3623 1862 3698">
    <p class='ocr_par' dir='ltr' id='par_1_28' title="bbox 274 3623 1862 3698">
     <span class='ocr_line' id='line_1_28' title="bbox 274 3623 1862 3698; baseline 0.003 -22"><span class='ocrx_word' id='word_1_276' title='bbox 274 3623 516 3677; x_wconf 90' lang='lat' dir='ltr'><strong>omnium</strong></span> <span class='ocrx_word' id='word_1_277' title='bbox 547 3626 798 3691; x_wconf 75' lang='lat' dir='ltr'><strong>generale</strong></span> <span class='ocrx_word' id='word_1_278' title='bbox 823 3625 1144 3680; x_wconf 87' lang='lat' dir='ltr'><strong>vocabulum</strong></span> <span class='ocrx_word' id='word_1_279' title='bbox 1175 3628 1447 3691; x_wconf 88' lang='lat' dir='ltr'><strong>occurrit,</strong></span> <span class='ocrx_word' id='word_1_280' title='bbox 1481 3627 1622 3697; x_wconf 89' lang='lat' dir='ltr'><strong>quod</strong></span> <span class='ocrx_word' id='word_1_281' title='bbox 1667 3641 1862 3698; x_wconf 83' lang='lat' dir='ltr'><strong>graece</strong></span> 
     </span>
    </p>
   </div>
   <div class='ocr_carea' id='block_1_29' title="bbox 275 3712 1862 3786">
    <p class='ocr_par' dir='ltr' id='par_1_29' title="bbox 275 3712 1862 3786">
     <span class='ocr_line' id='line_1_29' title="bbox 275 3712 1862 3786; baseline 0.001 -20"><span class='ocrx_word' id='word_1_282' title='bbox 275 3712 457 3786; x_wconf 65' lang='grc' dir='ltr'><strong>ςιῦσις,</strong></span> <span class='ocrx_word' id='word_1_283' title='bbox 484 3713 650 3768; x_wconf 86' lang='lat' dir='ltr'><strong>latine</strong></span> <span class='ocrx_word' id='word_1_284' title='bbox 671 3730 806 3770; x_wconf 90' lang='lat' dir='ltr'><strong>vero</strong></span> <span class='ocrx_word' id='word_1_285' title='bbox 833 3727 1026 3770; x_wconf 82' lang='lat' dir='ltr'><strong>natura</strong></span> <span class='ocrx_word' id='word_1_286' title='bbox 1074 3717 1348 3772; x_wconf 88' lang='lat' dir='ltr'><strong>vocitatur</strong></span> <span class='ocrx_word' id='word_1_287' title='bbox 1373 3718 1414 3770; x_wconf 81' lang='lat'><strong>&#39;.</strong></span> <span class='ocrx_word' id='word_1_288' title='bbox 1440 3718 1522 3770; x_wconf 86' lang='lat' dir='ltr'><strong>An</strong></span> <span class='ocrx_word' id='word_1_289' title='bbox 1576 3717 1670 3772; x_wconf 87' lang='lat' dir='ltr'><strong>tibi</strong></span> <span class='ocrx_word' id='word_1_290' title='bbox 1701 3716 1862 3770; x_wconf 87' lang='lat' dir='ltr'><strong>aliter</strong></span> 
     </span>
    </p>
   </div>
   <div class='ocr_carea' id='block_1_30' title="bbox 273 3804 1862 3875">
    <p class='ocr_par' dir='ltr' id='par_1_30' title="bbox 273 3804 1862 3875">
     <span class='ocr_line' id='line_1_30' title="bbox 273 3804 1862 3875; baseline 0.003 -19"><span class='ocrx_word' id='word_1_291' title='bbox 273 3804 530 3858; x_wconf 80' lang='lat' dir='ltr'><strong>videtur?</strong></span> <span class='ocrx_word' id='word_1_292' title='bbox 563 3804 900 3860; x_wconf 76' lang='lat' dir='ltr'><strong>DISCIPULUS.</strong></span> <span class='ocrx_word' id='word_1_293' title='bbox 944 3805 1076 3871; x_wconf 85' lang='lat' dir='ltr'><strong>Imo,</strong></span> <span class='ocrx_word' id='word_1_294' title='bbox 1124 3808 1436 3873; x_wconf 88' lang='lat' dir='ltr'><strong>consentio;</strong></span> <span class='ocrx_word' id='word_1_295' title='bbox 1486 3821 1610 3861; x_wconf 90' lang='lat' dir='ltr'><strong>nam</strong></span> <span class='ocrx_word' id='word_1_296' title='bbox 1658 3815 1714 3861; x_wconf 90' lang='lat' dir='ltr'><strong>et</strong></span> <span class='ocrx_word' id='word_1_297' title='bbox 1761 3819 1862 3875; x_wconf 88' lang='lat' dir='ltr'><strong>ego</strong></span> 
     </span>
    </p>
   </div>
   <div class='ocr_carea' id='block_1_31' title="bbox 273 3890 1858 3963">
    <p class='ocr_par' dir='ltr' id='par_1_31' title="bbox 273 3890 1858 3963">
     <span class='ocr_line' id='line_1_31' title="bbox 273 3890 1858 3963; baseline 0.004 -19"><span class='ocrx_word' id='word_1_298' title='bbox 273 3890 406 3944; x_wconf 85' lang='lat' dir='ltr'><strong>dum</strong></span> <span class='ocrx_word' id='word_1_299' title='bbox 439 3891 788 3946; x_wconf 85' lang='lat' dir='ltr'><strong>ratiocinandi</strong></span> <span class='ocrx_word' id='word_1_300' title='bbox 828 3895 972 3948; x_wconf 86' lang='lat' dir='ltr'><strong>viam</strong></span> <span class='ocrx_word' id='word_1_301' title='bbox 1007 3895 1298 3963; x_wconf 86' lang='lat' dir='ltr'><strong>ingredior,</strong></span> <span class='ocrx_word' id='word_1_302' title='bbox 1329 3897 1464 3951; x_wconf 89' lang='lat' dir='ltr'><strong>bace</strong></span> <span class='ocrx_word' id='word_1_303' title='bbox 1495 3898 1568 3950; x_wconf 91' lang='lat' dir='ltr'><strong>ita</strong></span> <span class='ocrx_word' id='word_1_304' title='bbox 1614 3895 1730 3952; x_wconf 84' lang='lat' dir='ltr'><strong>ﬁeri</strong></span> <span class='ocrx_word' id='word_1_305' title='bbox 1777 3913 1858 3950; x_wconf 85' lang='lat' dir='ltr'><strong>re-</strong></span> 
     </span>
    </p>
   </div>
   <div class='ocr_carea' id='block_1_32' title="bbox 274 3981 1862 4056">
    <p class='ocr_par' dir='ltr' id='par_1_32' title="bbox 274 3981 1862 4056">
     <span class='ocr_line' id='line_1_32' title="bbox 274 3981 1862 4056; baseline 0.001 -21"><span class='ocrx_word' id='word_1_306' title='bbox 274 3983 454 4052; x_wconf 88' lang='lat' dir='ltr'><strong>perio.</strong></span> <span class='ocrx_word' id='word_1_307' title='bbox 501 3981 638 4038; x_wconf 73' lang='lat' dir='ltr'><strong>MAG.</strong></span> <span class='ocrx_word' id='word_1_308' title='bbox 671 3985 766 4038; x_wconf 85' lang='lat' dir='ltr'><strong>Est</strong></span> <span class='ocrx_word' id='word_1_309' title='bbox 809 3985 971 4054; x_wconf 81' lang='lat' dir='ltr'><strong>igitur</strong></span> <span class='ocrx_word' id='word_1_310' title='bbox 1017 3993 1208 4040; x_wconf 89' lang='lat' dir='ltr'><strong>natura</strong></span> <span class='ocrx_word' id='word_1_311' title='bbox 1255 3985 1508 4056; x_wconf 82' lang='lat' dir='ltr'><strong>generale</strong></span> <span class='ocrx_word' id='word_1_312' title='bbox 1561 4001 1774 4048; x_wconf 87' lang='lat' dir='ltr'><strong>nomen,</strong></span> <span class='ocrx_word' id='word_1_313' title='bbox 1804 3993 1862 4038; x_wconf 91' lang='lat' dir='ltr'><strong>ut</strong></span> 
     </span>
    </p>
   </div>
   <div class='ocr_carea' id='block_1_33' title="bbox 272 4075 1856 4146">
    <p class='ocr_par' dir='ltr' id='par_1_33' title="bbox 272 4075 1856 4146">
     <span class='ocr_line' id='line_1_33' title="bbox 272 4075 1856 4146; baseline 0 -16"><span class='ocrx_word' id='word_1_314' title='bbox 272 4075 532 4140; x_wconf 77' lang='lat' dir='ltr'><strong>diximus,</strong></span> <span class='ocrx_word' id='word_1_315' title='bbox 557 4075 796 4129; x_wconf 90' lang='lat' dir='ltr'><strong>omnium</strong></span> <span class='ocrx_word' id='word_1_316' title='bbox 825 4092 965 4145; x_wconf 86' lang='lat' dir='ltr'><strong>quae</strong></span> <span class='ocrx_word' id='word_1_317' title='bbox 994 4087 1118 4130; x_wconf 89' lang='lat' dir='ltr'><strong>sunt</strong></span> <span class='ocrx_word' id='word_1_318' title='bbox 1145 4087 1199 4130; x_wconf 89' lang='lat' dir='ltr'><strong>et</strong></span> <span class='ocrx_word' id='word_1_319' title='bbox 1224 4091 1366 4146; x_wconf 89' lang='lat' dir='ltr'><strong>quae</strong></span> <span class='ocrx_word' id='word_1_320' title='bbox 1397 4093 1502 4131; x_wconf 88' lang='lat' dir='ltr'><strong>non</strong></span> <span class='ocrx_word' id='word_1_321' title='bbox 1528 4085 1674 4132; x_wconf 82' lang='lat' dir='ltr'><strong>sunt.</strong></span> <span class='ocrx_word' id='word_1_322' title='bbox 1711 4077 1856 4130; x_wconf 82' lang='lat' dir='ltr'><strong>Dise.</strong></span> 
     </span>
    </p>
   </div>
   <div class='ocr_carea' id='block_1_34' title="bbox 270 4167 1862 4240">
    <p class='ocr_par' dir='ltr' id='par_1_34' title="bbox 270 4167 1862 4240">
     <span class='ocr_line' id='line_1_34' title="bbox 270 4167 1862 4240; baseline 0.001 -18"><span class='ocrx_word' id='word_1_323' title='bbox 270 4167 372 4222; x_wconf 84' lang='lat' dir='ltr'><strong>Est</strong></span> <span class='ocrx_word' id='word_1_324' title='bbox 395 4167 648 4236; x_wconf 88' lang='lat' dir='ltr'><strong>quidem;</strong></span> <span class='ocrx_word' id='word_1_325' title='bbox 685 4168 818 4222; x_wconf 88' lang='lat' dir='ltr'><strong>nihil</strong></span> <span class='ocrx_word' id='word_1_326' title='bbox 869 4170 1012 4222; x_wconf 87' lang='lat' dir='ltr'><strong>enim</strong></span> <span class='ocrx_word' id='word_1_327' title='bbox 1055 4169 1107 4222; x_wconf 91' lang='lat' dir='ltr'><strong>in</strong></span> <span class='ocrx_word' id='word_1_328' title='bbox 1146 4169 1398 4224; x_wconf 89' lang='lat' dir='ltr'><strong>universo</strong></span> <span class='ocrx_word' id='word_1_329' title='bbox 1447 4169 1862 4240; x_wconf 82' lang='lat' dir='ltr'><strong>cogitationibus</strong></span> 
     </span>
    </p>
   </div>
   <div class='ocr_carea' id='block_1_35' title="bbox 271 4259 1862 4330">
    <p class='ocr_par' dir='ltr' id='par_1_35' title="bbox 271 4259 1862 4330">
     <span class='ocr_line' id='line_1_35' title="bbox 271 4259 1862 4330; baseline 0.001 -19"><span class='ocrx_word' id='word_1_330' title='bbox 271 4259 476 4312; x_wconf 89' lang='lat' dir='ltr'><strong>nostris</strong></span> <span class='ocrx_word' id='word_1_331' title='bbox 513 4268 690 4328; x_wconf 88' lang='lat' dir='ltr'><strong>potest</strong></span> <span class='ocrx_word' id='word_1_332' title='bbox 715 4274 1023 4324; x_wconf 86' lang='lat' dir='ltr'><strong>occurrere,</strong></span> <span class='ocrx_word' id='word_1_333' title='bbox 1051 4260 1188 4330; x_wconf 90' lang='lat' dir='ltr'><strong>quod</strong></span> <span class='ocrx_word' id='word_1_334' title='bbox 1233 4261 1326 4315; x_wconf 86' lang='lat' dir='ltr'><strong>tali</strong></span> <span class='ocrx_word' id='word_1_335' title='bbox 1375 4261 1634 4316; x_wconf 81' lang='lat' dir='ltr'><strong>vocabulo</strong></span> <span class='ocrx_word' id='word_1_336' title='bbox 1687 4261 1862 4316; x_wconf 87' lang='lat' dir='ltr'><strong>valeat</strong></span> 
     </span>
    </p>
   </div>
   <div class='ocr_carea' id='block_1_36' title="bbox 271 4349 1862 4420">
    <p class='ocr_par' dir='ltr' id='par_1_36' title="bbox 271 4349 1862 4420">
     <span class='ocr_line' id='line_1_36' title="bbox 271 4349 1862 4420; baseline 0.001 -18"><span class='ocrx_word' id='word_1_337' title='bbox 271 4363 468 4403; x_wconf 85' lang='lat' dir='ltr'><strong>carere</strong></span> <span class='ocrx_word' id='word_1_338' title='bbox 501 4350 544 4401; x_wconf 83' lang='grc'><strong>³.</strong></span> <span class='ocrx_word' id='word_1_339' title='bbox 581 4349 720 4404; x_wconf 77' lang='lat' dir='ltr'><strong>Mite.</strong></span> <span class='ocrx_word' id='word_1_340' title='bbox 749 4349 1013 4417; x_wconf 81' lang='lat' dir='ltr'><strong>Quoniam</strong></span> <span class='ocrx_word' id='word_1_341' title='bbox 1039 4351 1205 4420; x_wconf 83' lang='lat' dir='ltr'><strong>igitur</strong></span> <span class='ocrx_word' id='word_1_342' title='bbox 1234 4352 1376 4406; x_wconf 86' lang='lat' dir='ltr'><strong>inter</strong></span> <span class='ocrx_word' id='word_1_343' title='bbox 1403 4365 1502 4406; x_wconf 88' lang='lat' dir='ltr'><strong>nos</strong></span> <span class='ocrx_word' id='word_1_344' title='bbox 1521 4351 1773 4406; x_wconf 90' lang='lat' dir='ltr'><strong>convenit</strong></span> <span class='ocrx_word' id='word_1_345' title='bbox 1796 4351 1862 4405; x_wconf 89' lang='lat' dir='ltr'><strong>de</strong></span> 
     </span>
    </p>
   </div>
   <div class='ocr_carea' id='block_1_37' title="bbox 273 4441 1862 4512">
    <p class='ocr_par' dir='ltr' id='par_1_37' title="bbox 273 4441 1862 4512">
     <span class='ocr_line' id='line_1_37' title="bbox 273 4441 1862 4512; baseline -0.001 -17"><span class='ocrx_word' id='word_1_346' title='bbox 273 4443 380 4495; x_wconf 85' lang='lat' dir='ltr'><strong>hoc</strong></span> <span class='ocrx_word' id='word_1_347' title='bbox 430 4441 694 4494; x_wconf 85' lang='lat' dir='ltr'><strong>vocabulo</strong></span> <span class='ocrx_word' id='word_1_348' title='bbox 719 4443 966 4512; x_wconf 86' lang='lat' dir='ltr'><strong>generale</strong></span> <span class='ocrx_word' id='word_1_349' title='bbox 987 4457 1131 4507; x_wconf 87' lang='lat' dir='ltr'><strong>esse,</strong></span> <span class='ocrx_word' id='word_1_350' title='bbox 1175 4441 1338 4497; x_wconf 86' lang='lat' dir='ltr'><strong>velim</strong></span> <span class='ocrx_word' id='word_1_351' title='bbox 1385 4443 1534 4497; x_wconf 84' lang='lat' dir='ltr'><strong>dicas</strong></span> <span class='ocrx_word' id='word_1_352' title='bbox 1582 4441 1862 4496; x_wconf 87' lang='lat' dir='ltr'><strong>divisionis</strong></span> 
     </span>
    </p>
   </div>
   <div class='ocr_carea' id='block_1_38' title="bbox 267 4531 1602 4603">
    <p class='ocr_par' dir='ltr' id='par_1_38' title="bbox 267 4531 1602 4603">
     <span class='ocr_line' id='line_1_38' title="bbox 267 4531 1602 4603; baseline 0.001 -19"><span class='ocrx_word' id='word_1_353' title='bbox 267 4531 392 4600; x_wconf 85' lang='lat' dir='ltr'><strong>ejus</strong></span> <span class='ocrx_word' id='word_1_354' title='bbox 422 4545 522 4599; x_wconf 89' lang='lat' dir='ltr'><strong>per</strong></span> <span class='ocrx_word' id='word_1_355' title='bbox 545 4531 874 4589; x_wconf 82' lang='lat' dir='ltr'><strong>ditlerentias</strong></span> <span class='ocrx_word' id='word_1_356' title='bbox 913 4533 968 4588; x_wconf 88' lang='lat' dir='ltr'><strong>in</strong></span> <span class='ocrx_word' id='word_1_357' title='bbox 1015 4533 1224 4603; x_wconf 89' lang='lat' dir='ltr'><strong>species</strong></span> <span class='ocrx_word' id='word_1_358' title='bbox 1274 4533 1540 4588; x_wconf 89' lang='lat' dir='ltr'><strong>rationem</strong></span> <span class='ocrx_word' id='word_1_359' title='bbox 1585 4545 1602 4585; x_wconf 88' lang='lat'><strong>:</strong></span> 
     </span>
    </p>
   </div>
   <div class='ocr_carea' id='block_1_39' title="bbox 271 4621 1856 4693">
    <p class='ocr_par' dir='ltr' id='par_1_39' title="bbox 271 4621 1856 4693">
     <span class='ocr_line' id='line_1_39' title="bbox 271 4621 1856 4693; baseline -0.002 -17"><span class='ocrx_word' id='word_1_360' title='bbox 271 4623 394 4677; x_wconf 89' lang='lat' dir='ltr'><strong>cubi</strong></span> <span class='ocrx_word' id='word_1_361' title='bbox 425 4621 452 4652; x_wconf 73' lang='grc'><strong>⁴</strong></span> <span class='ocrx_word' id='word_1_362' title='bbox 478 4621 631 4686; x_wconf 88' lang='lat' dir='ltr'><strong>libet,</strong></span> <span class='ocrx_word' id='word_1_363' title='bbox 661 4624 814 4693; x_wconf 88' lang='lat' dir='ltr'><strong>prius</strong></span> <span class='ocrx_word' id='word_1_364' title='bbox 843 4624 1080 4678; x_wconf 87' lang='lat' dir='ltr'><strong>conabor</strong></span> <span class='ocrx_word' id='word_1_365' title='bbox 1105 4623 1363 4689; x_wconf 86' lang='lat' dir='ltr'><strong>dividere,</strong></span> <span class='ocrx_word' id='word_1_366' title='bbox 1389 4631 1538 4676; x_wconf 89' lang='lat' dir='ltr'><strong>tuum</strong></span> <span class='ocrx_word' id='word_1_367' title='bbox 1577 4637 1704 4677; x_wconf 88' lang='lat' dir='ltr'><strong>vero</strong></span> <span class='ocrx_word' id='word_1_368' title='bbox 1731 4622 1856 4684; x_wconf 88' lang='lat' dir='ltr'><strong>erit,</strong></span> 
     </span>
    </p>
   </div>
   <div class='ocr_carea' id='block_1_40' title="bbox 273 4712 1860 4784">
    <p class='ocr_par' dir='ltr' id='par_1_40' title="bbox 273 4712 1860 4784">
     <span class='ocr_line' id='line_1_40' title="bbox 273 4712 1860 4784; baseline -0.001 -18"><span class='ocrx_word' id='word_1_369' title='bbox 273 4712 444 4767; x_wconf 86' lang='lat' dir='ltr'><strong>divisa</strong></span> <span class='ocrx_word' id='word_1_370' title='bbox 463 4714 734 4783; x_wconf 86' lang='lat' dir='ltr'><strong>judicare.</strong></span> <span class='ocrx_word' id='word_1_371' title='bbox 769 4714 918 4770; x_wconf 81' lang='lat' dir='ltr'><strong>Disc.</strong></span> <span class='ocrx_word' id='word_1_372' title='bbox 949 4713 1259 4784; x_wconf 83' lang='lat' dir='ltr'><strong>Ingredere,</strong></span> <span class='ocrx_word' id='word_1_373' title='bbox 1288 4727 1528 4783; x_wconf 88' lang='lat' dir='ltr'><strong>quaeso;</strong></span> <span class='ocrx_word' id='word_1_374' title='bbox 1575 4713 1860 4783; x_wconf 85' lang='lat' dir='ltr'><strong>impatiens</strong></span> 
     </span>
    </p>
   </div>
   <div class='ocr_carea' id='block_1_41' title="bbox 274 4803 1856 4869">
    <p class='ocr_par' dir='ltr' id='par_1_41' title="bbox 274 4803 1856 4869">
     <span class='ocr_line' id='line_1_41' title="bbox 274 4803 1856 4869; baseline -0.001 -13"><span class='ocrx_word' id='word_1_375' title='bbox 274 4805 416 4857; x_wconf 89' lang='lat' dir='ltr'><strong>enim</strong></span> <span class='ocrx_word' id='word_1_376' title='bbox 449 4807 676 4869; x_wconf 89' lang='lat' dir='ltr'><strong>sum,de</strong></span> <span class='ocrx_word' id='word_1_377' title='bbox 705 4806 790 4859; x_wconf 85' lang='lat' dir='ltr'><strong>his</strong></span> <span class='ocrx_word' id='word_1_378' title='bbox 811 4821 996 4860; x_wconf 84' lang='lat' dir='ltr'><strong>veram</strong></span> <span class='ocrx_word' id='word_1_379' title='bbox 1026 4805 1286 4859; x_wconf 88' lang='lat' dir='ltr'><strong>rationem</strong></span> <span class='ocrx_word' id='word_1_380' title='bbox 1309 4820 1338 4857; x_wconf 90' lang='lat' dir='ltr'><strong>a</strong></span> <span class='ocrx_word' id='word_1_381' title='bbox 1365 4813 1416 4858; x_wconf 87' lang='lat' dir='ltr'><strong>te</strong></span> <span class='ocrx_word' id='word_1_382' title='bbox 1439 4803 1625 4857; x_wconf 87' lang='lat' dir='ltr'><strong>audire</strong></span> <span class='ocrx_word' id='word_1_383' title='bbox 1653 4803 1856 4856; x_wconf 85' lang='lat' dir='ltr'><strong>volens.</strong></span> 
     </span>
    </p>
   </div>
   <div class='ocr_carea' id='block_1_42' title="bbox 343 4893 1860 4962">
    <p class='ocr_par' dir='ltr' id='par_1_42' title="bbox 343 4893 1860 4962">
     <span class='ocr_line' id='line_1_42' title="bbox 343 4893 1860 4962; baseline -0.002 -16"><span class='ocrx_word' id='word_1_384' title='bbox 343 4893 396 4947; x_wconf 75' lang='lat' dir='ltr'><strong>l.</strong></span> <span class='ocrx_word' id='word_1_385' title='bbox 430 4893 572 4949; x_wconf 70' lang='lat' dir='ltr'><strong>MAG.</strong></span> <span class='ocrx_word' id='word_1_386' title='bbox 613 4893 841 4951; x_wconf 80' lang='lat' dir='ltr'><strong>Videtur</strong></span> <span class='ocrx_word' id='word_1_387' title='bbox 885 4896 1016 4950; x_wconf 90' lang='lat' dir='ltr'><strong>mihi</strong></span> <span class='ocrx_word' id='word_1_388' title='bbox 1069 4895 1264 4950; x_wconf 86' lang='lat' dir='ltr'><strong>divisio</strong></span> <span class='ocrx_word' id='word_1_389' title='bbox 1306 4901 1532 4948; x_wconf 90' lang='lat' dir='ltr'><strong>naturae</strong></span> <span class='ocrx_word' id='word_1_390' title='bbox 1581 4907 1677 4962; x_wconf 90' lang='lat' dir='ltr'><strong>per</strong></span> <span class='ocrx_word' id='word_1_391' title='bbox 1703 4898 1860 4960; x_wconf 81' lang='lat' dir='ltr'><strong>quat-</strong></span> 
     </span>
    </p>
   </div>
   <div class='ocr_carea' id='block_1_43' title="bbox 275 4983 1857 5055">
    <p class='ocr_par' dir='ltr' id='par_1_43' title="bbox 275 4983 1857 5055">
     <span class='ocr_line' id='line_1_43' title="bbox 275 4983 1857 5055; baseline -0.003 -19"><span class='ocrx_word' id='word_1_392' title='bbox 275 4991 398 5038; x_wconf 85' lang='lat' dir='ltr'><strong>tuor</strong></span> <span class='ocrx_word' id='word_1_393' title='bbox 449 4983 784 5040; x_wconf 79' lang='lat' dir='ltr'><strong>diﬂ‘erentias</strong></span> <span class='ocrx_word' id='word_1_394' title='bbox 841 4994 1102 5055; x_wconf 87' lang='lat' dir='ltr'><strong>quattuor</strong></span> <span class='ocrx_word' id='word_1_395' title='bbox 1153 4985 1360 5055; x_wconf 88' lang='lat' dir='ltr'><strong>species</strong></span> <span class='ocrx_word' id='word_1_396' title='bbox 1403 4984 1644 5053; x_wconf 88' lang='lat' dir='ltr'><strong>recipere</strong></span> <span class='ocrx_word' id='word_1_397' title='bbox 1677 4999 1689 5034; x_wconf 93' lang='lat'>:</span> <span class='ocrx_word' id='word_1_398' title='bbox 1721 4995 1857 5050; x_wconf 86' lang='lat' dir='ltr'><strong>qua-</strong></span> 
     </span>
    </p>
   </div>
   <div class='ocr_carea' id='block_1_44' title="bbox 271 5077 1876 5147">
    <p class='ocr_par' dir='ltr' id='par_1_44' title="bbox 271 5077 1876 5147">
     <span class='ocr_line' id='line_1_44' title="bbox 271 5077 1876 5147; baseline -0.002 -18"><span class='ocrx_word' id='word_1_399' title='bbox 271 5090 392 5131; x_wconf 87' lang='lat' dir='ltr'><strong>rum</strong></span> <span class='ocrx_word' id='word_1_400' title='bbox 459 5077 637 5147; x_wconf 89' lang='lat' dir='ltr'><strong>prima</strong></span> <span class='ocrx_word' id='word_1_401' title='bbox 692 5087 773 5132; x_wconf 90' lang='lat' dir='ltr'><strong>est</strong></span> <span class='ocrx_word' id='word_1_402' title='bbox 807 5080 860 5133; x_wconf 92' lang='lat' dir='ltr'><strong>in</strong></span> <span class='ocrx_word' id='word_1_403' title='bbox 897 5093 1018 5134; x_wconf 88' lang='lat' dir='ltr'><strong>eam</strong></span> <span class='ocrx_word' id='word_1_404' title='bbox 1043 5079 1085 5144; x_wconf 76' lang='grc'><strong>⁸,</strong></span> <span class='ocrx_word' id='word_1_405' title='bbox 1119 5092 1257 5147; x_wconf 89' lang='lat' dir='ltr'><strong>quae</strong></span> <span class='ocrx_word' id='word_1_406' title='bbox 1288 5084 1438 5131; x_wconf 85' lang='lat' dir='ltr'><strong>creat</strong></span> <span class='ocrx_word' id='word_1_407' title='bbox 1465 5083 1521 5127; x_wconf 89' lang='lat' dir='ltr'><strong>et</strong></span> <span class='ocrx_word' id='word_1_408' title='bbox 1567 5089 1670 5128; x_wconf 88' lang='lat' dir='ltr'><strong>non</strong></span> <span class='ocrx_word' id='word_1_409' title='bbox 1701 5087 1876 5127; x_wconf 77' lang='lat' dir='ltr'><strong>crea-&#39;</strong></span> 
     </span>
    </p>
   </div>
   <div class='ocr_carea' id='block_1_45' title="bbox 274 5165 1882 5237">
    <p class='ocr_par' dir='ltr' id='par_1_45' title="bbox 274 5165 1882 5237">
     <span class='ocr_line' id='line_1_45' title="bbox 274 5165 1882 5237; baseline -0.002 -19"><span class='ocrx_word' id='word_1_410' title='bbox 274 5175 397 5232; x_wconf 88' lang='lat' dir='ltr'><strong>tur;</strong></span> <span class='ocrx_word' id='word_1_411' title='bbox 465 5168 704 5222; x_wconf 90' lang='lat' dir='ltr'><strong>secunda</strong></span> <span class='ocrx_word' id='word_1_412' title='bbox 763 5171 816 5222; x_wconf 88' lang='lat' dir='ltr'><strong>in</strong></span> <span class='ocrx_word' id='word_1_413' title='bbox 874 5183 1030 5232; x_wconf 86' lang='lat' dir='ltr'><strong>eam,</strong></span> <span class='ocrx_word' id='word_1_414' title='bbox 1102 5181 1240 5237; x_wconf 90' lang='lat' dir='ltr'><strong>quae</strong></span> <span class='ocrx_word' id='word_1_415' title='bbox 1307 5173 1522 5220; x_wconf 87' lang='lat' dir='ltr'><strong>creatur</strong></span> <span class='ocrx_word' id='word_1_416' title='bbox 1571 5171 1625 5218; x_wconf 93' lang='lat' dir='ltr'><strong>et</strong></span> <span class='ocrx_word' id='word_1_417' title='bbox 1677 5165 1882 5232; x_wconf 47' lang='lat' dir='ltr'><strong>creat;</strong></span> 
     </span>
    </p>
   </div>
   <div class='ocr_carea' id='block_1_46' title="bbox 273 5247 1880 5338">
    <p class='ocr_par' dir='ltr' id='par_1_46' title="bbox 273 5247 1880 5338">
     <span class='ocr_line' id='line_1_46' title="bbox 273 5247 1880 5338; baseline 0.001 -30"><span class='ocrx_word' id='word_1_418' title='bbox 273 5257 426 5309; x_wconf 89' lang='lat' dir='ltr'><strong>tertia</strong></span> <span class='ocrx_word' id='word_1_419' title='bbox 497 5257 554 5310; x_wconf 89' lang='lat' dir='ltr'><strong>in</strong></span> <span class='ocrx_word' id='word_1_420' title='bbox 630 5273 786 5322; x_wconf 86' lang='lat' dir='ltr'><strong>eam,</strong></span> <span class='ocrx_word' id='word_1_421' title='bbox 857 5273 997 5329; x_wconf 85' lang='lat' dir='ltr'><strong>quae</strong></span> <span class='ocrx_word' id='word_1_422' title='bbox 1075 5269 1294 5313; x_wconf 87' lang='lat' dir='ltr'><strong>creatur</strong></span> <span class='ocrx_word' id='word_1_423' title='bbox 1365 5266 1420 5312; x_wconf 90' lang='lat' dir='ltr'><strong>et</strong></span> <span class='ocrx_word' id='word_1_424' title='bbox 1489 5272 1592 5312; x_wconf 89' lang='lat' dir='ltr'><strong>non</strong></span> <span class='ocrx_word' id='word_1_425' title='bbox 1661 5247 1880 5338; x_wconf 41' lang='lat' dir='ltr'><strong>creat;;</strong></span> 
     </span>
    </p>
   </div>
   <div class='ocr_carea' id='block_1_47' title="bbox 273 5345 1858 5414">
    <p class='ocr_par' dir='ltr' id='par_1_47' title="bbox 273 5345 1858 5414">
     <span class='ocr_line' id='line_1_47' title="bbox 273 5345 1858 5414; baseline 0.003 -19"><span class='ocrx_word' id='word_1_426' title='bbox 273 5352 463 5412; x_wconf 88' lang='lat' dir='ltr'><strong>quarta</strong></span> <span class='ocrx_word' id='word_1_427' title='bbox 483 5384 500 5408; x_wconf 95' lang='lat'><strong>,</strong></span> <span class='ocrx_word' id='word_1_428' title='bbox 532 5359 674 5414; x_wconf 90' lang='lat' dir='ltr'><strong>quae</strong></span> <span class='ocrx_word' id='word_1_429' title='bbox 708 5361 810 5401; x_wconf 83' lang='lat' dir='ltr'><strong>nec</strong></span> <span class='ocrx_word' id='word_1_430' title='bbox 839 5355 990 5402; x_wconf 89' lang='lat' dir='ltr'><strong>creat</strong></span> <span class='ocrx_word' id='word_1_431' title='bbox 1019 5362 1120 5402; x_wconf 88' lang='lat' dir='ltr'><strong>nec</strong></span> <span class='ocrx_word' id='word_1_432' title='bbox 1161 5355 1396 5403; x_wconf 88' lang='lat' dir='ltr'><strong>creatur.</strong></span> <span class='ocrx_word' id='word_1_433' title='bbox 1447 5345 1647 5400; x_wconf 78' lang='lat' dir='ltr'><strong>Harum</strong></span> <span class='ocrx_word' id='word_1_434' title='bbox 1681 5357 1812 5399; x_wconf 85' lang='lat' dir='ltr'><strong>vero</strong></span> <span class='ocrx_word' id='word_1_435' title='bbox 1835 5345 1858 5376; x_wconf 79' lang='grc'>⁸</span> 
     </span>
    </p>
   </div>
   <div class='ocr_carea' id='block_1_48' title="bbox 1959 3258 3546 3335">
    <p class='ocr_par' dir='ltr' id='par_1_48' title="bbox 1959 3258 3546 3335">
     <span class='ocr_line' id='line_1_48' title="bbox 1959 3258 3546 3335; baseline 0.007 -24"><span class='ocrx_word' id='word_1_436' title='bbox 1959 3258 2252 3329; x_wconf 85' lang='lat' dir='ltr'><strong>opponitur</strong></span> <span class='ocrx_word' id='word_1_437' title='bbox 2283 3258 2510 3328; x_wconf 89' lang='lat' dir='ltr'><strong>primae,</strong></span> <span class='ocrx_word' id='word_1_438' title='bbox 2531 3269 2724 3330; x_wconf 86' lang='lat' dir='ltr'><strong>quarta</strong></span> <span class='ocrx_word' id='word_1_439' title='bbox 2751 3273 2878 3314; x_wconf 90' lang='lat' dir='ltr'><strong>vero</strong></span> <span class='ocrx_word' id='word_1_440' title='bbox 2903 3261 3199 3328; x_wconf 85' lang='lat' dir='ltr'><strong>secundae;</strong></span> <span class='ocrx_word' id='word_1_441' title='bbox 3232 3266 3326 3320; x_wconf 86' lang='lat' dir='ltr'><strong>scd</strong></span> <span class='ocrx_word' id='word_1_442' title='bbox 3351 3277 3546 3335; x_wconf 83' lang='lat' dir='ltr'><strong>quarta</strong></span> 
     </span>
    </p>
   </div>
   <div class='ocr_carea' id='block_1_49' title="bbox 1961 3349 3542 3419">
    <p class='ocr_par' dir='ltr' id='par_1_49' title="bbox 1961 3349 3542 3419">
     <span class='ocr_line' id='line_1_49' title="bbox 1961 3349 3542 3419; baseline 0.005 -17"><span class='ocrx_word' id='word_1_443' title='bbox 1961 3349 2104 3402; x_wconf 86' lang='lat' dir='ltr'><strong>inter</strong></span> <span class='ocrx_word' id='word_1_444' title='bbox 2153 3349 2501 3417; x_wconf 81' lang='lat' dir='ltr'><strong>impossibilia</strong></span> <span class='ocrx_word' id='word_1_445' title='bbox 2549 3351 2801 3419; x_wconf 89' lang='lat' dir='ltr'><strong>ponitur,</strong></span> <span class='ocrx_word' id='word_1_446' title='bbox 2861 3349 3014 3418; x_wconf 86' lang='lat' dir='ltr'><strong>cujus</strong></span> <span class='ocrx_word' id='word_1_447' title='bbox 3059 3351 3360 3408; x_wconf 78' lang='lat' dir='ltr'><strong>differentia</strong></span> <span class='ocrx_word' id='word_1_448' title='bbox 3411 3359 3542 3410; x_wconf 82' lang='lat' dir='ltr'><strong>est&#39;</strong></span> 
     </span>
    </p>
   </div>
   <div class='ocr_carea' id='block_1_50' title="bbox 1961 3440 3539 3508">
    <p class='ocr_par' dir='ltr' id='par_1_50' title="bbox 1961 3440 3539 3508">
     <span class='ocr_line' id='line_1_50' title="bbox 1961 3440 3539 3508; baseline 0.005 -16"><span class='ocrx_word' id='word_1_449' title='bbox 1961 3455 2066 3494; x_wconf 88' lang='lat' dir='ltr'><strong>non</strong></span> <span class='ocrx_word' id='word_1_450' title='bbox 2105 3453 2262 3507; x_wconf 86' lang='lat' dir='ltr'><strong>posse</strong></span> <span class='ocrx_word' id='word_1_451' title='bbox 2289 3454 2428 3494; x_wconf 88' lang='lat' dir='ltr'><strong>esse.</strong></span> <span class='ocrx_word' id='word_1_452' title='bbox 2461 3440 2694 3494; x_wconf 78' lang='lat' dir='ltr'><strong>Rectaue</strong></span> <span class='ocrx_word' id='word_1_453' title='bbox 2723 3441 2814 3495; x_wconf 88' lang='lat' dir='ltr'><strong>tibi</strong></span> <span class='ocrx_word' id='word_1_454' title='bbox 2845 3440 2966 3495; x_wconf 90' lang='lat' dir='ltr'><strong>talis</strong></span> <span class='ocrx_word' id='word_1_455' title='bbox 2989 3441 3181 3496; x_wconf 86' lang='lat' dir='ltr'><strong>divisio</strong></span> <span class='ocrx_word' id='word_1_456' title='bbox 3213 3444 3445 3508; x_wconf 87' lang='lat' dir='ltr'><strong>videtur,</strong></span> <span class='ocrx_word' id='word_1_457' title='bbox 3469 3461 3539 3500; x_wconf 90' lang='lat' dir='ltr'><strong>an</strong></span> 
     </span>
    </p>
   </div>
   <div class='ocr_carea' id='block_1_51' title="bbox 1961 3530 3554 3604">
    <p class='ocr_par' dir='ltr' id='par_1_51' title="bbox 1961 3530 3554 3604">
     <span class='ocr_line' id='line_1_51' title="bbox 1961 3530 3554 3604; baseline 0.004 -20"><span class='ocrx_word' id='word_1_458' title='bbox 1961 3531 2108 3585; x_wconf 86' lang='lat' dir='ltr'><strong>non?</strong></span> <span class='ocrx_word' id='word_1_459' title='bbox 2153 3532 2294 3585; x_wconf 79' lang='lat' dir='ltr'><strong>Disc.</strong></span> <span class='ocrx_word' id='word_1_460' title='bbox 2326 3530 2494 3586; x_wconf 79' lang='lat' dir='ltr'><strong>Recta</strong></span> <span class='ocrx_word' id='word_1_461' title='bbox 2531 3533 2754 3601; x_wconf 83' lang='lat' dir='ltr'><strong>quidem</strong></span> <span class='ocrx_word' id='word_1_462' title='bbox 2789 3545 2806 3584; x_wconf 93' lang='lat'><strong>:</strong></span> <span class='ocrx_word' id='word_1_463' title='bbox 2847 3533 2942 3586; x_wconf 89' lang='lat' dir='ltr'><strong>sed</strong></span> <span class='ocrx_word' id='word_1_464' title='bbox 2997 3531 3155 3587; x_wconf 87' lang='lat' dir='ltr'><strong>velim</strong></span> <span class='ocrx_word' id='word_1_465' title='bbox 3209 3544 3442 3604; x_wconf 83' lang='lat' dir='ltr'><strong>repetas,</strong></span> <span class='ocrx_word' id='word_1_466' title='bbox 3493 3545 3554 3591; x_wconf 88' lang='lat' dir='ltr'><strong>nt</strong></span> 
     </span>
    </p>
   </div>
   <div class='ocr_carea' id='block_1_52' title="bbox 1959 3620 3541 3690">
    <p class='ocr_par' dir='ltr' id='par_1_52' title="bbox 1959 3620 3541 3690">
     <span class='ocr_line' id='line_1_52' title="bbox 1959 3620 3541 3690; baseline 0.003 -15"><span class='ocrx_word' id='word_1_467' title='bbox 1959 3621 2358 3689; x_wconf 87' lang='lat' dir='ltr'><strong>praedictarum</strong></span> <span class='ocrx_word' id='word_1_468' title='bbox 2391 3620 2686 3676; x_wconf 73' lang='lat' dir='ltr'><strong>formarum</strong></span> <span class='ocrx_word' id='word_1_469' title='bbox 2707 3623 2974 3690; x_wconf 83' lang='lat' dir='ltr'><strong>oppositio</strong></span> <span class='ocrx_word' id='word_1_470' title='bbox 3001 3623 3198 3678; x_wconf 88' lang='lat' dir='ltr'><strong>clarius</strong></span> <span class='ocrx_word' id='word_1_471' title='bbox 3244 3626 3541 3680; x_wconf 86' lang='lat' dir='ltr'><strong>eluceseat.</strong></span> 
     </span>
    </p>
   </div>
   <div class='ocr_carea' id='block_1_53' title="bbox 1961 3710 3547 3788">
    <p class='ocr_par' dir='ltr' id='par_1_53' title="bbox 1961 3710 3547 3788">
     <span class='ocr_line' id='line_1_53' title="bbox 1961 3710 3547 3788; baseline 0.004 -23"><span class='ocrx_word' id='word_1_472' title='bbox 1961 3711 2100 3766; x_wconf 54' lang='lat' dir='ltr'><strong>Mss.</strong></span> <span class='ocrx_word' id='word_1_473' title='bbox 2131 3710 2316 3776; x_wconf 85' lang='lat' dir='ltr'><strong>Vides,</strong></span> <span class='ocrx_word' id='word_1_474' title='bbox 2347 3713 2402 3765; x_wconf 85' lang='lat' dir='ltr'><strong>ni</strong></span> <span class='ocrx_word' id='word_1_475' title='bbox 2455 3711 2636 3778; x_wconf 79' lang='lat' dir='ltr'><strong>fallor,</strong></span> <span class='ocrx_word' id='word_1_476' title='bbox 2669 3713 2860 3768; x_wconf 86' lang='lat' dir='ltr'><strong>tertiae</strong></span> <span class='ocrx_word' id='word_1_477' title='bbox 2907 3715 3106 3782; x_wconf 85' lang='lat' dir='ltr'><strong>speciei</strong></span> <span class='ocrx_word' id='word_1_478' title='bbox 3133 3715 3356 3785; x_wconf 85' lang='lat' dir='ltr'><strong>&#39;primae</strong></span> <span class='ocrx_word' id='word_1_479' title='bbox 3379 3731 3547 3788; x_wconf 90' lang='lat' dir='ltr'><strong>oppo-</strong></span> 
     </span>
    </p>
   </div>
   <div class='ocr_carea' id='block_1_54' title="bbox 1961 3801 3550 3874">
    <p class='ocr_par' dir='ltr' id='par_1_54' title="bbox 1961 3801 3550 3874">
     <span class='ocr_line' id='line_1_54' title="bbox 1961 3801 3550 3874; baseline 0.004 -18"><span class='ocrx_word' id='word_1_480' title='bbox 1961 3803 2232 3856; x_wconf 85' lang='lat' dir='ltr'><strong>sitionem.</strong></span> <span class='ocrx_word' id='word_1_481' title='bbox 2259 3801 2440 3856; x_wconf 87' lang='lat' dir='ltr'><strong>Prima</strong></span> <span class='ocrx_word' id='word_1_482' title='bbox 2469 3817 2702 3870; x_wconf 84' lang='lat' dir='ltr'><strong>namque</strong></span> <span class='ocrx_word' id='word_1_483' title='bbox 2727 3811 2879 3857; x_wconf 89' lang='lat' dir='ltr'><strong>creat</strong></span> <span class='ocrx_word' id='word_1_484' title='bbox 2917 3813 2976 3856; x_wconf 88' lang='lat' dir='ltr'><strong>et</strong></span> <span class='ocrx_word' id='word_1_485' title='bbox 3019 3819 3126 3859; x_wconf 88' lang='lat' dir='ltr'><strong>non</strong></span> <span class='ocrx_word' id='word_1_486' title='bbox 3165 3815 3410 3874; x_wconf 86' lang='lat' dir='ltr'><strong>creatur;</strong></span> <span class='ocrx_word' id='word_1_487' title='bbox 3461 3808 3550 3863; x_wconf 89' lang='lat' dir='ltr'><strong>cui</strong></span> 
     </span>
    </p>
   </div>
   <div class='ocr_carea' id='block_1_55' title="bbox 1959 3893 3546 3963">
    <p class='ocr_par' dir='ltr' id='par_1_55' title="bbox 1959 3893 3546 3963">
     <span class='ocr_line' id='line_1_55' title="bbox 1959 3893 3546 3963; baseline 0.004 -17"><span class='ocrx_word' id='word_1_488' title='bbox 1959 3907 1990 3946; x_wconf 92' lang='lat' dir='ltr'><strong>e</strong></span> <span class='ocrx_word' id='word_1_489' title='bbox 2019 3893 2292 3948; x_wconf 87' lang='lat' dir='ltr'><strong>contrario</strong></span> <span class='ocrx_word' id='word_1_490' title='bbox 2317 3893 2604 3962; x_wconf 88' lang='lat' dir='ltr'><strong>opponitur</strong></span> <span class='ocrx_word' id='word_1_491' title='bbox 2627 3893 2739 3957; x_wconf 89' lang='lat' dir='ltr'><strong>illa,</strong></span> <span class='ocrx_word' id='word_1_492' title='bbox 2767 3903 3148 3963; x_wconf 66' lang='lat' dir='ltr'><strong>quaecreatur</strong></span> <span class='ocrx_word' id='word_1_493' title='bbox 3175 3905 3230 3950; x_wconf 92' lang='lat' dir='ltr'><strong>et</strong></span> <span class='ocrx_word' id='word_1_494' title='bbox 3249 3913 3351 3952; x_wconf 90' lang='lat' dir='ltr'><strong>non</strong></span> <span class='ocrx_word' id='word_1_495' title='bbox 3377 3909 3546 3952; x_wconf 87' lang='lat' dir='ltr'><strong>creat.</strong></span> 
     </span>
    </p>
   </div>
   <div class='ocr_carea' id='block_1_56' title="bbox 1963 3981 3551 4050">
    <p class='ocr_par' dir='ltr' id='par_1_56' title="bbox 1963 3981 3551 4050">
     <span class='ocr_line' id='line_1_56' title="bbox 1963 3981 3551 4050; baseline 0.001 -14"><span class='ocrx_word' id='word_1_496' title='bbox 1963 3982 2208 4036; x_wconf 87' lang='lat' dir='ltr'><strong>Secunda</strong></span> <span class='ocrx_word' id='word_1_497' title='bbox 2229 3997 2358 4035; x_wconf 88' lang='lat' dir='ltr'><strong>vero</strong></span> <span class='ocrx_word' id='word_1_498' title='bbox 2381 3990 2634 4049; x_wconf 87' lang='lat' dir='ltr'><strong>quartae;</strong></span> <span class='ocrx_word' id='word_1_499' title='bbox 2667 3981 2928 4050; x_wconf 88' lang='lat' dir='ltr'><strong>siquidem</strong></span> <span class='ocrx_word' id='word_1_500' title='bbox 2973 3983 3208 4036; x_wconf 84' lang='lat' dir='ltr'><strong>secunda</strong></span> <span class='ocrx_word' id='word_1_501' title='bbox 3235 3993 3289 4038; x_wconf 91' lang='lat' dir='ltr'><strong>et</strong></span> <span class='ocrx_word' id='word_1_502' title='bbox 3333 3996 3551 4038; x_wconf 82' lang='lat' dir='ltr'><strong>creatur</strong></span> 
     </span>
    </p>
   </div>
   <div class='ocr_carea' id='block_1_57' title="bbox 1961 4071 3544 4138">
    <p class='ocr_par' dir='ltr' id='par_1_57' title="bbox 1961 4071 3544 4138">
     <span class='ocr_line' id='line_1_57' title="bbox 1961 4071 3544 4138; baseline -0.003 -10"><span class='ocrx_word' id='word_1_503' title='bbox 1961 4081 2018 4128; x_wconf 91' lang='lat' dir='ltr'><strong>et</strong></span> <span class='ocrx_word' id='word_1_504' title='bbox 2068 4081 2222 4127; x_wconf 88' lang='lat' dir='ltr'><strong>creat</strong></span> <span class='ocrx_word' id='word_1_505' title='bbox 2255 4071 2303 4134; x_wconf 79' lang='grc'><strong>⁸,</strong></span> <span class='ocrx_word' id='word_1_506' title='bbox 2354 4072 2441 4126; x_wconf 90' lang='lat' dir='ltr'><strong>cui</strong></span> <span class='ocrx_word' id='word_1_507' title='bbox 2503 4071 2882 4125; x_wconf 87' lang='lat' dir='ltr'><strong>universaliter</strong></span> <span class='ocrx_word' id='word_1_508' title='bbox 2921 4079 3114 4138; x_wconf 88' lang='lat' dir='ltr'><strong>quarta</strong></span> <span class='ocrx_word' id='word_1_509' title='bbox 3182 4072 3544 4134; x_wconf 82' lang='lat' dir='ltr'><strong>contradicit,</strong></span> 
     </span>
    </p>
   </div>
   <div class='ocr_carea' id='block_1_58' title="bbox 1962 4159 3548 4234">
    <p class='ocr_par' dir='ltr' id='par_1_58' title="bbox 1962 4159 3548 4234">
     <span class='ocr_line' id='line_1_58' title="bbox 1962 4159 3548 4234; baseline -0.002 -17"><span class='ocrx_word' id='word_1_510' title='bbox 1962 4179 2102 4234; x_wconf 89' lang='lat' dir='ltr'><strong>quae</strong></span> <span class='ocrx_word' id='word_1_511' title='bbox 2129 4177 2230 4218; x_wconf 85' lang='lat' dir='ltr'><strong>nec</strong></span> <span class='ocrx_word' id='word_1_512' title='bbox 2255 4173 2404 4217; x_wconf 86' lang='lat' dir='ltr'><strong>creat</strong></span> <span class='ocrx_word' id='word_1_513' title='bbox 2431 4175 2606 4230; x_wconf 87' lang='lat' dir='ltr'><strong>neque</strong></span> <span class='ocrx_word' id='word_1_514' title='bbox 2625 4171 2858 4216; x_wconf 87' lang='lat' dir='ltr'><strong>creatur.</strong></span> <span class='ocrx_word' id='word_1_515' title='bbox 2887 4161 3033 4215; x_wconf 81' lang='lat' dir='ltr'><strong>Disc.</strong></span> <span class='ocrx_word' id='word_1_516' title='bbox 3056 4159 3212 4214; x_wconf 89' lang='lat' dir='ltr'><strong>Clare</strong></span> <span class='ocrx_word' id='word_1_517' title='bbox 3237 4161 3412 4213; x_wconf 87' lang='lat' dir='ltr'><strong>video.</strong></span> <span class='ocrx_word' id='word_1_518' title='bbox 3439 4159 3548 4214; x_wconf 82' lang='lat' dir='ltr'><strong>Sed</strong></span> 
     </span>
    </p>
   </div>
   <div class='ocr_carea' id='block_1_59' title="bbox 1965 4249 3546 4319">
    <p class='ocr_par' dir='ltr' id='par_1_59' title="bbox 1965 4249 3546 4319">
     <span class='ocr_line' id='line_1_59' title="bbox 1965 4249 3546 4319; baseline -0.004 -9"><span class='ocrx_word' id='word_1_519' title='bbox 1965 4257 2188 4310; x_wconf 85' lang='lat' dir='ltr'><strong>multum</strong></span> <span class='ocrx_word' id='word_1_520' title='bbox 2219 4267 2306 4308; x_wconf 89' lang='lat' dir='ltr'><strong>me</strong></span> <span class='ocrx_word' id='word_1_521' title='bbox 2333 4259 2512 4306; x_wconf 85' lang='lat' dir='ltr'><strong>movet</strong></span> <span class='ocrx_word' id='word_1_522' title='bbox 2535 4257 2726 4319; x_wconf 87' lang='lat' dir='ltr'><strong>quarta</strong></span> <span class='ocrx_word' id='word_1_523' title='bbox 2757 4251 2984 4318; x_wconf 84' lang='lat' dir='ltr'><strong>species,</strong></span> <span class='ocrx_word' id='word_1_524' title='bbox 3013 4263 3152 4318; x_wconf 89' lang='lat' dir='ltr'><strong>quae</strong></span> <span class='ocrx_word' id='word_1_525' title='bbox 3199 4265 3228 4302; x_wconf 88' lang='lat' dir='ltr'><strong>a</strong></span> <span class='ocrx_word' id='word_1_526' title='bbox 3261 4258 3312 4302; x_wconf 89' lang='lat' dir='ltr'><strong>te</strong></span> <span class='ocrx_word' id='word_1_527' title='bbox 3365 4249 3546 4304; x_wconf 87' lang='lat' dir='ltr'><strong>addita</strong></span> 
     </span>
    </p>
   </div>
   <div class='ocr_carea' id='block_1_60' title="bbox 1963 4341 3544 4405">
    <p class='ocr_par' dir='ltr' id='par_1_60' title="bbox 1963 4341 3544 4405">
     <span class='ocr_line' id='line_1_60' title="bbox 1963 4341 3544 4405; baseline -0.006 -3"><span class='ocrx_word' id='word_1_528' title='bbox 1963 4357 2068 4404; x_wconf 87' lang='lat' dir='ltr'><strong>est.</strong></span> <span class='ocrx_word' id='word_1_529' title='bbox 2103 4348 2236 4402; x_wconf 79' lang='lat' dir='ltr'><strong>Nam</strong></span> <span class='ocrx_word' id='word_1_530' title='bbox 2265 4349 2332 4402; x_wconf 91' lang='lat' dir='ltr'><strong>de</strong></span> <span class='ocrx_word' id='word_1_531' title='bbox 2359 4346 2480 4400; x_wconf 89' lang='lat' dir='ltr'><strong>aliis</strong></span> <span class='ocrx_word' id='word_1_532' title='bbox 2509 4345 2682 4398; x_wconf 87' lang='lat' dir='ltr'><strong>tribus</strong></span> <span class='ocrx_word' id='word_1_533' title='bbox 2701 4341 2845 4398; x_wconf 89' lang='lat' dir='ltr'><strong>nullo</strong></span> <span class='ocrx_word' id='word_1_534' title='bbox 2871 4343 3029 4395; x_wconf 92' lang='lat' dir='ltr'><strong>modo</strong></span> <span class='ocrx_word' id='word_1_535' title='bbox 3053 4341 3324 4396; x_wconf 82' lang='lat' dir='ltr'><strong>haesitare</strong></span> <span class='ocrx_word' id='word_1_536' title='bbox 3348 4341 3544 4405; x_wconf 85' lang='lat' dir='ltr'><strong>ausim,</strong></span> 
     </span>
    </p>
   </div>
   <div class='ocr_carea' id='block_1_61' title="bbox 1964 4431 3551 4510">
    <p class='ocr_par' dir='ltr' id='par_1_61' title="bbox 1964 4431 3551 4510">
     <span class='ocr_line' id='line_1_61' title="bbox 1964 4431 3551 4510; baseline -0.007 -15"><span class='ocrx_word' id='word_1_537' title='bbox 1964 4457 2084 4496; x_wconf 88' lang='lat' dir='ltr'><strong>cum</strong></span> <span class='ocrx_word' id='word_1_538' title='bbox 2115 4440 2312 4510; x_wconf 88' lang='lat' dir='ltr'><strong>prima,</strong></span> <span class='ocrx_word' id='word_1_539' title='bbox 2336 4447 2396 4492; x_wconf 93' lang='lat' dir='ltr'><strong>ut</strong></span> <span class='ocrx_word' id='word_1_540' title='bbox 2423 4435 2680 4500; x_wconf 88' lang='lat' dir='ltr'><strong>arbitror,</strong></span> <span class='ocrx_word' id='word_1_541' title='bbox 2707 4435 2758 4488; x_wconf 93' lang='lat' dir='ltr'><strong>in</strong></span> <span class='ocrx_word' id='word_1_542' title='bbox 2785 4447 2948 4488; x_wconf 90' lang='lat' dir='ltr'><strong>causa</strong></span> <span class='ocrx_word' id='word_1_543' title='bbox 2975 4431 3396 4500; x_wconf 86' lang='lat' dir='ltr'><strong>omnium,quae</strong></span> <span class='ocrx_word' id='word_1_544' title='bbox 3423 4441 3551 4486; x_wconf 86' lang='lat' dir='ltr'><strong>sunt</strong></span> 
     </span>
    </p>
   </div>
   <div class='ocr_carea' id='block_1_62' title="bbox 1649 4521 3544 4600">
    <p class='ocr_par' dir='ltr' id='par_1_62' title="bbox 1649 4521 3544 4600">
     <span class='ocr_line' id='line_1_62' title="bbox 1649 4521 3544 4600; baseline -0.004 -16"><span class='ocrx_word' id='word_1_545' title='bbox 1649 4539 1742 4585; x_wconf 92' lang='lat' dir='ltr'><strong>aut</strong></span> <span class='ocrx_word' id='word_1_546' title='bbox 1781 4531 1858 4584; x_wconf 89' lang='lat' dir='ltr'><strong>si-</strong></span> <span class='ocrx_word' id='word_1_547' title='bbox 1891 4531 1931 4588; x_wconf 88' lang='grc' dir='ltr'><strong><em>Β</em></strong></span> <span class='ocrx_word' id='word_1_548' title='bbox 1961 4539 2014 4585; x_wconf 89' lang='lat' dir='ltr'><strong>et</strong></span> <span class='ocrx_word' id='word_1_549' title='bbox 2041 4545 2178 4600; x_wconf 85' lang='lat' dir='ltr'><strong>quae</strong></span> <span class='ocrx_word' id='word_1_550' title='bbox 2207 4545 2310 4584; x_wconf 87' lang='lat' dir='ltr'><strong>non</strong></span> <span class='ocrx_word' id='word_1_551' title='bbox 2339 4535 2482 4592; x_wconf 87' lang='lat' dir='ltr'><strong>sunt,</strong></span> <span class='ocrx_word' id='word_1_552' title='bbox 2513 4525 2873 4596; x_wconf 87' lang='lat' dir='ltr'><strong>intelligatur;</strong></span> <span class='ocrx_word' id='word_1_553' title='bbox 2899 4523 3132 4579; x_wconf 86' lang='lat' dir='ltr'><strong>secunda</strong></span> <span class='ocrx_word' id='word_1_554' title='bbox 3163 4537 3293 4577; x_wconf 90' lang='lat' dir='ltr'><strong>vero</strong></span> <span class='ocrx_word' id='word_1_555' title='bbox 3339 4523 3392 4577; x_wconf 91' lang='lat' dir='ltr'><strong>in</strong></span> <span class='ocrx_word' id='word_1_556' title='bbox 3426 4521 3544 4592; x_wconf 91' lang='lat' dir='ltr'><strong>pri-</strong></span> 
     </span>
    </p>
   </div>
   <div class='ocr_carea' id='block_1_63' title="bbox 1963 4611 3551 4682">
    <p class='ocr_par' dir='ltr' id='par_1_63' title="bbox 1963 4611 3551 4682">
     <span class='ocr_line' id='line_1_63' title="bbox 1963 4611 3551 4682; baseline -0.003 -10"><span class='ocrx_word' id='word_1_557' title='bbox 1963 4617 2312 4672; x_wconf 84' lang='lat' dir='ltr'><strong>mordialibus</strong></span> <span class='ocrx_word' id='word_1_558' title='bbox 2335 4615 2542 4680; x_wconf 87' lang='lat' dir='ltr'><strong>causis;</strong></span> <span class='ocrx_word' id='word_1_559' title='bbox 2564 4614 2719 4668; x_wconf 88' lang='lat' dir='ltr'><strong>tertia</strong></span> <span class='ocrx_word' id='word_1_560' title='bbox 2747 4613 2798 4666; x_wconf 91' lang='lat' dir='ltr'><strong>in</strong></span> <span class='ocrx_word' id='word_1_561' title='bbox 2825 4613 2925 4675; x_wconf 87' lang='lat' dir='ltr'><strong>bis,</strong></span> <span class='ocrx_word' id='word_1_562' title='bbox 2943 4626 3084 4682; x_wconf 87' lang='lat' dir='ltr'><strong>quae</strong></span> <span class='ocrx_word' id='word_1_563' title='bbox 3117 4611 3172 4666; x_wconf 91' lang='lat' dir='ltr'><strong>in</strong></span> <span class='ocrx_word' id='word_1_564' title='bbox 3203 4612 3551 4682; x_wconf 87' lang='lat' dir='ltr'><strong>generatione</strong></span> 
     </span>
    </p>
   </div>
   <div class='ocr_carea' id='block_1_64' title="bbox 1961 4703 3550 4779">
    <p class='ocr_par' dir='ltr' id='par_1_64' title="bbox 1961 4703 3550 4779">
     <span class='ocr_line' id='line_1_64' title="bbox 1961 4703 3550 4779; baseline -0.004 -14"><span class='ocrx_word' id='word_1_565' title='bbox 1961 4711 2397 4779; x_wconf 89' lang='lat' dir='ltr'><strong>temporibusque</strong></span> <span class='ocrx_word' id='word_1_566' title='bbox 2426 4715 2481 4761; x_wconf 89' lang='lat' dir='ltr'><strong>et</strong></span> <span class='ocrx_word' id='word_1_567' title='bbox 2505 4706 2636 4760; x_wconf 89' lang='lat' dir='ltr'><strong>locis</strong></span> <span class='ocrx_word' id='word_1_568' title='bbox 2659 4713 3075 4775; x_wconf 87' lang='lat' dir='ltr'><strong>cognoscuntur.</strong></span> <span class='ocrx_word' id='word_1_569' title='bbox 3100 4703 3280 4773; x_wconf 81' lang='lat' dir='ltr'><strong>Atque</strong></span> <span class='ocrx_word' id='word_1_570' title='bbox 3310 4703 3431 4759; x_wconf 87' lang='lat' dir='ltr'><strong>ideo</strong></span> <span class='ocrx_word' id='word_1_571' title='bbox 3483 4704 3550 4758; x_wconf 87' lang='lat' dir='ltr'><strong>de</strong></span> 
     </span>
    </p>
   </div>
   <div class='ocr_carea' id='block_1_65' title="bbox 1959 4795 3546 4870">
    <p class='ocr_par' dir='ltr' id='par_1_65' title="bbox 1959 4795 3546 4870">
     <span class='ocr_line' id='line_1_65' title="bbox 1959 4795 3546 4870; baseline -0.004 -16"><span class='ocrx_word' id='word_1_572' title='bbox 1959 4800 2184 4870; x_wconf 86' lang='lat' dir='ltr'><strong>singulis</strong></span> <span class='ocrx_word' id='word_1_573' title='bbox 2229 4798 2488 4867; x_wconf 88' lang='lat' dir='ltr'><strong>disputari</strong></span> <span class='ocrx_word' id='word_1_574' title='bbox 2519 4796 2768 4852; x_wconf 83' lang='lat' dir='ltr'><strong>subtilius</strong></span> <span class='ocrx_word' id='word_1_575' title='bbox 2798 4797 3163 4850; x_wconf 85' lang='lat' dir='ltr'><strong>necessarium</strong></span> <span class='ocrx_word' id='word_1_576' title='bbox 3191 4797 3235 4861; x_wconf 80' lang='lat'><strong>’,</strong></span> <span class='ocrx_word' id='word_1_577' title='bbox 3279 4804 3338 4850; x_wconf 92' lang='lat' dir='ltr'><strong>ut</strong></span> <span class='ocrx_word' id='word_1_578' title='bbox 3367 4795 3546 4850; x_wconf 90' lang='lat' dir='ltr'><strong>video.</strong></span> 
     </span>
    </p>
   </div>
   <div class='ocr_carea' id='block_1_66' title="bbox 1960 4885 3550 4957">
    <p class='ocr_par' dir='ltr' id='par_1_66' title="bbox 1960 4885 3550 4957">
     <span class='ocr_line' id='line_1_66' title="bbox 1960 4885 3550 4957; baseline -0.004 -12"><span class='ocrx_word' id='word_1_579' title='bbox 1960 4891 2098 4946; x_wconf 75' lang='lat' dir='ltr'><strong>MAG.</strong></span> <span class='ocrx_word' id='word_1_580' title='bbox 2131 4890 2296 4944; x_wconf 80' lang='lat' dir='ltr'><strong>Recte</strong></span> <span class='ocrx_word' id='word_1_581' title='bbox 2322 4889 2596 4942; x_wconf 88' lang='lat' dir='ltr'><strong>aestimas.</strong></span> <span class='ocrx_word' id='word_1_582' title='bbox 2629 4887 2734 4950; x_wconf 87' lang='lat' dir='ltr'><strong>Sed</strong></span> <span class='ocrx_word' id='word_1_583' title='bbox 2757 4901 2867 4957; x_wconf 85' lang='lat' dir='ltr'><strong>quo</strong></span> <span class='ocrx_word' id='word_1_584' title='bbox 2908 4887 3096 4941; x_wconf 86' lang='lat' dir='ltr'><strong>ordine</strong></span> <span class='ocrx_word' id='word_1_585' title='bbox 3123 4885 3550 4939; x_wconf 88' lang='lat' dir='ltr'><strong>ratiocinationis</strong></span> 
     </span>
    </p>
   </div>
   <div class='ocr_carea' id='block_1_67' title="bbox 1961 4979 3550 5050">
    <p class='ocr_par' dir='ltr' id='par_1_67' title="bbox 1961 4979 3550 5050">
     <span class='ocr_line' id='line_1_67' title="bbox 1961 4979 3550 5050; baseline -0.004 -14"><span class='ocrx_word' id='word_1_586' title='bbox 1961 4983 2046 5037; x_wconf 90' lang='lat' dir='ltr'><strong>via</strong></span> <span class='ocrx_word' id='word_1_587' title='bbox 2079 4981 2308 5036; x_wconf 89' lang='lat' dir='ltr'><strong>tenenda</strong></span> <span class='ocrx_word' id='word_1_588' title='bbox 2333 4981 2426 5044; x_wconf 87' lang='lat' dir='ltr'><strong>sit,</strong></span> <span class='ocrx_word' id='word_1_589' title='bbox 2452 4981 2552 5036; x_wconf 86' lang='lat' dir='ltr'><strong>hoc</strong></span> <span class='ocrx_word' id='word_1_590' title='bbox 2573 4988 2675 5044; x_wconf 89' lang='lat' dir='ltr'><strong>est,</strong></span> <span class='ocrx_word' id='word_1_591' title='bbox 2689 4981 2756 5034; x_wconf 91' lang='lat' dir='ltr'><strong>de</strong></span> <span class='ocrx_word' id='word_1_592' title='bbox 2783 4995 2888 5049; x_wconf 88' lang='lat' dir='ltr'><strong>qua</strong></span> <span class='ocrx_word' id='word_1_593' title='bbox 2911 4979 3090 5050; x_wconf 88' lang='lat' dir='ltr'><strong>specie</strong></span> <span class='ocrx_word' id='word_1_594' title='bbox 3121 4986 3346 5032; x_wconf 86' lang='lat' dir='ltr'><strong>naturae</strong></span> <span class='ocrx_word' id='word_1_595' title='bbox 3375 4979 3550 5044; x_wconf 88' lang='lat' dir='ltr'><strong>primo</strong></span> 
     </span>
    </p>
   </div>
   <div class='ocr_carea' id='block_1_68' title="bbox 1961 5065 3546 5134">
    <p class='ocr_par' dir='ltr' id='par_1_68' title="bbox 1961 5065 3546 5134">
     <span class='ocr_line' id='line_1_68' title="bbox 1961 5065 3546 5134; baseline -0.007 -8"><span class='ocrx_word' id='word_1_596' title='bbox 1961 5072 2378 5134; x_wconf 88' lang='lat' dir='ltr'><strong>discutiendum,</strong></span> <span class='ocrx_word' id='word_1_597' title='bbox 2411 5079 2502 5122; x_wconf 85' lang='lat' dir='ltr'><strong>tuo</strong></span> <span class='ocrx_word' id='word_1_598' title='bbox 2539 5068 2766 5122; x_wconf 86' lang='lat' dir='ltr'><strong>arbitrio</strong></span> <span class='ocrx_word' id='word_1_599' title='bbox 2809 5068 3110 5122; x_wconf 88' lang='lat' dir='ltr'><strong>committo.</strong></span> <span class='ocrx_word' id='word_1_600' title='bbox 3159 5065 3302 5120; x_wconf 84' lang='lat' dir='ltr'><strong>DISC.</strong></span> <span class='ocrx_word' id='word_1_601' title='bbox 3351 5065 3546 5116; x_wconf 76' lang='lat' dir='ltr'><strong>Italum</strong></span> 
     </span>
    </p>
   </div>
   <div class='ocr_carea' id='block_1_69' title="bbox 1965 5154 3546 5225">
    <p class='ocr_par' dir='ltr' id='par_1_69' title="bbox 1965 5154 3546 5225">
     <span class='ocr_line' id='line_1_69' title="bbox 1965 5154 3546 5225; baseline -0.006 -9"><span class='ocrx_word' id='word_1_602' title='bbox 1965 5162 2095 5216; x_wconf 86' lang='lat' dir='ltr'><strong>mihi</strong></span> <span class='ocrx_word' id='word_1_603' title='bbox 2141 5161 2373 5223; x_wconf 83' lang='lat' dir='ltr'><strong>videtur,</strong></span> <span class='ocrx_word' id='word_1_604' title='bbox 2422 5165 2543 5214; x_wconf 88' lang='lat' dir='ltr'><strong>ante</strong></span> <span class='ocrx_word' id='word_1_605' title='bbox 2593 5158 2727 5212; x_wconf 89' lang='lat' dir='ltr'><strong>alias</strong></span> <span class='ocrx_word' id='word_1_606' title='bbox 2784 5159 2850 5212; x_wconf 90' lang='lat' dir='ltr'><strong>de</strong></span> <span class='ocrx_word' id='word_1_607' title='bbox 2909 5157 3104 5225; x_wconf 77' lang='lat' dir='ltr'><strong>prima,</strong></span> <span class='ocrx_word' id='word_1_608' title='bbox 3154 5155 3409 5222; x_wconf 83' lang='lat' dir='ltr'><strong>quicquid</strong></span> <span class='ocrx_word' id='word_1_609' title='bbox 3457 5154 3546 5207; x_wconf 81' lang='lat' dir='ltr'><strong>lux</strong></span> 
     </span>
    </p>
   </div>
   <div class='ocr_carea' id='block_1_70' title="bbox 1964 5247 2924 5319">
    <p class='ocr_par' dir='ltr' id='par_1_70' title="bbox 1964 5247 2924 5319">
     <span class='ocr_line' id='line_1_70' title="bbox 1964 5247 2924 5319; baseline -0.008 -13"><span class='ocrx_word' id='word_1_610' title='bbox 1964 5253 2222 5306; x_wconf 88' lang='lat' dir='ltr'><strong>mentium</strong></span> <span class='ocrx_word' id='word_1_611' title='bbox 2255 5250 2446 5319; x_wconf 86' lang='lat' dir='ltr'><strong>largita</strong></span> <span class='ocrx_word' id='word_1_612' title='bbox 2473 5247 2653 5314; x_wconf 83' lang='lat' dir='ltr'><strong>fuerit,</strong></span> <span class='ocrx_word' id='word_1_613' title='bbox 2683 5247 2886 5302; x_wconf 88' lang='lat' dir='ltr'><strong>dicere.</strong></span> <span class='ocrx_word' id='word_1_614' title='bbox 2909 5283 2924 5298; x_wconf 90' lang='lat'><strong>.</strong></span> 
     </span>
    </p>
   </div>
   <div class='ocr_carea' id='block_1_71' title="bbox 2029 5331 3541 5410">
    <p class='ocr_par' dir='ltr' id='par_1_71' title="bbox 2029 5331 3541 5410">
     <span class='ocr_line' id='line_1_71' title="bbox 2029 5331 3541 5410; baseline -0.007 -13"><span class='ocrx_word' id='word_1_615' title='bbox 2029 5344 2084 5397; x_wconf 74' lang='grc'><strong>2.</strong></span> <span class='ocrx_word' id='word_1_616' title='bbox 2123 5343 2262 5397; x_wconf 76' lang='lat' dir='ltr'><strong>MAG.</strong></span> <span class='ocrx_word' id='word_1_617' title='bbox 2292 5343 2368 5398; x_wconf 87' lang='lat' dir='ltr'><strong>Ita</strong></span> <span class='ocrx_word' id='word_1_618' title='bbox 2393 5343 2504 5396; x_wconf 81' lang='lat' dir='ltr'><strong>liat.</strong></span> <span class='ocrx_word' id='word_1_619' title='bbox 2538 5339 2644 5395; x_wconf 87' lang='lat' dir='ltr'><strong>Sed</strong></span> <span class='ocrx_word' id='word_1_620' title='bbox 2663 5339 2814 5410; x_wconf 87' lang='lat' dir='ltr'><strong>prius</strong></span> <span class='ocrx_word' id='word_1_621' title='bbox 2837 5339 2902 5393; x_wconf 88' lang='lat' dir='ltr'><strong>de</strong></span> <span class='ocrx_word' id='word_1_622' title='bbox 2929 5347 3136 5392; x_wconf 84' lang='lat' dir='ltr'><strong>summa</strong></span> <span class='ocrx_word' id='word_1_623' title='bbox 3165 5349 3228 5388; x_wconf 89' lang='lat' dir='ltr'><strong>ac</strong></span> <span class='ocrx_word' id='word_1_624' title='bbox 3253 5331 3541 5403; x_wconf 59' lang='lat' dir='ltr'><strong>principali</strong></span> 
     </span>
    </p>
   </div>
   <div class='ocr_carea' id='block_1_72' title="bbox 1569 5502 2258 5563">
    <p class='ocr_par' dir='ltr' id='par_1_72' title="bbox 1569 5502 2258 5563">
     <span class='ocr_line' id='line_1_72' title="bbox 1569 5502 2258 5563; baseline -0.01 0"><span class='ocrx_word' id='word_1_625' title='bbox 1569 5507 1656 5563; x_wconf 82' lang='lat' dir='ltr'><strong>VA</strong></span> <span class='ocrx_word' id='word_1_626' title='bbox 1667 5505 1824 5560; x_wconf 80' lang='lat' dir='ltr'><strong>RIAE</strong></span> <span class='ocrx_word' id='word_1_627' title='bbox 1861 5502 2258 5562; x_wconf 83' lang='lat' dir='ltr'><strong>LECTIONES.</strong></span> 
     </span>
    </p>
   </div>
   <div class='ocr_carea' id='block_1_73' title="bbox 349 5623 2182 5707">
    <p class='ocr_par' dir='ltr' id='par_1_73' title="bbox 349 5623 2182 5707">
     <span class='ocr_line' id='line_1_73' title="bbox 349 5623 2182 5707; baseline -0.001 -28"><span class='ocrx_word' id='word_1_628' title='bbox 349 5627 366 5657; x_wconf 90' lang='grc'>¹</span> <span class='ocrx_word' id='word_1_629' title='bbox 401 5627 494 5680; x_wconf 81' lang='lat' dir='ltr'><strong>Sic</strong></span> <span class='ocrx_word' id='word_1_630' title='bbox 523 5627 599 5691; x_wconf 78' lang='lat' dir='ltr'><strong>A;</strong></span> <span class='ocrx_word' id='word_1_631' title='bbox 631 5627 674 5683; x_wconf 88' lang='lat' dir='ltr'>C</span> <span class='ocrx_word' id='word_1_632' title='bbox 721 5629 904 5699; x_wconf 75' lang='lat' dir='ltr'><strong>incipit</strong></span> <span class='ocrx_word' id='word_1_633' title='bbox 941 5629 1142 5707; x_wconf 61' lang='lat' dir='ltr'><strong>primit:</strong></span> <span class='ocrx_word' id='word_1_634' title='bbox 1179 5631 1300 5707; x_wconf 56' lang='lat' dir='ltr'><strong>napi</strong></span> <span class='ocrx_word' id='word_1_635' title='bbox 1345 5631 1572 5707; x_wconf 48' lang='grc' dir='ltr'><strong>φῷσεαιξν)</strong></span> <span class='ocrx_word' id='word_1_636' title='bbox 1609 5627 1654 5681; x_wconf 84' lang='lat' dir='ltr'><strong>D</strong></span> <span class='ocrx_word' id='word_1_637' title='bbox 1704 5624 1918 5680; x_wconf 88' lang='lat' dir='ltr'><strong>titulum</strong></span> <span class='ocrx_word' id='word_1_638' title='bbox 1961 5623 2182 5707; x_wconf 59' lang='lat' dir='ltr'><strong>omittit.</strong></span> 
     </span>
    </p>
   </div>
   <div class='ocr_carea' id='block_1_74' title="bbox 1384 5681 3540 5754">
    <p class='ocr_par' dir='ltr' id='par_1_74' title="bbox 1384 5681 3540 5754">
     <span class='ocr_line' id='line_1_74' title="bbox 1384 5681 3540 5754; baseline -0.008 -1"><span class='ocrx_word' id='word_1_639' title='bbox 1384 5681 1595 5753; x_wconf 15' lang='lat' dir='ltr'><strong>iii—75in</strong></span> <span class='ocrx_word' id='word_1_640' title='bbox 1642 5713 1754 5751; x_wconf 86' lang='lat' dir='ltr'><strong>eam</strong></span> <span class='ocrx_word' id='word_1_641' title='bbox 1808 5711 1915 5751; x_wconf 91' lang='lat' dir='ltr'><strong>om.</strong></span> <span class='ocrx_word' id='word_1_642' title='bbox 1948 5697 2012 5754; x_wconf 79' lang='grc' dir='ltr'><strong>Α.</strong></span> <span class='ocrx_word' id='word_1_643' title='bbox 2089 5685 2110 5724; x_wconf 72' lang='grc'><strong><em>⁸</em></strong></span> <span class='ocrx_word' id='word_1_644' title='bbox 2137 5709 2254 5747; x_wconf 66' lang='lat' dir='ltr'><strong>vero</strong></span> <span class='ocrx_word' id='word_1_645' title='bbox 2289 5709 2396 5750; x_wconf 89' lang='lat' dir='ltr'><strong>om.</strong></span> <span class='ocrx_word' id='word_1_646' title='bbox 2427 5691 2490 5744; x_wconf 78' lang='grc' dir='ltr'><strong>Α.</strong></span> <span class='ocrx_word' id='word_1_647' title='bbox 2565 5689 2584 5720; x_wconf 80' lang='grc'><strong>⁷</strong></span> <span class='ocrx_word' id='word_1_648' title='bbox 2611 5681 2684 5742; x_wconf 71' lang='grc' dir='ltr'><strong>ρει</strong></span> <span class='ocrx_word' id='word_1_649' title='bbox 2714 5703 2822 5742; x_wconf 92' lang='lat' dir='ltr'><strong>om.</strong></span> <span class='ocrx_word' id='word_1_650' title='bbox 2853 5685 2916 5740; x_wconf 80' lang='grc' dir='ltr'><strong>Ι).</strong></span> <span class='ocrx_word' id='word_1_651' title='bbox 2991 5681 3014 5714; x_wconf 87' lang='grc'><strong><em>⁸</em></strong></span> <span class='ocrx_word' id='word_1_652' title='bbox 3045 5681 3090 5735; x_wconf 86' lang='lat' dir='ltr'><strong>A</strong></span> <span class='ocrx_word' id='word_1_653' title='bbox 3134 5695 3271 5737; x_wconf 76' lang='lat' dir='ltr'><strong>creat</strong></span> <span class='ocrx_word' id='word_1_654' title='bbox 3302 5681 3364 5736; x_wconf 80' lang='lat' dir='ltr'><strong>et</strong></span> <span class='ocrx_word' id='word_1_655' title='bbox 3399 5698 3540 5736; x_wconf 81' lang='lat' dir='ltr'><strong>crea-</strong></span> 
     </span>
    </p>
   </div>
   <div class='ocr_carea' id='block_1_75' title="bbox 283 5693 1414 5763">
    <p class='ocr_par' dir='ltr' id='par_1_75' title="bbox 283 5693 1414 5763">
     <span class='ocr_line' id='line_1_75' title="bbox 283 5693 1414 5763; baseline 0.006 -17"><span class='ocrx_word' id='word_1_656' title='bbox 283 5693 436 5763; x_wconf 78' lang='lat' dir='ltr'><strong>igitnr</strong></span> <span class='ocrx_word' id='word_1_657' title='bbox 465 5693 914 5752; x_wconf 76' lang='lat' dir='ltr'><strong>natura—carere</strong></span> <span class='ocrx_word' id='word_1_658' title='bbox 933 5693 1040 5752; x_wconf 72' lang='lat' dir='ltr'><strong>om.</strong></span> <span class='ocrx_word' id='word_1_659' title='bbox 1069 5699 1134 5754; x_wconf 82' lang='grc' dir='ltr'><strong>Α.</strong></span> <span class='ocrx_word' id='word_1_660' title='bbox 1211 5693 1310 5755; x_wconf 73' lang='grc' dir='ltr'><strong>⁴⁵Ἀ</strong></span> <span class='ocrx_word' id='word_1_661' title='bbox 1349 5693 1414 5753; x_wconf 65' lang='grc' dir='ltr'><strong>ἐξ.</strong></span> 
     </span>
    </p>
   </div>
   <div class='ocr_carea' id='block_1_76' title="bbox 286 5767 1064 5824">
    <p class='ocr_par' dir='ltr' id='par_1_76' title="bbox 286 5767 1064 5824">
     <span class='ocr_line' id='line_1_76' title="bbox 286 5767 1064 5824; baseline 0.009 -8"><span class='ocrx_word' id='word_1_662' title='bbox 286 5775 384 5820; x_wconf 82' lang='lat' dir='ltr'><strong>tur.</strong></span> <span class='ocrx_word' id='word_1_663' title='bbox 461 5767 482 5798; x_wconf 85' lang='grc'><strong>⁹</strong></span> <span class='ocrx_word' id='word_1_664' title='bbox 517 5769 561 5822; x_wconf 75' lang='grc' dir='ltr'>Α</span> <span class='ocrx_word' id='word_1_665' title='bbox 593 5771 947 5824; x_wconf 75' lang='lat' dir='ltr'><strong>necessarium</strong></span> <span class='ocrx_word' id='word_1_666' title='bbox 971 5779 1064 5823; x_wconf 81' lang='lat' dir='ltr'><strong>est.</strong></span> 
     </span>
    </p>
   </div>
   <div class='ocr_carea' id='block_1_77' title="bbox 2281 5610 3542 5682">
    <p class='ocr_par' dir='ltr' id='par_1_77' title="bbox 2281 5610 3542 5682">
     <span class='ocr_line' id='line_1_77' title="bbox 2281 5610 3542 5682; baseline -0.008 -7"><span class='ocrx_word' id='word_1_667' title='bbox 2281 5625 2302 5658; x_wconf 78' lang='grc'>³</span> <span class='ocrx_word' id='word_1_668' title='bbox 2335 5613 2382 5674; x_wconf 72' lang='grc' dir='ltr'><strong><em>Ἀ</em></strong></span> <span class='ocrx_word' id='word_1_669' title='bbox 2447 5628 2690 5682; x_wconf 77' lang='lat' dir='ltr'><strong>uocatur,</strong></span> <span class='ocrx_word' id='word_1_670' title='bbox 2739 5616 2783 5670; x_wconf 83' lang='grc' dir='ltr'><strong>ι)</strong></span> <span class='ocrx_word' id='word_1_671' title='bbox 2820 5614 3088 5682; x_wconf 76' lang='lat' dir='ltr'><strong>vocitetur.</strong></span> <span class='ocrx_word' id='word_1_672' title='bbox 3187 5610 3208 5641; x_wconf 84' lang='grc'>³</span> <span class='ocrx_word' id='word_1_673' title='bbox 3259 5610 3402 5682; x_wconf 83' lang='lat' dir='ltr'><strong>Mag.</strong></span> <span class='ocrx_word' id='word_1_674' title='bbox 3465 5621 3542 5666; x_wconf 81' lang='lat' dir='ltr'><strong>est</strong></span> 
     </span>
    </p>
   </div>
  </div>
