4194 6276
602 309 641 371 4
657 308 717 368 εδ
1979 304 2254 361 ιοΑΝΝιε
2291 305 2488 378 SCOTl
3774 319 3880 375 4M

604 423 876 487 monium,
908 428 970 476 ut
996 421 1249 487 diximus,
1266 421 1620 477 .ilivisionein
1653 433 1742 483 ea,
1772 432 1909 487 quae
1963 424 2087 469 sunt
2138 422 2193 470 et
2221 418 2267 474 Α
2297 416 2384 482 qui
2418 417 2469 467 in
2499 423 2810 470 naturarum
2838 424 3143 471 creatarum
3164 416 3209 451 "
3231 417 3514 477 ordinibus
3538 431 3701 491 atque
3723 425 3877 482 din‘e-
3907 414 3914 425 ’

611 528 751 582 quae
774 528 878 566 non
903 520 1047 576 sunt,
1074 512 1307 566 breviter
1340 508 1627 566 dicendum
1676 507 1927 573 evistimo
1950 506 1990 556 ί.
2036 504 2184 558 Disc.

612 605 741 660 iure
772 601 1117 672 providcque.
1147 600 1258 654 Non
1289 601 1431 652 enim
1451 596 1516 654 ei:
1532 598 1636 652 alio
1655 595 1948 667 primordio
1975 591 2189 647 ratioci-

618 690 891 743 nationem
923 679 1161 742 inchoari
1189 696 1444 754 oportere
1474 686 1662 750 video;
1705 699 1804 739 nec
1837 683 2030 747 solum,
2058 682 2189 759 quia

612 779 787 846 prima
814 777 1050 830 omnium
1082 778 1102 807 ²
1147 775 1468 840 dill’erentia,
1496 775 1590 828 sed
1635 773 1760 843 quia
1789 771 2069 827 obscurior
2109 785 2193 824 ce-

617 866 749 921 teris
783 865 992 919 videtur
1021 880 1163 929 esse,
1188 872 1369 918 etest.
1402 862 1543 918 MAG.
1574 861 1695 931 Ipsa
1732 862 1916 930 itaque
1959 860 2193 929 primor-

615 953 771 1007 dialis
796 953 1035 1007 omnium
1074 952 1361 1007 discretiva
1392 951 1691 1005 differentia
1719 958 1897 1005 certos
1926 962 2056 1004 suae
2106 949 2191 1003 in-

619 1040 1016 1110 terpretationis
1046 1042 1235 1094 modos
1260 1040 1500 1108 inquirit.

620 1118 629 1121 ’
686 1132 739 1185 5.
770 1132 1007 1198 Quorum
1031 1132 1236 1200 primus
1273 1129 1486 1184 videtur
1533 1136 1653 1184 εεεε
1703 1128 1836 1196 ipse,
1893 1143 1989 1197 per
2034 1142 2192 1197 quem

625 1220 766 1273 ratio
792 1220 1004 1283 suadet,
1028 1219 1228 1282 omnia,
1253 1232 1388 1286 quae
1419 1232 1679 1285 corporeo
1705 1217 1906 1281 sensui,
1932 1217 2020 1271 vel
2050 1218 2198 1271 intel-

617 1306 868 1377 ligentiac
905 1308 1238 1377 perceptioni
1270 1307 1649 1368 succumbunt,
1678 1319 1834 1373 posse
1865 1305 2196 1359 rationabili—

600 1407 704 1449 ‘ter
722 1397 824 1448 dici
849 1411 999 1459 esse;
1032 1410 1092 1448 ea
1111 1411 1261 1460 vero,
1287 1408 1424 1463 quae
1444 1408 1539 1464 per
1558 1393 1926 1448 excellentiam
1949 1409 2078 1448 suae
2100 1410 2195 1447 na-

623 1498 777 1537 turae
817 1501 921 1537 non
955 1485 1127 1538 solum
1160 1485 1312 1546 eam,
1341 1485 1391 1536 id
1418 1493 1503 1538 est
1526 1484 1546 1514 ³
1573 1498 1786 1537 οιηιιειη
1837 1496 2074 1547 sensum,
2106 1485 2199 1539 sed

622 1574 790 1627 etiam
822 1573 1151 1626 intellectum
1205 1573 1579 1641 rationemque
1625 1572 1853 1640 fugiunt,
1878 1571 2001 1641 jure
2029 1571 2199 1625 videri

622 1679 727 1717 non
768 1678 905 1717 esse.
939 1663 1086 1728 Quae
1111 1678 1213 1715 non
1255 1663 1353 1715 nisi
1383 1663 1434 1715 in
1461 1662 1575 1715 solo
1607 1663 1735 1723 Deo,
1769 1661 2118 1728 materiaque,
2145 1666 2201 1713 et

622 1749 676 1803 in
716 1750 955 1804 onmium
982 1745 1182 1814 rerum,
1217 1765 1354 1819 quae
1378 1750 1443 1803 ab
1465 1764 1529 1803 eo
1555 1748 1804 1803 conditae
1847 1756 1989 1812 sunt,
2031 1747 2194 1801 ratio-
2232 1730 2275 1789 Β

622 1841 781 1894 nibus
804 1850 965 1909 atque
991 1842 1239 1894 essentiis
1270 1850 1414 1893 recte
1457 1839 1842 1908 intelliguntur.
1874 1836 1982 1891 Nec
2011 1838 2201 1891 imme-

624 1929 759 1992 rito;
793 1928 905 1996 ipse
928 1944 1156 1995 namque
1181 1929 1419 1981 omnium
1455 1927 1685 1981 essentia
1728 1936 1804 1980 est
1838 1927 1876 1967 ‘~
1930 1925 2023 1999 qui
2054 1924 2199 1979 solus

627 2030 750 2067 vere
774 2025 876 2078 est,
905 2023 964 2067 ut
1008 2015 1083 2066 ait
1121 2014 1403 2083 Dionysius
1437 2013 1757 2082 AreOpagita
1786 2031 1798 2064 :
1835 2010 1980 2077 Esse,
2007 2012 2197 2079 inquit,

628 2103 857 2155 omnium
886 2112 981 2167 est,
1036 2120 1295 2172 superesse
1327 2102 1580 2157 Dirinitas
1607 2103 1648 2155 ⁵.
1676 2102 1965 2182 Gregorius
1992 2104 2155 2157 etiam
2177 2102 2200 2133 ⁸

628 2192 931 2261 Theologus
947 2193 1130 2247 multis
1156 2194 1473 2257 ratiooibus,
1496 2194 1699 2247 nullam
1726 2195 2079 2248 substantiam
2105 2209 2200 2249 seu

628 2284 917 2338 essentiam
949 2284 995 2348 ',
1041 2285 1153 2339 sive
1182 2285 1406 2338 visibilis
1433 2286 1544 2339 sive
1573 2284 1857 2339 invisibilis
1898 2294 2202 2352 creaturae,

629 2374 902 2429 intellectu
942 2374 1026 2429 vel
1065 2376 1269 2429 ratione
1294 2376 1675 2444 comprehendi
1714 2390 1871 2444 posse
1894 2376 2199 2442 conﬁrmat,

630 2464 758 2531 quid
783 2465 869 2517 sit.
896 2463 1027 2518 Nam
1060 2465 1196 2518 sicut
1220 2464 1333 2533 ipse
1363 2466 1500 2520 Deus
1537 2466 1588 2519 in
1620 2466 1798 2535 seipso
1829 2466 1965 2520 ultra
1988 2482 2202 2522 omnem

631 2562 934 2606 creaturam
993 2555 1139 2608 nullo
1155 2555 1424 2609 intellectu
1448 2559 1940 2625 comprehenditur,
1957 2558 2028 2611 ita
2041 2558 2203 2613 etiam

633 2644 689 2696 in
718 2643 1106 2702 sccretissimis.
1144 2644 1349 2699 sinibus
1372 2648 1393 2679 '
1420 2656 1698 2701 creaturae
1728 2648 1795 2701 ab
1827 2664 1892 2702 eo
1945 2647 2116 2703 factae
2152 2657 2207 2703 et

631 2734 685 2785 in
723 2748 789 2805 e_o
828 2733 1107 2789 cxistentis
1137 2736 1181 2765 ί⁰
1206 2737 1546 2790 considerata
1575 2739 1721 2793 οὐσία
1752 2738 2207 2807 incomprehensi-

630 2822 754 2875 liilis
776 2832 876 2875 est.
904 2821 1165 2891 Quicquid
1187 2834 1362 2879 autem
1396 2826 1447 2878 iu
1496 2827 1641 2879 omni
1667 2835 1915 2880 creatura
1942 2826 2021 2879 vel
2045 2840 2205 2880 sensu

633 2926 892 2978 corporeo
914 2915 1223 2982 percipitur,
1241 2931 1332 2968 seu
1366 2916 1636 2970 intellectu
1661 2917 2049 2980 consideratur,
2075 2916 2206 2968 nihil

634 3001 776 3053 aliud
799 3010 900 3066 est,
935 3003 1034 3057 uisi
1068 3007 1332 3072 quoddam
1369 3007 1622 3061 accidens
1670 3005 2207 3076 incompreltensibile

631 3104 728 3159 per
754 3105 832 3154 se,
865 3101 922 3145 ut
943 3093 1142 3147 dictum
1171 3094 1707 3164 est,uniuscujusquc
1732 3095 2029 3159 essentiae;
2066 3109 2205 3165 quae
2236 3093 2278 3117 “‘

634 3197 728 3241 aut
751 3187 793 3219 ”
832 3202 928 3258 per
961 3188 1297 3256 qualitatem,
1323 3198 1410 3240 aut
1433 3189 1808 3255 quantitatem,
1838 3196 1930 3240 aut
1955 3186 2203 3249 formam,

634 3289 728 3334 aut
775 3279 1053 3334 materiem
1117 3277 1180 3342 η,
1235 3286 1329 3331 aut
1367 3278 1731 3339 ,dill‘erentiam
1776 3276 2065 3346 quandam,
2115 3286 2208 3330 aut

633 3369 844 3430 locum,
897 3375 990 3421 aut
1039 3375 1246 3434 tempus
1300 3366 1727 3435 cognoscitur",
1758 3382 1863 3419 non
1911 3366 2038 3435 quid
2092 3375 2205 3430 est,

635 3455 731 3509 sed
774 3455 904 3524 quia
957 3462 1058 3508 est.
1112 3453 1217 3509 Iste
1258 3454 1421 3521 igitur
1462 3456 1650 3509 modus
1687 3456 1891 3522 primus
1939 3470 2005 3509 ac
2056 3470 2205 3509 sum-

638 3560 758 3599 mus
781 3552 865 3599 est
889 3543 1168 3598 divisionis
1188 3556 1395 3608 eorum,
1428 3558 1568 3612 quae
1598 3544 1849 3598 dicuntur
1899 3542 1943 3578 ³⁸
1987 3560 2109 3600 eSsc
2154 3558 2209 3601 et

637 3650 743 3689 non
772 3649 920 3699 esse;
943 3634 1069 3703 quia
1098 3649 1226 3689 vero
1248 3635 1294 3666 ¹⁸
1319 3635 1507 3688 modus
1535 3636 1636 3689 iste
1657 3675 1671 3699 ,
1699 3635 1789 3705 qui
1824 3635 2033 3689 videtur
2076 3650 2211 3704 quo-

622 3723 760 3777 dam
792 3725 950 3780 modo
974 3725 1239 3779 introduci
1267 3725 1550 3795 posse,qui
1581 3724 1633 3778 in
1658 3724 2047 3793 privatiouibus
2064 3725 2210 3779 circa

640 3814 967 3868 substantias
1016 3815 1408 3877 liabitudinum,
1434 3824 1501 3871 ,ιιι
1531 3815 1676 3870 circa
1697 3815 1882 3870 oculos
1911 3818 2057 3870 visus
2076 3824 2133 3871 et
2167 3816 2211 3848 ιο

636 3902 843 3956 orbitas
869 3903 934 3967 ’7,
959 3903 1325 3968 constituitur,
1348 3920 1396 3956 ιιι
1424 3903 1491 3956 llo
1539 3904 1698 3958 modo
1729 3904 2062 3973 recipiendus
2108 3912 2210 3969 est,

639 4000 699 4045 ιιι
722 3992 976 4047 arbitror.
1006 3992 1136 4047 Nam
1169 3994 1310 4063 quod
1334 3993 1545 4062 penitus
1571 4009 1673 4049 non
1703 4003 1819 4057 est,
1847 4010 1945 4051 nec
1972 4010 2095 4049 esse
2121 4011 2213 4064 po-

639 4091 761 4145 test,
793 4098 891 4138 nec
912 4098 1043 4152 prae
1087 4085 1414 4140 eminentiae
1471 4101 1600 4140 suae
1656 4086 1974 4143 existentiae
2014 4088 2215 4143 intelle-

636 4185 785 4229 ctttm
814 4186 1097 4246 exuperat,
1127 4177 1398 4246 quomodo
1434 4176 1486 4231 in
1512 4193 1690 4232 rerum
1736 4178 2086 4233 divisionibus
2130 4193 2214 4232 re-

638 4265 743 4333 cipi
776 4265 971 4331 valeat,
1001 4283 1105 4320 non
1136 4269 1308 4331 video,
1340 4267 1441 4322 nisi
1471 4266 1607 4322 forte
1634 4266 1752 4335 quis
1779 4268 1992 4332 dixerit,
2009 4284 2211 4331 rerum,

2293 503 2481 557 rentiis
2527 504 2944 570 consideratur,
2989 505 3081 574 qui
3131 506 3201 560 ab
3232 507 3601 563 excelsissima
3645 520 3700 565 et
3734 514 3877 569 circa

2292 593 2458 646 Deum
2502 593 2746 662 proxime
2805 595 3099 649 constituta
3154 594 3505 651 intellectuali
3552 599 3749 655 virtute
3796 603 3868 657 in-

2290 683 2515 749 cboans,
2543 699 2712 751 usque
2745 684 2812 737 ad
2840 684 3239 739 extremitatem
3279 686 3553 743 rationalis
3583 691 3872 747 irrationa-

2290 770 2464 840 lisque
2505 780 2786 825 creaturae
2815 770 3198 833 descendit";
3241 771 3344 827 hoc
3386 782 3491 838 est,
3538 785 3596 830 ut
3639 779 3877 847 apertius

2293 858 2558 923 dicamus,
2594 872 2624 911 a
2664 857 3043 912 sublimissimo
3068 859 3254 929 angelo
3283 877 3450 931 usque
3488 864 3555 918 ad
3577 874 3879 922 extremam

2293 945 2626 1000 rationabilis
2651 946 3136 1016 irrationabilisque
3174 948 3384 1004 animae
3419 960 3653 1023 partem,
3696 955 3878 1009 nutri-

2295 1034 2458 1088 tivam
2485 1035 2604 1088 dico
2624 1043 2679 1089 et
2699 1036 2965 1090 auctivam
2990 1038 3034 1068 ²¹¹¹
3058 1037 3223 1091 vitam
3247 1039 3315 1091 ⁸³.
3335 1038 3482 1105 Quae
3504 1057 3627 1110 pars
3647 1060 3879 1114 genera-

2296 1120 2362 1176 lis
2386 1122 2596 1177 animae
2624 1123 2811 1177 ultima
2841 1133 2941 1186 est,
2974 1140 3110 1193 quae
3128 1126 3176 1158 “
3196 1143 3391 1198 corpus
3418 1133 3587 1185 nutrit
3611 1143 3667 1187 et
3692 1144 3875 1203 auget.

2298 1211 2399 1266 Ubi
2436 1212 2669 1266 mirabiii
2714 1212 3097 1282 intelligentiae
3140 1217 3297 1271 modo
3339 1219 3702 1289 unusquisque
3743 1223 3875 1276 ordo

2296 1315 2418 1354 cum
2446 1301 2562 1371 ipso
2590 1300 2842 1355 deorsum
2874 1317 3059 1356 versus
3088 1305 3377 1359 novissimo
3398 1345 3413 1370 ,
3452 1308 3541 1375 qui
3576 1318 3657 1361 est
3689 1325 3878 1378 corpo-

2297 1407 2442 1455 rum,
2474 1403 2530 1445 et
2558 1390 2608 1445 in
2640 1406 2747 1461 quo
2777 1393 2951 1447 omnis
2986 1394 3171 1448 divisio
3200 1386 3539 1461 terminatur,
3572 1408 3747 1468 potest
3775 1401 3877 1455 dici

2295 1494 2419 1534 esse
2441 1488 2496 1532 et
2525 1494 2628 1534 non
2657 1493 2795 1534 esse.
2831 1481 3100 1536 Inferioris
3129 1484 3271 1537 enim
3298 1485 3598 1555 aifirmatio,
3632 1488 3881 1557 superio-

2299 1570 2374 1622 ris
2400 1577 2484 1623 est
2511 1570 2737 1639 negatio.
2765 1569 2999 1639 Itemque
3033 1570 3302 1627 inferioris
3330 1576 3560 1643 negatio,
3586 1578 3881 1646 superioris

2303 1667 2388 1713 est
2451 1658 2750 1715 afﬁrmatio.
2824 1661 3131 1731 Eodemque
3184 1666 3341 1719 modo
3393 1667 3684 1735 superioris
3738 1667 3883 1721 alIir-

2304 1748 2490 1809 matio,
2523 1748 2790 1803 inferioris
2815 1757 2897 1804 est
2922 1752 3151 1818 negatio.
3203 1751 3427 1819 Negatio
3466 1770 3596 1808 vero
3637 1757 3881 1825 superio-

2303 1834 2378 1889 ris
2423 1836 2526 1890 erit
2553 1836 2835 1892 alﬁrmatio
2862 1838 3148 1892 inferioris.
3210 1840 3508 1895 Aﬂirmatio
3552 1844 3745 1912 quippe
3785 1845 3883 1897 lto-

2304 1924 2463 1979 minis
2492 1965 2507 1989 ,
2566 1926 2809 1980 mortalis
2858 1927 3032 1981 adhuc
3084 1929 3200 1981 dico
3231 1969 3245 1993 ,
3300 1931 3513 1999 negatio
3555 1941 3640 1986 est
3683 1933 3879 2001 angeli.

2302 2013 2524 2084 Negatio
2553 2030 2680 2069 vero
2708 2016 2939 2071 hominis
2990 2016 3273 2072 aﬂirtnatio
3320 2030 3404 2073 est
3444 2020 3616 2089 angeli
3647 2039 3659 2074 :
3692 2030 3745 2075 ct
3795 2022 3880 2075 vi-

2242 2178 2245 2179 ν
2302 2106 2503 2179 cissim.
2544 2107 2597 2160 Si
2620 2107 2762 2161 enim
2794 2108 2951 2161 homo
2976 2117 3061 2161 est
3090 2109 3285 2162 animal
3334 2122 3359 2149 ι
3413 2111 3692 2174 rationale,
3738 2127 3882 2166 mor-

2305 2194 2429 2256 tale,
2485 2194 2695 2248 visiltile
2733 2235 2746 2256 ,
2800 2195 3038 2263 proiecto
3075 2197 3292 2266 angelus
3340 2213 3512 2266 neque
3553 2199 3751 2252 animal
3796 2216 3885 2253 ra-

2305 2281 2500 2342 tionale
2526 2291 2627 2346 est,
2661 2298 2832 2351 neque
2862 2285 3107 2349 mortale,
3145 2302 3320 2354 neque
3369 2287 3577 2341 visibile
3624 2288 3689 2338 ’⁸.
3747 2288 3880 2343 Item

2306 2376 2349 2430 si
2381 2374 2602 2444 angelus
2634 2385 2717 2428 est
2755 2376 3053 2429 essentialis
3098 2388 3272 2430 motus
3318 2377 3693 2432 intellectualis
3741 2382 3881 2434 circa

2308 2464 2476 2520 Deum
2502 2479 2791 2533 rerumque
2814 2465 2861 2495 ²⁶
2886 2480 3095 2528 causas,
3126 2464 3366 2534 profecto
3386 2467 3542 2520 homo
3572 2482 3674 2521 non
3696 2476 3774 2521 est
3798 2482 3884 2521 es-

2308 2553 2551 2607 sentialis
2586 2563 2760 2607 motus
2790 2553 3163 2609 intellectualis
3199 2555 3346 2608 circa
3395 2555 3557 2608 Deum
3606 2565 3661 2610 et
3702 2572 3882 2610 rerum

2309 2656 2518 2705 causas.
2575 2642 2881 2709 Eademque
2933 2643 3112 2711 regula
3169 2643 3219 2696 in
3268 2645 3514 2698 omnibus
3560 2645 3885 2700 caelestibus

2308 2730 2577 2794 essentiis,
2610 2745 2778 2797 usque
2814 2730 2937 2783 dum
2970 2731 3035 2784 ad
3063 2746 3371 2799 supremum
3401 2733 3444 2763 ⁸⁷
3482 2732 3721 2787 omnium
3763 2749 3887 2803 per-

2310 2819 2556 2871 veniatur
2588 2820 2635 2849 ⁸⁸
2677 2819 2941 2883 ordinem,
2991 2821 3266 2874 observari
3296 2830 3500 2889 potest;
3532 2823 3647 2889 ipse
3678 2838 3805 2877 vero
3831 2825 3883 2877 in

2312 2922 2557 2974 suprema
2587 2922 2799 2960 sursum
2826 2908 3105 2977 negatione
3135 2911 3470 2964 terminatur.
3505 2911 3632 2978 Ejus
3658 2928 3886 2983 namque

2316 2997 2526 3065 negatio
2551 2996 2749 3049 nullam
2780 3006 3081 3050 creaturam
3109 2999 3440 3067 superiorem
3485 3016 3543 3055 se
3582 3001 3880 3055 conﬁrmat.

2311 3084 2442 3140 Tres
2470 3094 2648 3138 autem
2669 3085 2887 3139 ordines
2913 3096 3059 3149 sunt,
3085 3101 3221 3155 quos
3247 3088 3512 3161 ὁμοταγεῖς
3561 3088 3606 3120 ²⁹
3655 3099 3883 3154 vocant;

2305 3190 2533 3244 quorum
2554 3176 2758 3243 primus
2771 3174 3082 3240 Cherubim,
3105 3178 3410 3247 Seraphim,
3427 3179 3656 3244 Throni;
3683 3195 3879 3235 secun-

2307 3264 2406 3318 dus
2422 3261 2676 3325 Virtutes,
2698 3263 3016 3323 Potestates,
3036 3265 3462 3329 nominationes;
3483 3268 3668 3320 tertius
3682 3266 3887 3321 Princio

2307 3359 2486 3421 patus,
2508 3350 2851 3421 Archaageli,
2878 3353 3088 3422 Angeli.
3142 3354 3399 3411 Deorsum
3427 3370 3549 3409 vero
3594 3371 3884 3424 corporum

2309 3442 2635 3496 novissimus
2672 3442 3006 3498 solummodo
3050 3445 3375 3514 superiorem
3402 3461 3459 3501 se
3487 3454 3579 3501 aut
3609 3456 3771 3516 negat
3795 3456 3891 3502 aut

2310 3530 2538 3585 aﬁirmat
2569 3531 2632 3595 ³⁰,
2654 3532 2778 3601 quia
2807 3531 2943 3585 infra
2971 3548 3029 3588 se
3051 3534 3179 3588 nihil
3199 3536 3376 3599 habet,
3399 3535 3540 3605 quod
3563 3535 3647 3588 vel
3677 3534 3891 3591 auferat

2310 3621 2391 3675 vel
2443 3622 2753 3683 constituat,
2789 3621 2915 3690 quia
2942 3621 2983 3652 ³¹
3016 3623 3085 3676 ab
3132 3624 3379 3678 omnibus
3431 3623 3797 3693 superioribus
3829 3638 3890 3678 se

2310 3709 2668 3779 praeceditur,
2693 3711 2893 3763 nullum
2919 3726 3047 3767 vero
3076 3710 3381 3766 inferiorem
3396 3728 3454 3766 se
3471 3713 3756 3781 praecedit.
3776 3712 3890 3766 [Iac

2312 3799 2438 3853 item
2456 3800 2659 3853 ratione
2671 3799 2847 3854 cumis
2859 3800 2989 3854 ordo
3006 3799 3280 3854 rationalis
3292 3811 3345 3853 et
3360 3800 3733 3855 intellectualis
3747 3815 3890 3855 crea-

2311 3899 2462 3944 turae
2483 3905 2601 3944 esse
2628 3889 2823 3944 dicitur
2852 3898 2908 3944 et
2939 3906 3044 3944 non
3088 3905 3224 3945 esse.
3254 3888 3347 3944 Est
3373 3892 3543 3956 enim,
3570 3900 3821 3960 quantum
3856 3906 3889 3943 a

2311 3980 2673 4050 superioribus
2700 3979 2782 4033 vel
2809 3995 2838 4033 ἰ
2864 3980 3051 4046 seipso
3065 3981 3437 4049 cognoscitur;
3474 3998 3577 4034 non
3593 3989 3665 4034 est
3689 3989 3887 4041 autem,

2314 4079 2574 4142 quantum
2617 4071 2684 4124 ab
2721 4069 3065 4125 inferioribus
3101 4084 3160 4124 se
3189 4071 3570 4140 comprehendi
3605 4085 3707 4125 non
3740 4068 3889 4123 sinit.

2384 4181 2439 4235 5.
2484 4180 2698 4235 Tertius
2724 4180 2914 4235 modus
2934 4193 3041 4233 non
3067 4180 3362 4251 incongrue
3392 4181 3676 4250 inspicitur
3703 4181 3755 4233 in
3783 4179 3890 4245 bit.

2313 4270 2510 4338 quibus
2537 4268 2695 4336 hujus
2721 4269 2904 4323 mundi
2944 4269 3169 4325 visibilis
3197 4270 3473 4339 plenitudo
3501 4270 3796 4338 perﬁcitur,
3838 4276 3895 4323 et

640 4369 779 4422 quae
815 4364 965 4419 sunt,
1019 4354 1292 4410 absentias
1344 4365 1401 4411 et
1453 4358 1781 4424 privationes
1833 4373 1939 4411 non
1996 4358 2214 4419 omnino
2247 4388 2291 4444 υ
2318 4358 2372 4412 in
2405 4359 2515 4413 suis
2542 4359 2720 4414 causis
2755 4359 3204 4426 praecedentibus
3230 4360 3283 4414 in
3313 4360 3693 4416 secretissimis
3735 4369 3893 4411 uatu-

640 4443 773 4495 nihil
817 4459 956 4508 esse,
982 4446 1074 4497 sed
1104 4461 1312 4508 earum,
1344 4460 1568 4514 quantm
1610 4446 1936 4513 privatioues
1982 4460 2073 4499 seu
2099 4448 2214 4500 abs-

642 4531 821 4584 entiae
851 4547 944 4585 seu
984 4535 1346 4601 oppositiones
1395 4543 1549 4598 sunt,
1584 4533 1815 4588 mirabili
1845 4533 2078 4602 quadam
2125 4549 2215 4587 tta-

643 4619 800 4673 turali
843 4622 886 4652 "
906 4621 1104 4674 virtute
1129 4624 1419 4686 contineri,
1450 4634 1506 4678 ut
1540 4624 1768 4693 quodam
1796 4623 1954 4678 modo
1980 4622 2106 4678 sint.

715 4713 767 4765 4.
808 4714 927 4767 Fiat
958 4715 998 4746 ι’
1022 4719 1289 4769 secundus
1315 4717 1501 4771 modus
1521 4719 1734 4773 essendi
1765 4728 1819 4774 et
1844 4734 1948 4774 non
1976 4716 2215 4782 essendi,

2312 4458 2412 4503 rae
2456 4448 2679 4503 sinibus.
2735 4448 3000 4518 Quicquid
3045 4450 3190 4504 enim
3233 4449 3469 4517 ipsarum
3510 4462 3794 4501 causarum
3841 4445 3893 4498 in

2317 4537 2538 4591 materia
2565 4536 2819 4603 formata,
2852 4538 2905 4592 in
2923 4537 3251 4608 temporibus
3270 4537 3382 4590 et"
3406 4536 3535 4591 locis
3555 4550 3652 4603 per
3669 4550 3895 4603 generao

2313 4630 2513 4684 tionem
2549 4630 2912 4699 cognoscitur,
2950 4632 3181 4697 quadam
3223 4628 3457 4680 humana
3500 4624 3896 4680 consuetudine

2316 4718 2512 4775 dicitur
2532 4733 2671 4774 esse.
2721 4717 2986 4786 Quicquid
3015 4730 3144 4770 vero
3176 4715 3353 4769 adhuc
3393 4714 3449 4768 in
3495 4714 3625 4782 ipsis
3665 4721 3896 4768 naturae

1926 4830 2011 4884 VA
2021 4829 2178 4885 RIAE
2213 4829 2611 4885 LECTIONES.

718 4925 731 4956 ‘
767 4924 805 4977 Λ
839 4923 1072 4976 aestimo.
1151 4923 1171 4953 ’
1199 4924 1236 4976 A
1271 4922 1440 4990 prima
1469 4931 1541 4975 est
1568 4922 1827 4976 omnium.

1905 4923 1925 4954 ³
1951 4925 2084 4978 ὔλιον
2122 4924 2175 4975 id
2200 4932 2272 4976 est
2305 4937 2414 4976 om.
2446 4922 2532 4975 CD
2560 4936 2661 4975 non
2700 4934 2870 4974 sontm
2910 4937 2963 4971 ιη
2984 4935 3171 4987 graeco
3207 4917 3831 4989 primamimatlteriarum
3860 4933 3894 4970 a

639 4995 852 5048 domino
877 4991 1020 5063 nullo
1050 4994 1205 5046 modo
1234 4988 1446 5063 prorsus
1479 4991 1776 5063 formatam,
1818 5006 2031 5049 omnem
2065 5007 2278 5063 sensum
2309 4993 2422 5059 (illa
2447 4992 2608 5063 verba
2636 4990 2867 5063 pessime
2892 4990 3180 5063 dilacerata
3204 4990 3318 5045 sola
3334 4988 3648 5063 conjectura
3678 5000 3897 5040 assecu-

644 5075 730 5117 tus
758 5064 922 5131 sum).

642 5149 861 5187 omnem.

640 5215 787 5256 ειυιι.

633 5274 734 5341 ﬁgit
743 5291 771 5326 ιι
780 5290 824 5325 r.

642 5345 884 5395 activam.

998 5060 1020 5093 *
1044 5073 1116 5115 est
1150 5060 1258 5117 om.
1296 5062 1356 5116 Ι).
1430 5063 1452 5093 ⁵
1483 5064 1573 5117 Sic
1598 5060 1720 5128 CD;
1755 5063 1797 5116 A
1824 5062 2126 5116 divinitatis.

941 5131 962 5162 ’
986 5133 1188 5187 sinibus
1242 5146 1348 5187 om.
1385 5132 1446 5186 D.
1526 5131 1567 5163 ¹⁰
1593 5132 1638 5184 Α
1678 5130 2021 5186 consistentis.

868 5202 911 5233 ¹¹⁵
956 5220 1071 5257 vero
1130 5218 1238 5256 om.
1280 5204 1343 5257 A.

900 5272 946 5303 ⁹⁰
979 5273 1025 5325 Α
1068 5284 1372 5327 creaturam
1401 5282 1451 5328 et
1487 5280 1869 5325 creaturarum.

965 5343 1011 5374 ³⁷⁵
1063 5343 1105 5395 Ι)
1145 5344 1411 5410 quoniam.
1486 5342 1531 5373 ⁸⁸
1565 5340 1745 5410 corn,
1775 5341 1907 5394 ACO
1938 5340 2152 5410 risibile.

2202 5062 2222 5092 ⁸
2251 5062 2407 5115 etiam
2439 5077 2550 5116 om.
2577 5062 2637 5114 Ι).

2101 5132 2140 5164 ¹¹
2181 5141 2271 5184 aut
2321 5146 2429 5184 om.
2461 5132 2523 5187 Ι).

1457 5203 1500 5233 ⁸⁸
1526 5203 1666 5255 visus
1722 5211 1769 5255 et
1819 5216 1927 5254 om.
1971 5200 2057 5254 AC
2096 5211 2144 5255 et
2175 5202 2315 5254 visus
2352 5209 2419 5252 et.

1944 5272 1987 5303 “
2017 5272 2062 5324 A
2113 5270 2412 5324 descendat.

2226 5339 2272 5370 "
2294 5339 2336 5391 A
2370 5349 2416 5392 et
2449 5355 2640 5392 rerum.

2606 5057 2649 5112 ιζ
2712 5061 2731 5091 ⁷
2762 5076 2850 5114 seu
2888 5060 3158 5113 essentiam
3187 5075 3296 5113 om.
3319 5059 3383 5111 A.
3459 5057 3480 5088 ⁸
3505 5058 3552 5110 Α
3601 5066 3894 5109 creaturam

2606 5131 2644 5162 ι’
2671 5130 2707 5175 Δ
2735 5130 3025 5175 nuitnriam-
3106 5129 3149 5160 ιδ
3176 5131 3215 5175 Δ
3265 5128 3585 5175 nanoscftur.
3664 5125 3706 5156 "‘
3738 5124 3779 5175 C
3815 5123 3894 5175 di-

2669 5130 2709 5183 A
2735 5130 3025 5183 materiam.
3106 5129 3149 5160 “
3174 5131 3215 5182 A
3265 5128 3585 5197 agnoscitur.
3664 5125 3706 5156 “
3738 5124 3779 5178 C
3815 5124 3895 5175 di-

2693 5200 2925 5252 orbatus.
3004 5197 3047 5229 ⁸⁸
3080 5197 3311 5253 naturali
3334 5213 3442 5251 om.
3477 5196 3539 5251 Β.
3617 5193 3661 5226 ⁸⁸
3688 5194 3731 5248 A
3767 5190 3895 5247 Fiat

3008 5268 3054 5299 ³³
3082 5267 3125 5322 C
3155 5268 3454 5323 nutritivam
3483 5266 3637 5319 vitam
3680 5263 3798 5315 dico
3843 5270 3893 5315 et

3008 5352 3030 5390 a
3064 5339 3240 5394 adscr.
3272 5350 3549 5392 summam.
3625 5331 3670 5364 ”
3697 5330 3739 5383 Α
3768 5345 3892 5399 per-

2499 5200 2540 5231 "
2575 5199 2663 5254 CD
2693 5200 2925 5252 orbatus.

2485 5271 2530 5299 "
2560 5270 2649 5325 AC
2690 5270 2934 5324 activam.

2718 5340 2761 5369 ’⁷
2801 5338 2842 5390 D
2869 5352 3030 5407 supra
3064 5339 3240 5394 adscr.
3272 5350 3549 5392 summam.

644 5414 870 5465 veniant.
948 5412 991 5442 ”
1043 5406 1174 5465 CDE
1202 5413 1456 5485 ὁμοταγςς
1527 5410 1572 5441 ³⁰
1599 5408 1685 5465 CE
1705 5411 1903 5478 ﬁrmat,
1938 5410 1980 5463 υ
2003 5409 2301 5478 conﬁrmat.
2378 5407 2421 5445 ³³
2450 5408 2493 5463 C
2522 5409 2631 5479 qui.
2707 5408 2754 5440 "
2784 5417 2829 5461 et
2855 5423 2963 5462 om.
2992 5406 3056 5462 D.

2130 5540 2309 5596 NOTA
2320 5542 2378 5596 E.

715 5646 739 5670 ι
783 5633 967 5687 Verbis
1006 5638 1201 5689 aniij
1235 5640 1489 5693 mtionale
1517 5638 1701 5707 incipit
1725 5637 1843 5691 cod.
1872 5637 1931 5690 Ε.
