4194 6276
370 396 478 451 “5

371 505 580 559 sinibus
606 501 929 564 continetur,
965 514 1135 570 neque

372 593 491 648 loco
518 591 598 646 vel
644 601 902 660 tempore,
956 591 1256 659 ceterisque
1291 592 1659 646 accidentibus
1704 604 1943 661 apparet,

369 684 557 738 eadem
619 681 888 752 praedicta
945 674 1336 734 consuetudine
1399 681 1593 735 dicitur
1642 697 1746 752 non
1804 698 1944 737 esse.

369 770 678 839 Huiusmodi
708 769 947 837 exetnpla
984 768 1089 823 late
1124 777 1324 839 patent,
1369 779 1424 824 et
1473 770 1707 823 maxime
1745 771 1798 823 in
1849 771 1949 823 hu-

368 876 523 915 mana
563 865 770 912 natura.
820 856 954 911 Cum
998 859 1142 911 enim
1168 857 1328 926 .Deus
1367 873 1555 912 omnes
1596 859 1841 912 homines
1889 859 1944 912 in

364 942 455 1002 illo
476 949 648 1018 primo
677 955 838 1016 atque
869 962 999 1011 uno,
1028 961 1189 1015 quem
1218 947 1284 1001 ad
1312 947 1596 1015 imaginem
1622 963 1773 1001 suam
1795 947 1940 1012 fecit,

365 1039 519 1092 simul
558 1039 923 1102 constituerit,
971 1038 1067 1091 sed
1103 1052 1208 1091 non
1244 1036 1402 1089 simul
1432 1037 1485 1089 in
1515 1038 1656 1090 hunc
1688 1036 1941 1090 mundum

363 1127 625 1182 visibilem
680 1128 935 1197 produxit
965 1128 1008 1192 ’,
1043 1126 1209 1181 certis
1261 1141 1389 1180 vero
1427 1128 1759 1196 temporibus
1789 1126 1945 1181 locis-

363 1238 469 1291 que
496 1232 765 1287 naturam,
793 1237 954 1291 quam
1003 1220 1163 1274 simul
1205 1220 1538 1287 condiderat,
1580 1221 1835 1288 quadam,
1885 1230 1944 1274 ut

367 1314 481 1380 ipse
512 1314 679 1376 novit,
718 1312 859 1366 serie
901 1312 967 1365 ad
1020 1310 1280 1364 visibilem
1316 1310 1602 1364 essentiam
1646 1312 1860 1365 adducit
1898 1313 1940 1377 ³,

362 1401 445 1466 Ἰιί,
477 1403 568 1470 qui
604 1401 714 1469 jam
754 1402 806 1455 in
857 1402 1054 1455 mundo
1080 1400 1358 1455 visibiliter
1385 1409 1664 1470 apparent,
1694 1411 1748 1456 ει
1773 1417 1941 1471 appa-

368 1501 611 1556 ruerunt,
642 1491 891 1545 dicuntur
916 1506 1066 1555 esse;
1100 1491 1189 1558 qui
1221 1505 1347 1543 vero
1369 1492 1545 1543 adhuc
1568 1490 1749 1555 latent,
1779 1492 1940 1546 l'utnri

368 1592 546 1634 tamen
571 1591 716 1647 sunt,
744 1582 994 1636 dicuntur
1021 1596 1126 1634 non
1156 1596 1296 1634 esse.
1331 1571 1476 1635 lntcr
1498 1580 1726 1650 primum
1754 1590 1808 1635 et
1832 1592 1942 1637 ter-

365 1674 497 1725 tium
523 1671 545 1702 ⁸
585 1673 686 1727 hoc
733 1673 913 1726 distat.
971 1671 1182 1725 Primus
1213 1670 1536 1739 generaliter
1571 1671 1622 1724 in
1670 1671 1940 1736 omnibus,

359 1760 718 1830 quae'simul
766 1770 820 1815 et
845 1760 1014 1815 semel
1053 1760 1104 1812 in
1148 1761 1326 1814 causis
1374 1768 1428 1814 et
1472 1752 1753 1815 effectibus
1798 1760 1939 1829 facta

1250 394 1337 450 DE
1375 395 1710 453 DIVISIONE
1746 399 2093 455 NATURAE.
2135 431 2204 440 —
2243 399 2442 457 LIBER
2481 403 2760 463 PRIMUS.

1237 501 1288 554 in
1321 501 1548 557 l'onnata
1588 508 1831 569 materia,
1861 506 1943 560 vel
1976 510 2024 568 Α
2049 506 2092 559 si
2123 506 2250 575 quid
2277 518 2493 576 praeter
2519 509 2618 564 hos
2648 515 2833 570 modos
2861 514 3168 591 indagatior
3205 525 3347 581 ratio
3391 526 3635 590 invenire

3527 425 3635 480 446

2049 604 2243 664 potest.
2288 596 2393 652 Sed
2423 602 2870 669 praesentialiter,
2912 620 2971 661 ut
3008 611 3243 667 arbitror
3269 652 3303 681 ,.
3339 615 3406 670 de
3456 619 3542 674 his
3587 623 3634 654 ”

2048 686 2180 740 satis
2205 687 2405 740 dictum
2432 698 2533 754 est,
2551 690 2607 744 si-
2628 692 2725 761 tibi
2749 694 2908 750 aliter
2932 712 3037 751 non
3063 701 3292 755 videtur.
3321 704 3466 761 Dtsc.
3487 708 3632 764 Satis

2047 775 2225 842 plane,
2251 776 2303 828 ni
2323 777 2369 807 ἰ
2394 792 2479 831 me
2502 779 2774 850 paulisper
2796 788 3132 851 perturbaret
3147 789 3213 855 “,
3232 793 3373 859 quod
3389 810 3419 848 a
3440 807 3632 853 sancto

2044 865 2344 933 Augustino
2376 867 2425 919 in
2467 867 2729 923 Exemcro
2752 872 2816 908 ³³·
2843 887 2940 927 suo
2962 876 3161 930 dictum
3191 880 3400 935 videtur
3419 883 3494 950 ³³;
3528 886 3632 941 hoc

2044 961 2126 1005 est
2141 967 2155 1004 :
2172 954 2458 1023 angelicam
2484 967 2725 1012 naturam
2752 971 2871 1015 ante
2886 969 3087 1019 omnem
3099 974 3392 1024 creaturam
3407 974 3629 1045 dignita-

2045 1048 2110 1101 te,
2138 1056 2241 1094 non
2267 1042 2495 1111 tempore
2522 1047 2781 1099 conditam
2799 1050 2995 1117 fuisse;
3022 1068 3085 1108 ac
3100 1069 3196 1124 per
3208 1057 3309 1113 hoc
3321 1067 3375 1113 et
3396 1042 3627 1120 aliorum

2044 1130 2285 1183 onmium
2332 1141 2547 1200 praeter
2589 1135 2786 1190 suimet
2833 1140 3206 1206 primordiales
3255 1161 3465 1214 causas,
3525 1150 3627 1206 hoc

2043 1225 2147 1282 est,
2178 1220 2491 1288 principalia
2522 1225 2781 1291 Exempla,
2813 1242 2951 1294 quae
2979 1229 3168 1285 Graeci
3194 1242 3509 1311 πρωτὸτυπα
3533 1257 3628 1296 no-

2044 1307 2272 1373 minant,
2305 1310 2457 1377 prius
2482 1311 2534 1364 in
2572 1313 2681 1365 Deo
2707 1311 3096 1384 considerasse,
3125 1307 3316 1377 deinde
3348 1326 3400 1379 in
3428 1330 3625 1397 seipsa,

2043 1400 2235 1453 deinde
2257 1401 2402 1470 ipsas
2426 1416 2703 1459 creaturas
2729 1406 2777 1458 in
2805 1406 3082 1466 effectibus
3110 1416 3240 1469 suis.
3274 1416 3405 1471 Nam
3430 1421 3628 1477 suimet

2043 1504 2279 1568 causam,
2309 1492 2622 1573 priusquam
2652 1495 2703 1546 in
2728 1498 2957 1564 speciem
2982 1506 3256 1570 propriam
3285 1511 3623 1579 procederet,

2043 1591 2366 1647 cognoscere
2380 1596 2487 1634 non
2506 1582 2688 1636 valuit.
2706 1583 2844 1639 Mac.
2862 1588 2970 1643 Nec
3001 1591 3126 1645 illud
3149 1603 3201 1647 te
3221 1611 3437 1652 movere
3467 1615 3626 1669 opor-

2044 1675 2138 1723 tet.
2171 1668 2278 1724 Sed
2315 1672 2573 1729 intentius
2610 1690 2673 1729 ea
2701 1676 2772 1743 “,
2803 1694 2941 1749 quae
2967 1684 3105 1739 dicta
3141 1698 3285 1754 sunt,
3317 1668 3621 1750 considera.

2045 1758 2102 1812 Si
2132 1760 2277 1814 enim
2306 1764 2524 1833 angelos
2563 1767 2885 1838 principales
2936 1788 3115 1829 rerum
3168 1794 3359 1834 causas
3408 1783 3460 1836 in
3511 1786 3623 1839 Deo

358 1861 504 1904 sunt.
555 1850 769 1904 Tertius
812 1849 834 1880 ⁸
888 1847 1196 1918 specialiter
1246 1849 1297 1901 in
1340 1848 1444 1912 his,
1493 1863 1631 1917 quae
1673 1849 1868 1918 partim
1913 1834 2012 1908 ⁷⁶Β
2039 1852 2359 1907 constitutas
2386 1834 2698 1924 cognovisse
2721 1834 3051 1930 dixerimus,
3082 1868 3334 1936 Apostolo
3364 1834 3620 1928 resistere

357 1943 535 1996 adhuc
581 1942 633 1994 in
675 1940 855 1995 causis
879 1940 991 1994 suis
1014 1941 1199 2003 latent,
1230 1940 1425 2008 partim
1454 1940 1507 1993 in
1537 1939 1814 1994 ell'cctibus
1842 1955 1938 2010 pa-

358 2039 495 2095 tent,
546 2030 742 2100 quibus
797 2029 1014 2100 proprie
1066 2031 1295 2083 mundus
1351 2029 1449 2082 iste
1494 2028 1820 2083 contexitur.
1856 2028 1939 2081 Ad

352 2122 739 2175 huucanodnm
769 2119 1001 2188 pertinet
1033 2118 1172 2170 ratio
1210 2116 1319 2180 illa,
1365 2131 1502 2184 ιιιιιιε
1549 2117 1802 2169 virtutem
1846 2130 1936 2169 se-

360 2213 561 2266 minum
610 2210 933 2269 considerat,
984 2196 1098 2263 sive
1149 2208 1202 2262 in
1262 2202 1599 2271 animalibus,
1647 2207 1762 2260 sive
1811 2206 1863 2260 itt
1912 2206 1936 2237 ⁸

360 2304 664 2368 arboribus,
692 2304 804 2358 sive
832 2304 884 2356 in
911 2302 1111 2357 herbis.
1146 2299 1323 2354 Virtus
1344 2299 1365 2332 ⁹
1394 2300 1537 2353 enim
1563 2300 1829 2354 seminum
1869 2313 1937 2353 eo

363 2403 622 2463 tempore,
665 2409 771 2462 quo
798 2393 848 2445 in
874 2392 1097 2446 secretis
1125 2400 1347 2445 naturae
1373 2372 1513 2452 silei,
1545 2390 1668 2458 quia
1698 2390 1934 2443 nondum

351 2477 604 2554 apparet,
637 2483 833 2537 dicitur
859 2498 963 2537 non
991 2472 1149 2543 essci
1179 2482 1305 2534 dum
1330 2496 1455 2535 vero
1492 2479 1550 2534 in
1590 2479 1938 2534 nascentibus

356 2572 837 2642 crescentibusque
860 2564 1202 2637 animalibus,
1243 2584 1335 2623 seu
1365 2571 1586 2624 ﬂoribus
1610 2568 1938 2624 fructibusve

354 2661 622 2730 lignorum
651 2667 707 2713 et
732 2658 1022 2713 herbarum
1051 2660 1378 2727 apparuerit,
1409 2658 1608 2712 dicitur
1634 2673 1774 2712 esse.

425 2748 477 2802 6.
518 2746 755 2813 Quartus
784 2745 975 2801 modus
1004 2754 1106 2810 est,
1134 2746 1223 2815 qui
1254 2747 1551 2800 secundum
1592 2747 1937 2816 philosophos

354 2851 459 2890 non
486 2833 913 2903 improbabiliter
942 2847 1004 2887 ea
1048 2833 1405 2898 solummodo,
1447 2847 1588 2902 quae
1626 2833 1741 2888 solo
1789 2848 1934 2888 com-

354 2924 758 2993 prehenduntur
800 2921 1095 2987 intellectu,
1146 2923 1275 2999 dicit
1325 2923 1367 2953 ¹⁰
1415 2937 1542 2978 vere
1590 2930 1751 2990 esse;
1795 2940 1933 2994 quae

352 3030 483 3070 vero
511 3031 605 3085 per
633 3014 1061 3085 generationem,
1107 3006 1364 3067 materiae
1407 3015 1816 3070 distentionihus
1864 3017 1927 3081 “,

353 3122 450 3161 seu
477 3104 920 3171 detractionibus,
951 3103 1189 3159 locorum
1234 3119 1445 3174 quoque
1489 3106 1675 3174 spatiis
1716 3092 1928 3175 tempo-

2040 1939 2359 2005 videbimur,
2386 1943 2475 2010 qui
2495 1959 2651 2013 super
2667 1962 2836 2011 omne,
2856 1952 2997 2031 quod
3015 1953 3208 2006 dicitur
3224 1967 3271 2008 et
3293 1958 3616 2028 intelligitur,

2040 2029 2212 2109 ipsum
2237 2029 2403 2105 Deum
2433 2040 2483 2085 et
2513 2048 2706 2088 causas
2733 2029 3050 2095 omniumiin
3079 2058 3162 2109 eo,
3195 2046 3306 2099 sive
3335 2048 3476 2101 aliud
3503 2051 3617 2105 sive

2036 2130 2143 2169 non
2173 2118 2315 2171 aliud
2344 2118 2451 2172 sint
2482 2120 2528 2151 "
2547 2131 2763 2189 praeter
2791 2126 2862 2191 id,
2895 2129 3038 2196 quod
3081 2130 3194 2200 ipse
3234 2143 3338 2201 est,
3388 2136 3593 2194 allirma

2037 2216 2175 2259 esse.
2201 2206 2281 2260 Ac
2318 2220 2414 2274 per
2440 2207 2542 2263 hoc
2569 2214 2931 2268 necessarium
2963 2227 3062 2283 est,
3112 2215 3313 2278 rectam
3356 2229 3612 2283 mediam-

2035 2307 2140 2362 que
2166 2294 2304 2348 viam
2334 2305 2535 2363 tenere,
2558 2315 2625 2353 ne
2652 2301 2734 2356 vel
2753 2303 3009 2373 Apostolo'
3036 2308 3316 2385 videamur
3342 2324 3614 2382 resistere,

2035 2384 2118 2437 vel
2149 2388 2470 2469 sententiam
2496 2404 2736 2446 sunnnae
2764 2409 2827 2449 ac
2854 2408 3073 2454 sanctae
3110 2384 3416 2459 autoritatis
3450 2411 3620 2479 magi-

2034 2476 2129 2529 s‘tri
2152 2484 2256 2529 non
2281 2479 2544 2534 obtinere.
2578 2482 2875 2555 Utrumque
2897 2489 3061 2558 igitur
3080 2507 3263 2547 verum
3287 2495 3489 2552 dixisse
3512 2476 3617 2553 non

2033 2567 2405 2659 dubitandum,
2437 2572 2546 2627 itno
2584 2574 2812 2630 lirmiter
2840 2566 3148 2636 tenendum.
3197 2584 3424 2641 Causam
3455 2589 3619 2659 igitur

2032 2658 2270 2711 omnium
2313 2674 2493 2714 rerum
2523 2663 2588 2728 ",
2617 2679 2754 2733 quae
2779 2681 2992 2722 omnem
3035 2670 3364 2728 intellectum
3413 2658 3616 2748 exupe-

2032 2757 2134 2811 rat,
2167 2748 2294 2802 nulli
2334 2759 2549 2804 creatae
2599 2764 2820 2809 naturae
2861 2759 3156 2813 secundum
3200 2762 3516 2832 Apostolum
3568 2769 3610 2799 ³⁷

2031 2837 2300 2905 cognitam
2329 2840 2465 2902 ﬁeri,
2493 2840 2630 2894 ratio
2659 2842 2805 2896 sinit.
2851 2846 2981 2909 Quis
3010 2850 3167 2913 enim,
3214 2852 3408 2920 inquit,
3458 2856 3615 2908 intel-

2031 2924 2218 2978 lectum
2245 2926 2453 2981 Domini
2477 2930 2711 3013 cognovit
2733 2932 2760 2983 ?
2782 2945 2838 2986 et
2865 2934 2989 2988 alibi
3022 2952 3037 2988 :
3071 2936 3191 2991 Paa:
3222 2937 3437 3005 Christi,
3480 2959 3616 3013 quae

2029 3023 2274 3082 exuperat
2304 3031 2505 3067 omnem
2531 3010 2867 3074 intellectura.
2898 3022 2969 3077 At
2994 3027 3038 3078 si
3066 3022 3229 3081 causa
3270 3010 3509 3086 ontniutn
3546 3035 3616 3088 ab

2031 3103 2300 3167 omnibus,
2314 3119 2453 3173 quae
2469 3107 2536 3160 ab
2556 3121 2621 3161 ea
2636 3119 2816 3164 creata
2833 3116 3037 3179 sunt“,
3057 3127 3264 3174 remota
3284 3132 3386 3184 est,
3414 3124 3616 3194 absque

356 3209 585 3263 rumque
618 3193 853 3247 motibus
899 3192 1190 3256 variantur,
1239 3192 1577 3263 eutliguutur,
1627 3194 1927 3261 solvuntur,
1960 3198 2003 3258 C
2037 3195 2145 3248 ulla
2167 3195 2498 3252 dubitatione
2524 3200 2756 3255 rationes
2776 3205 3015 3258 omnium
3045 3221 3247 3276 rerum,
3274 3226 3412 3280 quae
3441 3192 3616 3270 aeter-

349 3298 479 3338 vere
503 3284 754 3337 dicuntur
773 3296 877 3336 non
903 3296 1039 3345 esse,
1071 3293 1129 3333 ut
1159 3292 1278 3335 sunt
1309 3282 1487 3336 omnia
1514 3298 1765 3353 corpora,
1791 3300 1932 3354 quae

345 3374 496 3427 nasci
525 3383 578 3427 et
598 3370 872 3440 corrumpi
902 3379 1144 3440 possunt.

422 3463 476 3516 7.
536 3462 769 3529 Quintus
794 3463 984 3516 modus
1007 3470 1091 3517 est
1128 3462 1189 3529 “,
1233 3478 1391 3532 quem
1433 3464 1486 3517 in
1531 3463 1645 3518 sola
1694 3465 1928 3518 humana

350 3565 543 3611 natura
584 3557 723 3609 ratio
753 3552 1010 3608 intuetur.
1037 3553 1189 3618 Quae
1236 3569 1358 3607 cum
1417 3555 1629 3610 divinae
1683 3555 1930 3625 imaginis

326 3645 681 3716 dignitatem,
711 3644 766 3698 itt
808 3659 911 3713 qua
937 3644 1151 3713 proprie
1176 3645 1418 3698 substitit
1453 3644 1516 3711 ³³,
1541 3646 1812 3715 peccando
1840 3647 1930 3700 de-

343 3737 534 3801 seruit,
568 3736 761 3790 merito
799 3749 919 3788 esse
950 3738 1107 3788 suum
1154 3734 1407 3803 perdidit,
1458 3744 1512 3790 et
1564 3736 1682 3791 ideo
1734 3736 1932 3791 dicitur

330 3824 458 3879 non
485 3840 622 3879 esse.
650 3824 788 3879 Dum
820 3839 945 3877 vero
973 3825 1229 3894 unigeniti
1259 3826 1349 3879 Dei
1384 3825 1477 3878 lilii
1510 3827 1681 3895 gratia
1720 3837 1929 3882 restau-

344 3924 469 3970 rata
494 3916 558 3969 ad
578 3906 863 3985 pristinum
906 3931 1036 3971 suae
1064 3917 1399 3971 substantiae
1418 3916 1461 3947 ιδ
1488 3927 1712 3983 statum,
1743 3920 1795 3972 in
1822 3934 1928 3988 qua

343 4007 643 4063 secundum
671 4004 959 4076 imaginem
989 4006 1081 4060 Dei
1105 4006 1324 4061 condita
1353 4014 1459 4073 est,
1503 4009 1797 4074 reducitur,
1849 4009 1930 4063 in-

339 4098 479 4168 cipit
504 4110 644 4161 esse,
674 4104 730 4150 et
759 4094 805 4128 ι’
831 4097 885 4151 in
908 4110 991 4157 eo,
1026 4096 1116 4164 qui
1147 4096 1441 4151 secundum
1497 4097 1785 4167 imaginem
1834 4099 1927 4154 Dei

338 4182 592 4242 conditus
618 4193 723 4251 est,
750 4185 967 4240 inchoat
995 4186 1194 4240 vivere.
1245 4186 1324 4241 Ad
1362 4186 1506 4243 hunc
1534 4188 1752 4243 modum
1778 4189 1927 4244 vide-

338 4289 433 4333 tur
455 4277 500 4309 “
526 4276 819 4349 pertinere,
847 4276 990 4348 quod
1035 4276 1321 4347 Apostolus
1366 4279 1496 4334 dicit
1525 4297 1538 4332 :
1569 4279 1637 4334 Et
1684 4290 1830 4334 vocat
1869 4297 1929 4334 ea

335 4382 479 4439 quae
498 4382 605 4421 non
632 4375 781 4432 sunt,
815 4376 1065 4437 tanquam
1089 4383 1150 4421 ea
1173 4382 1306 4436 quae
1334 4377 1491 4434 sunt;
1542 4369 1645 4424 hoc
1688 4378 1790 4433 est,
1838 4371 1927 4439 qui

337 4460 396 4514 in
431 4459 613 4529 primo
651 4456 865 4512 homine
904 4457 1099 4527 perditi
1145 4468 1291 4522 sunt,
1325 4467 1382 4511 et
1421 4459 1489 4513 ad
1531 4460 1801 4528 quandam
1850 4461 1929 4514 in-

2031 3284 2229 3339 naliter
2263 3294 2319 3340 et
2350 3286 2859 3348 incommutabilitc’r
2889 3294 2941 3348 in
2971 3311 3033 3350 ea
3061 3308 3204 3366 sunt,
3248 3302 3314 3356 ab
3340 3305 3613 3370 omnibus,

2028 3386 2258 3441 quorum
2306 3376 2543 3431 nationes
2590 3388 2753 3444 sunt,
2807 3382 3021 3450 penitus
3074 3399 3313 3444 remotae
3358 3400 3499 3445 sunt.
3553 3393 3612 3447 lu

2030 3464 2285 3535 angelicis
2308 3482 2438 3521 vero
2464 3468 2821 3527 intellectibus
2846 3488 3033 3529 earum
3062 3480 3330 3534 rationum
3357 3484 3615 3554 theopha-

2029 3555 2147 3608 nias
2167 3557 2429 3624 quasdam
2466 3562 2606 3625 esSe,
2644 3560 2747 3616 hoc
2774 3572 2877 3629 est,
2914 3569 3429 3638 comprehensibiles
3457 3575 3614 3632 intel-

2029 3641 2241 3698 lectuali
2284 3648 2330 3680 ³⁸
2379 3659 2604 3703 naturae
2652 3654 2914 3724 quasdam
2968 3660 3177 3715 divinas
3229 3668 3610 3733 apparitioues,

2030 3750 2135 3830 non
2159 3747 2338 3793 autem
2359 3739 2503 3809 ipsas
2528 3749 2782 3812 rationes,
2809 3749 2860 3802 id
2894 3759 2975 3804 est
3007 3754 3319 3823 principalia
3345 3763 3611 3830 exempla,

2027 3829 2271 3898 quisquis
2293 3833 2508 3897 dixerit,
2534 3851 2658 3901 non,
2684 3847 2743 3891 ut
2765 3839 3019 3908 arbitror,
3062 3859 3091 3898 a
3130 3849 3357 3902 veritate
3385 3829 3608 3904 errabit.

2030 3921 2176 3986 Quas
2204 3925 2554 3992 theophauias
2581 3927 2634 3980 in
2660 3929 2899 3999 angelica
2927 3943 3172 3988 creatura
3224 3949 3469 3993 sanctum
3503 3942 3614 3994 Au-

2029 4012 2298 4081 gustinum
2329 4025 2453 4069 ante
2482 4018 2720 4071 omnium
2752 4027 3153 4087 generationem
3187 4025 3503 4081 inferiorum
3549 4044 3610 4084 se

2021 4103 2172 4156 'visas
2216 4117 2320 4156 non
2379 4104 2668 4174 incongrue
2712 4107 2912 4163 dixisse
2963 4112 3255 4165 credimus.
3312 4113 3426 4167 Non
3480 4129 3612 4188 ergo

2030 4210 2128 4248 nos
2156 4194 2384 4257 m'oveat,
2413 4196 2555 4263 quod
2584 4196 2629 4228 ³ο
2654 4198 2907 4264 diximus,
2939 4200 3063 4268 quia
3093 4202 3268 4271 angeli
3298 4214 3351 4258 et
3376 4205 3609 4274 primtnn

2030 4284 2083 4336 in
2116 4283 2248 4348 Deo,
2274 4284 2468 4339 deinde
2497 4285 2550 4338 in
2576 4287 2770 4354 seipsis
2796 4288 3068 4344 inferioris
3093 4299 3375 4347 creaturae
3417 4309 3611 4352 causas

2031 4374 2231 4428 vident.
2273 4372 2391 4428 Non
2422 4374 2566 4429 enim
2601 4377 2839 4431 essentia
2880 4378 3059 4431 divina
3096 4380 3235 4433 Deus
3275 4381 3610 4439 solummodo

2029 4468 2247 4534 tlicitur,
2273 4469 2368 4547 sed
2402 4469 2567 4523 etiam
2593 4470 2638 4503 ³³
2662 4472 2852 4526 modus
2882 4473 2972 4527 ille
3001 4474 3070 4537 ",
3100 4490 3207 4545 quo
3241 4490 3299 4531 se
3348 4479 3610 4547 quodam-

335 4545 748 4603 subsistentiam
776 4546 1117 4613 ceciderunt,
1150 4547 1290 4600 Deus
1320 4546 1483 4601 Pater
1525 4563 1623 4616 per
1660 4548 1819 4604 ﬁdem
1869 4551 1923 4604 in

2034 4558 2190 4612 modo
2230 4544 2575 4615 intellectuali
2612 4570 2666 4615 et
2693 4562 2941 4635 rationali
2983 4541 3283 4632 creaturae,
3334 4541 3491 4637 prout
3526 4584 3612 4627 est

334 4636 536 4692 Filium
559 4648 718 4690 suum
744 4646 921 4700 vocat,
953 4643 1014 4691 ut
1047 4636 1174 4701 sint,
1206 4636 1345 4692 sicut
1373 4637 1425 4690 hi
1469 4638 1533 4702 ιτ,
1580 4641 1671 4709 qui
1710 4640 1821 4709 jam
1868 4642 1923 4697 in

333 4730 554 4784 Christo
587 4729 759 4783 renati
794 4738 941 4784 sunt.
983 4728 1301 4798 Quanquam
1328 4738 1382 4783 et
1410 4732 1452 4761 ³⁸
1475 4732 1574 4786 hoc
1601 4734 1675 4787 ita
1702 4732 1922 4807 intelligi

332 4820 507 4890 possit
552 4827 606 4874 et
651 4820 719 4873 de
765 4819 873 4883 his,
921 4834 1057 4889 quos
1098 4819 1338 4888 quotidie
1368 4819 1412 4851 ³³
1437 4821 1579 4878 Deus
1601 4838 1670 4877 ex
1698 4827 1925 4881 secretis

336 4919 563 4966 naturae
601 4910 835 4976 sinibus,
882 4909 937 4964 in
983 4911 1179 4981 quibus
1227 4911 1585 4966 aestimantur
1634 4930 1739 4969 non
1780 4931 1920 4981 esse,

318 5000 518 5070 :vocat,
551 5015 610 5058 ιιι
638 5014 935 5074 appareant
961 5004 1245 5060 visibiliter
1266 5006 1320 5059 in
1352 5005 1548 5070 forma,
1575 5018 1630 5061 et
1669 5011 1918 5075 materia,

332 5097 661 5166 ceterisque,
714 5097 765 5151 in
792 5097 990 5167 quibus
1025 5098 1238 5154 occulta
1278 5113 1539 5169 apparere
1580 5113 1823 5170 possunt,
1866 5116 1924 5158 et

2030 4648 2300 4718 rapacitas
2340 4649 2776 4718 uniuscujusque,
2806 4652 3061 4717 ostendit,
3094 4652 3233 4709 Deus
3265 4671 3425 4727 saepe
3448 4675 3478 4713 a
3525 4675 3611 4715 sa-

2029 4754 2118 4793 cra
2146 4738 2423 4809 Scriptura
2452 4742 2736 4796 vocitatur.
2769 4742 2870 4810 Qui
2901 4745 3092 4799 modus
3138 4762 3168 4799 a
3210 4747 3431 4805 Graecis
3457 4753 3612 4807 theo«

2016 4827 2246 4896 ‘phania,
2282 4830 2385 4882 hoc
2409 4838 2510 4895 est,
2549 4830 2643 4885 Dei
2670 4834 2937 4902 apparitio
2963 4833 3099 4890 solet
3134 4837 3409 4906 appellari.
3448 4840 3612 4909 Cujus

2015 4921 2373 4991 exemplum:
2419 4920 2539 4976 Vidi
2562 4922 2842 4978 Dominam
2881 4928 3160 4989 sedentem,
3211 4938 3265 4984 et
3305 4940 3483 4986 cetera
3514 4935 3612 4986 ltu-

2024 5010 2295 5081 jusmodi;
2324 5026 2445 5066 cum
2471 5027 2578 5066 non
2613 5013 2780 5083 ipsius
2818 5019 3128 5083 essentiam,
3179 5019 3272 5073 sed
3313 5019 3513 5090 aliquid
3542 5023 3610 5076 ab

2031 5115 2095 5155 eo
2126 5102 2321 5156 factum
2364 5103 2598 5159 viderit.-
2631 5103 2745 5159 Non
2795 5117 2879 5161 est
2922 5121 3050 5177 ergo
3101 5109 3317 5175 mirum,
3375 5111 3421 5165 si
3469 5112 3609 5166 tritta

1618 5210 1873 5266 VARlAE
1911 5212 2316 5269 LECTIONES.

384 5313 489 5389 f'A
517 5334 634 5389 nec.
731 5318 850 5389 ’δίε
894 5316 1062 5383 CDE,
1116 5319 1157 5371 Α
1220 5320 1546 5389 produxerit.

333 5388 504 5453 ADE;
533 5388 619 5442 BC
645 5388 935 5459 secundus.
1011 5389 1031 5419 ⁷
1061 5389 1103 5459 (ᾇ
1145 5388 1367 5459 partem.

335 5461 539 5512 modus.
618 5457 664 5489 ⁸³
688 5459 776 5512 CE
798 5458 1054 5523 substetit,
1086 5458 1127 5511 D
1147 5457 1417 5514 subsistit.

317 5527 382 5598 1:
403 5528 444 5582 ρ
471 5544 556 5583 εκ,
588 5540 591 5543 ·
638 5526 680 5559 ι’
711 5528 844 5598 CDE
868 5529 1073 5598 cotidie,
1101 5529 1180 5582 sic
1203 5528 1418 5598 ubique.

1444 5391 1467 5422 ⁸
1510 5392 1567 5445 in
1610 5407 1718 5447 om.
1747 5395 1807 5450 C.

1622 5322 1644 5354 ³
1688 5324 1779 5379 Sic
1820 5324 1954 5381 CDE
1974 5367 1989 5390 ,
2019 5326 2063 5379 Α
2090 5326 2330 5381 adduxit.

1884 5395 1905 5425 ’
1948 5396 1988 5450 C
2012 5398 2235 5452 virtutis.

1497 5462 1539 5492 “
1580 5463 1627 5517 A
1664 5466 1985 5520 substantiae
2005 5482 2150 5520 suae.

1495 5533 1540 5564 ²⁰
1561 5533 1605 5586 Α
1629 5534 1692 5588 de
1719 5537 1830 5600 his,
1857 5546 1912 5589 ut
1950 5536 2196 5597 arbitror.

2407 5329 2498 5400 ‘A
2558 5330 3034 5400 tertiummodum.
3114 5323 3204 5400 'C
3259 5332 3367 5400 qui.
3445 5331 3468 5362 ⁸
3518 5332 3609 5389 δῖε

2316 5398 2359 5428 ¹⁶
2384 5397 2428 5451 D
2463 5399 2673 5452 dicitur.
2755 5398 2795 5431 ¹¹
2823 5399 2865 5452 Α
2890 5397 3307 5453 distensionibus.
3386 5400 3429 5431 “
3458 5401 3500 5455 Δ
3530 5414 3606 5457 est

2230 5467 2508 5525 "Arum.
2586 5469 2630 5500 ¹⁶
2660 5469 2860 5522 videtur
2911 5484 3018 5522 om.
3068 5470 3128 5522 Ι).
3208 5469 3248 5502 ¹⁷
3286 5470 3342 5535 hi
3384 5486 3494 5526 om.
3537 5473 3603 5528 A.

2274 5539 2318 5569 ²¹
2344 5538 2389 5591 A
2417 5540 2536 5592 nisi.
2616 5540 2661 5569 "
2682 5541 2728 5592 A
2747 5538 2998 5591 turbaret.
3075 5538 3143 5569 “'
3169 5537 3350 5600 Corr..
3381 5541 3605 5599 ACDEF

339 5594 625 5673 grumam,
648 5598 729 5652 sic
757 5597 957 5673 ubitpte
984 5594 1429 5673 Quamnam—AF
1461 5594 1847 5673 nonnunquam
1907 5594 2236 5661 Exaemeron
2308 5609 2356 5640 ”
2399 5614 2437 5660 Α
2482 5610 2677 5663 dictum
2699 5619 2771 5660 est
2847 5606 2892 5638 ”
2927 5623 2987 5660 ea
3015 5622 3123 5661 om.
3155 5609 3219 5663 A.
3296 5594 3348 5642 ’δ’
3381 5594 3607 5668 Sic—(il.

336 5666 381 5696 "
402 5670 444 5719 Α
470 5682 644 5721 rerum
686 5669 942 5720 omnium.

336 5750 486 5802 quae.
566 5737 608 5767 ³¹
636 5738 681 5790 Α
709 5747 779 5789 et.
858 5736 902 5767 ³²
933 5736 1020 5791 ille
1056 5752 1165 5791 oni.
1220 5738 1285 5790 A;

1018 5669 1065 5699 "~
1094 5672 1666 5741 rerum—Apostolum
1702 5669 1824 5729 fotu.
1873 5673 1934 5727 D.

2012 5676 2056 5706 ³⁸
2095 5676 2138 5728 Δ
2180 5676 2356 5730 creata
2401 5688 2521 5731 sunt
2579 5678 2641 5730 ab
2691 5694 2793 5733 ινα..
2873 5676 2917 5706 ¹⁹
2957 5681 2997 5729 Α
3030 5676 3414 5753 intellectualis.
3490 5684 3535 5715 ³⁸
3562 5683 3606 5737 υ
