4194 6276
551 319 655 374 447

1928 307 2210 366 JOANNIS
2248 309 2445 366 SCO’I'l

3736 312 3849 373 448

556 429 841 501 quaepiam
894 428 1131 499 cognitio
1162 427 1215 481 in
1241 426 1430 498 angelo
1474 423 1825 494 intelligatur.
1861 422 1975 478 Una
2022 420 2142 490 qui-
2172 423 2220 482 Α
2248 420 2641 476 discussimus..
2674 418 2821 473 DISC.
2856 417 2986 484 Quis
3009 417 3095 473 ille
3119 418 3217 480 sit,
3242 418 3405 474 velim
3447 424 3694 491 repetas;
3734 440 3845 480 non

553 523 675 577 dem
724 520 987 590 superior,
1025 533 1165 587 quae
1214 517 1281 572 de
1335 515 1574 571 aeternis
1618 527 1799 569 rerum
1847 511 2145 566 rationibus

553 612 706 682 juxta
734 609 1066 680 praedictum
1113 607 1330 662 modum
1374 606 1551 676 primo
1599 603 1653 657 in
1702 616 1767 656 eo
1798 601 2142 670 exprimitur.

555 704 761 759 Deinde
788 703 929 771 quod
954 716 1019 755 ex
1051 700 1420 769 superioribus
1452 697 1671 766 excipit,
1712 695 1872 750 veluti
1902 696 1956 749 in
1984 695 2146 748 mira-

553 793 645 849 bili
669 800 831 860 atquc
862 788 1116 844 inetl‘abili
1144 790 1377 857 quadam
1403 787 1663 842 memoria
1694 785 1796 840 sibi
1843 785 1945 853 ipsi
1991 799 2139 838 com-

554 883 743 946 mittit,
769 881 922 951 quasi
953 880 1218 949 quaedam
1258 879 1436 949 imago
1460 878 1710 949 imaginis
1738 890 2013 946 expressa.
2068 876 2147 931 Ac

554 987 654 1044 per
678 974 807 1037 boc,
834 973 878 1028 si
906 971 1182 1042 superiora
1210 983 1269 1024 se
1294 968 1384 1022 tali
1419 968 1577 1023 modo
1600 974 1778 1036 potest
1799 978 2144 1034 cognoscere,

555 1064 679 1133 quis
717 1063 913 1118 audeat
955 1063 1135 1117 dicere
1168 1064 1207 1126 ¹,
1240 1058 1556 1114 inferiorum
1585 1060 1856 1128 quandam
1887 1058 2147 1129 cognitio-

556 1170 681 1208 nem
706 1153 757 1207 iu
785 1167 843 1207 se
871 1167 976 1205 non
1009 1149 1251 1205 habere?
1290 1149 1456 1203 Recte
1499 1148 1664 1217 igitur
1707 1148 1960 1202 dicuntur
2005 1162 2145 1211 esse,

557 1258 697 1313 quae
718 1242 927 1297 ratione
953 1250 1113 1310 atque
1155 1239 1428 1294 intellectu
1469 1238 1850 1308 comprehendi
1899 1245 2140 1307 possunt.

559 1333 711 1400 Quae
741 1346 869 1387 vero
897 1345 1112 1385 omnem
1157 1329 1419 1383 rationem
1465 1343 1529 1382 ac
1586 1327 1914 1382 intellectum
1952 1341 2149 1382 exube-

559 1433 702 1487 rant,
731 1429 878 1476 recte
906 1419 1155 1474 similiter
1178 1418 1436 1473 dicuntur
1462 1432 1565 1471 non
1592 1431 1731 1472 esse.

631 1514 685 1569 8.
719 1511 864 1565 DISC.
886 1508 1022 1576 Quid
1044 1522 1175 1578 ergo
1200 1507 1441 1562 dicemus
1463 1507 1530 1562 de
1554 1507 1640 1560 illa
1666 1505 1843 1561 futura
1870 1505 2144 1569 felicitate,

560 1616 697 1672 quae
724 1599 1055 1671 promittitur
1102 1596 1327 1661 sanctis,
1355 1610 1516 1664 quam
1549 1595 1683 1649 nihil
1718 1595 1863 1651 aliud
1897 1603 2151 1664 putamus

559 1707 681 1748 esse
718 1692 763 1755 ’,
812 1698 1028 1759 praeter
1059 1687 1229 1754 ipsius
1271 1685 1486 1740 divinae
1511 1685 1778 1739 cssentiae
1804 1699 1992 1754 puram
2023 1699 2153 1739 con-

2246 511 2390 566 enim
2459 511 2627 579 ipsius
2682 509 2723 540 "
2780 508 2979 563 recolo.
3050 508 3188 563 MAG.
3240 508 3666 580 Recordarisne,
3716 519 3843 586 quid

2247 603 2389 657 inter
2411 617 2509 657 nos
2531 609 2887 663 convenerat,
2916 599 3045 655 dum
3084 600 3150 656 de
3175 586 3452 659 Exemero
3474 609 3649 662 sancti
3676 610 3845 678 patris

2245 690 2531 760 Augustini
2595 690 2860 760 quaedam
2931 689 3284 745 dicebamus?
3343 694 3490 748 inse.
3569 695 3846 754 Recordor

2246 781 2496 849 quidem;
2525 780 2622 836 sed
2653 789 2703 834 te
2732 780 2929 834 iterum
2956 779 3025 834 de
3067 780 3171 835 hoc
3215 781 3259 812 ”
3296 783 3487 838 audire
3523 785 3661 840 volo.
3701 787 3839 844 MAG.

2247 870 2493 925 Movebat
2521 880 2603 934 te,
2634 878 2695 924 ut
2724 869 2982 935 arbitror,
3025 872 3296 940 quomodo
3333 877 3642 943 praedictus
3687 888 3846 947 pater

2248 961 2446 1015 dixerit
2475 960 2543 1025 ",
2570 975 2764 1016 causas
2789 975 2970 1028 rerum
2997 963 3388 1030 creandarum,
3425 980 3563 1035 quae
3586 977 3841 1023 aeterna-

2250 1047 2379 1103 liter
2404 1049 2456 1103 in
2491 1049 2600 1105 Deo
2634 1058 2789 1115 sunt,
2829 1058 2883 1103 et
2913 1050 3054 1106 Deus
3090 1060 3251 1116 sunt,
3278 1054 3493 1125 angelos
3527 1058 3844 1127 primumin

2251 1138 2360 1191 Deo
2385 1138 2759 1193 considerasse
2777 1178 2792 1204 ,
2819 1137 3014 1193 deinde
3052 1139 3105 1193 in
3138 1140 3360 1208 seipsis,
3386 1142 3578 1197 deinde
3607 1146 3842 1214 ipsarum

2248 1235 2621 1282 creaturarum
2658 1228 2905 1305 proprias
2942 1229 3150 1297 species
3182 1229 3622 1302 dill'erentiasque
3649 1249 3848 1305 cogno-

2247 1317 2422 1382 visse,
2450 1318 2496 1373 si
2528 1318 2620 1371 ulli
2650 1318 2695 1349 ¹⁵
2726 1302 3009 1375 creaturae
3044 1320 3227 1375 divina
3254 1324 3489 1378 essentia
3526 1340 3649 1379 cum
3684 1302 3848 1382 ratio-

2250 1407 2430 1471 nibus,
2453 1421 2593 1477 quae
2618 1407 2671 1462 in
2696 1422 2761 1462 ea
2784 1417 2933 1475 sunt,
2958 1410 3321 1467 essentialiter
3345 1422 3577 1482 nequeat
3601 1429 3847 1487 compre-

2251 1499 2532 1554 hensibilis
2569 1515 2709 1555 esse.
2753 1500 2896 1556 DISC.
2932 1501 3124 1556 Totum
3165 1510 3342 1559 teneo.
3386 1503 3532 1560 huc.
3566 1505 3843 1562 Recorda-

2251 1589 2421 1653 risne,
2440 1588 2568 1657 quid
2582 1590 2646 1645 ad
2669 1589 2804 1644 haec
2824 1589 2867 1622 ¹⁶
2891 1591 3346 1661 respondebamus
3374 1594 3453 1648 "1
3475 1595 3620 1650 DISC.
3653 1595 3851 1667 Utique

2253 1677 2527 1740 recordor,
2571 1676 2617 1731 si
2650 1692 2736 1732 me
2772 1679 3035 1733 memoria
3078 1694 3199 1734 non-
3225 1679 3380 1735 fallit.
3419 1683 3645 1739 Dicebas
3674 1685 3844 1749 enim,

562 1778 964 1849 templationem
1001 1784 1163 1845 atque
1203 1775 1595 1838 immediatam,
1627 1775 1768 1830 sicut
1811 1774 1890 1828 ait
1935 1780 2157 1828 sanctus
2187 1776 2232 1833 Β
2260 1781 2368 1821 non
2396 1767 2542 1836 ipsas
2571 1781 2765 1823 causas
2793 1783 2996 1833 rerum,
3020 1784 3159 1839 quae
3187 1770 3240 1824 in
3269 1771 3447 1827 divina
3468 1772 3701 1828 essentia
3727 1776 3849 1830 sub-

564 1867 898 1938 evangelista
933 1865 1168 1922 Joannes
1198 1882 1211 1918 :
1241 1862 1467 1926 Scimus,
1493 1865 1617 1935 quia
1655 1864 1753 1931 ﬁlii
1801 1863 1897 1917 Dei
1942 1880 2148 1927 sumus,

534 1969 610 2014 -et
633 1959 865 2014 nondum
891 1952 1153 2026 apparuit,
1185 1955 1310 2025 quid
1332 1956 1559 2018 erimus;
1599 1971 1717 2007 cum
1761 1964 1934 2008 autem
1981 1969 2150 2022 appa-

560 2046 744 2110 ruerit,
770 2043 962 2099 similes
988 2044 1036 2097 ei
1063 2044 1293 2108 erimus;
1324 2042 1606 2096 videbimus
1629 2043 1768 2096 enim
1805 2058 1946 2107 eum,
1994 2042 2150 2096 sicuti

560 2143 657 2189 est.
683 2134 815 2190 Item
845 2131 1117 2202 apostolus
1143 2129 1339 2185 Paulus
1368 2130 1389 2161 ³
1417 2149 1429 2183 :
1465 2129 1622 2183 Nunc
1650 2130 1878 2184 ridemus
1906 2145 1999 2200 per
2044 2144 2153 2195 spe-

562 2226 738 2281 culum
760 2226 815 2279 in
841 2225 1150 2294 aenigmate,
1178 2233 1301 2276 tunc
1330 2232 1503 2277 autem
1533 2222 1668 2291 facie
1687 2222 1757 2276 ad
1780 2222 1988 2291 facient.
2015 2220 2148 2275 Item

566 2319 627 2374 S.
652 2317 984 2389 Augustinus
1011 2314 1225 2380 inﬁlibro
1250 2314 1318 2369 de
1343 2313 1573 2369 Civitate
1600 2311 1693 2367 Dei
1718 2311 1858 2366 XXII
1882 2312 1949 2367 de
1973 2310 2153 2365 futura

563 2407 1015 2476 contemplatione
1039 2405 1270 2469 divinae,
1305 2412 1363 2459 ut
1399 2403 1658 2468 arbitror,
1683 2402 1952 2459 essentiae
1980 2400 2151 2457 dicit:

567 2495 675 2550 Per
696 2511 935 2566 corpora,
958 2508 1090 2564 quae
1113 2478 1452 2563 gestabimus,
1477 2494 1533 2546 in
1564 2492 1706 2545 omni
1734 2507 1968 2561 corpore,
1991 2489 2154 2561 quod-

565 2605 771 2660 cunque
795 2586 1097 2651 videbimus,
1129 2601 1547 2656 quaquaversum
1572 2583 1752 2638 oculos
1782 2583 1948 2637 nostri
1974 2598 2155 2650 corpo-

568 2681 643 2735 ris
679 2677 1045 2743 duxerimus‘,
1070 2678 1241 2747 ipsum
1277 2674 1560 2730 Dominum
1604 2675 1878 2744 perspicua
1917 2671 2156 2725 claritate

565 2770 1047 2842 contemplabimur.
1087 2767 1222 2824 Nam
1266 2768 1313 2823 si
1359 2766 1634 2838 angelicae
1685 2762 2156 2834 contemplationis

566 2863 912 2934 purissimam
983 2861 1236 2916 virtutem
1283 2860 1305 2891 '
1357 2860 1571 2915 divinae
1616 2857 1885 2913 essentiae
1936 2863 2157 2925 supcrat

569 2954 840 3019 altitudo;
876 2951 1168 3023 praedictis
1187 2951 1330 3005 enim
1376 2949 1680 3005 rationibus
1718 2946 2021 3003 confectum
2049 2953 2151 3010 est,

568 3041 803 3096 divinam
831 3039 1122 3095 essentiam
1152 3037 1281 3092 nulli
1314 3035 1659 3092 intellectuali
1694 3043 1977 3090 creaturae
2016 3049 2156 3088 com-

568 3130 984 3200 prehensibilcm
1021 3143 1163 3189 esse,
1206 3141 1347 3196 quae
1376 3125 1397 3156 ⁸
1425 3126 1661 3179 maxime
1687 3125 1741 3178 in
1793 3124 2000 3194 angelis
2034 3119 2231 3177 con-(1

569 3222 766 3276 sistere
811 3218 1030 3273 dubium
1079 3231 1184 3271 nou
1232 3224 1361 3280 est;
1391 3215 1545 3270 nobis
1597 3227 1811 3284 quoque
1861 3212 2003 3267 nulla
2053 3210 2157 3265 alia

571 3311 802 3365 felicitas
839 3307 1192 3379 promittitur,
1233 3321 1395 3376 quam
1438 3305 1507 3359 ad
1559 3305 1857 3375 angelicam
1908 3311 2159 3358 naturam

570 3400 869 3467 aequalitas
920 3417 933 3450 :
988 3396 1257 3467 quomodo
1307 3396 1578 3451 humanae
1640 3402 1867 3451 naturae
1929 3394 2161 3450 felicitas

561 3487 788 3540 divinae
831 3485 1097 3540 essentiae
1140 3484 1477 3539 altitudinem
1523 3484 1879 3554 contemplari
1919 3484 2161 3540 valebit?

571 3575 714 3631 Mss.
730 3576 897 3629 Acute
920 3590 982 3630 ac
1002 3575 1320 3646 vigilanter;
1348 3590 1454 3630 nou
1479 3577 1625 3631 enim
1655 3577 1772 3632 sine
1793 3592 1959 3633 causa
1981 3579 2034 3632 in
2057 3579 2160 3635 hoc

573 3666 828 3723 moveris.
841 3665 946 3721 Sed
962 3667 1055 3722 tibi
1069 3666 1312 3723 sullicere
1324 3668 1821 3738 aestimarim,quod
1839 3671 1990 3739 prius
2000 3685 2162 3741 gene-

578 3756 767 3810 raliter
785 3757 851 3811 de
875 3757 1018 3811 omni
1043 3757 1311 3811 suasimus
1332 3766 1583 3812 creatura
1603 3760 1646 3812 ".
1672 3758 1816 3814 DISC.
1841 3758 1978 3826 Quid
1999 3759 2161 3815 illud?

574 3846 828 3916 Repetas,
840 3855 982 3916 peto.
1000 3845 1137 3902 ΜΑο.
1156 3845 1344 3903 Nonne
1357 3848 1733 3904 universaliter
1751 3849 2094 3906 deﬁnivimus
2109 3851 2156 3918 ⁸,

573 3935 809 3990 divinam
824 3936 1115 3991 essentiam
1135 3937 1262 3992 nulli
1281 3952 1542 4007 corporeo
1557 3940 1759 4005 sensui,
1788 3941 1914 3995 nulli
1943 3942 2156 4007 rationi,

574 4024 704 4080 nulli
757 4039 851 4080 seu
896 4026 1130 4081 humano
1178 4042 1273 4083 seu
1331 4028 1575 4100 angelico
1620 4028 1911 4085 intellectui
1955 4046 2052 4100 pcl'
2100 4046 2159 4086 se

575 4118 748 4187 ipsam
793 4119 1335 4190 compreltensibilem
1365 4123 1386 4154 ⁹
1417 4121 1572 4176 esse?
1602 4121 1645 4154 ¹⁹
1676 4121 1820 4177 DISC.
1858 4121 2155 4189 Recordor,

572 4222 640 4262 ac
660 4222 745 4261 me
763 4207 842 4262 sic
862 4208 1155 4278 sumpsisse
1181 4223 1378 4280 negare
1404 4224 1510 4265 non
1531 4202 1770 4281 possum.
1787 4211 1919 4277 Sed,
1946 4221 2007 4267 ut
2025 4212 2156 4267 mihi

575 4297 812 4360 videtur,
838 4307 931 4351 aut
959 4298 1046 4353 illa
1073 4299 1346 4368 praedicta
1363 4300 1640 4356 conclusio
1662 4301 1878 4372 penitus
1898 4302 2155 4370 solvetur,

2254 1857 2478 1924 sistunt,
2521 1858 2740 1930 angelos
2778 1860 2998 1926 vidisse,
3042 1862 3138 1917 sed
3177 1863 3439 1931 quasdam
3485 1865 3850 1935 apparitiones

2255 1947 2467 2003 divinas
2486 1988 2501 2014 ,
2524 1964 2691 2018 quas,
2723 1959 2783 2004 ut
2812 1951 2894 2005 ais
2913 1990 2929 2015 ,
2958 1953 3317 2022 tbeopbanias
3344 1954 3534 2011 Graeci
3558 1956 3847 2027 appellant,

2254 2050 2649 2106 causarumque
2688 2046 3065 2104 aeteruarum,
3113 2055 3340 2109 quarum
3386 2042 3651 2112 imagines
3692 2055 3848 2110 sunt,

2254 2129 2474 2184 nomine
2519 2129 2564 2161 '°
2608 2130 2923 2199 appellatas.
2968 2131 3238 2186 Addidisti
3282 2132 3469 2199 etiam,
3511 2149 3617 2189 non
3672 2134 3849 2189 solum

2255 2221 2427 2290 ipsam
2481 2220 2523 2252 "
2577 2221 2813 2276 divinam
2868 2222 3163 2277 essentiam
3215 2222 3730 2280 incommutabiliter
3793 2226 3849 2280 in

2254 2306 2431 2382 seipsa
2468 2311 2790 2367 existentem
2830 2312 2999 2367 Deum
3032 2312 3246 2375 vocari,
3287 2313 3381 2367 sed
3411 2313 3578 2367 etiam
3615 2313 3762 2382 ipsas
3802 2313 3850 2345 "

2257 2402 2633 2471 theophanias,
2662 2416 2803 2472 quae
2828 2417 2892 2457 ex
2919 2416 3005 2465 ea,
3037 2411 3094 2456 et
3114 2403 3180 2457 de
3199 2416 3291 2467 ea,
3315 2403 3371 2456 in
3401 2411 3596 2457 natura
3642 2403 3852 2460 intelle-

2256 2495 2420 2548 etuali
2442 2494 2842 2564 exprimuntur,
2856 2494 2951 2548 Dei
2974 2493 3192 2548 nomine
3213 2494 3531 2563 praedicari.
3549 2494 3686 2551 Msa.
3705 2495 3852 2567 Bene

2259 2593 2442 2650 leues;
2475 2584 2549 2639 ita
2574 2584 2718 2638 enim
2742 2582 2995 2638 diximus.
3021 2581 3167 2638 DISC.
3195 2581 3301 2639 Sed
3328 2584 3455 2655 quid
3481 2584 3548 2638 ad
3576 2586 3848 2655 negotium

2257 2688 2516 2743 praesens
2548 2673 2818 2744 pertinet?
2856 2672 3011 2728 MAG.‘
3039 2670 3156 2727 Non
3196 2688 3421 2743 parum,
3461 2681 3518 2727 ut
3557 2673 3741 2740 video;
3781 2689 3850 2730 eo

2255 2764 2401 2818 enim
2447 2763 2606 2817 modo
2647 2771 2703 2817 et
2741 2759 2963 2833 angelos
3008 2761 3175 2815 Deum
3213 2774 3426 2831 semper
3467 2761 3650 2816 videre
3697 2762 3847 2818 arbi-

2260 2862 2372 2908 tror
2404 2853 2469 2918 ¹¹,
2512 2852 2690 2922 justus
2731 2867 2946 2923 quoque
2981 2860 3037 2906 et
3076 2852 3131 2907 in
3175 2852 3277 2906 hac
3310 2851 3443 2916 vita,
3487 2851 3614 2905 dum
3651 2854 3852 2909 mentis

2256 2959 2537 2999 excessum
2567 2945 2864 3013 patiuntur,
2890 2951 2947 2998 et
2972 2943 3025 2997 in
3054 2941 3239 2997 futuro
3266 2942 3411 2998 sicut
3436 2943 3612 3013 angeli
3639 2944 3851 2999 visuros

2257 3051 2397 3090 esse.
2430 3034 2546 3090 Non
2571 3051 2700 3106 ergo
2740 3035 2912 3104 ipsum
2944 3034 3112 3089 Deum
3143 3049 3241 3103 per
3266 3034 3617 3103 semetipsum
3647 3035 3851 3090 videbi-

2265 3143 2406 3193 mus,
2455 3128 2582 3199 quia
2628 3142 2804 3197 neque
2850 3126 3024 3198 angeli
3076 3127 3290 3190 vident;
3350 3126 3454 3182 hoc
3496 3127 3640 3182 enim
3703 3127 3848 3182 omni

2258 3228 2544 3275 creaturae
2598 3219 2930 3288 impossibile
2974 3226 3094 3283 est;
3147 3218 3292 3273 solus
3351 3232 3609 3288 namque,
3660 3227 3719 3272 ut
3771 3217 3851 3272 ait

2260 3308 2589 3379 Apostolus,
2641 3308 2793 3362 habet
2834 3307 3315 3373 immortalitatem,
3352 3318 3401 3363 et
3439 3308 3605 3362 lucem
3646 3308 3849 3363 habitat

2258 3397 2666 3453 inaccessibilem
2684 3411 2703 3450 :
2719 3398 2812 3454 sed
2829 3399 3091 3469 quasdam
3105 3397 3276 3454 factas
3287 3399 3354 3454 ab
3373 3413 3439 3455 eo
3454 3399 3508 3453 in
3530 3398 3683 3453 nobis
3698 3398 3852 3454 tbeo-

2260 3486 2490 3557 pbanias
2517 3486 3024 3557 contemplabimur.
3070 3486 3187 3543 Non
3209 3488 3253 3519 “
3289 3487 3653 3558 unusquisque
3698 3488 3847 3542 enim

2260 3577 2554 3633 secundum
2579 3591 2712 3632 suae
2731 3577 3039 3632 sanctitatis
3064 3586 3227 3647 atque
3255 3576 3550 3648 sapientiae
3575 3575 3849 3632 celsitudi-

2260 3683 2382 3723 nem
2408 3668 2476 3723 ab
2501 3683 2606 3722 una
2632 3668 2931 3737 eademque
2956 3666 3149 3731 forma,
3175 3683 3340 3738 quam
3359 3662 3543 3723 omnia
3566 3677 3848 3738 appetunt,

2262 3760 2355 3816 Dei
2406 3761 2639 3817 Verbum
2712 3759 2853 3825 dico,
2906 3758 3264 3815 formabitur?
3328 3760 3447 3830 Ipsa
3499 3775 3731 3830 namque
3779 3760 3846 3813 de

2259 3851 2437 3920 seipsa
2489 3849 2728 3919 loquitur
2769 3848 2821 3903 in
2863 3848 3150 3920 Evangelia
3181 3867 3194 3902 :
3227 3848 3295 3903 In
3335 3849 3491 3904 domo
3531 3847 3711 3907 Patris
3746 3848 3847 3902 mei

2258 3940 2553 3993 mansiones
2596 3938 2793 3993 multae
2834 3938 2880 3969 “
2921 3948 3078 4005 sunt;
3127 3940 3363 4009 seipsam
3419 3940 3640 3994 domum
3665 3938 3848 3993 Patris

2259 4031 2559 4100 appellans,
2582 4046 2721 4100 quae
2735 4046 2857 4086 cum
2885 4032 2958 4087 sit
2978 4046 3080 4085 una
3098 4032 3415 4102 eademque,
3433 4032 3849 4088 incommutabi-

2260 4119 2433 4191 lisque
2460 4129 2805 4190 permaneat,
2846 4120 3122 4191 multiplex
3159 4130 3336 4177 tamen
3371 4121 3640 4178 videbitur
3666 4120 3713 4152 ’δ
3740 4121 3845 4185 bis,

2258 4214 2454 4283 quibus
2487 4213 2540 4267 iu
2556 4227 2615 4268 se
2641 4214 2688 4245 "
2711 4213 2960 4269 habitare
2988 4213 3265 4285 largietur.
3291 4212 3428 4268 Nam
3452 4214 3843 4283 unusquisque.

2259 4312 2320 4357 ιιι
2340 4303 2592 4370 diximus,
2615 4304 2878 4375 unigeniti
2903 4303 2994 4358 Dei
3024 4304 3185 4360 Verbi
3213 4303 3259 4335 “
3289 4304 3538 4360 notitiam
3569 4305 3626 4358 in
3668 4305 3847 4373 seipse

573 4396 632 4441 et
656 4387 1002 4442 intellectuali
1041 4399 1323 4444 creaturae
1358 4388 1576 4445 divinae
1614 4391 1887 4447 essentiae
1929 4408 2025 4462 per
2073 4408 2157 4450 se-
2186 4460 2228 4468 ᾳ
2259 4394 2587 4464 possidebit,
2616 4406 2880 4465 quantum
2912 4397 2963 4452 ei
2987 4397 3161 4468 gratia
3194 4396 3502 4453 donabitur.
3533 4395 3676 4464 Quot
3702 4396 3845 4451 enim

579 4476 752 4544 ipsam
791 4476 1296 4545 contemplationem
1338 4477 1618 4544 dabimus;
1656 4489 1771 4545 aut,
1799 4481 1843 4535 si
1871 4460 2003 4537 solvi
2048 4497 2154 4538 non
2186 4460 2238 4522 Ῐ)
2261 4460 2520 4542 numerus
2572 4460 2656 4543 est
2696 4489 2739 4521 ’⁷
2789 4460 3116 4553 electorum,
3151 4496 3230 4543 tot
3265 4489 3367 4543 erit
3395 4460 3653 4542 numerus
3691 4502 3848 4543 mau-

579 4569 778 4633 potest,
795 4564 1044 4631 quoniam
1057 4567 1373 4622 certissimis
1390 4569 1687 4624 rationibus
1700 4570 1930 4626 stabilita
1945 4582 2049 4638 est,
2066 4589 2159 4628 ne—
2257 4575 2504 4641 sianum;
2538 4588 2741 4647 quanta
2777 4579 2943 4634 fuerit
2965 4588 3278 4635 sanctarum
3308 4578 3613 4632 animarum
3640 4577 3686 4608 "'
3712 4579 3849 4632 mul-

581 4653 879 4707 cessarium
906 4654 1084 4719 erit“,
1108 4664 1166 4709 ut
1187 4659 1401 4713 modum
1425 4661 1639 4718 divinae
1658 4664 2153 4735 contemplationis,
2258 4666 2541 4735 tiplicatio,
2575 4675 2721 4723 tanta
2761 4669 2865 4723 erit
2889 4670 3190 4724 divinarum
3223 4666 3677 4735 tbeopbaniarum
3717 4682 3848 4737 pos-

580 4755 720 4811 quae
747 4741 954 4796 sanctis
986 4743 1041 4795 in
1068 4742 1251 4800 futuro
1280 4748 1633 4814 promittitur,
1663 4752 1790 4807 etin
1816 4769 1921 4822 qua
1942 4770 2156 4825 semper
2254 4757 2446 4812 sessio.
2490 4758 2632 4815 Disc.
2683 4757 2988 4813 Verisimile
3012 4757 3242 4813 videtur.
3284 4755 3423 4812 Msa.
3474 4756 3641 4812 Recte
3683 4757 3845 4822 dicis,

578 4831 754 4900 angeli
785 4832 1118 4898 subsistunt,
1156 4834 1300 4889 veris
1340 4837 1639 4895 rationibus
1678 4842 2155 4918 probabilibusque
2252 4847 2565 4903 verisimile.
2599 4847 2731 4915 Quis
2753 4847 2898 4903 enim
2922 4848 2989 4902 de
3013 4846 3207 4901 talibus
3237 4845 3466 4901 ﬁrmarit
3489 4846 3534 4878 "
3565 4847 3637 4900 ita
3660 4856 3845 4902 aeter-

576 4918 842 5011 exemplis
894 4920 1162 4976 absolvas.
1220 4921 1359 4984 Msa.
1419 4923 1591 4991 Quem
1628 4929 1844 4984 modum
1896 4948 2158 5002 quaeras,
2256 4938 2451 4994 naliter
2477 4954 2617 5005 esse,
2640 4938 2766 4993 dum
2793 4937 2936 4993 vires
2966 4938 3234 4993 humanae
3253 4937 3434 4994 adhuc
3464 4938 3516 4994 in
3541 4938 3644 4994 hac
3670 4938 3845 5011 fragili

580 5010 802 5080 ignem,
836 5018 1051 5081 praeter
1097 5011 1281 5080 illum.
1314 5013 1381 5070 de
1417 5030 1523 5086 (luo
1559 5017 1719 5087 paulo
1754 5028 1881 5078 ante
1924 5022 2160 5081 breviter
2254 5045 2419 5086 carne
2444 5030 2759 5087 intentionis
2780 5017 3125 5087 videantur”
3151 5030 3451 5086 excedere?

1853 5153 2106 5210 νΑιιιΑΕ
2142 5156 2541 5217 LECTIONES.

656 5240 673 5320 ξ
697 5238 872 5294 dicere
894 5253 1002 5294 om.
1026 5238 1110 5320 1).-
1166 5239 1187 5270 ⁸
1212 5240 1258 5295 Δ
1284 5256 1393 5320 esse
1418 5251 1691 5320 putamus.
1738 5242 2011 5320 _'_Paulus
2039 5263 2149 5320 om.
2176 5249 2333 5320 ΑΒΕ.
2410 5250 2431 5281 ⁵
2450 5251 2491 5305 Α
2519 5252 2884 5307 direxerimus.
2961 5252 2982 5284 ⁸
3008 5252 3246 5306 virtutem
3271 5265 3380 5306 om.
3417 5249 3479 5304 D.
3556 5250 3577 5281 ‘
3600 5250 3643 5303 A
3666 5265 3839 5320 minus.

585 5310 1251 5391 iencreaturasuasintlts.
1335 5311 1375 5391 _‘
1404 5310 1536 5391 ςλυΕ
1587 5315 1938 5391 (ii/ﬁnivinrus,
2008 5319 2087 5372 sic
2145 5319 2368 5391 ubique,
2421 5321 2464 5374 A
2517 5336 2698 5391 saepe.
2817 5323 2840 5356 ’
2890 5322 2930 5375 D
2970 5320 3560 5391 incomprehensibilem.
3666 5310 3844 5391 “Sic

582 5378 746 5458 (ξυΕς
890 5378 1040 5458 addit
1082 5396 1097 5432 :
1144 5378 1457 5458 Recordaris
1492 5378 1931 5458 quatitsuperius:
1967 5378 2371 5458 proposuimus?
2478 5391 2517 5422 ¹¹
2553 5378 2629 5445 Δί
2658 5400 2754 5445 est.
2862 5393 2905 5422 ¹²
2973 5391 3068 5446 Sic
3118 5378 3282 5454 CDE,
3341 5390 3384 5443 A
3428 5390 3619 5458 ipsum.
3719 5387 3763 5418 ¹³
3796 5388 3842 5440 Α

580 5448 649 5527 de
686 5459 743 5526 ,ιε
786 5449 1135 5527 ἱιενιιηξμιιρςε.
1368 5448 1706 5527 praedixerit.
1743 5448 1828 5527 ⁷⁸⁸⁸
1872 5448 1978 5509 δῆθ’
2012 5448 2127 5527 DE;
2175 5456 2217 5512 C
2265 5460 2396 5512 nulli
2468 5460 2511 5491 ¹⁶
2542 5460 2632 5515 Sic
2669 5460 2838 5527 CDE;
2892 5461 2936 5515 Α
2980 5462 3097 5514 hoc.
3176 5461 3217 5493 ³⁷
3265 5448 3357 5516 Sic
3405 5448 3512 5521 Cl),
3555 5457 3596 5510 E
3630 5472 3844 5525 respon-

582 5516 873 5605 (ξξζὺζξυιη
913 5516 1378 5605 Αλέξδίξζιςρεγᾼὶ-
1409 5521 1599 5605 ΛηΙιρρ
1645 5522 1881 5605 nomine.
1969 5525 2071 5605 ﬂ”.
2106 5516 2199 5581 Sic
2225 5528 2409 5605 _CDF.;
2462 5530 2631 5605 ipsum
2697 5516 2838 5605 eius,
2865 5532 2965 5605 A._
3041 5530 3088 5562 ὀ
3136 5545 3245 5605 om.
3274 5516 3652 5605 _D._diuinant
3698 5516 3841 5605 ipsas

581 5599 694 5669 om.
832 5583 990 5669 ’ξιΑρ
1019 5597 1074 5669 ut
1100 5583 1353 5669 arbitrer.
1385 5659 1428 5669 η
1453 5588 1651 5669 ζίιΝρῃ
1665 5590 1801 5669 hum.
1828 5594 1890 5648 Α.
1969 5595 2015 5669 ”_
2045 5595 2087 5649 A
2127 5583 2659 5669 multaemansiaues.
2705 5583 2778 5632 δέ
2798 5583 3104 5656 SlA—uidetur.
3143 5583 3227 5631 ‘7"
3270 5597 3360 5653 Sic
3381 5596 3551 5669 CDE;
3573 5583 3758 5669 ι’ωίη
3786 5611 3842 5648 ⁸⁸

584 5654 626 5704 Α
660 5653 782 5720 limo
859 5654 903 5684 “
936 5655 980 5706 A
1019 5652 1168 5708 Verbi
1190 5656 1307 5710 Dei.
1385 5659 1428 5691 ⁸⁷
1457 5661 1545 5714 Sic
1571 5658 1731 5729 CDE;
1764 5676 1839 5717 est
1861 5680 1967 5719 om.
1990 5666 2053 5719 Α.
2134 5668 2545 5721 "Dauimarum
2577 5652 3376 5738 sanctarum.mil—Afﬁrmaret.
3453 5668 3496 5699 '°
3526 5652 3843 5721 Xrideatur
