4194 6276
553 444 650 501 151

1952 435 2231 491 JOANNIS
2272 436 2461 492 SCOTl

3694 438 3800 494 I52

552 556 722 631 gloria
755 553 932 607 futura
961 551 1065 607 erit
1089 551 1106 583 ‘
1134 591 1149 617 ,
1184 558 1275 616 ut,
1318 548 1768 621 quemadmodum
1794 546 1927 601 nihil
1955 547 2009 601 in
2056 561 2117 601 ea
2147 549 2198 610 Α
2225 548 2306 601 sui
2369 561 2603 616 suaeque
2662 544 3009 615 perfectionis
3062 545 3410 601 stabilitatem
3460 551 3795 617 quaerentia.

556 655 698 702 nunc
727 644 749 677 ³
779 649 1003 714 apparet
1056 641 1160 697 nisi
1188 656 1335 696 mors
1356 649 1410 694 et
1447 639 1741 708 corruptio,
1770 637 1845 690 ita
1871 637 1920 688 in
1952 635 2128 690 futura

553 740 661 794 vita
684 736 815 791 nihil
849 734 981 790 mihi
1007 733 1063 788 in
1087 748 1150 789 ea
1183 733 1203 764 ³
1229 731 1510 802 apparebit
1537 730 1639 783 nisi
1662 728 1807 784 solus
1849 726 2013 793 Deus,
2039 728 2129 796 qui

552 840 681 885 vere
709 827 819 881 vita
840 834 955 891 est,
990 831 1045 880 et
1072 821 1478 887 immortalitas,
1515 828 1569 874 et
1610 819 1961 889 incorruptio.
1994 819 2063 872 At
2086 820 2131 873 si

554 920 620 974 de
665 916 749 972 sui
798 915 1041 986 corporis
1084 912 1339 969 felicitate
1381 911 1539 966 talem
1588 910 1811 981 gloriam
1866 909 2128 980 promisit,

553 1008 683 1077 quid
726 1004 795 1063 de
842 1005 922 1062 sui
970 1000 1131 1059 animi
1178 999 1204 1033 ‘
1248 1000 1504 1072 dignitate
1549 1000 1962 1055 exisﬁmandum
2008 1008 2129 1065 est,

553 1099 875 1171 praesertim
916 1106 1069 1163 cum,
1115 1102 1174 1150 u‘t
1218 1095 1295 1150 ait
1330 1102 1556 1163 magnus
1581 1090 1874 1161 Gregorius
1902 1090 2132 1146 Theolo-

555 1196 673 1263 gus,
705 1205 924 1261 corpora
951 1196 1249 1243 sanctorum
1270 1186 1326 1239 in
1351 1184 1625 1249 rationem,
1664 1184 1798 1237 ratio
1849 1183 1908 1235 in
1931 1181 2132 1236 intelle-

556 1292 721 1349 ctum,
742 1281 1034 1339 intellectus
1054 1281 1108 1334 in
1132 1279 1313 1344 Deum,
1338 1286 1400 1333 ac
1419 1291 1516 1347 per
1530 1276 1632 1331 hoc
1656 1284 1765 1331 tota
1792 1272 2010 1330 illorum
2038 1290 2132 1330 na-

560 1382 679 1431 tura
706 1374 761 1430 in
784 1374 958 1446 ipsum
980 1374 1167 1438 Deum,
1196 1368 1526 1425 mutabitur?
1549 1366 1713 1438 Cujus
1737 1368 1814 1423 rei
1839 1366 2133 1437 pulcherri-

557 1479 643 1519 ma
667 1464 1034 1536 paradigmata
1072 1477 1101 1516 a
1127 1458 1402 1530 praedicto
1446 1457 1676 1513 Maximo
1710 1458 1765 1512 in
1802 1458 2133 1528 expositione

555 1556 800 1629 Gregorii
817 1554 989 1628 posita
1004 1564 1151 1622 sunt,
1167 1570 1393 1626 quorum
1413 1569 1577 1608 unum
1600 1552 2131 1622 praemisimus,eum

556 1646 622 1701 de
664 1658 791 1700 aere
825 1645 1209 1715 loquebamur;
1239 1645 1465 1698 alterum
1501 1657 1631 1697 vero
1663 1656 1808 1697 nunc
1842 1640 2128 1713 subjunge-

554 1750 697 1802 mus,
725 1733 868 1806 quod
901 1744 984 1791 est
1029 1736 1081 1790 in
1124 1736 1247 1806 igne
1287 1742 1343 1790 et
1378 1734 1542 1790 ferro.
1587 1728 1725 1788 Nam
1776 1750 1889 1788 cum
1935 1735 2130 1803 ferrum

554 1827 837 1898 conﬂatum
876 1830 934 1883 in
970 1828 1087 1899 igne
1115 1826 1170 1882 in
1189 1826 1683 1898 liquoremsolvitur,
1718 1825 1849 1880 nihil
1863 1824 1926 1880 de
1941 1834 2129 1880 natura

553 1916 666 1987 ejus
692 1932 956 1973 remanere
985 1918 1218 1974 sensibus
1256 1918 1478 1984 videtur,
1506 1917 1594 1972 sed
1631 1927 1793 1972 totum
1828 1921 1880 1972 in
1920 1919 2127 1988 igneam

554 2009 861 2079 qualitatem
892 2009 1127 2063 vertitur.
1168 2008 1296 2065 Sola
1322 2025 1436 2064 vero
1463 2009 1661 2063 ratione
1697 2025 1844 2062 suam
1885 2018 2129 2062 naturam

554 2099 791 2170 quamvis
825 2098 1160 2171 liquefactam
1200 2116 1401 2154 servare
1436 2099 1780 2170 cognoscitur.
1821 2098 1972 2154 Sicut
2002 2115 2128 2169 ergo

556 2188 705 2244 lotus
726 2204 819 2244 aer
844 2189 954 2256 lux,
990 2199 1266 2261 totumque
1296 2188 1495 2244 ferrum
1525 2188 1890 2259 liquefactum,
1916 2200 1973 2243 ut
1994 2190 2129 2245 dixi-

555 2294 700 2347 mus,
727 2281 963 2350 igneum,
992 2280 1100 2337 imo
1130 2281 1291 2335 etiam
1316 2280 1336 2313 ⁸
1358 2280 1494 2350 ignis
1523 2291 1762 2351 apparet,
1786 2282 2127 2335 manentibus

548 2378 736 2425 tamen
769 2384 956 2424 eorum
984 2370 1300 2426 substantiis
1331 2387 1347 2423 :
1383 2371 1455 2424 ita
1500 2385 1628 2425 sano
1668 2370 1939 2425 intellectu
1984 2370 2125 2426 acci-

554 2461 831 2532 piendum,
855 2462 980 2532 quia
1003 2473 1121 2533 post
1144 2460 1484 2531 tinem'hujus
1506 2460 1687 2516 mundi
1712 2462 1887 2517 oumis
1912 2470 2124 2527 natura,

555 2552 668 2606 sive
692 2566 949 2623 corporea
989 2554 1103 2609 sive
1143 2555 1474 2623 incorporea,
1502 2552 1647 2608 solus
1671 2551 1810 2608 Deus
1832 2567 1949 2608 esse
1975 2553 2125 2608 vide-

551 2642 719 2708 bitur,
756 2651 981 2698 naturae
1010 2644 1315 2715 integritate
1343 2652 1692 2714 permanente
1714 2684 1729 2709 ,
1767 2651 1825 2697 ut
1860 2654 1913 2698 et
1952 2643 2125 2710 Deus,

553 2732 643 2801 qui
670 2746 766 2803 per
790 2733 1022 2803 seipsum
1051 2732 1602 2802 incomprehensibilis
1642 2740 1751 2799 est,
1788 2734 1843 2787 in
1882 2741 2127 2788 creatura

552 2824 948 2901 quodammodo
996 2824 1494 2895 comprehendatur,
1543 2824 1655 2894 ipsa
1706 2839 1836 2879 vero
1882 2831 2129 2879 creatura

553 2910 810 2971 ineffabili
852 2917 1113 2972 miraculo
1143 2917 1194 2971 in
1235 2915 1401 2972 Deum
1440 2924 1698 2970 vertatur.
1730 2914 1835 2969 Sed
1862 2913 2128 2970 suﬂiciant

550 3001 677 3069 ista,
707 3005 750 3059 si
782 3005 874 3060 tibi
903 3005 925 3037 ⁸
951 3003 1094 3060 clare
1141 3005 1431 3061 lucescant.
1468 3004 1609 3059 DISC.
1641 3003 1941 3060 Luceseunt
1971 3019 2124 3071 sane,

552 3101 810 3162 quantum
854 3092 980 3148 talia
1011 3096 1210 3149 nostris
1258 3094 1526 3149 mentibus
1572 3095 1592 3126 ⁷
1646 3093 1826 3149 lucere
1855 3093 2121 3148 sinuntur.

2234 636 2375 692 DISC.
2396 635 2726 692 Firmissime
2752 636 2933 703 credo,
2950 646 3025 702 et,
3049 644 3308 706 quantum
3328 636 3509 704 datur,
3535 638 3797 710 intelligo,

2232 729 2299 783 de
2327 728 2505 783 divina
2534 727 2868 784 solummodo
2892 729 3130 783 omnium
3154 742 3315 784 causa
3347 739 3492 785 recte
3522 731 3626 786 hoc
3647 746 3801 801 prae-

2232 820 2422 886 dicari,
2460 821 2582 890 quia
2612 820 2724 875 sola
2751 818 2955 884 omnia,
2986 834 3126 889 quae
3154 835 3186 874 a
3209 834 3268 874 se
3300 830 3447 887 sunt,
3480 830 3649 888 creat,
3679 828 3733 878 et
3764 837 3797 878 a

2234 909 2373 964 nulla
2422 910 2683 980 superiori
2748 925 2810 965 ac
2861 925 2920 965 se
2963 910 3316 979 praecedente
3382 914 3613 967 creatur.
3678 914 3797 985 Ipsa

2230 1001 2374 1053 enim
2402 1009 2487 1054 est
2512 1014 2721 1054 summa
2751 1014 2814 1055 ac
2842 1000 2953 1055 sola
2992 1014 3152 1055 causa
3190 1000 3449 1068 omnium,
3474 1016 3618 1073 quae
3636 1016 3708 1060 ex
3736 1018 3798 1062 se

2230 1095 2287 1142 et
2314 1088 2368 1141 in
2395 1098 2455 1143 se
2472 1088 2518 1119 ‘i
2548 1088 2865 1142 subsistunt.

2303 1180 2389 1234 12.
2436 1178 2605 1234 Velim
2636 1188 2811 1234 tamen
2843 1180 3002 1246 scire,
3028 1181 3175 1251 quid
3217 1182 3285 1239 dc
3330 1183 3435 1239 hac
3472 1198 3532 1240 re
3575 1186 3791 1243 sentias.

2230 1266 2346 1323 Non
2379 1269 2519 1324 enim
2552 1285 2740 1337 parum
2778 1280 2865 1325 me
2891 1270 2937 1302 “'
2968 1280 3164 1337 movet,
3212 1273 3338 1328 dum
3384 1275 3699 1345 saepissime
3742 1278 3795 1331 in

2232 1358 2388 1415 libris
2414 1368 2723 1414 sanctorum
2751 1359 2992 1423 Patrum,
3020 1363 3111 1431 qui
3140 1363 3205 1418 de
3242 1363 3426 1418 divina
3466 1372 3658 1421 natura
3684 1367 3796 1422 dis~

2228 1458 2421 1519 putare
2448 1451 2626 1505 conati
2653 1457 2777 1505 sunt
2796 1489 2809 1515 ,
2842 1450 3052 1507 invenio
3071 1492 3085 1516 ,
3116 1465 3237 1507 eam
3262 1468 3371 1509 non
3396 1455 3571 1510 solum
3595 1456 3797 1523 omnia,

2231 1552 2371 1608 quae
2396 1547 2544 1601 sunt,
2574 1549 2783 1604 creare,
2829 1539 2923 1594 sed
2970 1540 3132 1594 etiam
3174 1543 3371 1597 creari.
3404 1541 3478 1596 Ea
3510 1544 3799 1614 siquidem,

2230 1638 2291 1683 ut
2316 1629 2486 1692 alunt,
2522 1628 2672 1694 facit,
2702 1638 2758 1685 et
2804 1629 2880 1694 iit,
2910 1639 2966 1685 et
2996 1633 3164 1696 creat,
3198 1639 3257 1687 et
3280 1642 3512 1688 creatur.
3542 1633 3608 1690 Si
3640 1636 3803 1706 igitur

2231 1720 2306 1775 ita
2333 1728 2434 1785 est,
2467 1722 2738 1791 quomodo
2764 1730 2950 1776 nostra
2980 1722 3320 1780 ratiocinatio
3344 1725 3391 1759 “
3416 1728 3654 1793 steterit,
3686 1744 3794 1783 non

2231 1812 2388 1868 facile
2411 1814 2453 1847 "
2500 1814 2734 1869 invenio.
2789 1815 3026 1869 Dicimus
3064 1815 3247 1882 enim,
3301 1831 3419 1871 eam
3464 1818 3796 1873 solummodo

2157 1902 2203 1961 Β
2226 1914 2440 1968 creare,
2467 1916 2499 1957 a
2528 1901 2674 1957 nullo
2700 1911 2880 1958 autem
2906 1904 3103 1958 creari.
3134 1903 3275 1960 Hac.
3314 1905 3502 1961 Merito
3528 1909 3793 1975 moveris;

2228 2006 2353 2045 nam
2398 1999 2455 2047 et
2499 2006 2599 2061 ego
2644 1991 2709 2046 de
2752 1993 2857 2048 hoc
2900 1992 3125 2047 multum
3161 1996 3419 2060 admiror,
3449 2001 3798 2066 etquomodo

2227 2083 2380 2147 haec,
2411 2097 2551 2153 quae
2576 2084 2824 2138 videntur
2850 2097 2972 2139 esse
2996 2088 3290 2151 contraria,
3320 2088 3423 2143 sibi
3448 2089 3677 2149 invicem
3707 2092 3796 2145 ad-

2228 2173 2425 2227 versari
2466 2181 2768 2243 nequeant,
2808 2175 3183 2244 quomodoque
3222 2192 3350 2231 vera
3398 2179 3538 2234 ratio
3574 2180 3648 2235 de
3693 2181 3797 2236 hoc

2162 2274 2165 2277 '
2224 2262 2547 2317 consulenda
2575 2272 2679 2328 est,
2721 2264 2950 2333 optarim
2995 2280 3094 2334 per
3119 2274 3172 2320 te
3202 2278 3379 2321 nosse.
3427 2266 3572 2323 Dleo.
3604 2268 3792 2339 Ingre-

2225 2354 2371 2417 dere,
2401 2367 2621 2423 precor;
2664 2368 2792 2407 nam
2818 2354 2887 2408 de
2911 2355 3112 2412 talibus
3138 2371 3245 2413 non
3284 2371 3483 2425 meam,
3522 2362 3616 2414 sed
3646 2371 3792 2415 tuam

2222 2442 2548 2497 sententiam
2576 2443 3037 2513 ratiocinandique
3060 2445 3202 2500 viam
3227 2456 3475 2518 expecto.
3508 2447 3643 2503 me.
3677 2448 3797 2503 Pri-

2226 2548 2373 2588 mum
2401 2532 2605 2603 itaque,
2630 2534 2675 2587 si
2700 2534 2914 2589 videtur
2936 2534 3006 2600 ⁸⁸,
3049 2535 3116 2590 de
3154 2537 3274 2605 ipso
3302 2538 3540 2604 nomine,
3571 2541 3712 2608 quod
3738 2542 3795 2595 in

2227 2638 2385 2681 sacra
2430 2624 2711 2696 Scriptura
2741 2626 3153 2681 usitatissimum
3178 2636 3283 2694 est,
3302 2629 3443 2698 quod
3462 2630 3505 2661 ⁸³
3525 2639 3611 2685 est
3630 2631 3791 2698 Deus,

2228 2717 2678 2771 considerandum
2711 2715 2967 2772 arbitror.
3001 2715 3257 2783 Quamvis
3290 2720 3438 2774 enim
3479 2721 3659 2775 inultis
3693 2737 3793 2777 no-

2226 2809 2464 2864 minibus
2491 2807 2676 2863 divina
2698 2817 2892 2863 natura
2919 2808 3312 2875 dettomiaetur,
3353 2818 3413 2863 ut
3434 2820 3521 2865 est
3549 2811 3793 2878 Bonitas,

2225 2899 2494 2967 Essentia,
2521 2900 2753 2964 Veritas,
2776 2907 3061 2969 ceteraque
3108 2899 3435 2968 huiusmodi,
3476 2900 3798 2970 frequentis-

2226 2992 2364 3047 sime
2388 3000 2572 3047 tamen
2594 3007 2659 3047 eo
2682 2992 2901 3046 nomine
2926 2991 3105 3046 divina
3126 2991 3297 3045 utitur
3318 2991 3620 3061 Scriptura.
3646 2994 3793 3049 Disc.

2228 3085 2392 3141 Plane
2421 3085 2654 3141 videtur.
2686 3083 2827 3139 Mtte.
2860 3083 3030 3155 Hujus
3061 3084 3241 3153 itaque
3266 3085 3504 3141 nominis
3533 3087 3797 3157 etymolo-

552 3184 630 3240 De
672 3198 731 3240 re
771 3186 913 3240 enim
955 3183 1207 3239 inellabili
1253 3184 1373 3253 quis
1417 3183 1471 3237 in
1523 3184 1624 3237 hac
1670 3185 1779 3237 vita
1833 3183 2126 3237 luculenter
2170 3251 2191 3253 _
2227 3176 2313 3245 gia
2339 3174 2612 3231 aGraecis
2638 3184 2911 3243 assumpta
2942 3183 3042 3230 est.
3070 3175 3176 3229 Aut
3200 3176 3345 3230 enim
3368 3191 3404 3229 a
3432 3178 3615 3243 verbo,
3648 3180 3793 3248 quod

551 3286 728 3348 potest
771 3277 907 3343 fari,
941 3283 999 3330 ut
1044 3276 1179 3329 nihil
1214 3251 1447 3342 amplius
1493 3274 1873 3343 inquirentium
1910 3283 2125 3343 appetat
2152 3251 2196 3313 (ἶ
2228 3275 2311 3321 est
2335 3268 2530 3341 θεωρῶ,
2562 3265 2664 3320 hoc
2704 3273 2808 3329 est,
2854 3264 3028 3327 Video,
3078 3264 3383 3329 derivatur;
3415 3276 3507 3320 aut
3530 3274 3598 3320 ex
3631 3268 3797 3323 verbo

556 3366 910 3430 desiderium,
951 3366 1269 3436 praesertim
1312 3381 1431 3419 cum
1466 3357 1748 3418 nulia'alia
1792 3364 2127 3434 promittitur

558 3456 710 3511 nobis
739 3457 905 3528 gloria
945 3464 1159 3525 praeter
1185 3468 1391 3520 eorum,
1418 3469 1556 3524 quae
1585 3455 1671 3509 hic
1697 3470 1794 3524 per
1824 3454 1979 3509 ﬁdem
2011 3469 2125 3511 cre—

552 3547 770 3612 duntur,
796 3556 851 3601 et
878 3547 1087 3601 ratione
1109 3554 1455 3616 quaeruntur,
1486 3556 1539 3600 et
1568 3555 1821 3616 quantum
1853 3547 1976 3601 licet
2003 3564 2126 3602 sua-

552 3634 762 3698 dentur,
791 3635 840 3687 in
864 3634 1043 3689 futura
1065 3636 1173 3689 vita
1192 3650 1286 3704 per
1300 3635 1720 3704 experimentum
1743 3635 2121 3705 cognitionem!

551 3723 688 3781 MAG.
725 3725 891 3781 Caute
921 3741 985 3781 ac
1014 3718 1402 3781 rationabiliter
1434 3726 1710 3782 existimas
1733 3729 1777 3781 '.
1802 3727 2032 3783 Proinde
2058 3728 2124 3783 ad

550 3830 636 3882 ea,
663 3830 801 3885 quae
831 3816 1099 3886 proposita
1127 3824 1270 3881 sunt,
1299 3816 1400 3870 hoc
1431 3826 1531 3881 est,
1568 3816 1633 3870 ad
1672 3817 1988 3872 divisionem
2020 3818 2125 3872 Na-

550 3911 702 3960 turae
747 3904 1075 3960 redeundum
1109 3920 1228 3961 esse
1262 3903 1283 3936 '
1318 3919 1530 3960 censeo.
1582 3904 1727 3960 DISC.
1774 3906 2125 3962 Redeundum

549 4008 698 4060 sane,
730 3995 983 4066 quoniam
1021 3977 1212 4051 mod-us
1258 3995 1624 4050 observandus
1649 4004 1731 4050 est
1761 3996 1813 4049 in
1846 3996 1956 4059 his,
1986 4013 2126 4066 quae

546 4083 770 4141 dicenda
790 4096 932 4151 sunt,
952 4093 1009 4139 ut
1033 4087 1100 4142 ad
1125 4086 1284 4141 ﬁnem
1304 4087 1569 4157 quendam
1590 4087 1795 4157 possint
1819 4089 2119 4157 pervenire.

619 4173 712 4230 11.
761 4173 899 4230 MAG.
948 4174 1351 4231 Praedictarum
1398 4178 1578 4247 itaque
1624 4176 1854 4233 Naturae
1900 4180 2122 4234 divisio-

548 4280 674 4322 num
734 4267 778 4299 “
824 4267 993 4337 prima
1044 4266 1344 4325 tliﬂerentia
1391 4269 1543 4325 nobis
1581 4269 1696 4325 visa
1746 4279 1829 4325 est
1875 4272 1944 4342 in.
1976 4286 2119 4337 eam,

547 4371 687 4429 quae
722 4366 870 4413 creat
896 4366 950 4413 et
979 4372 1086 4413 non
1118 4368 1350 4414 creatur.
1381 4358 1492 4415 Nec
1524 4360 1812 4425 immerito,
1843 4361 1968 4429 quia
1998 4360 2120 4415 talis

547 4444 781 4502 Naturae
806 4450 1016 4518 species
1044 4451 1107 4505 de
1148 4449 1258 4505 Deo
1292 4451 1406 4506 solo
1448 4459 1593 4505 recte
1634 4449 1992 4518 praedicatur,
2025 4450 2118 4519 qui

545 4535 692 4591 solus
722 4537 899 4590 omnia
925 4538 969 4569 “
998 4553 1191 4595 creans
1219 4540 1469 4621 ἄναρχος,
1503 4541 1605 4595 hoc
1631 4548 1735 4607 est,
1769 4541 1884 4595 sine
1911 4541 2116 4610 princi-

2226 3362 2341 3426 θέω,
2380 3360 2485 3413 hoc
2506 3368 2611 3422 est,
2637 3373 2832 3423 curro;
2862 3366 2976 3423 aut,
3014 3358 3156 3427 quod
3180 3357 3511 3427 probabilius
3536 3368 3636 3423 est,
3665 3360 3792 3429 quia

2223 3468 2366 3506 unus
2392 3453 2640 3521 idemque
2682 3450 2984 3506 intellectus
3028 3452 3172 3507 inest
3190 3453 3258 3517 ὀ,
3292 3454 3364 3507 ab
3394 3462 3621 3521 utroque
3652 3453 3795 3507 deri-

2224 3544 2339 3598 vari
2368 3550 2515 3597 recte
2546 3542 2742 3597 dicitur
2768 3541 2834 3594 ³¹.
2880 3540 3015 3596 Nam
3041 3558 3165 3597 cum
3192 3558 3224 3596 a
3252 3544 3415 3598 verbo
3436 3546 3605 3617 θεωρῶ
3628 3542 3796 3597 dedu-

2225 3635 2367 3688 citur
2389 3634 2536 3696 Θιός,
2566 3632 2755 3686 videns
2786 3631 3188 3701 interpretatur.
3215 3632 3334 3703 Ipse
3352 3632 3498 3687 enim
3520 3632 3705 3687 omnia
3726 3634 3792 3697 ”,

2226 3740 2364 3795 quae
2393 3733 2536 3790 sunt,
2570 3724 2623 3777 in
2655 3724 2832 3794 seipse
2860 3724 3025 3790 videt,
3053 3727 3178 3780 dum
3211 3725 3345 3780 nihil
3374 3734 3527 3780 extra
3560 3727 3799 3795 seipsum

2225 3818 2472 3887 aspiciat,
2504 3817 2628 3886 quia
2658 3816 2791 3871 nihil
2816 3825 2969 3871 extra
2996 3817 3232 3887 seipsum
3274 3826 3377 3874 est.
3424 3817 3557 3873 Cum
3595 3831 3722 3871 vero
3747 3817 3795 3848 ³⁸

2224 3925 2255 3962 a
2292 3908 2458 3964 verbo
2488 3910 2612 3972 θέω,
2648 3908 2778 3970 Θεὸς
2826 3923 3053 3964 currens
3101 3919 3251 3964 recte
3295 3910 3629 3989 intelligitur.
3682 3908 3797 3977 Ipse

2224 4000 2366 4054 enim
2388 3998 2442 4053 in
2466 3999 2643 4053 omnia
2675 4000 2873 4063 curn‘t,
2905 4008 2960 4052 et
2984 3997 3133 4053 nullo
3160 3999 3319 4053 modo
3343 4008 3470 4064 stat,
3499 3999 3590 4053 sed
3615 3998 3795 4054 onmia

2224 4090 2488 4144 currendo
2511 4088 2719 4158 implet,
2741 4089 2881 4143 sicut
2903 4089 3166 4158 scriptum
3191 4098 3276 4144 est
3302 4107 3314 4142 :
3356 4087 3604 4144 Veiociter
3632 4090 3795 4142 curiit

2223 4194 2391 4232 sermo
2426 4178 2560 4248 ejus.
2609 4176 2860 4232 Attamen
2894 4176 3042 4231 nullo
3070 4177 3230 4232 modo
3255 4186 3534 4232 movetur:
3574 4176 3642 4231 de
3684 4177 3794 4232 Deo

2220 4266 2490 4337 siquidem
2521 4267 2802 4322 verissime
2834 4266 3034 4321 dicitur
3063 4274 3244 4324 motus
3272 4266 3502 4331 stabilis,
3535 4274 3590 4320 et
3622 4274 3795 4321 status

2224 4357 2456 4412 mobilis.
2487 4357 2609 4412 Stat
2635 4358 2779 4411 enim
2810 4358 2864 4412 in
2897 4359 3074 4428 seipse
3100 4358 3631 4426 ineommutabiliter,
3656 4374 3795 4413 nun-

2222 4462 2381 4517 quam
2406 4449 2705 4503 naturalem
2743 4460 2897 4504 suam
2939 4449 3286 4506 stabilitatem
3315 4450 3588 4506 deserens.
3620 4449 3797 4505 Movet

2221 4548 2401 4595 autem
2442 4541 2679 4611 seipsum
2726 4554 2823 4611 per
2863 4542 3065 4608 omnia,
3110 4551 3169 4597 ut
3216 4544 3324 4598 sint
3360 4557 3446 4607 ea,
3487 4557 3624 4612 quae
3663 4556 3692 4594 a
3732 4556 3793 4598 se

547 4623 637 4693 pio
665 4622 995 4694 intelligitur,
1023 4629 1146 4695 quia
1172 4600 1479 4700 priiidipalis
1504 4644 1667 4687 causa
1692 4631 1948 4695 omnium,
1978 4644 2118 4700 quae
2142 4600 2197 4662 D
2223 4632 2581 4689 essentialiter
2624 4633 2957 4700 subsistunt;
3012 4641 3161 4688 motu
3202 4634 3348 4687 enim
3392 4632 3564 4701 ipsius
3608 4632 3791 4686 omnia

546 4725 613 4767 ex
642 4712 758 4781 ipso
783 4721 837 4767 et
866 4727 962 4781 per
987 4715 1161 4783 ipsum
1202 4717 1344 4772 facta
1394 4729 1539 4787 sunt,
1586 4722 1732 4778 solus
1763 4731 1870 4788 est,
1916 4737 1981 4777 ac
2020 4737 2117 4792 per

540 4799 651 4856 hoc
679 4809 733 4856 et
763 4803 1020 4869 omnium,
1069 4820 1208 4872 quae
1250 4821 1319 4861 ex
1360 4824 1418 4863 se
1465 4820 1611 4874 sunt,
1652 4811 1774 4866 ﬁnis
1804 4822 1905 4867 est.
1938 4812 2116 4882 Ipsum

544 4893 689 4949 enim
718 4893 898 4949 omnia
926 4903 1202 4965 appetunt.
1253 4896 1348 4952 Est
1392 4900 1554 4969 igitur
1604 4901 1951 4971 principium,
1998 4918 2114 4958 me-

547 4982 692 5040 dium
718 4992 773 5042 et
798 4984 941 5040 ﬂuis.
975 4985 1325 5057 Principium,
1373 4990 1498 5059 quia
1542 5005 1609 5046 ex
1653 5006 1711 5047 se
1748 5001 1873 5046 sunt
1907 4995 2111 5062 omnia,

543 5087 683 5147 quae
723 5076 1012 5133 essentiam
1059 5078 1414 5150 participant;
1461 5082 1693 5138 medium
1742 5090 1943 5149 autem,
1984 5086 2111 5155 quia

544 5167 601 5224 in
620 5168 757 5238 ipso,
778 5177 833 5225 et
851 5183 947 5238 per
968 5169 1141 5240 ipsum
1170 5171 1212 5203 “
1233 5171 1529 5228 subsistunt
1548 5184 1711 5245 atque
1734 5185 2016 5231 moventur
2032 5177 2105 5243 ¹³;

543 5256 665 5317 ﬂuis
690 5274 839 5327 vero,
868 5261 992 5331 quia
1031 5261 1099 5316 ad
1143 5261 1319 5332 ipsum
1362 5272 1644 5320 moventur
1669 5265 1903 5333 quietem
1936 5274 2111 5323 motus

2224 4725 2376 4780 fiunt.
2409 4729 2487 4779 Ae
2528 4737 2622 4794 per
2666 4726 2769 4779 hoc
2814 4739 2955 4779 unus
3003 4725 3251 4792 idemque
3286 4721 3590 4777 intellectus
3620 4728 3704 4775 est
3733 4720 3790 4774 in

2222 4815 2429 4868 duabus
2476 4812 3010 4882 interpretationibus
3048 4811 3287 4881 ejusdem
3335 4810 3593 4877 nominis,
3644 4809 3789 4879 quod

2221 4911 2304 4960 est
2331 4905 2494 4959 Deus.
2524 4902 2640 4958 Non
2671 4902 2814 4956 enim
2852 4901 2996 4956 aliud
3022 4909 3107 4956 est
3133 4901 3244 4956 Deo
3270 4915 3492 4957 currere
3531 4915 3630 4970 per
3668 4914 3787 4954 om-

2219 4995 2332 5061 nia,
2358 5010 2520 5065 qnam
2547 4996 2729 5049 videre
2753 4992 2968 5059 omnia;
3010 4994 3104 5048 sed
3134 4993 3277 5048 sicut
3309 4992 3565 5058 videndo,
3610 4993 3689 5047 ita
3733 4998 3790 5045 et

2217 5085 2481 5141 eun-endo
2506 5083 2629 5157 [per
2652 5081 2800 5156 eum]
2819 5080 2868 5116 “
2894 5083 3036 5139 ﬁunt
3056 5083 3259 5139 omnia.
3300 5083 3450 5139 DISG.
3476 5082 3559 5138 De
3582 5091 3792 5143 etmo-

2218 5176 2355 5245 logia
2385 5176 2620 5231 nominis
2645 5175 2777 5231 satis
2804 5190 2868 5231 ac
2896 5174 3247 5246 probabiliter
3273 5191 3493 5232 suasum
3533 5184 3637 5231 est.
3684 5172 3790 5228 Sed

2218 5280 2325 5322 non
2351 5265 2486 5325 satis
2511 5267 2686 5335 video,
2715 5280 2824 5338 quo
2853 5281 2912 5325 se
2935 5275 3168 5335 moveat,
3196 5269 3290 5340 qui
3316 5268 3519 5339 ubique
3544 5276 3650 5334 est,
3673 5265 3793 5323 sine

1827 5416 2080 5473 VARIAE
2113 5416 2513 5477 LECTlONES.

599 5542 615 5572 '
644 5540 777 5596 CDE
807 5545 896 5597 sit.
979 5549 1000 5578 '
1026 5545 1069 5598 Α
1099 5562 1235 5599 nunc
1262 5545 1392 5599 nihil
1410 5547 1467 5599 in
1493 5562 1574 5600 ea.
1632 5546 1651 5578 ⁸
1678 5548 1732 5601 in
1756 5564 1817 5601 ea
1846 5562 1954 5603 om.
1978 5549 2042 5602 A.

544 5612 796 5681 inmitibus
828 5615 1036 5667 nostris.
1113 5617 1133 5648 ⁸
1158 5615 1248 5671 Sic
1276 5615 1439 5681 CDE;
1472 5616 1517 5670 A
1535 5616 1798 5672 aestiuias.

2138 5547 2162 5580 ⁸
2186 5549 2276 5605 Sic
2303 5549 2468 5615 CDE;
2493 5551 2536 5604 Α
2566 5553 2801 5621 spiritus.
2858 5552 2884 5586 ⁸
2906 5554 2951 5609 Α
2969 5564 3034 5609 et.
3110 5554 3136 5586 '
3155 5553 3260 5608 Pro
3287 5554 3333 5608 si
3355 5552 3447 5605 tibi
3466 5550 3506 5621 (ς
3527 5547 3641 5603 sibi.
3662 5618 3671 5621 _
3699 5546 3721 5581 '
3744 5548 3788 5603 D

1884 5620 1905 5652 ⁹
1931 5636 2038 5671 esse
2065 5620 2252 5677 om.A.
2333 5621 2433 5674 “A
2454 5618 2770 5676 divisionum
2799 5621 3057 5679 Naturae.
3138 5624 3179 5655 “
3199 5621 3450 5686 SicCDE;
3472 5620 3515 5671 D
3532 5618 3789 5676 omnium.

745 5678 905 5741 09E:
935 5684 978 5736 Β
1013 5684 1282 5758 in__s_eipso
1320 5694 1373 5739 et
1417 5678 1513 5758 per
1546 5688 1796 5757 seipsum.
1877 5688 1920 5719 ¹³
1962 5687 2051 5743 Sic
2074 5688 2238 5758 QDE;
2267 5688 2312 5744 Α
2346 5699 2635 5747 moventur
2654 5695 2850 5746 omnia.
2931 5693 2977 5723 “
3016 5678 3109 5748 Sic
3134 5693 3297 5758 CDE;
3330 5694 3364 5745 Α
3392 5678 3447 5745 in
3470 5705 3524 5743 sc
3553 5698 3599 5741 ct
3627 5704 3689 5742 ex
3711 5705 3784 5743 se.

546 5746 587 5778 ⁸⁸
609 5748 979 5822 praeparant.
1059 5752 1160 5804 “A
1180 5746 1462 5815 iationatio
1488 5746 1696 5822 nostra;
1725 5768 1900 5812 nostra
1932 5775 2036 5813 om.
2076 5756 2138 5814 G.

542 5818 683 5871 Quid.
760 5817 804 5847 "
839 5817 879 5869 Α
910 5830 1002 5872 εει.
1086 5823 1124 5856 ἰ
1165 5822 1247 5874 (ΣΕ
1276 5825 1543 5889 accipitur.

2218 5760 2258 5831 ‘7
2285 5760 2323 5831 Α
2343 5760 2499 5827 facile
2524 5777 2646 5816 non.
2724 5761 2769 5793 "
2809 5762 2914 5817 Pro
2939 5763 2985 5817 si
3012 5764 3213 5824 videtur
3242 5763 3281 5815 Α
3313 5760 3578 5831 fundatur.
3660 5760 3701 5793 "
3741 5762 3785 5815 Α

1622 5828 1666 5857 ¹²
1708 5829 1879 5882 omnia
1911 5845 2017 5882 om.
2058 5829 2124 5882 A.
2202 5830 2247 5860 "
2288 5829 2329 5881 Α
2356 5840 2546 5884 autem.
2623 5830 2669 5862 “
2707 5849 2798 5899 per
2823 5849 2940 5887 eum
2977 5848 3087 5887 om.
3125 5831 3274 5886 CUE.
