4194 6276
422 446 530 507 £53

1321 442 1408 497 DE
1446 440 1785 498 DlVlSlONE
1822 440 2171 498 NATUBAE.
2213 470 2279 483 --
2315 439 2517 495 LIBER
2553 439 2834 496 PRIMUS.

3583 453 3686 508 454

330 570 337 577 ·
425 575 535 630 quo
570 559 706 616 nihil
733 571 853 615 esse
881 564 1079 629 potest,
1109 564 1162 611 et
1190 563 1348 612 extra
1390 568 1547 626 quem
1590 556 1724 613 nihil
1765 557 2008 613 extendi-
2034 563 2086 622 Α
2112 556 2221 612 sint
2262 572 2327 610 ex
2370 568 2620 611 non-esse
2649 556 2702 609 in
2731 568 2881 621 esse;
2920 565 3139 609 creatur
3162 566 3363 624 autem,
3394 560 3523 629 quia
3553 562 3689 619 nihil

422 659 547 717 tur;
579 659 659 706 est
688 650 830 706 enim
870 648 1021 706 locus
1065 649 1305 703 omnium
1350 657 1514 720 atque
1553 649 2005 722 circumscriptio.

425 743 565 798 lito.
596 742 763 797 Deum
798 741 1000 797 moveri
1031 755 1139 796 non
1171 747 1325 796 extra
1357 754 1417 797 se
1442 740 1575 806 dixi,
1603 742 1698 796 sed
1737 756 1768 796 a
1806 742 2006 812 seipse,

424 835 477 891 in
505 835 698 905 seipse,
727 836 795 889 ad
824 834 1083 905 seipsum.
1110 830 1225 888 Non
1255 832 1403 889 enim
1434 832 1598 888 alium
1623 841 1826 888 motum
1856 833 1911 888 in
1939 849 2008 891 eo

421 932 625 995 oportet
647 924 815 990 credi,
846 930 1065 993 praeter
1079 937 1209 978 suae
1233 921 1529 980 voluntatis
1549 925 1871 995 appetitum,
1900 938 2009 994 quo

416 1016 527 1072 vult
553 1017 735 1071 omnia
766 1014 925 1081 ﬁeri;
977 1016 1122 1072 sicut
1165 1023 1339 1072 status
1381 1017 1521 1087 ejus,
1567 1032 1675 1073 non
1703 1018 1859 1088 quasi
1882 1024 2010 1090 post

417 1115 624 1163 motum
658 1115 789 1171 stet,
822 1107 918 1162 sed
944 1106 1185 1178 ejusdem
1229 1121 1359 1163 suae
1392 1108 1685 1164 voluntatis
1713 1109 2009 1165 incommu-

423 1198 589 1254 tabile
636 1198 975 1269 propositum
1024 1197 1373 1269 intelligitur,
1419 1216 1526 1272 quo
1571 1200 1751 1257 omnia
1804 1202 2010 1259 incom-

419 1288 669 1343 mutabili
722 1290 991 1343 rationum
1058 1304 1277 1344 suarum
1344 1288 1634 1347 stabilitate
1687 1305 2008 1363 permanere

420 1379 628 1436 deﬁnit.
670 1378 789 1435 Non
831 1381 971 1436 enim
1011 1380 1064 1435 in
1100 1381 1218 1451 ipso
1263 1381 1481 1453 proprie
1510 1390 1682 1439 status
1711 1391 1803 1439 aut
1829 1393 2006 1440 motus

420 1471 643 1527 dicitur.
673 1469 819 1527 Haec
856 1472 997 1527 enim
1045 1471 1150 1529 duo
1195 1474 1444 1544 opposita
1485 1474 1585 1530 sibi
1624 1476 1851 1530 invicem
1886 1490 2008 1532 esse

419 1562 701 1616 videntur:
733 1561 976 1631 opposita
1004 1571 1186 1616 autem
1214 1561 1269 1617 in
1299 1578 1365 1617 eo
1387 1564 1612 1636 cogitari
1657 1564 1739 1620 vel
1782 1563 2006 1635 intelligi

416 1666 542 1706 vera
574 1651 712 1707 ratio
737 1649 1009 1723 prohibet,
1039 1652 1359 1722 praesertim
1408 1669 1531 1709 cum
1575 1663 1748 1711 status
1788 1657 2007 1726 proprie

410 1741 535 1797 ﬁnis
575 1743 830 1798 motionis
877 1741 967 1797 sit.
1017 1741 1134 1797 Non
1184 1752 1365 1799 autem
1421 1746 1439 1778 ι
1484 1745 1626 1802 Deus
1669 1748 1872 1802 moveri
1920 1748 2005 1802 in-

408 1832 592 1899 choat,
624 1841 684 1887 ut
712 1832 779 1887 ad
812 1841 1016 1889 statum
1039 1832 1308 1902 quendam
1337 1836 1634 1904 perveniat.
1669 1836 1813 1893 Haec
1840 1837 2004 1909 igitur

2109 645 2471 701 essentialiter
2496 653 2582 700 est
2605 653 2820 715 praeter
2851 645 3051 714 ipsam;
3091 656 3175 701 est
3202 649 3342 702 enim
3374 652 3688 707 omnium“

2108 735 2367 788 essentia.
2420 732 2557 788 Nam
2612 735 2757 789 sicut
2812 733 3019 789 nullum
3070 736 3268 790 bonum
3314 740 3559 797 naturale
3603 752 3690 800 est

2106 831 2326 893 praeter
2346 822 2542 892 ipsum,
2572 823 2670 878 sed
2694 837 2874 888 omne,
2908 824 3053 894 quod
3084 826 3280 881 dicitur
3306 829 3504 885 bonum
3543 849 3684 903 esse,

2106 926 2174 968 ex
2208 912 2623 983 participatione
2644 912 2806 967 unius
2830 914 3027 968 summi
3056 914 3184 969 boni
3206 925 3298 973 est
3328 920 3527 976 bonum
3571 923 3687 982 :lta

2106 1015 2287 1067 omne,
2313 1004 2454 1073 quod
2480 1002 2683 1059 dicitur
2700 1003 2940 1059 existere
2956 1004 3027 1070 ",
3058 1020 3165 1060 non
3194 1006 3249 1063 in
3274 1010 3453 1079 seipse
3476 1013 3683 1083 existit,

2104 1090 2202 1145 sed
2245 1090 2661 1160 participatione
2706 1106 2836 1147 vere
2876 1092 3164 1148 existentis
3211 1106 3440 1154 naturae
3475 1102 3681 1160 existit.

2106 1177 2224 1236 Non
2254 1179 2426 1235 solum
2453 1181 2654 1252 itaque,
2682 1191 2741 1236 ut
2769 1182 2823 1236 in
2853 1182 2961 1249 bis,
2989 1198 3129 1252 quae
3146 1194 3275 1240 ante
3298 1186 3443 1243 dicta
3466 1201 3596 1245 sunt
3615 1193 3682 1260 ⁸³,

2102 1270 2507 1327 consideratum
2535 1279 2638 1337 est,
2672 1270 2859 1327 divina
2896 1281 3093 1327 natura
3140 1273 3255 1329 ﬁeri
3296 1277 3534 1346 dicitur,-
3554 1282 3681 1337 dum

2106 1361 2162 1417 in
2193 1361 2278 1428 iis,
2304 1362 2399 1431 qui
2422 1361 2551 1428 ﬁde,
2584 1369 2640 1417 et
2664 1376 2782 1432 spe,
2821 1371 2875 1418 et
2899 1365 3152 1429 caritate,
3180 1366 3483 1439 ceterisque
3511 1373 3682 1428 virtu-

2106 1453 2251 1507 tibus
2273 1452 2658 1518 reformantur,
2686 1450 2784 1508 Dei
2818 1451 3054 1510 Verbum
3078 1456 3314 1513 mirabili
3340 1469 3503 1530 atque
3528 1463 3575 1501 ¹⁹
3594 1465 3679 1519 in.

2103 1541 2303 1599 effabili
2333 1544 2493 1598 modo
2519 1543 2842 1610 innascitur,
2871 1546 3013 1602 sicut
3034 1549 3107 1601 ait
3130 1549 3418 1618 Apostolus
3439 1556 3506 1610 de
3524 1554 3682 1617 Chric

2106 1642 2191 1688 sto
2216 1632 2443 1702 loquens
2470 1650 2484 1686 :
2509 1633 2614 1700 Qui
2640 1635 2812 1704 factus
2841 1645 2919 1691 est
2948 1637 3004 1690 in
3029 1639 3177 1693 nobis
3205 1643 3459 1711 sapientia
3485 1663 3518 1699 a
3546 1645 3678 1716 Deo,

2104 1725 2493 1795 etjustiﬁcatio,
2510 1735 2556 1779 et
2574 1727 2983 1796 redauptie;sed
3004 1730 3172 1784 etiam
3188 1730 3256 1798 “,
3274 1735 3401 1802 quia
3414 1736 3462 1771 ³¹
3484 1738 3538 1792 in
3562 1753 3681 1795 om-

2104 1815 2283 1883 nibus,
2313 1829 2453 1886 quae
2480 1825 2626 1881 sunt,
2659 1826 2901 1887 apparet,
2930 1832 3071 1889 quae
3098 1835 3194 1890 per
3219 1824 3457 1893 seipsam
3491 1828 3684 1884 invisi-

408 1925 628 1980 nomina
648 1967 663 1989 ,
703 1926 844 1980 sicut
893 1935 949 1980 et
997 1926 1167 1981 multa
1212 1929 1433 1996 similia,
1486 1945 1552 1985 ex
1604 1906 1885 1986 crcaturav
1904 1947 2002 2003 per
2024 1918 2076 1978 Β
2104 1906 2355 2003 ﬁnies"
2378 1922 2490 1963 '0“
2514 1907 2807 2003 ίΡθθηθωθ
2833 1910 3031 2003 Mt“?
3052 1909 3217 1969 ἡδίω
3246 1913 3381 1969 Ν³¹¹¹
3410 1924 3466 1971 et
3490 1930 3681 1977 "0""

408 2016 675 2085 quandam
702 2014 938 2071 divinam
972 2016 1350 2087 metaphoram
1396 2018 1463 2073 ad
1504 2017 1818 2076 Creatorem
1860 2019 2000 2075 refe-

410 2118 624 2164 runtur.
650 2107 761 2163 Nec
791 2107 1254 2173 irrationabiliter,
1286 2111 1543 2181 quoniam
1571 2113 1832 2180 omnium,
1859 2127 2001 2184 quae

406 2198 460 2256 in
489 2206 634 2255 statu
660 2207 715 2254 et
744 2209 890 2255 motu
917 2208 1064 2269 sunt,
1095 2216 1257 2256 causa
1282 2211 1384 2257 est.
1437 2202 1517 2259 Ab
1564 2220 1631 2259 eo
1666 2206 1810 2260 enim
1856 2204 1999 2261 inci-

406 2290 562 2365 piunt
587 2306 810 2347 currere
842 2301 901 2347 ut
928 2293 1056 2358 sint,
1102 2294 1357 2365 quoniam
1386 2295 1710 2367 principium
1736 2307 1820 2353 est
1840 2300 1862 2331 ²
1888 2313 1998 2353 om-

408 2382 584 2449 nium,
610 2392 665 2438 et
692 2400 789 2453 per
814 2400 936 2439 eum
967 2385 1032 2439 ad
1061 2400 1182 2440 eum
1212 2386 1444 2442 naturali
1474 2398 1622 2444 motu
1651 2388 2000 2459 ferunturgut

410 2472 469 2528 in
524 2487 590 2527 eo
639 2473 1152 2529 incommutabiliter
1204 2481 1368 2547 atque
1423 2478 1768 2534 aeternaliter
1798 2489 1993 2547 slent,

410 2563 668 2632 quoniam
720 2562 844 2618 linis
891 2564 1154 2636 quiesque
1198 2565 1445 2620 omnium
1493 2577 1599 2625 est.
1665 2567 1802 2624 Nam
1861 2571 1998 2625 ultra

407 2667 532 2707 eum
581 2651 603 2683 ³
635 2651 712 2706 nil
748 2661 1032 2723 appetunt.
1063 2651 1122 2707 In
1161 2669 1227 2709 eo
1263 2655 1407 2709 enim
1457 2657 1541 2711 sui
1583 2666 1761 2713 motus
1796 2660 1997 2735 princi-

406 2743 556 2812 pium
581 2741 857 2813 ﬁnemque
888 2742 1188 2798 inveniunt.
1222 2742 1367 2800 Deus
1395 2760 1523 2819 ergo
1567 2744 1590 2778 ⁸
1617 2763 1837 2804 currens
1865 2750 1997 2805 dici-

410 2840 515 2898 tur,
544 2847 650 2888 non
680 2833 810 2902 quia
837 2842 992 2887 extra
1020 2849 1079 2889 se
1109 2842 1317 2900 currat,
1357 2836 1446 2906 qui
1477 2851 1689 2909 semper
1722 2838 1773 2892 in
1816 2840 1994 2910 seipso

407 2924 822 2980 immutabiliter
847 2935 955 2982 stat
1005 2925 1051 2993 ⁸,
1086 2928 1177 2997 qui
1222 2924 1245 2959 ⁸
1276 2928 1454 2982 omnia
1490 2928 1708 3002 implet;
1738 2931 1829 2985 sed
1866 2933 1993 3002 quia

408 3020 593 3075 omnia
622 3035 848 3076 currere
876 3020 1006 3076 facit
1035 3035 1101 3075 ex
1132 3022 1619 3079 nou-existentibus
1660 3024 1713 3079 in
1754 3024 1994 3081 existen-

410 3111 506 3164 tia.
539 3110 687 3168 Dtsc.
720 3112 852 3168 Redi
884 3113 949 3167 ad
976 3113 1341 3185 propositum;
1371 3115 1505 3169 haec
1529 3115 1672 3170 enim
1700 3132 1807 3191 non
1848 3118 1989 3172 irra-

412 3200 742 3258 tionabiliter
769 3202 909 3258 dicta
935 3202 1203 3258 videntur.
1256 3202 1394 3257 MAG.
1446 3203 1612 3272 Quale
1652 3205 1986 3276 propositum

2102 1996 2431 2063 intellectus,
2462 1997 2774 2067 priusquam
2801 1999 2984 2054 veniat
3010 2001 3064 2055 in
3094 2003 3474 2073 cogitationem
3515 2016 3679 2080 atque

2101 2088 2440 2153 memoriam,
2472 2102 2577 2143 non
2608 2088 3055 2147 irrationabiliter
3086 2093 3289 2149 dicitur
3327 2111 3447 2152 esse
3468 2097 3549 2163 κς
3592 2109 3680 2156 εει

2100 2179 2242 2233 enim
2272 2194 2371 2248 per
2395 2192 2454 2233 se
2481 2178 2794 2247 invisibilis,
2832 2188 2892 2236 et
2936 2182 3069 2237 nulli
3116 2184 3220 2240 nisi
3262 2184 3373 2241 Deo
3415 2189 3676 2260 nobisque

2099 2269 2231 2341 ipsis
2261 2271 2508 2340 cognitus
2542 2279 2643 2328 est.
2686 2273 2822 2328 Dum
2862 2288 2989 2330 vero
3021 2275 3074 2329 in
3118 2277 3472 2348 cogitationes
3513 2296 3677 2340 vene-

2097 2363 2193 2428 rit,
2225 2371 2281 2417 et
2307 2376 2374 2418 ex
2403 2364 2720 2434 quibusdam
2745 2365 3047 2436 phantasiis
3071 2367 3301 2424 formam
3329 2372 3543 2442 accipit,
3568 2388 3677 2430 non

2100 2455 2369 2510 immerito
2395 2456 2594 2513 dicitur
2622 2456 2761 2512 ﬁeri.
2790 2457 2879 2513 Fit
2901 2459 3048 2515 enim
3076 2460 3133 2513 in
3163 2463 3443 2529 memoria,
3472 2462 3676 2523 formas

2098 2546 2359 2614 quasdam
2386 2548 2654 2618 accipiens
2676 2560 2879 2613 rerum,
2910 2563 3005 2604 seu
3035 2564 3253 2618 vocum,
3283 2567 3378 2607 seu
3407 2548 3670 2624 column,

2096 2645 2508 2706 ceterorumque
2542 2637 2896 2705 sensibilium,
2925 2640 3019 2709 qui
3047 2640 3293 2697 informis
3321 2652 3461 2711 erat,
3497 2648 3674 2716 prius-

2096 2740 2259 2794 quam
2280 2726 2334 2779 in
2354 2727 2675 2781 memoriam
2702 2728 2944 2793 veniret;
2971 2729 3168 2785 deinde
3192 2730 3355 2786 veluti
3380 2737 3674 2792 secundum

2096 2814 2469 2870 formationem
2500 2816 2708 2885 recipit,
2740 2816 2867 2870 dum
2896 2817 3216 2885 quibusdam
3250 2820 3545 2876 for-tuarum
3574 2837 3674 2880 seu

2096 2922 2288 2961 vocum
2305 2907 2849 2977 signis,1itcrasdico,
2864 2922 3003 2978 quae
3013 2920 3140 2964 sunt
3154 2910 3305 2980 signa
3320 2927 3535 2979 vocum,
3548 2913 3674 2972 etil-

2094 3012 2279 3066 guras,
2300 3012 2439 3065 quac
2453 3004 2577 3053 sunt
2600 2997 2751 3069 signa
2774 2997 3090 3065 formarum,
3115 3000 3422 3056 matheseos
3442 3016 3537 3058 seu
3551 3002 3673 3063 aliis

2094 3085 2439 3142 sensibilibus
2470 3088 2685 3144 indiciis
2718 3087 3001 3155 formatur,
3026 3103 3125 3160 per
3156 3105 3295 3161 quae
3324 3093 3670 3151 sentiendum

2095 3175 2343 3232 sensibus
2366 3177 2626 3233 insinuari
2643 3178 2832 3250 possit.
2851 3178 2963 3234 Hac
2981 3180 3349 3249 similitudine,
3362 3186 3615 3253 quamvis
3637 3202 3671 3243 a

404 3308 660 3364 quaeras,
687 3295 980 3353 admoneas
1006 3305 1154 3366 peto.
1199 3294 1335 3353 Nam
1366 3267 1490 3353 cum
1522 3298 1588 3353 de
1625 3267 1984 3355 incidentibus
2012 3267 2058 3329 Ο
2093 3269 2273 3324 δίνί¹¹³
2299 3278 2489 3366 "an"?
2506 3278 2710 3366 rem“?
2731 3271 2818 3337 δίιν
2840 3272 3054 3366 suam
3078 3280 3261 3328 “me”
3285 3276 3505 3366 99°58"
3525 3278 3669 3333 πω*

399 3384 809 3454 quaestionibus
855 3388 1118 3456 quaedam
1167 3388 1349 3443 dicere
1391 3404 1673 3454 conamur,
1712 3389 1984 3460 principa-

400 3474 529 3531 lium
584 3476 961 3544 quaestionum
1018 3478 1333 3548 saepissime
1381 3477 1769 3534 obliviscimur.
1835 3478 1981 3532 Dtsc.

402 3563 647 3635 Nunquid
677 3566 781 3623 hoc
809 3567 1208 3638 proposuimus,
1249 3578 1308 3622 ut
1348 3568 1369 3599 "
1400 3584 1499 3638 pro
1524 3567 1730 3623 viribus
1756 3565 1984 3623 investi—

400 3672 672 3729 garcmus,
720 3673 826 3727 qua
859 3659 1083 3714 rationc‘
1098 3659 1166 3715 ab
1191 3659 1295 3726 his,
1340 3659 1432 3732 qui
1477 3659 1545 3714 de
1584 3659 1762 3715 divina
1789 3667 1983 3715 natura

401 3750 694 3819 dispuattt,
722 3751 909 3806 eadem
934 3751 958 3785 ⁸
990 3766 1179 3808 creare
1205 3760 1258 3808 et
1289 3752 1462 3810 creari
1514 3752 1752 3813 dicitur?
1783 3750 1984 3809 Creare

401 3840 547 3897 enim
573 3839 740 3914 [eam]
762 3845 783 3876 ’
811 3845 1018 3910 omnia,
1049 3844 1227 3901 nullus
1252 3861 1382 3901 sane
1433 3845 1843 3917 intelligentiam
1864 3859 1983 3900 am-

401 3932 569 4005 bigit;
606 3950 712 4004 quo
737 3936 898 3993 modo
924 3952 1050 3993 vero
1077 3937 1120 3969 ¹⁰
1164 3938 1337 3993 creari
1378 3938 1596 4005 dicitur,
1639 3953 1748 3995 non
1785 3935 1984 3997 transi-

400 4025 540 4081 torie
566 4027 1019 4096 praetereundum
1053 4028 1209 4085 nobis
1232 4028 1405 4085 visum
1433 4036 1515 4085 est
1540 4030 1602 4083 ιι.

473 4116 614 4173 MAG.
657 4116 735 4172 Ita
762 4118 1024 4188 profecto.
1060 4117 1187 4186 Sed,
1224 4128 1284 4177 ut
1316 4120 1575 4188 arbitror,
1604 4135 1672 4176 ex
1709 4120 1814 4187 bis,
1845 4136 1983 4191 quae

396 4208 673 4279 praedicta
703 4208 935 4275 suut,ad
964 4209 1103 4265 hanc
1131 4211 1501 4280 quaestionem
1530 4210 1841 4269 solvendam
1875 4225 1980 4265 non

399 4301 631 4371 exiguus
686 4300 940 4356 introitus
1002 4310 1273 4357 reseratas
1340 4310 1441 4357 est.
1516 4298 1833 4357 Confectum
1902 4308 1987 4356 est

410 4391 624 4445 enim“
670 4389 810 4446 inter
856 4405 983 4457 nos,
1035 4392 1178 4461 quod
1220 4401 1371 4447 motu
1407 4390 1451 4422 “
1500 4390 1712 4447 divinae
1758 4398 1985 4446 naturae

406 4481 548 4537 nihil
590 4481 735 4537 aliud
773 4482 1174 4554 intelligendum
1202 4485 1266 4551 ",
1306 4493 1523 4555 praeter
1549 4485 1761 4541 divinae
1789 4471 1980 4539 volun-

400 4571 532 4628 tatis
578 4573 911 4643 propositum
960 4575 1026 4629 ad
1069 4590 1134 4629 ea
1180 4576 1492 4641 condenda,
1544 4589 1682 4646 quae
1734 4574 1979 4631 facienda

392 4669 543 4716 sunt.
580 4660 727 4717 Fieri
748 4678 889 4734 ergo
926 4663 1122 4718 dicitur
1164 4664 1220 4719 in
1265 4664 1514 4722 omnibus
1552 4665 1730 4720 divina
1760 4674 1972 4731 natura,

398 4768 541 4822 quae
565 4752 699 4809 nihil
731 4754 875 4811 aliud
904 4763 1006 4821 est,
1033 4755 1138 4811 nisi
1166 4754 1345 4811 divina
1371 4755 1634 4812 voluntas.
1680 4755 1792 4812 Non
1830 4757 1976 4812 enim

399 4840 548 4898 aliud
570 4841 628 4899 in
657 4858 721 4898 ea
743 4841 791 4885 ι’
817 4855 903 4899 est
939 4859 1059 4901 esse
1085 4852 1139 4900 et
1164 4844 1331 4912 velle,
1380 4845 1475 4901 sed
1518 4860 1683 4900 unum
1729 4845 1976 4914 idemque

400 4931 539 4988 velle
564 4939 619 4990 et
646 4948 768 4990 esse
819 4933 873 4989 in
903 4933 1199 4992 condendis
1221 4934 1505 5002 omnibus,
1548 4949 1686 5006 quae
1729 4934 1975 4991 facienda

400 5022 520 5077 visa
534 5032 683 5079 sunt.
714 5022 877 5081 Verbi
912 5027 1109 5096 gratia,
1160 5025 1204 5081 si
1255 5026 1377 5097 quis
1423 5024 1640 5091 dixerit,
1676 5024 1742 5080 ad
1772 5024 1875 5080 hoc
1900 5023 1981 5079 di-

397 5112 559 5169 vinae
583 5114 877 5171 voluntatis
903 5126 1082 5172 motus
1110 5116 1423 5184 adducitur,
1466 5123 1528 5170 ut
1569 5115 1677 5170 sint
1714 5130 1798 5181 ea,
1838 5129 1980 5186 quae

396 5214 556 5261 sunt:
587 5215 739 5264 creat
762 5207 928 5280 igitur
951 5209 1157 5277 omnia,
1185 5223 1328 5280 quae
1352 5208 1423 5265 de
1448 5207 1619 5265 nihilo
1647 5207 1885 5275 adducit,
1917 5217 1980 5264 ut

2089 3366 2220 3423 tror,
2238 3361 2504 3430 quomodo
2520 3363 2652 3431 ipsa,
2669 3364 2794 3417 dum
2814 3362 2996 3418 omnia
3015 3372 3182 3429 creat,
3200 3373 3257 3419 et
3278 3365 3348 3419 ab
3366 3366 3476 3421 ullo
3488 3369 3669 3426 creari

2087 3452 2391 3520 nesciat“,
2426 3454 2480 3508 in
2524 3453 2795 3518 omnibus,
2839 3467 2978 3523 quae
3024 3454 3093 3509 ab
3139 3470 3203 3510 ea
3242 3463 3385 3521 sunt,
3430 3458 3670 3516 mirabili

2086 3545 2246 3599 modo
2272 3552 2519 3611 creatur;
2552 3552 2631 3611 ut,
2663 3546 3115 3615 quemadmodum
3142 3548 3338 3603 mentis
3362 3547 3664 3621 intelligen-

2088 3632 2193 3703 tia,
2242 3652 2334 3691 seu
2376 3637 2710 3707 propositum
2735 3677 2749 3702 ,
2794 3651 2890 3692 seu
2934 3636 3259 3704 consilium,
3307 3652 3401 3693 seu
3445 3654 3661 3710 ququ

2084 3729 2245 3783 modo
2269 3737 2447 3783 motus
2473 3728 2562 3784 ille
2582 3736 2770 3784 noster
2792 3728 3017 3785 intimus
3035 3737 3093 3784 et
3114 3730 3322 3799 primus
3343 3728 3447 3785 dici
3469 3732 3660 3801 possit,

2088 3819 2212 3874 dum
2244 3819 2297 3873 in
2330 3820 2732 3891 cogitationem,
2754 3820 3089 3884 utdiximus,
3116 3821 3345 3886 venerit,
3371 3823 3668 3891 quasdam-

2083 3924 2190 3979 que
2231 3912 2642 3979 phantasiarum
2675 3912 2878 3967 formas
2912 3913 3219 3982 acceperit,
3265 3913 3565 3983 deindeqne
3605 3914 3667 3971 in

2084 4001 2234 4072 signa
2275 4016 2467 4057 vocum
2504 4018 2599 4057 seu
2637 4003 2970 4058 sensibilium
3016 4012 3255 4057 motuum
3300 4003 3495 4059 indicia
3539 4020 3664 4072 pro-

2086 4094 2331 4159 cesserit,
2368 4110 2475 4150 non
2512 4096 2816 4166 incongrue
2862 4096 3061 4150 dicitur
3102 4094 3258 4161 ﬁeri;
3308 4095 3371 4147 fit
3414 4095 3560 4149 enim
3606 4098 3664 4152 in

2084 4185 2386 4255 phantasiis
2416 4184 2699 4250 formatus,
2743 4184 2833 4252 qui
2862 4198 2959 4252 per
2988 4199 3046 4238 se
3070 4182 3219 4237 omni
3249 4182 3489 4238 sensibili
3512 4192 3666 4239 caret

2086 4278 2299 4333 forma:
2328 4274 2401 4330 ita
2434 4276 2614 4332 divina
2643 4275 2897 4342 essentia,
2935 4290 3073 4344 quae
3120 4288 3218 4345 per
3259 4289 3318 4331 se
3361 4275 3665 4332 subsistens

2085 4383 2299 4424 omnem
2332 4375 2550 4440 superat
2579 4366 2927 4431 intellectum,
2976 4367 3030 4420 in
3076 4366 3186 4431 his,
3233 4378 3372 4436 quae
3410 4379 3443 4419 ι
3482 4379 3562 4429 se,
3604 4372 3662 4421 et

2081 4472 2181 4530 per
2206 4475 2283 4526 se,
2320 4467 2375 4514 et
2417 4459 2471 4513 in
2504 4473 2579 4523 se,
2618 4467 2674 4515 et
2717 4456 2784 4512 ad
2827 4472 2886 4513 sc
2926 4458 3068 4513 facta
3110 4465 3257 4523 sunt,
3292 4465 3439 4513 recte
3466 4455 3664 4513 dicitur

2086 4552 2277 4615 creari,
2316 4551 2452 4605 utin
2492 4550 2561 4606 iis
2595 4551 2709 4605 sive
2730 4548 3028 4618 intellectu,
3065 4550 3110 4605 si
3137 4548 3474 4606 solummodo
3502 4551 3659 4607 intel-

2080 4639 2303 4712 ligibilia
2326 4651 2473 4705 sunt,
2501 4642 2616 4697 sive
2639 4656 2819 4707 sensu,
2844 4642 2889 4697 si
2917 4641 3194 4698 sensibilis
3221 4650 3348 4698 sunt
3365 4642 3435 4709 ³⁸,
3463 4642 3531 4699 ab
3551 4642 3658 4709 his,

2082 4734 2176 4804 qui
2213 4749 2332 4789 eam
2371 4741 2521 4789 recto
2546 4735 2725 4789 studio
2754 4734 3053 4805 inquirunt,
3083 4744 3462 4808 cognoscatur.
3509 4736 3657 4795 Duc.

2083 4822 2160 4880 De
2188 4823 2275 4878 his
2304 4829 2387 4878 sat
2412 4830 2496 4879 est
2522 4824 2744 4890 dictum,
2774 4832 2835 4879 ut
2862 4839 3076 4881 censeo.

2158 4927 2243 4983 15.
2285 4925 2426 4984 MAG.
2468 4926 2565 4983 Sat
2604 4928 2783 4999 plane,
2832 4929 2887 4985 ni
2929 4928 3102 4984 fallor.
3146 4929 3294 4987 Disc.
3333 4928 3439 4984 Sed
3483 4929 3661 4985 adhuc

2087 5020 2449 5076 necessarium
2483 5020 2770 5086 edisseras,
2798 5034 2969 5090 quare
2994 5021 3174 5075 divina
3199 5029 3394 5076 natura
3423 5018 3660 5074 creatrix

2086 5110 2421 5166 solummodo
2443 5111 2639 5166 dicitur
2661 5127 2801 5177 esse,
2817 5120 2997 5167 etnon
3018 5120 3228 5177 creata,
3251 5112 3322 5177 si,
3346 5118 3408 5164 ut
3424 5108 3474 5142 ³⁸
3497 5120 3656 5178 prae-

2085 5202 2243 5259 dictis
2282 5201 2581 5259 rationibus
2616 5216 2837 5260 suasum
2873 5210 2980 5270 est,
3025 5210 3083 5258 et
3128 5207 3279 5258 creat
3319 5208 3377 5256 et
3420 5204 3657 5258 creatur.

1688 5382 1943 5442 ΥΔΚΙΔΕ
1975 5380 2376 5442 LECTIOIIES.

470 5524 489 5558 ‘
523 5526 570 5580 Α
606 5526 766 5581 enim.
841 5524 864 5558 '
900 5525 946 5580 Δ
974 5532 1053 5581 ut
1078 5523 1430 5633 prb-apium;
1456 5527 1537 5577 est
1571 5534 1681 5606 om.
1706 5518 1770 5576 Ο.
1843 5517 1868 5551 ⁸
1905 5534 2009 5575 eum

470 5595 557 5633 Il‘.-
605 5597 637 5633 Δ
684 5594 934 5633 Νηηηηδιι
966 5595 1063 5633 Inm-
1141 5593 1512 5633 Drmmlnmul
1535 5606 1702 5633 mam,
1740 5598 1813 5633 ut-
1890 5589 1913 5621 ⁸
1941 5588 2009 5633 Αι

2098 5533 2168 5571 m.
2209 5516 2277 5571 Α.
2350 5513 2375 5547 ⁸
2408 5514 2456 5570 Α
2488 5513 2644 5569 enim.
2720 5512 2744 5546 ⁸
2774 5510 2821 5567 D
2845 5516 3063 5581 perstat.
3138 5506 3160 5539 ⁸
3195 5504 3242 5561 Α

2094 5588 2242 5633 Idem.
2319 5585 2340 5616 ’
2380 5600 2496 5633 eam
2517 5599 2625 5633 om.
2651 5580 2803 5633 CDE.
2901 5578 2945 5611 ¹⁶
2975 5592 3094 5633 vero
3140 5592 3242 5633 om.

1136 5580 1512 5658 Propon
1535 5592 1708 5658 enim,
1740 5598 1815 5645 ut.
1890 5589 1913 5621 ⁸
1938 5588 1985 5643 Α
2006 5588 2242 5658 eandem.
2298 5585 2340 5658 _’
2376 5599 2625 5658 causam.
2651 5580 2803 5658 QDE.

399 5648 953 5722 rga—nif‘w'ﬁjenim
985 5648 1083 5720 est.
1162 5662 1205 5696 “
1231 5648 1322 5719 Sic
1359 5662 1530 5728 CDE;
1571 5662 1616 5716 Δ
1656 5648 1747 5730 per
1785 5668 2001 5713 motum.

2103 5659 2122 5687 "
2151 5656 2242 5730 Sic
2260 5654 2457 5730 £10135
2475 5653 2526 5730 ρ.
2553 5648 3077 5730 intelligenda-mest.

398 5594 560 5663 CDE;
598 5597 646 5651 A
676 5594 934 5666 Nunquid
965 5594 1089 5649 hoc!

3278 5505 3464 5629 time
3493 5503 3538 5629 ᾗ

2901 5578 2945 5611 ¹⁶
2975 5592 3094 5633 vero
3140 5592 3248 5634 om.
3278 5574 3343 5631 A.
3420 5574 3464 5608 “
3493 5575 3538 5631 D
3579 5586 3658 5633 est

3175 5647 3220 5682 "
3258 5646 3303 5702 D
3340 5647 3458 5703 Non
3509 5645 3660 5700 aliud

399 5716 1115 5801 assumsisse...
1147 5734 1200 5787 επ
1228 5716 1529 5788 ausa?
1565 5730 1610 5801 ει
1637 5716 2001 5801 ἀρτιηίαηιοιη.
2047 5727 2111 5781 D.
2186 5725 2344 5801 "eis.
2384 5722 2554 5789 δοες
2584 5716 3013 5801 Αθιιδάοπίέἔίὲ
3086 5716 3392 5801 Mair“-
3437 5716 3551 5770 ’Ἀ
3581 5725 3658 5801 si:

402 5805 448 5836 ’°
476 5808 517 5859 A
546 5817 616 5859 et.
693 5807 735 5836 ¹¹
764 5806 856 5860 Sic
873 5805 994 5871 AE;
1020 5804 1108 5860 CD
1136 5803 1246 5871 qui,

1344 5802 1388 5832 ²²
1412 5801 1503 5857 Sic
1554 5800 1719 5863 CDE;
1765 5800 1809 5853 A
1848 5815 1950 5853 non
1988 5812 2124 5851 esse.

2184 5794 2270 5856 .¹³
2313 5794 2354 5847 Α
2409 5782 2557 5864 posse
2602 5782 2791 5864 tamen:
2874 5788 2948 5864 γ’*
2971 5788 3305 5864 Conj.,_CDE
3345 5795 3400 5844 et
3446 5801 3477 5841 a
3513 5782 3658 5839 nullo

397 5858 578 5947 εει-ἑξηέὶ
612 5858 807 5931 nesciat
822 5858 849 5941 ξ
867 5876 912 5930 Α
939 5858 1047 5948 ct'a
1070 5858 1214 5929 nullo
1233 5858 1408 5928 creari
1434 5872 1582 5925 sciat.
1659 5858 1767 5924 "LC
1791 5870 1916 5924 sint.
1994 5867 2041 5899 ³⁸
2071 5866 2161 5921 Sic
2183 5865 2301 5927 CE;
2352 5858 2553 5933 A'quae
2578 5864 2732 5931 sicut,
2761 5858 2808 5918 D
2837 5863 2969 5917 sicut
2998 5858 3270 5933 praedicti.
