4194 6276
580 418 686 475 455

1949 417 2231 475 JOANNIS
2270 419 2467 476 SCO'I'I

3729 422 3836 476 456

583 530 729 586 Haec
775 529 919 585 enim
966 527 1180 583 sibimet
1241 528 1494 583 videntur
1556 530 1950 585 contradicere.
2013 529 2152 584 Mae.
2181 533 2232 594 Α
2259 531 2367 601 gita
2410 531 2681 603 Theologo
2735 532 2890 588 nobis
2914 530 3195 586 verissime
3214 530 3836 599 atquc“probatis~;ime

576 619 745 675 Caute
776 617 990 687 vigilas;
1034 632 1155 671 nam
1186 626 1241 673 et
1266 619 1368 673 hoc
1390 619 1742 689 inquisitione
1776 619 1996 690 dignum
2028 634 2149 674 esse

575 708 750 762 video.
791 706 939 761 Disc.
978 705 1207 777 Dignum
1243 708 1504 776 profecto.
1542 706 1683 765 MAG.
1712 708 1941 763 Attende
1968 708 2149 775 itaque

574 799 631 851 in
659 812 746 864 ea,
777 812 915 867 quae
957 806 1254 866 sequuntur
1290 801 1326 861 ι,
1366 799 1669 869 mentisque
1696 799 1992 854 contuitum
2024 798 2150 853 huic

573 889 726 945 brevi
772 889 1110 959 responsioni
1157 889 1520 945 accommoda.
1554 891 1700 944 DISC.
1739 888 2027 955 Praecede,
2064 890 2148 943 in-

574 986 753 1034 tentus
781 979 1101 1047 subsequar.
1154 976 1294 1033 MAG.
1326 977 1575 1035 Divinam
1606 987 1854 1033 naturam
1883 981 2149 1034 universi-

574 1069 701 1123 tatis
726 1062 1077 1123 conditricem
1115 1082 1234 1123 esse
1271 1081 1377 1122 non
1416 1068 1648 1123 dubitas.
1694 1069 1838 1123 DISC.
1876 1068 2046 1139 Perge
2081 1069 2149 1123 ad

571 1170 782 1226 cetera;
821 1159 947 1215 hinc
983 1160 1126 1213 enim
1169 1159 1440 1215 haesitare
1481 1159 1634 1214 nefas
1674 1168 1776 1214 est.
1815 1159 1955 1215 MAG.
1987 1160 2150 1215 Simi-

569 1252 695 1306 liter
725 1248 890 1322 [eam]
933 1250 955 1279 '
1000 1265 1030 1304 a
1078 1249 1224 1304 nullo
1267 1250 1461 1313 creari,
1510 1249 1618 1305 ﬁde
1662 1257 1825 1318 atque
1872 1248 2147 1304 intellectu

476 1366 481 1369 ν
571 1342 824 1411 percipis.
866 1339 1011 1395 Disc.
1059 1338 1206 1394 Nihil
1247 1339 1268 1370 ³
1297 1354 1362 1394 eo
1393 1339 1619 1394 ﬁrmius.
1671 1338 1809 1394 MAG.
1863 1337 1979 1393 Non
2020 1354 2148 1408 ergo

570 1433 821 1504 ambigis,
854 1432 979 1487 dum
1012 1431 1184 1501 ipsam
1210 1432 1387 1487 creari
1415 1431 1591 1496 audis,
1632 1445 1739 1484 non
1781 1431 1851 1485 ab
1887 1430 2012 1495 alia,
2055 1431 2149 1485 sed

570 1542 602 1580 a
641 1526 816 1596 seipsa
864 1524 887 1555 ⁵
931 1524 1127 1579 creari.
1178 1524 1324 1580 DISC.
1368 1524 1484 1579 Non
1534 1524 1762 1593 ambigo.
1814 1522 1953 1578 Mac.
2009 1521 2146 1588 Quid

568 1614 767 1685 igitur?
794 1612 980 1668 Nonne
1007 1627 1220 1681 semper
1249 1611 1373 1685 [est]
1418 1612 1441 1645 ⁵
1467 1625 1682 1677 creans,
1732 1610 1845 1665 sive
1889 1611 2140 1680 scipsam,

566 1703 682 1758 sive
706 1718 736 1757 a
760 1717 819 1757 se
839 1709 1049 1758 creatas
1075 1702 1340 1756 essentias
1362 1701 1662 1756 creaverit?
1708 1699 1840 1754 Nam
1865 1714 1986 1755 cum
2014 1700 2147 1756 dici-

567 1805 657 1850 tur
696 1795 929 1864 seipsam
973 1807 1181 1857 creare,
1231 1791 1307 1845 nil
1361 1790 1382 1821 ⁸
1429 1789 1572 1845 aliud
1612 1796 1757 1844 recte
1802 1789 2139 1859 intelligitur,

2215 690 2223 697 ι
2254 621 2518 677 suadente
2545 623 2757 677 divinae
2792 622 3012 677 unitatis
3043 631 3202 691 atque
3254 622 3513 676 trinitatis
3553 627 3829 694 mysteria.

2254 711 2342 764 Ait
2368 712 2531 776 enim,
2559 712 2704 766 nulla
2732 713 3022 777 verborum,
3044 728 3135 765 seu
3157 710 3449 776 nominum,
3475 728 3565 765 seu
3600 729 3834 782 quacun-

2253 818 2351 871 que
2375 802 2688 856 articulatae
2716 804 2852 856 vocis
2881 801 3285 871 signiﬁcatione,
3312 818 3571 856 summam
3600 804 3832 862 omnium

2254 900 2405 955 atque
2431 890 2690 944 causalem
2718 891 2991 944 essentiam
3019 906 3165 958 posse
3190 889 3491 958 signiﬁcari.
3539 890 3653 945 Non
3684 893 3829 948 enim

2253 990 2338 1037 est
2386 983 2562 1037 unitas
2609 978 2783 1051 neque
2828 982 3043 1036 trinitas
3092 980 3233 1045 talis,
3263 979 3435 1049 qualis
3479 980 3547 1035 ab
3591 983 3829 1040 humano

2254 1075 2500 1141 quamvis
2532 1074 2819 1143 purissimo
2848 1073 3107 1141 cogitari,
3154 1080 3247 1126 aut
3284 1072 3526 1142 angelico
3553 1073 3826 1132 intellectu

2206 1232 2209 1235 γ
2252 1164 2353 1217 etsi
2400 1164 2747 1219 serenissimo
2791 1162 3119 1218 considerari
3169 1170 3366 1231 potest.
3414 1161 3519 1217 Sed
3564 1173 3620 1218 ut
3654 1166 3718 1219 de
3763 1182 3826 1220 re

2252 1249 2505 1307 inell‘abili
2558 1262 2719 1322 atque
2763 1251 3288 1321 incomprehensibili
3341 1252 3579 1322 religiosi
3617 1254 3823 1323 piorum

2254 1344 2558 1400 animorum
2611 1352 2788 1399 motus
2855 1344 3055 1412 aliquid
3110 1344 3350 1415 cogitare
3409 1360 3471 1399 ac
3516 1346 3827 1415 praedicare

2251 1442 2490 1504 possent,
2523 1434 2757 1488 maxime
2784 1443 3000 1504 propter
3028 1447 3140 1497 eos,
3175 1432 3266 1501 qui
3295 1432 3637 1489 Christianae
3680 1435 3823 1489 Reli-

2251 1524 2425 1592 gionis
2453 1525 2712 1578 rationem
2741 1538 2773 1577 a
2801 1522 3088 1578 Catholicis
3134 1522 3267 1577 viris
3316 1522 3560 1592 exigunt,
3593 1525 3705 1578 sive
3745 1525 3826 1578 di-

2250 1615 2482 1669 scendae
2498 1615 2740 1669 veritatis
2760 1613 2951 1685 gratia,
2968 1614 3013 1667 si
3030 1612 3155 1667 boni
3172 1612 3301 1678 sint,
3318 1612 3431 1666 sive
3452 1616 3739 1668 tentandae
3769 1622 3824 1668 ct

2249 1704 2725 1772 reprehendendae
2740 1703 3100 1768 “occasione,
3120 1705 3164 1758 si
3197 1703 3342 1769 mali,
3368 1704 3499 1758 haec
3516 1704 3763 1774 religiosa
3780 1705 3825 1735 ’°

2250 1791 2374 1846 ﬁdei
2405 1792 2702 1863 symbolica
2729 1796 2892 1849 verba
2918 1810 2950 1847 a
2984 1793 3186 1849 sanctis
3216 1793 3500 1864 Theologis
3527 1803 3582 1848 et
3609 1801 3820 1863 reperta

565 1885 672 1940 nisi
706 1894 927 1939 naturas
955 1899 1139 1939 rerum
1170 1882 1422 1937 condere.
1454 1880 1625 1949 Ipsius
1649 1894 1881 1948 namque
1910 1880 2133 1945 creatio,
2164 1874 2213 1933 B
2242 1891 2297 1937 et
2343 1885 2540 1938 tradita
2580 1869 2723 1951 sunt,
2762 1893 2822 1939 ut
2873 1885 3033 1940 corde
3085 1886 3386 1950 credamus,
3438 1893 3493 1939 et
3531 1900 3626 1941 ore
3657 1885 3823 1940 conﬁ-

564 1976 669 2029 hoc
689 1983 793 2042 est,
822 1976 878 2029 in
903 1974 1082 2043 aliquo
1108 1972 1491 2036 manifestatio,
1527 1971 1765 2025 omnium
1792 1970 2137 2025 existentium

562 2066 805 2136 profecto
833 2065 1275 2125 estsubstitutio.
1323 2062 1471 2117 DISC.
1511 2061 1786 2117 Hactenus
1826 2077 1966 2132 quae
1996 2063 2139 2118 dicta

561 2162 712 2221 sunt,
757 2155 1007 2209 videntur
1050 2166 1169 2209 esse
1212 2151 1528 2223 probabilia.
1579 2149 1688 2207 Sed
1732 2150 1889 2205 velim
1931 2151 2134 2217 audire,

564 2246 693 2316 quid
722 2246 789 2301 de
816 2244 917 2300 hac
948 2242 1202 2299 ineffabili
1229 2253 1390 2312 atque
1422 2241 1951 2312 incomprehensibili
1991 2256 2138 2297 crea-

560 2336 698 2391 trice
725 2335 962 2391 omnium
1000 2333 1312 2402 causalique
1355 2340 1549 2387 natura
1594 2331 1883 2403 Theologia
1925 2332 2135 2399 edocet,

558 2428 619 2483 id
645 2436 751 2495 est,
780 2435 961 2482 utrum
987 2426 1078 2491 sit,
1108 2426 1234 2495 quid
1258 2426 1349 2490 sit,
1379 2424 1465 2479 vel
1490 2422 1663 2494 qualis
1701 2425 1746 2489 ",
1790 2431 1844 2477 et
1869 2426 2136 2493 quomodo

559 2518 838 2576 deﬁnitur.
872 2517 1011 2573 MAG.
1043 2516 1232 2573 Nonne
1256 2517 1323 2571 ab
1353 2516 1490 2585 ipsa,
1521 2530 1682 2585 quam
1720 2531 1862 2570 nunc
1904 2516 1926 2546 ⁸
1964 2516 2138 2571 nomi-

480 2656 483 2659 λ
557 2610 725 2676 uasti,
752 2608 1062 2677 Theologia,
1095 2622 1233 2677 quae
1268 2614 1363 2661 aut
1402 2605 1738 2661 solummodo
1772 2614 1863 2661 aut
1904 2607 2138 2662 maxime

559 2717 691 2774 erga
719 2702 954 2758 divinam
985 2709 1232 2768 naturam
1258 2709 1529 2766 versatur,
1563 2700 1697 2754 satis
1725 2712 1789 2755 ac
1814 2698 1970 2768 plane
2001 2700 2137 2755 veri-

558 2801 728 2848 tatem
763 2791 1096 2848 intuentibus
1118 2808 1336 2848 suasum
1365 2798 1468 2857 est,
1494 2805 1562 2847 ex
1594 2791 1699 2856 his,
1732 2805 1872 2860 Quae
1911 2792 1979 2845 ab
2019 2791 2137 2861 ipsa

561 2890 747 2940 creata
792 2892 951 2949 sunt,
1009 2883 1341 2940 solummodo
1395 2883 1569 2952 ipsam
1613 2880 1971 2936 essentialiter
2010 2882 2137 2935 sub-

557 2973 776 3039 sistere,
813 2988 922 3027 non
959 2983 1160 3040 autem,
1212 2973 1343 3042 quid
1388 2971 1459 3026 sit
1508 2972 1625 3041 ipsa
1675 2971 1934 3036 essentia,
1983 2970 2139 3025 intel-

559 3064 690 3135 ligi?
726 3063 861 3119 Nam
904 3080 1014 3119 non
1057 3064 1251 3129 solum,
1294 3070 1351 3116 ut
1387 3076 1548 3131 saepe
1588 3062 1841 3126 diximus,
1872 3063 2137 3115 humanae

486 3222 489 3225 δ
519 3212 525 3219 ,
566 3152 997 3230 ratiocinationis
1033 3154 1056 3186 '
1093 3159 1341 3215 conatus,
1370 3165 1558 3204 verum
1591 3151 1753 3204 etiam
1778 3150 2133 3205 essentiarum

2244 1982 2485 2040 teamur,
2508 1973 2745 2028 divinam
2768 1973 3063 2028 bonitatem
3087 1974 3141 2028 in
3173 1975 3332 2029 unius
3360 1976 3627 2030 essentiae
3651 1975 3821 2030 tribus

2241 2065 2555 2119 substantiis
2602 2079 2720 2120 esse
2762 2064 3133 2119 constitutam.
3163 2064 3231 2118 Et
3259 2080 3360 2118 nec
3388 2065 3431 2096 "
3472 2066 3575 2119 hoc
3617 2065 3819 2133 absque

2239 2154 2529 2224 spiritualis
2560 2154 2943 2225 intelligentiae
2974 2154 3418 2223 rationabilisque
3450 2153 3821 2225 investigatio-

2204 2234 2209 2237 »
2238 2248 2323 2302 nis
2351 2246 2597 2302 contuitu
2625 2246 2899 2300 inventum
2930 2253 3014 2300 est
3036 2245 3102 2298 ¹⁸.
3133 2244 3304 2300 Unam
3330 2246 3472 2299 enim
3490 2244 3817 2300 inetfabilem

2236 2340 2476 2394 omnium
2513 2353 2731 2394 causam
2751 2350 3074 2405 ,.unumque
3101 2336 3444 2405 principium,
3478 2337 3708 2405 simplex
3739 2344 3819 2389 at—

2238 2447 2343 2504 que
2366 2431 2720 2491 individuum,
2751 2429 3183 2497 universaleque,
3218 2436 3476 2497 quantum
3504 2428 3683 2483 divino
3710 2428 3818 2498 spi-

2236 2524 2346 2578 ritu
2392 2523 2675 2577 illuminati
2711 2528 2868 2591 .sunt,
2902 2520 3343 2589 contemplantes,
3389 2521 3648 2575 unitatem
3670 2521 3819 2575 dixe-

2238 2622 2383 2668 runt.
2417 2613 2616 2668 lterum
2640 2613 2682 2647 ιθ
2703 2612 2875 2681 ipsam
2902 2610 3164 2665 unitatem
3186 2626 3290 2665 non
3313 2611 3367 2664 in
3388 2611 3433 2642 ¹⁰
3448 2611 3816 2682 singularitatc

2238 2704 2467 2772 quadam
2509 2712 2563 2756 et
2591 2701 2893 2765 sterilitate,
2923 2701 3017 2755 sed
3054 2700 3286 2754 mirabili
3332 2701 3603 2769 fertilique
3636 2701 3817 2756 multi-

2237 2793 2476 2863 plicitate
2517 2801 2855 2857 contuentes,
2889 2799 2998 2846 tres
3029 2790 3359 2846 substantias
3394 2791 3615 2845 unitatis
3650 2788 3811 2845 intel-

2236 2884 2513 2951 lexerunt;
2548 2884 2841 2953 ingenitam
2881 2882 3104 2947 scilicet,
3130 2882 3495 2953 genitamque,
3526 2891 3581 2935 et
3624 2896 3813 2950 proce-

2239 2974 2475 3029 dentem.
2507 2973 2552 3005 ’ί
2587 2972 2838 3029 Habitum
2876 2982 3056 3026 autem
3099 2972 3431 3027 substantiae
3459 2972 3726 3042 ingenitae
3747 2972 3812 3025 ad

2237 3064 2593 3120 substantiam
2623 3065 2891 3133 genitam,
2939 3062 3185 3127 Patrem;
3226 3062 3469 3116 habitum
3514 3077 3643 3117 vero
3690 3064 3816 3118 sub-

2239 3156 2469 3209 stantiae
2509 3153 2720 3225 genitae
2758 3155 2823 3208 ad
2854 3154 3213 3208 substantiam
3240 3153 3555 3224 ingenitam,
3582 3152 3809 3218 Filium;

559 3227 875 3299 caelestium
935 3241 1252 3310 purissimos
1309 3249 1524 3309 superat
1594 3239 1915 3295 intellectus.
1960 3239 2137 3309 Ipsam
2165 3227 2210 3289 C
2242 3245 2485 3300 habitum
2510 3258 2638 3298 vero
2664 3244 3003 3313 procedentis
3050 3243 3382 3298 substantiae
3410 3243 3478 3297 ad
3519 3244 3813 3312 ingenitam

524 3392 525 3395 η
556 3345 739 3391 tamen
768 3349 911 3399 esse,
943 3348 1011 3387 ex
1050 3333 1135 3387 bis
1169 3346 1309 3402 quae
1345 3340 1500 3397 sunt;
1557 3340 1611 3386 et
1653 3332 1953 3401 sapientem
1995 3346 2135 3398 esse,

559 3440 628 3480 ex
674 3423 1027 3479 divisionibus
1071 3435 1257 3475 eorum
1305 3421 1361 3475 in
1409 3422 1705 3485 essentias,
1748 3423 1827 3491 in
1894 3437 2135 3491 genera,

557 3516 614 3569 in
658 3513 885 3583 species,
927 3510 1382 3582 diﬁ‘erentiasque,
1428 3502 1821 3582 numerosquei
1848 3513 2139 3584 vivereque

557 3621 678 3664 eam
707 3621 775 3680 ex
803 3614 953 3659 motu
980 3604 1221 3659 omnium
1246 3602 1421 3658 stabili
1455 3613 1509 3658 et
1532 3618 1600 3658 ex
1630 3611 1774 3657 statu
1799 3603 2016 3672 mobili,
2053 3620 2139 3659 re-

560 3707 681 3752 ctae
710 3695 753 3727 ¹⁰
786 3697 985 3750 mentis
1012 3694 1253 3750 contuitu
1297 3693 1553 3765 Theologi
1578 3694 1805 3749 scrutati
1834 3701 1979 3749 sunt.
2024 3693 2137 3749 Hac

557 3788 722 3843 etiam
750 3787 961 3842 ratione
988 3800 1205 3841 causam
1232 3785 1472 3840 omnium
1499 3792 1583 3839 ter
1610 3783 1941 3840 substantem
1972 3785 2135 3839 veris-

557 3880 692 3934 sime
718 3879 1057 3932 invenerunt.
1100 3875 1269 3942 Nam,
1305 3884 1365 3930 ut
1391 3875 1643 3940 diximus,
1678 3890 1745 3929 ex
1773 3875 2007 3929 essentia
2046 3889 2137 3930 eo-

467 3962 481 3977 ’
559 3986 701 4034 rum,
729 3984 866 4039 quae
893 3978 1038 4033 sunt,
1071 3966 1386 4038 intelligitur
1410 3981 1565 4033 esse;
1597 3982 1665 4022 ex
1690 3967 1923 4023 mirabili
1956 3982 2134 4023 rerum

485 4106 495 4123 ,μ
557 4061 766 4126 ordine,
797 4060 1095 4130 sapientem
1122 4074 1272 4126 esse;
1300 4074 1368 4113 ex
1398 4070 1567 4126 motu,
1596 4059 1763 4114 vitam
1798 4074 1918 4115 esse
1948 4075 2133 4130 reper-

561 4162 673 4206 tum
695 4161 796 4208 cst.
822 4152 916 4206 Est
937 4151 1100 4222 igitur
1119 4166 1282 4206 causa
1302 4150 1543 4205 omnium
1563 4151 1902 4221 creatrixquc
1917 4162 2131 4219 natura,

476 4312 477 4315 η
512 4298 515 4301 .
559 4253 615 4299 et
636 4244 790 4314 sapit,
818 4253 877 4309 et
909 4243 1060 4298 vivit.
1100 4243 1179 4297 Ac
1209 4258 1307 4313 per
1330 4244 1432 4299 hoc
1451 4257 1549 4314 per
1574 4245 1863 4299 essentiam
1893 4244 2130 4313 Patrem,

555 4353 655 4408 per
682 4332 998 4407 sapientiam
1027 4335 1243 4401 Filium,
1269 4351 1365 4407 per
1392 4337 1556 4391 vitam
1584 4337 1844 4406 Spiritum
1876 4337 2133 4394 Sanctum

556 4430 818 4500 intelligi,
877 4429 1224 4498 inquisitores
1269 4429 1512 4484 veritatis
1564 4429 1917 4484 tradiderunt.
1987 4431 2129 4486 Dtsc.

484 4548 488 4553 λ
558 4519 706 4573 Haec
733 4519 864 4572 mihi
902 4520 1032 4573 satis
1058 4520 1323 4588 planeque
1370 4534 1525 4574 suasa
1569 4528 1710 4584 sunt,
1744 4533 1914 4588 eaque
1960 4521 2133 4575 veris-

559 4613 696 4667 sima
740 4627 863 4667 esse
904 4614 1197 4683 conspicio.
1261 4612 1493 4668 Omnino
1538 4612 1834 4682 siquidem,
1886 4612 2014 4683 quid
2054 4613 2136 4668 vel

560 4704 737 4775 qualis
765 4703 834 4768 ι’,
875 4703 1087 4758 deliniri
1136 4718 1240 4759 non
1286 4707 1482 4772 potest.
1540 4703 1674 4758 Nam
1718 4704 1860 4774 quod
1916 4704 2138 4775 intelligi

559 4795 782 4854 omnino
802 4809 908 4850 non
939 4792 1150 4855 sinitur,
1184 4791 1393 4846 deﬁniri
1418 4793 1637 4848 omnino
1663 4795 1849 4863 nequit
1873 4795 1937 4847 ".
1966 4794 2134 4850 Velim

561 4896 743 4943 tamen
771 4886 981 4951 audire,
1005 4900 1111 4955 qua
1140 4884 1347 4938 ratione
1378 4884 1633 4955 Theologi
1663 4886 1925 4941 unitatem
1952 4895 2008 4941 et
2038 4887 2134 4940 tri-

560 4981 785 5036 nitatem
814 4979 879 5033 de
899 4993 1063 5033 causa
1086 4976 1325 5033 omnium
1346 4977 1655 5047 praedicare
1684 4978 1801 5032 ausi
1828 4986 1969 5032 sunt.
1995 4977 2131 5032 MAG.

558 5069 621 5128 In
641 5070 743 5125 hac
769 5070 957 5125 ultima
1006 5078 1103 5145 tua
1134 5068 1501 5140 propositione
1546 5084 1651 5123 non
1679 5081 2003 5137 magnopere
2031 5084 2129 5124 no-

562 5164 647 5223 bis
681 5164 725 5196 ¹³
749 5162 1136 5229 laborandum,
1182 5161 1499 5232 praesertim
1531 5157 1590 5213 S.
1616 5158 1871 5228 Dionysio
1895 5158 2134 5228 Areopa-

2239 3334 2580 3404 genitamque
2634 3333 3019 3397 substantiam,
3053 3332 3311 3402 Spiritum
3359 3343 3601 3388 sanctum
3639 3333 3814 3387 nomi-

2239 3434 2520 3481 naverunt.
2573 3423 2680 3479 Sed
2722 3424 2976 3493 quoniam
3004 3425 3060 3478 in
3089 3425 3191 3480 hac
3226 3439 3285 3480 re
3314 3425 3422 3479 fere
3462 3425 3636 3479 omnis
3682 3439 3815 3480 san—

2238 3526 2445 3571 ctorum
2498 3516 2864 3585 expositorum
2926 3530 3116 3571 sacrae
3182 3516 3497 3585 Scripturae
3563 3526 3813 3572 versatur

2237 3606 2652 3672 intentio,'satis,
2670 3613 2727 3659 ut
2741 3606 2994 3672 arbitror,
3024 3606 3452 3683 praesentialiter
3482 3603 3680 3661 dictum
3705 3616 3808 3660 est.

2237 3696 2381 3752 Disc.
2401 3695 2545 3751 Satis
2567 3695 2741 3766 plane.
2759 3695 3140 3751 Verumtamen
3160 3696 3372 3767 planius
3385 3694 3545 3749 velim
3566 3695 3812 3749 "audire

2238 3787 2303 3842 de
2325 3787 2510 3842 habitu
2542 3786 2702 3841 trium
2749 3786 3052 3840 divinarum
3113 3785 3557 3841 substantiarum.
3605 3784 3809 3840 Poterit

2238 3880 2380 3934 enim
2408 3878 2529 3950 quis
2556 3879 2687 3933 haec
2728 3879 2950 3950 mystica
2983 3885 3206 3932 sanctae
3239 3876 3520 3930 Trinitatis
3567 3874 3805 3941 nomina,

2234 3968 2452 4023 Patrem
2502 3967 2751 4022 videlicet
2798 3975 2853 4022 et
2902 3964 3097 4019 Filium
3143 3974 3196 4019 ct
3243 3964 3504 4032 Spiritum
3544 3971 3808 4027 sanctum,

2237 4075 2343 4115 non
2372 4060 2662 4114 secundum
2692 4057 3081 4120 habitudinem,
3110 4057 3204 4111 sed
3241 4056 3536 4110 secundum
3558 4065 3806 4110 naturam

2236 4154 2500 4224 accipere.
2536 4151 2693 4207 Pater
2722 4152 2865 4205 enim
2889 4150 3225 4206 substantiae
3250 4147 3428 4203 Patris
3449 4162 3643 4203 nomen
3683 4161 3803 4202 esse

2236 4244 2465 4299 videtur.
2508 4241 2766 4297 Similiter
2789 4249 2844 4295 et
2880 4238 3049 4294 Filius
3085 4253 3280 4294 nomen
3314 4239 3644 4293 substantiae
3666 4236 3808 4301 Filii,

2237 4335 2468 4406 Spiritus
2493 4348 2704 4404 quoque
2730 4331 2902 4389 sancti
2931 4330 2978 4364 “
3008 4332 3304 4387 nominatio
3336 4344 3443 4385 non
3475 4330 3616 4384 aliud
3656 4343 3809 4398 prae-

2240 4434 2321 4481 ter
2344 4425 2696 4483 substantiam
2737 4425 2904 4494 ipsius
2940 4423 3245 4495 signiﬁcare
3268 4423 3338 4476 “.
3373 4421 3511 4478 MAG.
3541 4420 3812 4477 Fortassis

2200 4512 2294 4587 ;et
2324 4536 2422 4575 nos
2464 4519 2694 4587 idipsum
2741 4519 2960 4573 credere
3002 4526 3163 4586 atque
3194 4515 3352 4570 fateri
3385 4529 3493 4568 non
3532 4511 3811 4581 negaveri-

2239 4629 2378 4677 mus,
2409 4613 2455 4667 si
2488 4609 2547 4664 S.
2573 4610 2819 4679 Gregorii
2848 4608 3106 4679 Theologi
3135 4619 3342 4662 summa
3380 4602 3810 4670 venerabilisque

2239 4703 2520 4769 autoritas,
2548 4715 2781 4770 veraque
2820 4700 2868 4731 "
2907 4698 3130 4755 rationis
3169 4694 3482 4766 approbatio
3523 4692 3645 4745 talia
3683 4705 3805 4746 cre-

2239 4796 2367 4851 dere
2394 4809 2502 4849 non
2541 4793 2869 4863 prohiberet.
2907 4790 3040 4845 Nam
3068 4803 3188 4843 cum
3230 4788 3298 4841 ab
3326 4782 3676 4838 Eunomianis
3715 4796 3808 4835 ve-

2238 4885 2612 4943 nenosissimis
2644 4883 2939 4938 catholicae
2979 4879 3102 4934 ﬁdei
3128 4876 3539 4932 adversantibus
3576 4873 3807 4927 interro-

2240 4986 2394 5049 gatus
2420 4985 2563 5032 esset
2600 4975 2664 5029 de
2709 4974 2811 5028 hoc
2848 4970 3084 5035 nomine,
3114 4969 3257 5038 quod
3286 4977 3386 5055 est,
3411 4967 3593 5032 Pater,
3625 4974 3805 5057 utrum

2242 5078 2467 5125 naturae
2492 5068 2562 5124 sit
2587 5082 2652 5122 an
2680 5063 3006 5135 operationis
3029 5058 3664 5132 signiﬁcativum,,divina
3692 5071 3810 5126 gra-

2244 5162 2316 5215 tia
2347 5161 2675 5215 illuminatus
2707 5154 3024 5213 mirabiliter
3049 5152 3345 5222 respondit,
3372 5150 3557 5207 dicens
3586 5165 3601 5201 :
3628 5146 3808 5217 Neque

1864 5272 2113 5328 VARIAE
2150 5271 2549 5331 LECTIONES.

634 5389 1038 5459 ‘Asequentur.
1114 5387 1419 5459 ’Aeamgom.
1454 5385 1607 5442 CDE.
1655 5383 1816 5459 _'Cl:3
1846 5383 1957 5459 _nil.
1985 5382 2371 5459 _f_SichDE_;
2422 5386 2469 5459 ᾼ
2519 5384 2754 5459 ab_ips_a.
2810 5382 3104 5459 _'_est_t_)m.
3151 5378 3304 5434 CDE.
3348 5374 3518 5459 ﬂ“
3556 5371 3807 5459 AI)

561 5459 713 5514 nihil.
787 5458 815 5492 ’⁷
833 5458 873 5513 C

600 5526 715 5579 uale
763 5530 848 5581 sit.

585 5596 680 5668 ;E_;
734 5596 780 5668 A_
841 5595 1110 5668 religiose;
1166 5598 1209 5651 D
1225 5595 1233 5597 ’
1261 5597 1551 5668 religiosae.

899 5457 1072 5527 qualis
1100 5457 1201 5527 sit.
1277 5457 1296 5489 ⁸
1322 5473 1457 5512 nunc
1500 5471 1608 5510 om.
1638 5455 1702 5510 A.

1658 5595 1699 5627 ³⁷
1746 5594 1786 5650 C
1840 5612 1919 5648 ne.

565 5666 729 5719 tribus
752 5660 809 5717 in
841 5658 1004 5717 tribits
1024 5658 1321 5735 substantiis
1356 5658 1702 5722 'constitutam
1728 5672 1781 5720 et
1806 5681 1967 5735 neque
2009 5666 2109 5720 hoc
2160 5675 2264 5719 cet.
2340 5665 2384 5735 1’
2408 5658 2517 5735 Sic
2540 5661 2657 5735 QE;
2686 5661 2795 5735 _DA
2848 5659 3000 5735 Item_.
3077 5658 3121 5689 ¹⁰
3161 5658 3489 5735 [non];

1036 5734 1089 5812 '.”
1114 5717 1956 5813 “Sic.rdpEthaiitlire'velint.
2004 5717 2414 5813 j’V’SSic—SADE;
2445 5717 2512 5787 7C
2555 5717 2781 5803 Spiritus
2818 5730 2988 5783 sancti
3041 5718 3262 5799 quoque.
3338 5724 3385 5757 "’
3414 5724 3505 5779 Sic
3542 5717 3706 5787 CDE}
3757 5717 3806 5775 Α

568 5736 944 5798 cedentemque.

570 5803 843 5866 signiﬁcat.
920 5801 966 5831 "
995 5800 1082 5855 Sic
1110 5802 1267 5867 CDE;
1304 5805 1346 5856 Α
1382 5819 1644 5875 veraeque.

1790 5454 1811 5485 ’
1841 5454 1931 5509 Sic
1975 5453 2107 5510 CDE
2131 5496 2144 5519 ,
2174 5457 2221 5511 A
2258 5456 2497 5509 rationis.

944 5528 986 5600 ίξ
1025 5526 1114 5582 DE
1150 5529 1408 5600 nequitur.
1486 5527 1530 5558 ¹³
1565 5527 1612 5580 Α
1655 5534 1728 5600 est
1756 5526 1933 5600 nobis.
2008 5525 2222 5600 ‘f‘Afic.
2263 5525 2743 5600 A:'_Sic_CD_E;_A
2770 5525 3003 5600 tentandi
3032 5550 3103 5562 -
3141 5525 3566 5600 reprehendendi.
3644 5525 3780 5600 “Su

2028 5595 2071 5627 ¹⁸
2112 5594 2201 5650 Sic
2256 5594 2417 5659 CDE;
2468 5594 2513 5646 A
2577 5594 2856 5645 bonitatem
2908 5592 3065 5645 unius
3110 5592 3364 5659 essentiae
3414 5598 3807 5659 proupersoms

3347 5447 3388 5478 “
3430 5446 3520 5500 Sic
3571 5443 3730 5505 CDE;
3761 5442 3808 5495 Α

2601 5451 2648 5485 ¹⁰Ἵ
2676 5453 2767 5508 Sic
2802 5451 2918 5519 ΟΕ,
2946 5453 3038 5507 AD
3091 5460 3244 5505 recte.
3347 5451 3388 5478 ¹¹
3430 5451 3520 5500 Sic
3571 5451 3730 5505 CDE;
3761 5451 3808 5495 Λ

2601 5524 2664 5566 Εἷς
2703 5523 2738 5566 Δ
2770 5523 3003 5566 tentandi
3032 5550 3103 5562 --
3141 5514 3566 5566 renrehendendi.
3644 5513 3687 5544 ¹⁶
3715 5512 3808 5566 Sic

2303 5525 2346 5557 "
2388 5525 2478 5579 Sic
2503 5522 2666 5589 CDE;
2697 5523 2743 5576 Α
2770 5514 3003 5576 tentandi
3032 5550 3103 5562 -
3141 5514 3566 5589 reprehendendi.

3538 5655 3580 5685 ἰ
3620 5652 3810 5720 Δρω-
