4194 6276
402 381 509 440 457

1286 379 1375 433 DE
1414 376 1750 433 DIVISIONE
1781 374 2127 432 NATURAE.
2169 406 2235 415 ——
2273 375 2475 430 LIBER
2510 374 2788 430 PRIMUS.

3527 390 3636 449 458

403 503 628 551 naturae
650 509 778 559 esse,
807 507 967 562 neque
997 491 1332 561 operationis,
1355 489 1446 545 sed
1476 489 1638 544 solius
1675 488 1743 542 ad
1771 487 1971 542 Filium
1998 495 2047 553 Α
2076 490 2305 552 stantiis,
2334 497 2388 544 et
2412 490 2479 544 de
2498 490 2670 544 tribus
2699 489 3018 545 substantiis
3043 492 3095 545 in
3121 493 3309 548 eadem
3334 506 3442 550 una
3465 510 3655 555 essen-

405 585 745 641 habitudim’s.
765 583 821 639 Si
835 584 977 639 enim
994 584 1359 652 responderet,
1377 588 1602 635 naturae
1614 595 1733 635 esse
1747 595 1941 635 nomen
1957 581 1976 610 ¹

408 675 643 740 Patrem,
661 675 733 728 illi
749 674 1003 730 continuo
1016 672 1778 742 sequerentur,‘dicerentque,
1795 669 1982 724 simili-

410 775 494 820 ter
520 774 572 819 et
607 766 628 795 ¹
655 764 846 818 Filium
875 778 1072 818 nomen
1106 777 1226 817 esse
1278 770 1519 815 naturae.
1561 760 1617 814 Si
1664 768 1842 813 autem
1875 760 1980 815 hoc

410 857 643 920 daretur,
662 855 968 909 necessario
989 861 1324 923 sequeretur,
1342 852 1562 907 alterius
1582 860 1805 906 naturae
1818 850 1980 904 Pater

405 960 522 1001 esse
556 960 771 1011 nomen,
805 944 1029 999 alterius
1060 943 1261 1008 Filius;
1297 944 1350 996 in
1372 958 1477 995 una
1512 943 1653 996 enim
1683 941 1979 1009 eademque

405 1046 596 1089 natura
623 1036 727 1090 duo
756 1035 975 1089 nomina
1004 1051 1034 1087 a
1067 1050 1123 1089 se
1153 1025 1380 1088 invicem
1409 1032 1707 1088 differentia
1732 1030 1847 1087 ﬁeri
1871 1048 1979 1087 non

400 1133 647 1195 possunt.
695 1125 772 1178 Ae
799 1138 896 1192 per
934 1124 1039 1177 hoc
1087 1123 1431 1187 conﬁcerent,
1459 1122 1673 1177 Patrem
1708 1130 1763 1176 et
1785 1122 1980 1176 Filium

404 1206 735 1290 ἕτερουσὶουέ
753 1214 797 1278 ³,
816 1214 917 1267 hoc
944 1222 1052 1279 est,
1076 1213 1319 1268 diversae
1340 1213 1605 1267 essentiae
1643 1227 1736 1266 seu
1761 1220 1982 1265 naturae

406 1320 548 1360 esse.
602 1304 862 1358 Similiter
900 1304 969 1359 de
1008 1304 1318 1373 operatione
1345 1318 1658 1373 responsum
1702 1311 1803 1357 est.
1844 1301 1981 1356 Nam

408 1397 452 1451 si
483 1399 707 1451 daretur
729 1397 830 1462 eis,
858 1395 1186 1467 operationis
1213 1380 1406 1450 nomen
1442 1393 1603 1449 Pater
1623 1408 1761 1459 esse,
1794 1390 1981 1448 confe-

410 1486 537 1539 stim
564 1484 962 1549 concluderent,
993 1484 1186 1538 Filium
1212 1499 1333 1539 esse
1359 1494 1685 1550 creaturam,
1710 1483 1923 1554 quando
1959 1481 1984 1513 ‘

407 1577 572 1633 Pater
597 1577 937 1647 Operationis,
984 1578 1087 1632 hoc
1126 1574 1236 1643 est,
1270 1578 1562 1634 creationis
1611 1593 1740 1633 suae
1789 1593 1984 1635 nomen

404 1683 525 1724 esse
552 1669 882 1723 conceditur.
916 1668 1063 1725 DISC.
1090 1669 1202 1723 Hoc
1229 1684 1542 1741 responsum
1573 1671 1841 1727 laudabile
1867 1686 1986 1728 esse

401 1760 762 1814 certissimum
786 1768 887 1825 est,
905 1769 959 1816 et
979 1776 1045 1815 ex
1060 1760 1083 1793 ⁸
1096 1763 1319 1817 veritate
1342 1763 1662 1833 inspiratam
1681 1778 1696 1816 :
1713 1763 1805 1818 sed
1824 1763 1985 1833 paulo

2082 585 2173 648 tia,
2209 598 2331 637 vere
2356 582 2680 652 proprieque
2701 580 2907 654 possint
2934 584 3254 651 praedicari.
3285 583 3423 641 MAG.
3450 585 3525 641 be
3546 592 3653 647 hoc

2081 674 2295 742 negotio
2326 672 2507 726 nescio
2537 671 2657 741 quis
2686 672 2924 726 breviter
2952 681 3110 742 atque
3147 682 3332 742 aperte
3359 682 3536 744 potest
3566 678 3652 733 di-

2080 779 2225 820 cere.
2253 764 2361 818 Aut
2377 764 2519 818 enim
2546 764 2611 819 de
2639 763 2940 831 hujusmodi
2968 779 3131 820 causa
3150 781 3247 836 per
3270 768 3451 822 omnia
3472 778 3656 826 tacen-

2082 859 2207 913 dum
2235 865 2339 920 est,
2371 864 2426 911 et
2449 856 2782 926 simplicitati
2811 859 3142 914 orthodoxae
3167 858 3287 914 ﬁdei
3312 862 3655 919 committen-

2081 946 2240 1010 dum;
2267 961 2391 999 nam
2414 954 2703 1014 exsuperat
2735 961 2947 1000 omnem
2973 946 3317 1015 intellectum,
3341 950 3480 1005 sicut
3519 950 3653 1010 serio

2079 1043 2228 1104 ptum
2259 1044 2377 1089 est:
2407 1033 2511 1099 Qui
2546 1035 2687 1088 solus
2724 1036 2876 1089 habes
2904 1036 3367 1105 immortalitatem,
3394 1049 3443 1094 et
3485 1040 3654 1097 lucem

2081 1123 2284 1177 habitas
2312 1122 2355 1156 ⁸¹
2376 1123 2817 1189 inaccessibilem;
2839 1133 2931 1178 aut
2952 1126 2995 1178 si
3019 1127 3141 1194 quis
3171 1129 3237 1182 de
3271 1143 3333 1182 ea
3366 1114 3652 1200 disputare

2081 1214 2341 1280 coeperit,
2375 1213 2681 1268 necessario
2726 1214 2908 1268 multis
2947 1216 3119 1271 modis
3166 1218 3455 1288 multisque
3498 1236 3657 1291 argu-

2081 1305 2499 1359 mentationibus
2534 1304 2825 1359 verisimile
2849 1306 2891 1336 ¹¹
2921 1307 3187 1373 suadebit,
3230 1310 3436 1364 duabus
3458 1310 3661 1380 princi-

2083 1394 2290 1466 palibus
2352 1392 2673 1464 Theologiae
2727 1395 2970 1465 partibus
3017 1407 3175 1453 utens
3222 1398 3288 1464 “,
3341 1398 3659 1456 aﬁirmativa

2083 1484 2322 1553 quidem,
2349 1499 2487 1552 quae
2533 1500 2564 1538 a
2606 1483 2827 1540 Graecis
2859 1494 3185 1560 καταφατική,
3229 1498 3285 1545 et
3309 1493 3656 1561 abnegativa,

2083 1590 2223 1644 quae
2248 1573 2291 1605 ιδ
2315 1575 2597 1650 amem-mi
2625 1577 2928 1631 vocatur“.
2951 1579 3065 1634 Una
3093 1580 3331 1649 quidem,
3356 1586 3659 1657 ἀποφατικὴ,

2084 1666 2319 1720 divinam
2344 1668 2632 1722 essentiam
2660 1684 2752 1722 seu
2789 1670 3144 1724 substantiam
3186 1686 3306 1726 esse
3345 1673 3543 1743 aliquid
3570 1688 3660 1728 eo-

2087 1773 2206 1811 rum
2229 1773 2367 1827 quae
2412 1769 2557 1823 sunt,
2590 1760 2640 1812 id
2682 1768 2782 1823 est,
2815 1775 2951 1828 quae
2994 1761 3098 1816 dici
3149 1772 3241 1817 aut
3274 1764 3495 1832 intelligi
3538 1779 3668 1832 pos-

400 1850 722 1905 luculentius
748 1850 770 1882 ⁶
797 1852 1147 1906 considerare
1168 1852 1439 1908 debemus.
1472 1851 1629 1917 Nam,
1655 1863 1714 1906 ut
1748 1854 1879 1907 mihi
1904 1854 1987 1908 vi-
2014 1836 2063 1894 Β
2090 1859 2235 1915 sunt,
2287 1858 2480 1921 negat;
2542 1851 2710 1905 altera
2750 1866 2903 1914 vero.
2925 1859 3257 1926 καταφατική,
3299 1857 3479 1910 omnia
3524 1871 3664 1925 quae

404 1942 583 2005 detur,
622 1955 729 1995 non
755 1942 1014 1996 continuo
1037 1956 1159 1995 eum
1189 1940 1581 2010 reprehendere
1606 1950 1850 2011 possent,
1883 1943 1985 1996 etsi

408 2030 632 2095 diceret,
667 2028 881 2085 Patrem
906 2044 1102 2086 nomen
1147 2039 1374 2086 naturae
1420 2045 1558 2086 esse.
1618 2030 1756 2096 Quid
1796 2031 1988 2085 enim?

404 2122 655 2191 Nunquid
683 2124 788 2178 duo
818 2124 1054 2189 nomina,
1092 2138 1122 2178 a
1152 2137 1211 2178 se
1237 2123 1466 2178 invicem
1494 2137 1648 2185 sono,
1682 2138 1788 2177 non
1820 2138 1986 2177 sensu

410 2213 795 2283 discrepantia,
826 2214 879 2267 in
905 2228 1015 2268 una
1050 2213 1347 2283 eademque
1380 2220 1571 2268 natura
1617 2212 1844 2282 intelligi
1877 2226 1986 2266 non

407 2304 613 2367 valent,
655 2318 775 2358 cum
797 2313 853 2358 et
878 2305 898 2336 "
928 2303 1198 2359 Abraham
1224 2313 1278 2360 et
1302 2304 1474 2371 Isaac,
1508 2311 1715 2373 patrem
1738 2303 1990 2359 videlicet

411 2404 466 2450 et
495 2396 684 2460 ﬁlium,
720 2409 878 2448 unam
909 2404 1156 2450 naturam
1191 2395 1494 2466 signiﬁcare
1517 2395 1838 2449 videamus?
1865 2392 1985 2449 Non

414 2487 557 2541 enim
586 2486 808 2541 alterius
840 2495 1065 2541 naturae
1088 2500 1286 2541 nomen
1315 2495 1398 2542 est
1425 2486 1718 2551 Abraham,
1767 2486 1986 2542 alterius

410 2575 579 2640 Isaac,
616 2576 711 2630 sed
735 2575 894 2630 unius
920 2585 1081 2645 atque
1107 2575 1367 2645 ejusdem.
1393 2575 1534 2632 MAG.
1569 2575 1738 2631 Recte
1760 2576 1985 2641 diceres,

410 2665 455 2719 si
488 2665 741 2720 similiter
766 2666 818 2720 in
848 2667 953 2721 hoc
977 2674 1067 2720 tuo
1095 2666 1341 2736 exemplo
1369 2666 1436 2721 de
1460 2667 1730 2722 Abraham
1765 2677 1817 2722 et
1838 2668 1988 2724 Isaac

411 2756 678 2811 aﬁirmare
701 2756 934 2817 valeres,
961 2757 1105 2827 quod
1127 2773 1234 2812 non
1262 2757 1406 2811 aliud
1430 2757 1696 2828 signiﬁcat
1717 2757 1984 2813 Abraham

413 2863 506 2904 seu
530 2849 701 2916 lsaac,
725 2857 782 2904 et
798 2849 939 2903 aliud
964 2848 1232 2920 signiﬁcat
1256 2849 1307 2902 in
1327 2849 1405 2903 eis
1424 2857 1578 2918 pater
1593 2836 1646 2902 et
1667 2848 1825 2904 ﬁlius.
1852 2849 1985 2904 Nam

413 2941 685 2996 Abraham
732 2950 787 2995 et
833 2957 1027 2996 nomen
1058 2950 1141 2996 est
1183 2941 1351 3010 ipsius
1394 2941 1690 3005 Abraham,
1734 2949 1789 2996 et
1831 2948 1987 3010 pater

416 3046 613 3087 nomen
638 3039 725 3087 est
745 3032 916 3086 eidem
946 3030 1235 3085 Abraham.
1264 3030 1519 3084 Similiter
1537 3038 1589 3084 et
1614 3029 1763 3085 Isaac
1812 3038 1867 3083 et
1888 3046 1987 3086 no-

420 3139 541 3177 men
566 3131 650 3176 est
687 3122 852 3187 lsaac,
894 3128 949 3176 et
978 3120 1119 3176 ﬁlius
1148 3135 1337 3198 nomen
1362 3128 1444 3175 est
1467 3120 1639 3175 eidem
1676 3120 1845 3175 Isaae.
1877 3118 1983 3175 Sed

2091 1950 2237 2006 sunt,
2266 1942 2331 1996 de
2366 1956 2429 1995 ea
2468 1942 2764 2010 praedicat,
2811 1950 2868 1997 et
2915 1944 3034 1998 ideo
3083 1944 3400 2000 aﬁirmaliva
3443 1947 3661 2012 dicitur,

2088 2046 2194 2086 non
2224 2039 2284 2085 ut
2316 2033 2599 2086 conﬁrmet
2628 2032 2671 2064 "
2699 2031 2898 2100 aliquid
2922 2046 3043 2087 esse
3065 2034 3105 2065 ¹⁷
3131 2047 3316 2105 eorum
3342 2048 3479 2103 quae
3515 2044 3662 2102 sunt,

2090 2124 2184 2177 sed
2211 2122 2412 2186 omnia,
2443 2136 2581 2190 quae
2615 2122 2682 2176 ab
2708 2137 2772 2178 ea
2802 2130 2949 2188 sunt,
2983 2124 3049 2177 de
3071 2138 3134 2178 ea
3175 2139 3332 2194 posse
3364 2124 3665 2194 praedicari

2090 2212 2331 2267 suadeat.
2367 2210 2781 2266 Rationabiliter
2805 2214 2948 2267 enim
2994 2229 3091 2284 per
3129 2216 3405 2270 causativa
3447 2215 3666 2272 eausale

2087 2312 2267 2376 potest
2292 2303 2609 2375 signiﬁcari.
2639 2303 2779 2358 Dicit
2807 2305 2948 2359 enim
2979 2321 3099 2361 esse
3126 2308 3429 2373 veritatem,
3455 2307 3669 2362 bonita-

2088 2404 2222 2459 tem,
2270 2396 2586 2460 essentiam,
2617 2395 2815 2462 lucem,
2864 2397 3151 2466 justitiam,
3197 2400 3387 2465 solem,
3433 2399 3667 2465 stellam,

2090 2484 2361 2555 spiritum,
2395 2500 2613 2554 aquam,
2636 2485 2866 2551 leonem,
2890 2489 3100 2554 urbem,
3124 2503 3380 2554 vermem,
3404 2496 3457 2544 et
3486 2496 3667 2544 cetera

2090 2574 2524 2630 innumerabilia.
2555 2574 2623 2628 Et
2646 2589 2751 2629 non
2793 2576 2963 2629 solum
3000 2592 3066 2631 ex
3095 2576 3202 2642 bis,
3232 2592 3372 2646 quae
3418 2568 3542 2631 sunt
3571 2591 3659 2632 se-

2089 2665 2321 2720 cundum
2371 2673 2642 2728 naturam,
2700 2680 2822 2719 eam
2866 2667 3072 2733 edocet,
3122 2667 3216 2722 sed
3267 2682 3335 2722 ex
3375 2667 3481 2732 his,
3522 2682 3661 2736 quae

2090 2764 2278 2810 contra
2321 2763 2589 2817 naturam,
2645 2754 2861 2822 quando
2908 2768 3026 2809 eam
3079 2755 3357 2821 inebriari,
3415 2755 3662 2810 stultam-

2092 2859 2198 2914 que
2219 2844 2264 2876 ³⁸
2284 2859 2424 2909 esse,
2457 2851 2511 2898 et
2546 2843 2781 2898 insanire
2821 2843 2971 2898 dicit.
3006 2843 3112 2899 Sed
3152 2845 3218 2900 de
3244 2845 3328 2899 his
3370 2859 3514 2898 nunc
3554 2860 3665 2902 non

2092 2944 2176 2989 est
2201 2934 2370 2989 nostri
2394 2934 2649 3003 propositi
2669 2934 2962 3000 disserere;
2993 2933 3122 2988 satis
3151 2934 3296 2988 enim
3319 2935 3383 2989 de
3409 2934 3600 2990 talibus
3628 2951 3661 2990 a

2092 3033 2279 3080 sancto
2317 3023 2572 3094 Dionysio
2600 3022 2923 3092 Areopagita
2964 3023 3018 3077 in
3059 3022 3348 3094 symbolica
3379 3022 3667 3096 Tbeologia

2094 3117 2295 3171 dictum
2326 3124 2428 3169 est.
2468 3114 2701 3181 Ideoque
2729 3113 2793 3167 ad
2825 3113 2899 3177 id,
2927 3113 3068 3181 quod
3095 3128 3123 3166 a
3148 3120 3202 3168 te
3235 3113 3537 3183 quaesitum
3560 3121 3666 3179 est,

420 3229 527 3267 non
558 3214 625 3269 de
667 3214 853 3267 eadem
892 3226 952 3266 re
1000 3188 1270 3267 Abraham
1314 3218 1368 3266 et
1406 3219 1582 3280 pater,
1620 3227 1715 3266 seu
1743 3210 1893 3266 lsaac
1933 3218 1990 3265 et
2016 3179 2062 3241 ς·
2097 3209 2447 3266 redeundum.
2500 3207 2821 3275 Quaesieras
2870 3207 3034 3275 enim,
3083 3216 3263 3263 utrum
3300 3221 3487 3263 omnes
3524 3215 3670 3261 eatea

360 3332 365 3339 -
417 3304 558 3357 ﬁlius
582 3302 983 3374 praedicantur.
1018 3302 1148 3357 Nam
1172 3303 1238 3357 de
1266 3301 1565 3357 substantia
1595 3301 1889 3364 Abraham,
1933 3302 1987 3355 id

411 3403 514 3458 est,
545 3395 611 3449 de
655 3395 872 3464 speciali
907 3394 1025 3465 ejus
1066 3408 1299 3465 persona
1338 3394 1611 3450 Abraham
1654 3395 1888 3462 dicitur;
1922 3394 1990 3451 de

412 3484 673 3539 relatione
702 3500 830 3540 vero
854 3484 972 3554 ejus
1016 3485 1082 3538 ad
1123 3500 1278 3539 suum
1310 3484 1476 3539 ﬁlium
1521 3487 1543 3518 ⁸
1585 3484 1734 3539 lsaac
1777 3494 1989 3555 patrem

413 3575 613 3638 vocari,
643 3587 803 3629 nemo
828 3576 967 3630 bene
993 3574 1400 3646 intelligentium
1428 3576 1685 3631 dubitarit
1713 3576 1755 3630 ’.
1791 3576 1989 3633 Eodem

414 3668 571 3720 modo
590 3668 656 3722 de
683 3666 830 3722 Isaac
853 3668 1285 3738 intelligendum;
1306 3669 1409 3725 hoc
1438 3669 1584 3724 enim
1608 3671 1823 3725 nomine
1841 3670 1992 3726 Isaae

414 3757 637 3825 propria
672 3757 1054 3827 individuaque
1092 3758 1391 3814 substantia
1430 3759 1598 3828 ipsius
1624 3752 1987 3830 signiﬁcatur;

416 3844 631 3901 habitus
656 3856 830 3904 autem
862 3849 929 3903 ad
956 3857 1163 3919 patrem
1190 3865 1344 3905 suum
1375 3865 1470 3920 per
1496 3850 1665 3905 ﬁlium
1708 3853 1990 3923 cognosci-

421 3943 528 3991 tur.
559 3935 674 3992 Non
709 3940 850 3994 enim
884 3949 1037 4010 potes
1078 3956 1294 4012 negare,
1346 3941 1469 3995 talia
1520 3943 1756 4007 nomina,
1795 3942 1848 3998 id
1887 3952 1990 4009 est,

413 4038 623 4099 patrem
651 4038 707 4086 et
745 4030 932 4096 ﬁlium,
963 4033 1184 4088 relativa
1218 4046 1361 4099 esse,
1386 4048 1493 4088 non
1536 4034 1890 4091 substantiva.
1933 4035 1989 4092 Si

413 4138 545 4193 ergo
571 4124 710 4193 apud
753 4138 876 4191 nos,
897 4127 1001 4180 hoc
1022 4114 1245 4181 “estin
1270 4134 1454 4182 nostra
1479 4136 1694 4195 natura,
1721 4142 1827 4182 non
1867 4129 1997 4184 sub-

415 4215 757 4281 stantialiter,
809 4217 903 4272 sed
951 4218 1173 4274 relative
1204 4220 1337 4275 tales
1380 4234 1543 4275 voces
1579 4219 1991 4289 praedicantur,

415 4306 547 4375 quid
572 4307 639 4361 de
668 4322 878 4362 summa
910 4323 973 4364 ac
999 4318 1183 4365 sancta
1213 4309 1412 4364 dicturi
1438 4323 1625 4364 sumus
1646 4309 1904 4375 essentia,
1932 4310 1987 4363 in

417 4413 527 4468 qua
575 4398 995 4455 substantiarum
1050 4400 1192 4455 inter
1224 4415 1284 4456 se
1311 4401 1543 4456 invicem
1585 4399 1864 4459 relationis
1907 4400 1994 4455 vel

421 4486 756 4541 habitudinis
786 4487 910 4543 talia
935 4489 1177 4555 nomina,
1204 4489 1366 4545 Pater
1394 4489 1643 4545 videlicet
1665 4497 1719 4545 et
1742 4486 1911 4546 Filius
1936 4498 1993 4545 et

421 4576 654 4646 Spiritus
690 4587 930 4644 sanctus,
977 4594 1136 4636 sacra
1180 4580 1457 4650 Scriptura
1495 4581 1817 4637 constituit?
1841 4581 1990 4639 Dtsc.

416 4666 535 4722 Jam
602 4668 759 4725 video
810 4671 1074 4739 praedicti
1125 4672 1298 4725 sancti
1357 4670 1613 4742 Theologi
1673 4687 1992 4742 responsum

416 4760 636 4814 omnino
660 4761 891 4816 veritate
919 4759 1211 4816 suffultam.
1237 4760 1351 4815 Non
1383 4763 1527 4817 enim
1555 4771 1754 4834 potest,
1788 4772 1850 4818 ut
1872 4777 1998 4818 sua-

419 4866 537 4905 sum
565 4860 669 4918 est,
701 4851 817 4907 sive
840 4852 897 4906 in
926 4852 1128 4917 divina,
1168 4852 1282 4907 sive
1306 4853 1359 4907 in
1388 4854 1622 4908 humana
1650 4863 1865 4917 natura,
1910 4867 2001 4907 re-

420 4936 636 4994 lationis
682 4954 881 4996 nomen
928 4942 982 4996 in
1029 4942 1329 5000 substantia
1374 4957 1471 5000 seu
1518 4943 1754 4998 essentia
1806 4942 1994 5010 recipi.

422 5029 591 5087 Nosse
619 5039 802 5090 tamen
830 5042 1016 5103 aperte
1038 5042 1096 5090 et
1119 5034 1363 5091 breviter
1393 5049 1490 5104 per
1523 5041 1574 5088 te
1610 5032 1790 5099 velim,
1816 5040 1997 5086 utrum

418 5134 611 5178 omnes
663 5124 1005 5196 categorias,
1061 5140 1184 5180 cum
1233 5126 1345 5180 sint
1410 5137 1635 5179 numero
1662 5124 1883 5189 decem,
1933 5123 2001 5178 de

2021 4531 2076 4593 Β

2094 3300 2279 3372 goriae
2324 3300 2389 3355 de
2418 3300 2527 3354 Deo
2565 3298 2958 3370 praedicandae
2985 3299 3093 3353 sint
3135 3299 3368 3369 proprie,
3407 3313 3475 3352 an
3500 3312 3669 3368 quae-

2093 3393 2216 3447 dam
2273 3392 2530 3461 ipsarum.
2578 3390 2722 3446 Dtsc.
2772 3388 3120 3446 Redeundum
3170 3403 3329 3443 sane.-
3370 3387 3477 3446 Sed
3515 3388 3667 3458 prius

2095 3485 2565 3549 considerandum,
2612 3492 2672 3538 ut
2710 3485 2964 3549 arbitror,
2998 3498 3098 3537 cur
3120 3482 3394 3553 praedicta
3425 3481 3665 3547 nomina,

2093 3578 2382 3633 essentiam
2421 3577 2558 3639 dico,
2592 3575 2905 3639 bonitatem,
2932 3574 3232 3640 veritatem,
3262 3572 3546 3643 justitiam,
3573 3586 3665 3627 sa-

2092 3670 2369 3742 pientiam,
2399 3678 2687 3739 ceteraque
2715 3668 2767 3722 id
2791 3682 2978 3739 genus,
3007 3680 3145 3736 quae
3168 3666 3417 3721 videntur
3444 3679 3553 3720 non
3579 3678 3673 3719 so-

2092 3761 2203 3815 lum
2247 3761 2449 3826 divina,
2501 3761 2594 3814 sed
2644 3759 2807 3812 etiam
2856 3758 3211 3823 divinissima,
3260 3766 3315 3812 et
3356 3756 3488 3812 nihil
3526 3755 3668 3809 aliud

2092 3861 2310 3923 praeter
2347 3838 2495 3907 illam
2528 3852 2697 3920 ipsam
2726 3850 2963 3904 divinam
2989 3849 3342 3904 substantiam
3366 3864 3459 3903 seu
3487 3861 3670 3903 essen-

2094 3944 2225 3996 tiam
2269 3941 2594 4011 signiﬁcare,
2628 3940 2996 4010 metaphorica
3025 3940 3165 4004 ﬁeri,
3211 3940 3267 3994 id
3296 3948 3398 4005 est,
3444 3955 3475 3993 a
3518 3954 3672 3994 crea-

2095 4037 2218 4083 tura
2241 4033 2308 4084 ad
2331 4030 2643 4084 Creatorem
2664 4029 2946 4092 translata,
2969 4027 3273 4099 praedictus
3297 4027 3670 4082 sanctissimur

2094 4129 2248 4190 pater
2274 4128 2435 4190 atque
2461 4120 2765 4188 Theologus
2788 4118 3174 4190 pronunciarit.
3217 4117 3331 4172 Non
3373 4118 3515 4170 enim
3552 4117 3670 4173 sine

2096 4212 2328 4283 quadam
2359 4212 2586 4281 mystica
2625 4219 2788 4278 atque
2821 4216 3026 4263 secreta
3064 4209 3272 4263 ratione
3306 4206 3433 4261 talia
3463 4206 3666 4262 dixisse

2097 4303 2507 4361 aestimandum.
2566 4300 2707 4357 MAG.
2758 4301 2900 4355 Bene
2945 4298 3165 4368 vigilas;
3215 4313 3321 4353 non
3370 4298 3511 4353 enim
3565 4301 3670 4354 hoc

2096 4409 2310 4464 quoque
2353 4391 2747 4448 inconsiderate
2788 4387 3171 4443 transeundum
3214 4384 3378 4459 [esse]
3417 4385 3460 4418 ¹⁹
3491 4385 3667 4444 video.

2096 4485 2175 4539 Ac
2201 4498 2298 4554 per
2325 4484 2430 4539 hoc
2477 4481 2803 4552 respondeas
2850 4477 3030 4543 velim,
3081 4487 3258 4534 utrum
3311 4477 3422 4533 Deo
3469 4476 3672 4547 aliquid

2098 4575 2402 4646 oppositum
2427 4579 2521 4627 aut
2545 4572 2650 4628 sibi
2677 4569 3075 4627 cointellectum
3118 4568 3404 4641 intelligas.
3448 4568 3678 4639 Opposi-

2099 4678 2212 4722 tum
2243 4666 2383 4731 dico,
2416 4672 2509 4718 aut
2539 4678 2637 4733 per
2676 4662 3051 4733 privationem,
3083 4668 3175 4717 aut
3200 4675 3298 4732 per
3321 4659 3678 4717 contrarieta-

2102 4768 2229 4822 tem,
2260 4764 2353 4811 aut
2376 4769 2473 4825 per
2497 4754 2838 4821 relationem,
2879 4761 2974 4808 aut
3014 4767 3111 4824 per
3139 4752 3437 4808 absentiam
3466 4766 3482 4804 :
3519 4751 3671 4807 coin-

2101 4847 2374 4904 tcllectum
2403 4861 2552 4911 vero,
2587 4847 2687 4901 hoc
2729 4853 2833 4910 est,
2859 4842 3017 4900 simul
3047 4858 3170 4899 cum
3223 4858 3288 4899 eo
3332 4841 3677 4897 aeternaliter

2102 4940 2456 5003 intellectum,
2484 4954 2591 4993 non
2620 4947 2798 4993 tamen
2821 4937 2872 4992 ei
2912 4934 3282 4992 coessentiale.
3322 4934 3468 4988 Drsc.
3516 4929 3674 4987 Clare

2101 5034 2259 5089 video
2298 5031 2441 5101 quod
2466 5030 2511 5061 ὀ
2537 5030 2694 5093 velis,
2746 5043 2812 5082 ac
2853 5042 2950 5096 per
2990 5027 3114 5091 hoc,
3150 5038 3324 5094 neque
3373 5019 3575 5091 aliquid
3620 5018 3674 5075 ei

2105 5100 2427 5191 oppositum,
2457 5100 2633 5188 neque
2657 5118 2759 5173 sibi
2794 5114 3190 5170 cointellectum
3225 5115 3528 5187 ἐτέρουσιον,
3571 5110 3677 5164 hoc

422 5227 634 5269 summa
656 5213 876 5273 divinae
900 5214 1161 5274 bonitatis
1186 5231 1293 5272 una
1318 5215 1553 5273 essentia
1582 5214 1638 5269 in
1677 5213 1849 5271 tribus
1873 5210 2005 5269 sub-
2104 5218 2206 5278 est,
2255 5210 2399 5281 quod
2425 5210 2495 5266 sit
2535 5208 2757 5265 alterius
2791 5206 3077 5271 essentiae,
3108 5216 3269 5273 quam
3304 5202 3418 5271 ipse
3443 5207 3547 5264 est,
3589 5196 3674 5253 di-

1665 5389 1922 5449 VARIAE
1957 5385 2358 5446 LECTIONES.

499 5571 517 5600 ⁸
544 5569 587 5623 A
613 5583 804 5625 nautea
827 5583 956 5623 esse.
1030 5570 1053 5601 ⁵
1082 5567 1175 5625 Sic
1192 5567 1358 5633 CDE;
1385 5575 1432 5622 et
1452 5580 1560 5622 om.
1589 5584 1652 5620 Α.
1727 5564 1750 5596 ³
1779 5562 1912 5620 CDE
1937 5564 2275 5642 ἅτιρουσιας..
2326 5559 2406 5612 ⁵Α
2435 5572 2570 5612 cum.
2650 5555 2756 5636 {ex
2802 5567 2909 5608 om.
3083 5549 3104 5581 ⁸
3123 5546 3214 5604 Sic
3234 5543 3402 5630 CDE;
3446 5545 3491 5601 A
3524 5547 3685 5674 olea;

499 5641 611 5674 ns...
709 5638 731 5670 τ
783 5648 828 5674 ο,
851 5653 939 5674 nm
986 5637 1070 5674 an
1165 5639 1187 5672 ο
1226 5638 1316 5674 mn
1345 5634 1505 5674 ann.
1548 5636 1577 5674 Δ
1613 5635 1771 5674 an...»
1797 5651 1964 5674 mum
2043 5631 2123 5674 Ὠ
2151 5632 2446 5674 άηιηιητριε
2486 5627 2526 5674 F.
2549 5624 2811 5674 άηιηιαι.»
2849 5621 2893 5652 ¹⁰
2916 5617 3245 5674 StcCDE:A
3268 5620 3345 5673 td.
3422 5616 3570 5673 “Sic

425 5616 959 5704 νιειίῖιεζ”’ἶ⁷’ἐι’ὀίἷιζ
977 5616 1325 5693 ΑυῗἿξῑὲ
1342 5616 1774 5705 animum
1789 5616 2134 5705 ὶῐιιῖώῖἷίὸ
2151 5616 2446 5705 adagium,-
2484 5627 2526 5682 Ε
2549 5624 2787 5705 άυρίιαί..
2802 5621 2893 5705 ,ἡξο
2916 5620 3008 5705 Sic
3019 5617 3151 5674 CDE
3168 5635 3183 5687 ;
3201 5619 3245 5705 A
3268 5620 3345 5705 at.
3422 5618 3464 5705 ξς
3479 5616 3570 5705 εἰς

428 5700 878 5771 E;Ainltabitas.
956 5709 1000 5741 “
1037 5708 1377 5764 Averissime.
1454 5700 1501 5739 ¹³⁷
1521 5700 1788 5770 saccus;
1818 5707 1864 5759 A
1886 5704 2156 5758 utendum.
2233 5700 2278 5771 ’ἓ

2311 5686 2446 5769 (ιιιαὲ
2466 5712 2573 5751 om.
2598 5694 2715 5769 9-
2744 5693 2788 5725 ¹⁸
2812 5689 3011 5769 SieDE
3029 5699 3281 5769 ;_tgocatur
3297 5704 3404 5746 om.
3424 5688 3495 5754 C;
3529 5687 3573 5743 A
3598 5686 3682 5742 di-

427 5759 1006 5849 iani}.""i3'é'ﬁime¢.
1038 5759 1406 5834 "Hegesia.
1434 5759 1748 5832 Αᾙῖ·
1774 5759 2164 5841 stultitiamque.
2244 5770 2287 5802 ¹⁹
2318 5759 2427 5823 esse
2450 5782 2559 5823 om.
2585 5764 2736 5821 CDE'
2812 5763 2858 5797 ὀ
2896 5761 2939 5816 A
2965 5759 3129 5830 quid.-
