4194 6276
493 330 600 391 459

1843 326 2124 384 JOANNIS
2164 327 2357 383 SCOTI

3637 330 3741 383 460

492 458 621 504 cere
658 444 850 500 ausim.
900 443 1032 497 Nam
1059 445 1298 514 opposita
1353 458 1446 514 per
1490 443 1805 499 relationem
1854 444 1925 498 ita
1964 445 2064 498 sibi
2094 446 2143 507 Α
2171 453 2225 499 et
2252 444 2452 499 videnti
2503 458 2607 498 non
2644 445 2831 500 videns
2863 461 2873 495 :
2910 445 3077 516 igitur
3100 446 3143 477 ³⁸
3169 446 3433 520 ὑπερθιὸς,
3464 445 3744 517 plusquam

494 552 708 609 semper
746 535 988 606 opposita
1033 545 1175 598 sunt,
1220 546 1277 589 ιιι
1317 536 1476 591 simul
1518 546 1572 591 et
1628 538 1884 593 inchoare
1935 537 2070 592 inci-

495 627 670 698 piant,
701 635 756 681 ct
783 624 939 680 simul
987 640 1105 679 esse
1134 628 1147 654 ¹
1181 626 1461 689 desinant,
1493 625 1620 680 dum
1647 628 1667 656 ¹
1694 625 1930 694 ejusdem
1975 641 2070 681 na-

501 727 655 774 turae
683 718 814 781 sint,
856 725 913 768 ut
957 716 1204 785 simplum
1255 718 1321 770 ad
1344 715 1364 745 ³
1394 715 1635 785 duplum,
1667 717 2069 788 subsesqualte-

498 823 621 863 rum
651 805 717 860 ad
759 806 1192 875 sesqualterum;
1232 816 1323 861 aut
1359 821 1457 876 per
1486 809 1847 879 negationem,
1881 818 1939 863 ut
1966 820 2069 875 est,

497 903 733 961 nonest;
764 903 857 948 aut
883 911 977 965 per
1003 895 1281 964 qualitales
1310 896 1609 963 naturales;
1635 913 1730 973 per
1749 900 2070 966 absentiam,

498 996 561 1043 ut
606 987 696 1040 lux
726 994 889 1055 atque
920 985 1195 1052 tenebrae;
1231 997 1320 1040 aut
1355 987 1646 1042 secundum
1690 989 2070 1057 privationem,

498 1090 562 1138 ut
591 1095 735 1136 mors
779 1088 834 1133 et
892 1079 1032 1143 vita;
1083 1086 1174 1132 aut
1210 1094 1307 1149 per
1347 1080 1716 1146 contrarium,
1761 1090 1819 1134 ut
1870 1083 2074 1137 sanitas

499 1180 555 1229 et
597 1170 961 1236 imbecillitas,
1004 1170 1128 1243 [vox
1163 1179 1217 1224 et
1259 1170 1555 1242 silentium]
1581 1170 1621 1224 δ.
1677 1170 1821 1226 Haec
1851 1172 2073 1228 autem'

501 1264 605 1329 his,
638 1277 775 1332 quae
802 1261 1097 1316 intellectui
1124 1262 1480 1316 succumbunt
1508 1270 1669 1331 atque
1699 1265 1897 1323 sensui,
1929 1272 2074 1317 recta

503 1356 708 1410 ratione
735 1354 1121 1419 attribuuntur,
1154 1368 1216 1408 ac
1243 1368 1339 1423 per
1363 1354 1462 1408 hoc
1486 1354 1537 1407 in
1564 1354 1674 1408 Deo
1702 1369 1804 1408 non
1833 1362 1976 1408 sunt.
2002 1355 2076 1409 Ea

502 1447 720 1518 quippe,
747 1461 884 1516 quae
913 1461 941 1499 a
965 1445 1155 1515 seipsis
1184 1446 1507 1517 discrepant,
1548 1456 1766 1501 aeterna
1813 1462 1933 1502 esse
1971 1463 2075 1503 non

500 1544 742 1607 possunt.
787 1536 841 1590 Si
883 1535 1025 1591 enim
1067 1544 1284 1589 aeterna
1319 1545 1519 1600 essent,
1550 1552 1581 1591 a
1621 1552 1679 1592 se
1710 1537 1937 1592 invicem
1970 1555 2074 1592 non

504 1628 885 1696 discreparent.
931 1626 1236 1681 Aeternitas
1261 1628 1401 1682 enim
1425 1628 1506 1681 sui
1536 1628 1727 1684 similis
1752 1640 1851 1694 est,
1885 1640 1933 1684 et
1970 1639 2078 1685 tota

503 1736 599 1789 per
630 1729 816 1783 totum,
856 1720 909 1773 in
938 1720 1110 1788 seipsa
1145 1735 1244 1773 una
1271 1720 1495 1789 simplex
1539 1721 1918 1791 individuaqne
1946 1723 2074 1777 sub-

2172 535 2379 598 ridens,
2425 534 2470 589 si
2507 534 2630 596 Θεὸς
2677 535 2865 590 videns
2900 535 3308 605 interpretatur.
3359 535 3466 591 Sed
3521 536 3565 592 si
3604 535 3648 567 ιδ’
3681 537 3746 592 ad

2173 623 2332 678 aliam
2366 623 2630 694 originem
2685 623 2843 692 hujus
2872 626 3102 680 nominis
3135 641 3408 693 recurras,
3440 627 3513 681 ita
3558 634 3620 683 ut
3643 642 3748 683 non

2173 728 2204 768 a
2234 714 2395 769 verbo
2422 718 2611 790 θεωρῶ,
2633 714 2812 779 video,
2850 715 2943 769 sed
2971 731 3000 768 a
3022 716 3188 772 verbo
3219 719 3350 779 Θέω,
3378 716 3431 771 id
3456 724 3540 773 est
3565 733 3743 782 curro,

2173 804 2316 869 Θεὸν,
2337 804 2524 869 Deum,
2557 805 2789 859 derivari
2831 804 3135 875 intelligas,
3179 804 3330 860 adest
3357 807 3453 863 tibi
3498 806 3751 864 similiter

2175 896 2362 950 eadem
2395 896 2557 950 ratio.
2604 896 2737 950 Nam
2766 896 3008 951 currenti
3039 912 3144 950 non
3175 912 3397 952 currens
3427 898 3744 967 opponitur,

2180 988 2321 1041 sicut
2372 988 2594 1042 tarditas
2619 986 2898 1042 celeritati.
2932 987 3047 1041 Erit
3075 987 3236 1059 igitur
3267 987 3526 1063 ὑπερθιός,
3555 989 3607 1044 id
3635 997 3738 1056 est,

2172 1079 2455 1147 plusquam
2485 1093 2736 1143 currens,
2760 1080 2898 1133 sicut
2927 1080 3183 1149 scriptum
3208 1091 3318 1136 est:
3353 1082 3605 1138 Velociter
3625 1100 3743 1137 cur-

2175 1170 2240 1222 rit
2279 1162 2449 1224 sermo
2484 1170 2615 1240 ejus.
2669 1168 2799 1223 Nam
2833 1171 2934 1226 hoc
2963 1171 3028 1224 de
3064 1172 3172 1226 Deo
3202 1170 3398 1238 Verbo,
3429 1174 3570 1242 quod
3613 1173 3744 1228 inef-

2177 1258 2412 1315 fabiliter
2443 1274 2540 1330 per
2586 1260 2789 1325 omnia,
2838 1275 2975 1331 quae
3003 1270 3152 1329 sunt,
3184 1270 3243 1315 ut
3270 1262 3395 1325 sint,
3435 1264 3623 1328 currit,
3670 1264 3747 1317 in-

2184 1350 2495 1424 telligimus.
2524 1351 2725 1407 Eodem
2765 1352 2921 1406 modo
2948 1352 3015 1405 de
3042 1352 3269 1406 veritate
3298 1354 3543 1424 accipere
3587 1353 3749 1407 debe-

2177 1457 2316 1496 mus.
2354 1440 2579 1496 Veritati
2630 1441 2827 1496 etenim
2866 1439 3074 1497 falsitas
3101 1442 3415 1512 opponitur,
3435 1458 3500 1498 ac
3527 1458 3626 1514 per
3649 1443 3750 1499 hoc

2178 1533 2392 1603 proprie
2442 1532 2642 1587 veritas
2690 1548 2795 1589 non
2846 1540 2966 1598 est;
3022 1533 3337 1609 ὑπεραληθής
3370 1534 3532 1605 igitur
3561 1543 3665 1599 est,
3695 1542 3755 1587 et

2177 1624 2516 1702 ὑπεραλήθαια
2544 1625 2608 1688 ¹³,
2640 1624 2920 1695 plusquam
2947 1639 3124 1690 verus,
3143 1634 3198 1681 et
3224 1626 3507 1697 plusquam
3529 1627 3747 1682 veritas.

2180 1712 2378 1769 Eadem
2424 1714 2559 1769 ratio
2589 1715 2642 1771 in
2691 1714 2940 1769 onmibus
2983 1714 3178 1770 divinis
3207 1715 3511 1769 nominibus
3561 1714 3748 1770 obser-

503 1810 660 1865 sistit.
698 1809 793 1869 Est
815 1810 1077 1881 siquidem
1104 1812 1340 1866 omnium
1376 1827 1539 1866 unum
1572 1813 1890 1883 principium
1913 1829 2075 1870 unus-

2179 1804 2352 1858 vanda
2378 1815 2479 1860 est.
2506 1805 2622 1863 Non
2643 1807 2785 1862 enim
2810 1807 3027 1878 proprie
3049 1808 3251 1862 dicitur
3271 1808 3591 1873 aeternitas,
3614 1822 3745 1876 quo-

506 1916 608 1967 que
643 1900 785 1965 ﬁnis,
832 1901 883 1953 in
928 1900 1075 1955 nullo
1117 1917 1146 1953 a
1195 1902 1371 1971 seipse
1396 1902 1727 1972 discrepans.

576 1990 664 2045 14.
692 1989 892 2045 Eadem
940 1991 1149 2046 ratione
1196 2002 1538 2047 coaeternum
1586 1993 1697 2049 Deo
1752 2008 1893 2060 esse,
1936 2007 2076 2064 quod

507 2080 609 2136 sibi
631 2083 985 2139 coessentiale
1007 2099 1110 2138 non
1134 2085 1222 2150 sit,
1238 2085 1419 2140 nescio
1442 2086 1563 2154 quis
1582 2088 1773 2142 audeat
1789 2087 2073 2144 aliirmare.

509 2170 644 2228 Nam
672 2174 716 2231 si
739 2174 844 2230 hoc
864 2174 1089 2246 cogitari
1131 2182 1222 2229 aut
1266 2176 1491 2230 inveniri
1531 2185 1726 2246 potest,
1771 2180 2077 2235 necessario

507 2264 768 2333 sequitur,
788 2278 890 2318 non
914 2278 1031 2320 esse
1051 2279 1216 2318 unum
1233 2263 1473 2319 omnium
1494 2267 1831 2337 principium,
1860 2270 1951 2324 sed
1973 2270 2077 2325 duo

507 2351 769 2422 quaedam
797 2368 889 2408 seu
919 2354 1094 2423 plura,
1134 2354 1288 2428 longe
1327 2372 1357 2409 a
1397 2371 1454 2411 se
1487 2356 1714 2411 invicem
1744 2357 2075 2427 differentia.

507 2441 658 2511 Quod
686 2461 809 2500 vera
839 2447 974 2501 ratio
999 2448 1116 2504 sine
1154 2447 1259 2503 ulla
1287 2449 1645 2505 haesitatione
1685 2467 1911 2507 renuere
1951 2468 2078 2508 con-

510 2537 703 2591 suevit.
728 2536 922 2592 Merito
947 2541 1014 2593 ab
1037 2556 1141 2594 uno
1165 2541 1364 2605 omnia,
1381 2556 1411 2594 a
1435 2543 1641 2598 duobus
1664 2552 1841 2599 autem
1865 2546 1948 2599 vel
1967 2544 2079 2614 plu.

507 2630 660 2686 ribus
694 2630 827 2685 nihil
876 2646 994 2687 esse
1029 2632 1266 2688 inchoat.
1314 2634 1452 2691 MAG.
1488 2633 1652 2690 Recte
1692 2631 1978 2705 disceptas,
2024 2646 2084 2693 ut

510 2722 753 2775 aestimo.
776 2720 830 2775 Si
858 2722 1020 2792 igitur
1042 2724 1315 2792 praedicta
1338 2726 1514 2781 divina
1542 2727 1756 2782 nomina
1786 2729 2031 2798 opposita
2050 2742 2081 2784 θ

507 2813 726 2883 regione
751 2813 850 2868 sibi
878 2813 979 2871 alia
1003 2815 1216 2870 nomina
1243 2817 1557 2886 respiciunt,
1584 2819 1892 2875 necessario
1917 2821 2078 2875 etiant

444 2957 453 2969 ,
508 2918 617 2969 res,
652 2919 790 2974 quae
841 2906 1056 2975 proprie
1111 2907 1190 2963 eis
1231 2908 1625 2978 signiﬁcantur,
1673 2910 1950 2980 Oppositas
1977 2912 2080 2966 sibi

511 2997 924 3051 contrarietates
976 2997 1221 3054 obtinere
1283 3000 1668 3071 intelliguntur,
1718 3017 1782 3058 ac
1832 3016 1930 3072 per
1979 3003 2082 3058 hoc

512 3088 579 3143 de
613 3088 744 3155 Deo,
782 3090 867 3146 cui
910 3090 1045 3146 nihil
1088 3091 1109 3123 ⁸
1164 3094 1463 3163 oppositum
1501 3095 1542 3160 ",
1587 3102 1680 3149 aut
1706 3110 1827 3151 cum
1857 3112 1967 3165 quo
1989 3110 2080 3151 co-

509 3179 855 3233 aetemaliter
880 3188 1073 3235 natura
1103 3179 1355 3235 differens
1394 3182 1528 3238 nihil
1562 3182 1583 3213 ⁸
1613 3183 1913 3251 inspicitur,
1947 3199 2074 3252 pro-

510 3268 629 3336 prie
650 3268 952 3339 praedicari
973 3283 1078 3323 non
1107 3280 1349 3336 possunt.
1382 3270 1782 3328 Praedictorum
1811 3274 1955 3329 enim
1984 3290 2080 3329 no—

512 3358 718 3415 minum
748 3359 1088 3428 aliorumque
1118 3359 1217 3414 sibi
1249 3359 1501 3419 similium
1541 3362 1742 3417 nullum
1784 3378 1909 3420 vera
1938 3366 2078 3420 ratio

512 3450 749 3516 reperire
775 3456 972 3517 petest,
1000 3449 1084 3503 cui
1111 3464 1213 3507 non
1240 3466 1307 3505 ex
1333 3451 1557 3507 adversa
1582 3460 1753 3520 parte,
1777 3463 1871 3509 aut
1895 3468 2077 3510 secum

513 3536 569 3591 in
592 3537 782 3591 eodem
813 3551 1034 3603 genere,
1064 3536 1317 3595 dili‘erens
1357 3540 1522 3605 aliud,
1550 3542 1616 3599 ab
1649 3541 1764 3611 ipso
1799 3543 2078 3601 discedens

513 3642 710 3685 nomen
735 3643 840 3705 non
865 3630 1182 3699 reperiatur.
1208 3631 1275 3687 Et
1299 3633 1440 3701 quod
1472 3633 1529 3689 in
1551 3633 1859 3691 nominibus
1883 3651 2080 3706 cogno-

518 3718 740 3784 scimus,
781 3720 1165 3788 necessarium,
1219 3731 1277 3777 ut
1331 3722 1384 3776 in
1421 3722 1442 3754 ⁹
1492 3724 1575 3779 bis
1616 3725 1800 3790 rebus,
1842 3742 1979 3795 quae
2012 3728 2081 3785 ab

514 3809 597 3865 eis
620 3807 1012 3879 signiﬁcantur,
1035 3825 1445 3880 cognoscamus.
1461 3810 1570 3871 Sed
1587 3813 1842 3881 quoniam
1868 3814 2085 3875 divinae

516 3898 966 3971 signiﬁcationes,
996 3914 1136 3969 quae
1174 3900 1228 3954 in
1257 3915 1415 3957 sacra
1441 3899 1717 3970 Scriptura
1761 3917 1794 3956 a
1836 3911 2082 3960 creatura

517 3986 587 4044 ad
615 3987 925 4045 Creatorem
958 3987 1247 4045 translatae
1286 3989 1328 4025 ¹⁶
1379 3990 1446 4045 de
1474 3989 1583 4045 Deo
1608 3991 2008 4061 praedicantur,
2037 3993 2083 4048 si

519 4087 705 4134 tamen
730 4087 874 4134 recte
902 4079 1097 4135 dicitur
1127 4078 1325 4149 aliquid
1350 4079 1416 4137 de
1439 4079 1549 4137 Deo
1571 4095 1731 4153 posse
1757 4082 2080 4150 praedicari,

516 4169 659 4239 quod
711 4168 815 4223 alio
862 4168 978 4226 loco
1019 4168 1466 4225 considerandum
1517 4179 1622 4237 est,
1668 4172 2085 4230 innumerabiles

519 4268 665 4325 sunt,
694 4267 748 4312 et
775 4261 1041 4328 parvitate
1065 4267 1279 4315 nostrae
1304 4260 1732 4318 ratiocinationis
1755 4275 1856 4318 nec
1878 4263 2083 4318 inveni-

519 4351 583 4412 ri,
613 4364 711 4404 nee
738 4350 790 4405 in
820 4350 977 4404 simul
1001 4349 1175 4421 colligi
1207 4360 1464 4421 possunt,
1501 4367 1672 4424 pauca
1697 4362 1871 4410 tamen
1895 4369 2083 4410 exem-

514 4438 588 4505 pli
636 4438 805 4506 gratia
836 4439 1014 4493 divina
1054 4438 1309 4494 vocabula
1348 4442 1595 4510 ponenda
1642 4451 1783 4499 sunt.
1840 4444 2085 4500 Essentia

517 4543 646 4597 ergo
667 4529 863 4582 dicitur
885 4532 1023 4584 Deus
1041 4570 1057 4596 ,
1090 4533 1185 4586 sed
1214 4534 1430 4605 proprie
1463 4535 1697 4591 essentia
1729 4552 1837 4593 non
1863 4546 1970 4608 est,
1998 4539 2105 4595 cui

519 4616 805 4685 opponitur
832 4619 998 4687 nihil;
1029 4622 1335 4694 ὑπερούσιος
1370 4624 1536 4695 igitur
1556 4633 1658 4693 est,
1694 4627 1747 4682 id
1767 4636 1871 4695 est,
1900 4644 2088 4700 super—

516 4708 840 4765 esseutialis.
869 4709 999 4765 Item
1045 4714 1257 4771 bonitas
1310 4716 1523 4782 dicitur,
1554 4720 1648 4775 sed
1695 4722 1910 4793 proprie
1927 4723 2084 4779 boni-

520 4806 606 4851 tas
666 4813 769 4851 non
818 4808 942 4864 est;
996 4801 1221 4857 bonitati
1279 4805 1422 4861 enim
1484 4809 1684 4865 malitia
1753 4815 2082 4883 opponitur;

518 4891 835 4979 timphaaoc
851 4891 1033 4962 igitur,
1046 4894 1329 4964 plusquam
1344 4900 1536 4966 bonus,
1549 4905 1997 4979 θιῦπιραγαθότης
2017 4908 2031 4937 ¹
2042 4907 2083 4973 ¹,

519 4977 573 5034 id
600 4989 702 5046 est,
740 4980 1022 5052 plusquam
1060 4984 1290 5040 bonitas.
1338 4987 1479 5043 Deus
1527 4977 1742 5057 dicitur,
1786 4994 1879 5049 sed
1913 4995 1957 5035 ‘I
1978 5010 2087 5051 non

517 5070 735 5145 proprie
764 5070 906 5129 Deus
933 5081 1050 5142 est;
1091 5074 1285 5131 visioni
1326 5078 1470 5134 enim
1496 5081 1731 5138 caecitas
1776 5084 2087 5154 opponitur,

2178 1897 2321 1951 niam
2350 1899 2652 1957 aeternitati
2680 1899 3051 1970 temporalitas
3068 1900 3390 1970 opponitur;
3418 1901 3753 1976 ύπιραιὼνιος

2178 1989 2343 2060 igitur
2389 1999 2495 2055 est,
2538 2000 2593 2045 et
2621 1991 3030 2063 ὕπεραωνίοι¹⁹,
3074 1991 3357 2061 plusquam
3397 1999 3667 2056 aeternus,
3700 1998 3757 2045 et

2182 2081 2467 2151 plusquam
2505 2083 2812 2138 aeternitas.
2842 2083 2919 2137 De
2949 2082 3208 2152 sapientia
3240 2097 3453 2151 quoque
3481 2082 3622 2136 nulla
3645 2083 3749 2137 alia

2178 2173 2412 2228 occurrit
2430 2173 2585 2237 ratio,
2610 2173 2834 2242 ideoque
2858 2172 3075 2243 proprie
3099 2172 3165 2227 de
3186 2172 3294 2226 Deo
3316 2171 3616 2242 praedicari
3644 2186 3749 2224 non

2182 2275 2266 2320 est
2312 2265 2696 2329 arbitrandum,
2745 2264 2998 2333 quoniam
3027 2264 3323 2334 sapientiae
3360 2262 3399 2294 "'
3434 2271 3489 2317 et
3520 2260 3749 2332 sapienti

2186 2359 2449 2428 insipiens
2521 2366 2576 2415 et
2643 2357 2948 2427 insipientia
3011 2356 3054 2387 ¹⁸
3127 2361 3475 2425 oppugnant;
3520 2352 3753 2422 proinde

2177 2451 2479 2527 ὑπερσὸφδς,
2510 2450 2567 2504 id
2608 2459 2713 2515 est,
2759 2448 3041 2518 plusquam
3076 2447 3316 2517 sapiens,
3345 2454 3401 2501 et
3437 2446 3751 2519 ὖπιρσοφὶα,

2182 2543 2469 2612 plusquam
2504 2540 2788 2610 sapientia,
2821 2551 2966 2595 recte
2990 2528 3462 2607 vereque'dicitur.
3494 2535 3755 2591 Similiter

2183 2633 2469 2705 plusquam
2498 2631 2604 2685 vita
2649 2638 2751 2695 est,
2800 2630 3065 2700 siquidem
3093 2630 3235 2685 vitae
3261 2643 3409 2684 mors
3439 2628 3749 2697 opponitur.

2184 2708 2383 2782 Eodem
2422 2724 2580 2779 modo
2609 2723 2678 2778 de
2719 2721 2838 2776 luce
2890 2720 3290 2792 intelligendum
3342 2727 3459 2784 est;
3491 2734 3616 2772 nam
3645 2717 3752 2773 luci

2186 2798 2437 2870 ienebrae
2462 2815 2697 2869 obstant.
2731 2813 3027 2877 Hactenus,
3052 2819 3111 2865 ut
3133 2810 3385 2874 arbitror,
3412 2810 3475 2864 de
3499 2808 3582 2861 his
3608 2805 3754 2861 sui'li-

2183 2907 2386 2960 eienter
2415 2905 2616 2960 dictum
2655 2913 2755 2959 est.
2788 2904 2933 2959 DISC.
2961 2902 3122 2972 Atqui
3150 2900 3447 2963 fatendum,
3479 2900 3612 2953 satis
3633 2912 3754 2952 esse

2184 2997 2408 3052 dictum.
2436 2994 2571 3051 Nam
2602 2995 2665 3051 de
2693 2996 2890 3051 talibus
2922 3008 3272 3064 quaecunque
3303 2991 3606 3049 necessaria
3631 2999 3758 3045 sunt

2185 3080 2415 3165 proferri
2437 3096 2655 3159 propter
2682 3102 2768 3154 ea,
2793 3101 2930 3157 quae
2957 3084 3225 3157 praesenti
3261 3082 3474 3153 negotio
3503 3081 3544 3114 ¹⁹
3575 3082 3755 3151 dispu-

2187 3180 2350 3267 tanda
2389 3188 2531 3243 sunt,
2560 3194 2702 3233 nunc
2740 3189 2961 3233 nostrae
2990 3175 3396 3246 disceptationis
3421 3173 3753 3244 propositum

2180 3290 2288 3345 non
2343 3272 2596 3326 admittit.
2641 3271 2772 3325 Redi
2823 3270 3005 3340 igitur,
3057 3270 3102 3325 si
3158 3268 3352 3338 placet,
3376 3267 3444 3321 ad
3492 3265 3747 3319 denariae
3826 3304 3840 3319 .

2180 3347 2497 3431 quantitatis
2520 3361 2915 3431 categoriarum
2947 3360 3450 3416 considerationem.
3493 3355 3627 3412 llas.
3666 3354 3750 3408 ln-

2182 3452 2437 3509 tcntionis
2468 3460 2592 3509 tuae
2618 3465 2862 3516 acumen,
2890 3465 3029 3519 quae
3054 3452 3234 3509 adhuc
3260 3449 3541 3505 admodum
3566 3445 3744 3515 pervi-

2187 3526 2261 3621 gil
2290 3545 2587 3610 videbatur,
2633 3543 2888 3603 admiror.
2936 3542 3081 3601 Dtsa.
3125 3542 3296 3608 Unde,
3323 3555 3542 3611 quaeso,
3568 3538 3751 3592 dicas?

2183 3636 2323 3695 alae.
2357 3634 2544 3691 Nonne
2575 3633 2829 3699 diximus,
2881 3633 3023 3706 quod
3074 3632 3357 3690 ineﬂ'abilis
3386 3639 3575 3686 natura
3604 3629 3752 3685 nullo

2183 3727 2368 3791 verbo,
2390 3726 2534 3782 nullo
2564 3726 2800 3791 nomine,
2833 3739 2928 3783 seu
2952 3725 3131 3795 aliquo
3152 3723 3390 3780 sensibili
3421 3736 3580 3785 sono,
3600 3718 3748 3777 nulla

2185 3830 2247 3872 re
2265 3817 2563 3889 signiﬁcata
2600 3818 2817 3887 proprie
2857 3819 3028 3887 possit
3067 3817 3397 3887 signiﬁcari?
3427 3817 3493 3871 Et
3519 3815 3625 3871 hoc
3659 3813 3754 3866 de-

2185 3909 2330 3965 disti.
2364 3909 2478 3964 Non
2518 3909 2662 3967 enim
2701 3910 2939 3980 proprie,
2967 3910 3061 3967 sed
3109 3908 3425 3963 trauslative
3448 3906 3754 3961 dicitures-

2186 4002 2381 4068 sentia,
2402 4002 2625 4065 veritas,
2669 4002 2953 4071 sapientia,
2975 4011 3260 4069 ceteraque
3295 3996 3630 4066 huiusmodi;
3658 3992 3753 4049 sed

2187 4091 2669 4163 superessentialis,
2727 4092 3010 4162 plusquam
3066 4091 3289 4154 veritas,
3342 4088 3623 4159 plusquam
3667 4101 3753 4140 sa—

2185 4182 2411 4252 pientia,
2438 4190 2493 4237 et
2533 4181 2725 4241 similia
2766 4182 2978 4237 dicitur.
3010 4180 3115 4237 Sed
3144 4194 3320 4235 nonne
3346 4188 3400 4235 et
3424 4178 3560 4233 haec
3597 4176 3752 4246 quasi

2187 4274 2452 4342 quaedam
2494 4273 2709 4343 pmpria
2740 4272 2959 4327 nomina
2988 4270 3239 4328 videntur
3267 4286 3408 4337 esse,
3447 4269 3493 4323 si
3520 4267 3755 4327 essentia

2187 4364 2405 4434 proprie
2432 4378 2536 4417 non
2564 4362 2785 4427 dicitur,
2815 4362 3276 4433 superesseutialis
3305 4372 3485 4437 autem
3506 4357 3755 4429 preprie?

2192 4453 2453 4510 Similiter
2484 4453 2530 4508 si
2561 4452 2759 4509 veritas
2787 4468 2881 4507 seu
2924 4454 3186 4523 sapientia
3216 4455 3428 4524 proprie
3454 4468 3561 4509 non
3598 4466 3749 4505 voca-

2188 4542 2297 4614 tur,
2318 4542 2437 4614 plus
2453 4557 2581 4599 vero
2595 4558 2753 4613 quam
2787 4544 2985 4600 veritas
3013 4545 3082 4610 ’°,
3110 4554 3167 4601 et
3188 4545 3464 4613 plusquam
3490 4541 3749 4611 sapientia

2185 4604 2404 4714 proprie
2417 4635 2612 4693 dicitur
2633 4634 2706 4688 “?
2719 4633 2835 4689 Non
2856 4650 2984 4705 ergo
2994 4636 3225 4705 propriis
3244 4633 3547 4689 nominibus
3568 4637 3750 4691 caret;

2186 4722 2322 4782 haec
2346 4728 2487 4781 enim
2516 4727 2753 4791 nomina,
2791 4728 3034 4796 quamvis
3071 4728 3210 4796 apud
3241 4725 3458 4783 Latinos
3486 4722 3588 4777 sub
3636 4736 3744 4776 uno

2190 4823 2436 4879 accentu,
2474 4815 2679 4885 subque
2702 4830 2806 4869 una
2826 4816 2871 4845 ¹¹
2892 4815 3293 4884 compositionis
3323 4811 3601 4867 harmonia
3632 4810 3746 4865 usi.

2192 4913 2303 4959 tate
2331 4920 2434 4960 non
2482 4904 2837 4976 proferantur,
2885 4914 3112 4974 excepto
3147 4918 3213 4959 eo
3241 4904 3458 4965 nomine
3485 4903 3629 4971 quod
3668 4908 3753 4956 est

2192 4996 2673 5065 superessentialis,
2717 5010 2748 5049 a
2776 4994 2997 5051 Graecis
3037 5004 3213 5053 tamen
3257 4995 3356 5051 sub
3411 5008 3516 5061 uno
3567 5000 3755 5048 tenore

2193 5089 2489 5160 composita
2520 5089 2959 5159 pronunciantur.
2990 5087 3273 5158 Nunquam
3308 5089 3479 5157 enim,
3528 5096 3624 5145 aut
3664 5087 3754 5145 vix

1782 5237 2033 5298 VARIAE
2066 5238 2465 5301 LECTIONES.

593 5365 674 5437 ἔΑ
700 5382 810 5437 esse
830 5367 1002 5421 simul.
1080 5369 1101 5399 '
1142 5366 1234 5422 Sic
1256 5367 1424 5433 CDE;
1457 5367 1501 5422 Δ
1523 5370 1646 5423 sive.
1702 5371 1746 5437 _'
1776 5370 1870 5427 Sic
1893 5371 2063 5437 08E;
2095 5373 2137 5427 Α
2175 5383 2245 5427 ιε.
2318 5374 2345 5406 δ
2375 5372 2487 5428 Vos:
2529 5386 2578 5430 et
2624 5375 2889 5432 silentium
2920 5392 3027 5433 om.
3058 5377 3208 5433 CDE.
3289 5377 3311 5410 '
3336 5379 3379 5433 A
3409 5377 3566 5432 enim.

3660 5375 3752 5430 Ἐ

519 5434 635 5531 πειή
664 5435 808 5531 ,Ἃ
827 5438 1262 5531 εειλορρρξίξυῃξ.
1338 5428 1475 5531 [ΒΕ
1500 5428 2112 5531 μειήδξίςηρηυιὲςᾈ
2140 5444 2222 5496 de.
2300 5428 2595 5531 fugerit:
2617 5428 3037 5531 Ligynas:
3067 5428 3264 5530 ῖιίᾶόιε
3308 5428 3751 5531 {indigenum}

591 5503 888 5576 "suam.
914 5503 990 5559 Α(
1013 5503 1026 5506 ⁷
1056 5508 1098 5539 ¹⁸
1127 5506 1303 5575 Igitur
1348 5523 1456 5564 om.
1488 5510 1555 5564 Α.
1634 5509 1678 5542 ¹⁵
1706 5512 1783 5566 sic
1809 5511 1970 5576 CDE;
1995 5503 2085 5575 {si
2132 5527 2241 5567 0m.
2288 5514 2352 5569 Α.

518 5591 895 5693 nmen-mc...
941 5591 1269 5652 μπεραληυια.
1294 5591 1335 5632 Δ
1368 5591 1515 5633 addit
1555 5591 1607 5633 td
1653 5591 1726 5635 est
1757 5591 1947 5652 ptusqu

520 5640 681 5720 CB__;
709 5642 751 5695 Δ
792 5656 1119 5720 quoniamst
1142 5648 1395 5720 sapienti:
1466 5649 1513 5720 ίξ
1545 5649 1584 5703 Α
1618 5650 1951 5720 insapientia.

2431 5515 2759 5596 “I‘Siq‘DiC
2790 5518 3092 5596 aggesta;
3117 5520 3159 5596 ἱἔ
3182 5536 3226 5570 e.
3257 5536 3303 5573 e.
3334 5515 3641 5596 stipans}?
3663 5515 3754 5596 3ἨΕ

806 5594 895 5659 fg;
918 5658 923 5659 γ
941 5574 1269 5659 νπεραᾉηθισε.
1294 5578 1515 5659 dadd-it
1555 5580 1607 5659 id
1625 5590 1726 5659 ,ρει
1757 5574 2188 5659 plusquamucet.
2239 5582 2453 5659 ⁸Ἷ-δίρ
2482 5574 2644 5659 ΟῡΕξ
2676 5574 2720 5639 Ἀ
2750 5574 2901 5638 additI
2923 5588 2977 5659 id
2996 5574 3383 5659 vesipydnsquam
3405 5574 3553 5659 Heu
3592 5585 3633 5615 "
3662 5574 3756 5639 Sic

617 5652 681 5727 53;
709 5652 751 5695 Α
776 5652 1398 5727 quant-:pmetsapienti;
1466 5652 1965 5727 ’,ξ-Α-ξῃειιρζεηιξςι.Δ
2034 5652 2075 5683 "
2106 5652 2195 5708 Sic
2217 5652 2979 5727 gDEignegqliopraesenti.
3046 5652 3221 5727 f°'Sic
3242 5652 3359 5722 UE;
3388 5656 3451 5710 Α.
3477 5654 3755 5727 plusquam

522 5671 681 5705 υσω,
709 5671 751 5695 ιι
792 5671 1042 5709 quintum
1074 5671 1119 5699 ει
1142 5671 1388 5714 aztplcllll-
1467 5671 1509 5680 "'
1545 5671 1584 5703 Α
1618 5671 1951 5720 msaptemm.
2034 5671 2073 5683 "
2106 5671 2195 5708 DIC
2224 5671 2387 5715 ADL;
2414 5671 2452 5707 lt
2477 5671 2537 5707 ne
2575 5683 2577 5701 ι

522 5710 708 5764 veritas
733 5725 869 5764 vero.
945 5710 989 5741 “
1012 5712 1207 5779 digitur
1225 5731 1332 5770 stu.
1359 5717 1399 5775 C
1424 5733 1437 5781 ;
1475 5717 1726 5777 Similiter
1746 5722 2057 5778 si—dicitur
2083 5739 2188 5785 om.
2217 5723 2277 5778 Ι).
2357 5723 2400 5755 ’⁸
2424 5671 2577 5779 δίοὲ

2580 5722 2649 5786 E;
2679 5724 2721 5777 Α
2743 5724 2837 5778 sub
2871 5741 2974 5780 una
2996 5743 3016 5793 ,-
3044 5725 3088 5781 D
3107 5727 3200 5780 sub
3225 5743 3448 5797 unaque.
