2097 3138
198 190 247 218 461

636 186 680 213 DE
698 185 868 214 DlVlSlOME
887 184 1061 213 NATURAE.
1080 199 1116 204 —
1133 183 1233 217 LIBER
1252 182 1391 210 PRIMUS.

1770 183 1821 211 46⁵2

202 236 331 268 invenies,
348 234 526 268 superbonum
554 240 600 258 seu
622 232 629 246 ¹
659 235 879 266 superaeternum
906 234 980 258 ccte-
994 233 1021 262 Α
1034 231 1202 262 videbantur,
1233 237 1304 255 nunc
1335 229 1404 255 inter
1435 235 1465 255 se
1498 228 1611 256 invicem
1626 230 1821 262 εοιινοιιίι-ο,ει

202 289 286 316 raque
311 279 407 307 similia
434 278 577 313 composite
603 276 725 312 proferri.
753 275 824 304 Dtsc.
845 276 877 302 Et
898 276 907 290 '
934 282 982 309 ego

198 328 256 362 ipse
270 326 345 353 valde
360 325 487 356 admiror,
506 330 558 358 quo
578 322 758 354 intendebam,
770 321 877 356 quando
891 321 900 337 ³
913 321 982 348 hanc

199 380 253 398 non
279 369 454 406 spernendam
477 367 677 403 inquisitionem
706 367 833 393 intactam
858 371 982 400 praeter-

200 416 333 443 miseram.
345 415 432 449 Atque
446 413 506 441 ideo
517 420 577 440 eam
596 420 611 439 a
627 416 653 439 te
666 412 765 449 aperiri
778 412 876 438 obnixe
886 416 979 445 postu-

199 462 233 488 lo.
259 461 368 496 Quoquo
390 461 470 488 modo
488 459 559 487 enim
573 459 662 486 divina
688 459 836 486 substantia
852 466 899 485 seu
914 458 973 485 sitn-

197 506 308 542 plicibus
339 506 471 533 orationis
497 505 639 540 partibus,
666 512 712 532 seu
736 504 908 539 compositis,
936 510 983 530 seu

197 550 301 583 solutis,
311 557 410 585 graece
423 557 470 576 seu
483 549 578 581 latine,
590 552 693 576 tantum
704 553 734 575 ut
747 549 855 583 proprie
865 547 984 582 profera-

199 601 253 629 tur,
268 604 322 623 non
343 594 486 622 incﬂ'abilis
501 602 558 621 esse
574 594 717 621 videbitur.
730 593 788 620 Non
805 594 876 620 enim
894 591 985 620 ineffa-

198 640 251 667 bile
266 645 318 673 est,
339 640 410 674 quod
427 639 622 673 quodammodo
637 638 688 665 fari
702 642 799 673 potest.
826 638 895 665 MAG.
909 637 985 665 Nunc

198 688 307 724 vigilas,
320 691 350 713 ut
364 686 375 701 "
390 685 476 712 video.
491 685 563 712 Dlsc.
576 684 663 720 Vigilo
687 685 805 719 quidem,
825 685 869 711 sed
886 684 918 710 de
934 684 985 711 hac

201 732 357 768 interposita
383 730 539 766 quaestiune
561 729 599 756 nil
622 729 711 757 adhuc
729 729 816 756 video.
831 728 900 756 MAG.
917 727 983 754 Redi

201 779 283 814 igitur
297 777 329 804 ad
343 784 385 807 ea,
401 783 471 810 quae
483 775 562 810 paulo
577 775 702 809 superius
716 775 786 801 inter
798 781 847 801 nos
863 773 984 800 confecta

200 828 271 850 sunt.
287 822 358 849 Duas
372 827 497 855 namque,
512 820 539 847 ni
556 819 643 852 fallor,
659 819 864 846 sublimissimas
881 818 982 845 theolo-

198 869 257 904 giac
270 872 359 903 partes
376 874 436 894 esse
458 866 591 899 diximus;
609 870 636 892 et
650 865 701 892 hoc
719 872 771 892 non
785 872 817 891 ex
836 864 924 896 nobis,
937 863 983 890 sed

198 915 357 942 auctoritate
372 914 400 941 S.
416 913 536 948 Dionysii
554 912 732 947 Areopagitae
747 911 921 945 accipientes,
936 909 981 944 qui

198 960 376 996 apertissime,
393 964 422 987 ut
436 960 535 986 dictum
556 962 611 990 est,
627 958 781 992 bipertitam
806 956 980 991 Theologiam

199 1007 295 1034 asserit
314 1012 383 1038 esse,
408 1005 498 1036 idest,
526 1006 694 1040 καταφατικήν
723 1002 735 1018 ⁵
760 1006 787 1029 ει
813 1002 982 1038 ὰποφατικήν,

199 1058 265 1085 quas
275 1050 370 1078 Cicero
383 1050 409 1077 in
420 1048 585 1076 inlentionem
597 1047 608 1063 ‘
620 1052 643 1074 et
656 1046 829 1081 repit/sionem
842 1044 982 1078 transfert,

198 1104 246 1123 nos
260 1100 358 1126 autem,
375 1099 403 1121 ut
417 1093 534 1128 apertius
553 1092 594 1119 vis
617 1092 756 1119 nominum
786 1090 930 1122 clarescat,
951 1090 979 1117 in

198 1141 402 1169 aﬂlrmationem
429 1143 455 1166 et
482 1138 651 1174 negationem
666 1136 809 1164 maluimus
838 1135 982 1163 tranferre.

198 1186 272 1214 Dtsc.
285 1186 401 1216 Talium,
416 1188 445 1211 ut
459 1184 587 1215 arbitror,
600 1182 738 1210 recordari
760 1189 803 1208 me
827 1182 914 1208 video.
930 1180 984 1208 Sed

199 1232 263 1267 quid
278 1232 310 1258 ad
326 1232 402 1263 haec,
418 1237 486 1265 quac
498 1237 568 1257 nunc
580 1228 753 1256 considerare
768 1227 904 1259 volumus,
919 1234 983 1261 pro-

198 1279 264 1310 sint,
272 1278 397 1308 .nondum
411 1283 526 1312 agnosco
534 1276 556 1301 τ.
569 1275 639 1302 ΜΔΕ.
652 1274 746 1302 Nonne
754 1274 839 1306 vides,
848 1274 916 1300 haec
924 1274 985 1306 duo,

198 1324 403 1351 atlirmationcm
423 1322 544 1350 videlicet
557 1326 584 1348 et
607 1321 788 1357 negationem,
807 1320 857 1348 sibi
874 1320 987 1347 invicem

197 1370 318 1405 opposita
326 1376 385 1396 esse
391 1369 402 1395 ?
409 1368 481 1396 DISC.
492 1368 564 1395 Satis
570 1367 647 1394 video
655 1387 662 1399 ,
674 1371 703 1394 et
714 1366 751 1393 nil
757 1365 816 1401 plus
823 1365 985 1393 contrarium

196 1419 288 1450 posset
299 1416 309 1430 ⁸
326 1421 397 1447 esse,
412 1414 537 1440 arbitror.
558 1412 628 1440 MAG.
650 1411 761 1439 Intende
784 1411 865 1446 igitur
875 1411 986 1445 diligen-

200 1461 263 1487 tius.
279 1459 347 1486 Nam
362 1467 423 1486 cum
444 1458 477 1485 ad
496 1457 632 1493 perfectae
655 1456 866 1484 ratiocinationis
883 1455 986 1482 contui—

198 1512 256 1533 tum
272 1504 438 1540 perveneris,
450 1503 516 1531 satis
526 1503 598 1530 clare
607 1502 617 1518 ⁹
632 1501 823 1534 considerabis,
834 1501 901 1528 haec
918 1501 982 1532 duo,

199 1559 272 1587 quae
292 1550 418 1577 videntur
431 1550 502 1576 inter
522 1556 551 1576 se
563 1556 622 1576 esse
643 1547 789 1579 contraria,
813 1546 885 1573 nullo
904 1545 983 1572 modo

201 1597 310 1625 sibimet
323 1595 429 1631 apponi,
445 1595 507 1621 dum
520 1594 592 1621 circa
603 1593 720 1620 divinam
733 1595 855 1619 naturam
870 1597 981 1618 versan-
997 1605 1018 1637 C

201 1648 254 1675 tur,
266 1642 311 1670 sed
332 1650 383 1676 per
395 1641 482 1668 omnia
496 1640 522 1667 in
534 1639 658 1666 omnibus
670 1638 721 1665 sibi
739 1638 852 1665 invicem
869 1645 982 1664 consen-

198 1688 267 1715 tiunt
284 1687 314 1713 ¹⁰.
328 1687 359 1713 Et
372 1690 399 1713 ut
411 1687 461 1713 boc
472 1685 589 1720 apertius
601 1684 658 1716 fiat,
672 1683 766 1718 paucis
776 1687 885 1710 utamur
893 1688 983 1708 exeun-

197 1734 257 1768 plis.
283 1732 363 1760 Verbi
392 1731 487 1767 gratia,
515 1732 668 1766 καταφατική
699 1729 772 1762 dicit,
797 1728 898 1755 veritas
926 1732 981 1759 est;

198 1780 339 1815 ἀποφατική
364 1777 535 1807 contradicit,
550 1776 649 1802 veritas
665 1782 716 1802 non
738 1778 788 1801 est.
817 1773 866 1801 Hic
878 1773 983 1800 videtur

198 1825 327 1860 quaedam
342 1824 426 1850 forma
454 1821 688 1852 contradictionis;
705 1820 753 1848 sed
771 1820 832 1847 dum
855 1818 984 1846 intentius

197 1870 337 1904 inspicitur
353 1869 385 1901 ”,
399 1868 471 1895 nulla
485 1866 669 1895 controversia
680 1865 822 1900 reperitur.
838 1863 904 1891 Nam
917 1871 984 1898 quae

199 1917 275 1948 dicit,
287 1915 385 1942 veritas
397 1918 448 1946 est,
462 1921 515 1940 non
529 1912 653 1945 aﬂirmat,
670 1911 779 1946 proprie
789 1910 908 1937 divinam
921 1909 983 1937 sub—

200 1961 328 1987 stantiam
342 1960 482 1987 veritatem
495 1966 566 1990 esse,
580 1958 626 1984 scd
640 1956 687 1983 tali
704 1956 813 1983 nomine
827 1963 875 1990 per
900 1958 984 1981 meta—

198 2008 312 2043 phoram
329 2014 343 2033 a
358 2011 481 2034 creatura
501 2005 534 2032 ad
551 2005 706 2044 Creatorem
726 2003 814 2031 vocari
829 2009 922 2037 posse;
938 2009 984 2029 nu-

200 2054 261 2079 dam
286 2052 420 2086 siquidem
438 2051 564 2085 omnique
576 2050 683 2085 propria
707 2049 901 2084 signiﬁcatione
923 2048 985 2075 reli-

200 2103 270 2126 ctam
291 2097 408 2125 divinam
433 2097 578 2124 essentiam
602 2096 699 2123 talibus
721 2093 859 2122 vocabulis
894 2093 983 2119 vestit.

200 2143 237 2170 Ea
250 2150 328 2175 vero,
341 2149 409 2176 quae
421 2142 494 2172 dicit,
510 2141 610 2167 veritas
622 2148 676 2168 non
692 2143 744 2172 est,
756 2138 853 2166 merito
868 2137 985 2165 divinam

201 2192 325 2215 naturam
337 2185 633 2220 incomprehensibilem
646 2183 863 2217 ineﬂabilemque
877 2182 898 2197 ¹¹
915 2181 986 2209 clare

201 2241 366 2268 cognoscens
380 2232 412 2265 ",
423 2240 473 2259 non
483 2239 541 2258 eam
554 2235 634 2267 negat
641 2238 711 2262 esse,
723 2229 769 2257 sed
781 2229 921 2256 veritatem
936 2234 986 2255 nec

200 2278 291 2304 vocari
318 2277 435 2312 proprie,
454 2284 503 2304 nec
525 2284 594 2304 esse.
610 2275 740 2304 Omnibus
754 2274 825 2302 enim
851 2273 985 2315 signiﬁca—

199 2322 329 2355 tionibus,
348 2330 414 2357 quas
441 2321 463 2337 “
484 2323 639 2357 καταφατική
654 2319 825 2347 Divinitatem
847 2318 932 2345 induit
950 2316 983 2350 ίι,

199 2368 339 2403 ἀποφατική
354 2375 414 2394 eam
426 2367 542 2401 spoliare
555 2374 607 2393 non
619 2366 713 2392 nescit.
726 2363 786 2391 Una
796 2364 867 2391 enim
880 2362 901 2378 ¹⁶
909 2362 984 2394 dicit,

200 2412 330 2445 sapientia
351 2416 404 2444 est,
426 2412 500 2438 verbi
525 2411 623 2446 gratia,
649 2417 709 2437 eam
738 2409 869 2440 induens;
899 2408 985 2446 altera

201 2455 276 2489 dicit,
289 2456 421 2491 sapientia
439 2464 492 2483 non
508 2461 560 2489 est,
574 2455 686 2483 eandem
700 2462 811 2482 exuens.
829 2453 887 2480 Una
902 2439 987 2495 igitur!)

202 2500 276 2532 dicit,
296 2501 346 2528 hoc
360 2501 453 2528 vocari
478 2505 573 2536 potest,
591 2500 638 2527 sed
656 2507 709 2527 non
724 2499 799 2530 dicit,
814 2497 865 2524 hoc
878 2496 985 2532 proprie

200 2551 258 2578 est;
272 2547 352 2574 altera
367 2548 441 2580 dicit,
458 2549 509 2575 hoc
525 2556 578 2575 non
589 2552 640 2580 est,
653 2545 777 2581 quamvis
791 2552 823 2571 ex
834 2544 885 2571 hoc
897 2542 973 2578 appcl

200 2591 249 2618 lari
267 2597 366 2626 potest.
386 2594 460 2620 DISC.
473 2592 555 2625 Haec,
570 2592 595 2619 ni
610 2591 698 2624 fallor,
714 2589 881 2625 apertissime
896 2589 982 2620 video,

199 2642 228 2664 et
241 2645 272 2665 ea
287 2638 308 2654 ¹⁷
333 2645 404 2673 quae
414 2639 502 2666 adhuc
517 2633 613 2665 mihi'a
624 2645 654 2666 se
667 2636 782 2664 invicem
803 2632 984 2669 discrepantia

1036 277 1061 303 in
1076 274 1148 303 milio
1163 283 1177 301 a
1192 275 1286 308 seipsis
1300 273 1452 306 dissentire,
1471 273 1534 300 dum
1548 274 1620 301 circa
1636 273 1719 301 Deum
1732 275 1819 301 consi«

1034 323 1173 354 derantur,
1189 321 1248 347 luce
1271 320 1369 347 clarius
1393 323 1544 354 patescunt.
1562 319 1615 347 Sed
1641 320 1776 354 quomodo
1788 320 1822 348 ad

1035 368 1184 404 praesentis
1196 368 1360 402 quaestionis
1374 366 1534 395 solutionem
1545 367 1687 400 attineant,
1701 367 1820 396 nondum

1035 421 1114 441 nosse
1125 422 1167 440 me
1181 412 1274 440 fateor.

1070 479 1140 507 MAG.
1156 479 1272 507 Attende
1286 479 1368 514 igitur
1383 479 1548 514 vigilantius,
1561 482 1641 513 atque
1655 480 1726 514 ipsas
1736 480 1821 516 signi-

1036 525 1186 557 ﬁcationes,
1201 533 1270 559 quae
1290 526 1364 560 prius
1388 524 1508 558 adjectae
1517 528 1589 557 sunt,
1609 525 1821 559 superessentia—

1036 572 1087 599 lem
1100 572 1170 602 dico,
1185 571 1325 606 plusquam
1331 570 1484 602 veritatem,
1495 570 1637 605 plusquam
1648 571 1819 604 sapientiam,

1035 622 1194 651 ceterasque
1219 616 1340 647 similes,
1365 616 1399 643 ad
1421 623 1503 650 quam
1532 620 1635 649 partem
1660 615 1821 650 Tlieologiae

1035 662 1199 697 pertineant,
1222 664 1312 687 utrum
1333 659 1509 687 afﬁrmativae
1530 667 1564 686 an
1578 659 1720 694 negativae
1739 660 1820 694 appli~

1036 709 1137 736 caudae
1159 712 1233 739 sunt,
1254 712 1384 742 quantum
1409 707 1456 734 tibi
1481 707 1607 741 possibile
1632 706 1663 739 “,
1690 706 1819 734 edissere.

1036 754 1108 781 Disc.
1126 753 1181 781 Hoc
1202 761 1250 787 per
1262 753 1392 786 meipsum
1415 753 1571 780 discernere
1582 760 1634 779 non
1644 752 1711 779 satis
1723 752 1818 779 audeo.

1035 799 1102 827 Nam
1117 807 1178 827 cum
1194 799 1345 834 praedictas
1358 799 1567 833 signiﬁcationes
1587 799 1709 836 negativa
1726 805 1820 826 carere

1035 846 1167 881 particula
1181 846 1333 877 considero,
1355 853 1424 880 quae
1442 850 1547 873 estnon
1560 866 1567 878 ,
1593 846 1731 879 negativae
1749 845 1820 880 parti

1035 890 1198 925 Tbeologiae
1222 891 1369 925 adjungere
1394 898 1439 917 eas
1463 891 1485 908 "
1507 891 1677 925 pertimesco.
1705 890 1733 917 Si
1756 898 1819 918 vero

1034 936 1209 964 aﬂirmativae
1239 937 1309 970 parti
1336 937 1443 964 easdem
1480 936 1636 971 adiunxero,
1656 937 1819 964 intellectui)

1034 990 1127 1010 earum
1141 981 1206 1008 mihi
1217 989 1270 1008 non
1288 982 1441 1009 consentire
1454 989 1597 1016 cognosco.
1612 982 1680 1009 Cum
1692 982 1764 1009 enim
1775 982 1817 1009 di-

1035 1031 1117 1062 citur,
1131 1029 1364 1064 superessentialis
1375 1033 1425 1061 est,
1438 1029 1476 1056 nil
1487 1029 1558 1056 aliud
1571 1029 1635 1056 mihi
1651 1029 1673 1044 “
1688 1029 1767 1055 datur
1779 1028 1819 1055 in-

1036 1075 1127 1109 telligi,
1149 1082 1229 1108 quam
1246 1075 1352 1109 negatio
1376 1074 1518 1101 essentiae.
1534 1074 1584 1107 Qui
1600 1074 1671 1100 enim
1685 1073 1761 1105 dicit,
1775 1081 1819 1100 su-

1035 1120 1235 1156 peressentialis
1263 1124 1313 1151 est,
1338 1124 1431 1154 aperte
1454 1123 1533 1154 negat
1558 1118 1725 1146 essentialem
1746 1126 1815 1146 esse.

1035 1169 1075 1194 Ac
1086 1175 1134 1201 per
1144 1167 1205 1198 hoc,
1220 1166 1342 1200 quamvis
1355 1166 1381 1193 in
1394 1166 1616 1200 pronunciatione
1628 1172 1724 1192 vocum
1735 1172 1817 1200 nega-

1037 1213 1075 1240 tio
1087 1220 1138 1239 non
1164 1215 1301 1246 appareat,
1326 1210 1430 1238 occulte
1452 1215 1541 1237 tamen
1560 1209 1642 1244 ipsius
1666 1209 1818 1236 intellectus

1035 1258 1104 1285 bene
1119 1257 1321 1284 considerantes
1335 1263 1388 1283 non
1412 1255 1488 1282 latet.
1506 1254 1633 1287 Proinde,
1646 1258 1676 1281 ut
1689 1254 1817 1284 arbitror,

1036 1303 1115 1330 fateri
1137 1309 1229 1338 cogor,
1254 1303 1303 1329 has
1330 1301 1481 1335 praedictas
1508 1300 1729 1334 signiﬁcationes,
1749 1306 1820 1333 quae

1037 1348 1179 1380 negatione
1204 1347 1328 1373 videntur
1342 1353 1451 1376 carere,
1466 1349 1596 1379 quantum
1613 1344 1692 1371 datur
1719 1344 1819 1371 intelli<

1036 1397 1109 1427 gere,
1124 1392 1183 1426 plus
1205 1390 1345 1425 negativae
1369 1388 1529 1423 Theologiae
1556 1388 1625 1423 parti
1645 1395 1726 1422 quam
1749 1387 1819 1415 afﬁr-

1036 1438 1152 1466 mativae
1163 1436 1315 1464 convenire.
1328 1434 1398 1462 Mm.
1406 1434 1567 1461 Cautissime
1578 1437 1606 1460 et
1616 1433 1820 1468 Vigilantissime

1037 1483 1207 1517 respondisse
1219 1486 1244 1509 te
1258 1481 1347 1514 video,
1361 1480 1527 1514 multumque
1540 1480 1668 1515 approbo,
1684 1480 1818 1514 quomodo

1037 1529 1064 1556 in
1089 1526 1311 1561 pronunciatione
1339 1525 1513 1553 aﬂii'mativae
1539 1525 1624 1559 partis
1655 1524 1819 1552 intellectum

1034 1574 1178 1620 rnegativae
1201 1571 1376 1600 subtilissime
1390 1571 1561 1606 perspexisti.
1587 1570 1647 1598 Fiat
1675 1570 1772 1605 igitur,
1796 1570 1819 1597 sl

1034 1616 1134 1656 placet,
1153 1619 1305 1654 praesentis
1318 1617 1397 1651 hujus
1411 1617 1577 1652 quaestionis
1589 1616 1685 1645 solutio
1701 1616 1751 1644 hoc
1763 1623 1819 1643 ino-

1033 1667 1078 1699 do,
1095 1670 1122 1693 ut
1143 1665 1209 1692 haec
1235 1664 1324 1692 omnia
1352 1664 1386 1696 ’¹,
1408 1671 1477 1698 quae
1503 1662 1650 1696 adiectione
1673 1670 1750 1697 super
1777 1662 1820 1691 vel

1032 1713 1172 1748 plusquam
1195 1710 1388 1746 particularum
1403 1711 1435 1738 de
1451 1710 1506 1737 Deo
1520 1709 1726 1744 praedicantur,
1737 1712 1767 1735 ut
1778 1711 1821 1735 at

1034 1752 1276 1795 superessentialis,
1301 1758 1442 1793 plusquam
1468 1756 1579 1789 veritas,
1608 1755 1749 1790 plusquam
1776 1761 1820 1781 sa-.

1033 1806 1144 1842 pientia,
1167 1809 1195 1832 et
1220 1803 1328 1836 similia,
1362 1803 1475 1831 duarum
1496 1801 1695 1836 praedictarum
1731 1798 1819 1826 Theo-

1034 1852 1120 1886 logiae
1147 1850 1263 1886 partium
1291 1851 1318 1877 in
1367 1856 1396 1876 se
1432 1847 1588 1882 plenissime
1615 1847 1670 1874 sint
1698 1852 1820 1880 compre-

1034 1898 1161 1929 hcnsiva;
1187 1897 1224 1924 ita
1247 1901 1276 1924 ut
1300 1896 1327 1922 in
1351 1893 1574 1930 pronunciatione
1602 1892 1715 1919 formam
1748 1889 1820 1917 afﬁr-

1034 1944 1151 1970 mativae
1165 1963 1172 1975 ,
1196 1943 1222 1969 in
1237 1943 1260 1959 "
1280 1941 1416 1968 intellectu
1444 1947 1509 1966 vero
1537 1940 1664 1965 virtutem
1692 1936 1820 1965 abdicati-

1034 1995 1083 2015 vae
1096 1988 1119 2004 “
1143 1988 1291 2015 obtineant.
1314 1986 1348 2013 Et
1362 1986 1413 2012 hoc
1426 1984 1502 2012 brevi
1515 1983 1704 2012 concludamus
1728 1989 1821 2009 axem.

1034 2034 1087 2068 pio.
1112 2032 1233 2059 Essentia
1252 2035 1308 2063 est,
1335 2029 1492 2061 afﬁrmatio;
1524 2028 1639 2056 essentia
1675 2033 1729 2053 non
1753 2031 1816 2058 est,

1036 2078 1185 2110 abdicatio;
1209 2075 1441 2111 supereswntialis
1469 2078 1526 2106 est,
1561 2071 1700 2099 atﬁrmatio
1739 2071 1820 2098 simul

1036 2130 1061 2153 et
1098 2124 1230 2152 abdicatio
1256 2122 1290 2149 “.
1313 2122 1343 2149 In
1371 2120 1513 2155 superficie
1545 2119 1645 2146 etenim
1677 2118 1821 2152 negatiom

1037 2175 1126 2203 caret;
1142 2171 1167 2198 in
1181 2170 1205 2186 "
1218 2168 1356 2197 intellectu
1368 2167 1512 2202 negatione
1524 2165 1618 2201 pollet.
1634 2163 1702 2191 Nam
1716 2164 1761 2198 qui
1776 2163 1818 2191 di-

1037 2218 1083 2249 cit,
1107 2214 1341 2250 superessentialis
1355 2217 1414 2245 est,
1433 2219 1497 2244 non,
1509 2211 1573 2246 quid
1594 2214 1646 2243 est,
1669 2209 1745 2241 dicit,
1760 2209 1818 2242 sed,

1038 2262 1101 2296 quid
1114 2268 1167 2289 non
1191 2263 1250 2292 est;
1276 2258 1341 2287 dicit
1362 2257 1434 2285 enim
1458 2255 1603 2284 essentiam
1616 2262 1670 2282 non
1691 2253 1821 2285 esse,sed

1036 2307 1178 2341 plusquam
1193 2304 1348 2332 essentiam.
1375 2302 1444 2335 Quid
1469 2305 1560 2327 autem
1586 2300 1649 2327 illud
1676 2303 1729 2332 est,
1747 2298 1819 2333 quod

1034 2354 1177 2388 plusquam
1201 2350 1317 2378 essentia
1349 2353 1401 2382 est,
1432 2355 1485 2375 non
1517 2346 1653 2381 exprimit,
1678 2352 1817 2376 asserens,

1038 2401 1122 2428 Deum
1136 2405 1188 2426 non
1207 2403 1267 2425 esse
1286 2396 1386 2431 aliquid
1399 2402 1492 2423 eorum
1506 2401 1576 2428 quae
1593 2397 1666 2425 sunt,
1686 2391 1733 2420 sed
1756 2391 1816 2426 plus

1035 2452 1116 2480 quam
1128 2451 1159 2471 ea
1172 2450 1242 2478 quae
1255 2446 1319 2470 sunt
1340 2447 1401 2468 esse
1413 2449 1420 2467 -.
1444 2439 1508 2467 illud
1520 2443 1609 2466 alitem
1621 2444 1682 2465 esse
1691 2436 1755 2471 quid
1773 2436 1818 2467 sit,

1036 2491 1107 2518 nullo
1130 2489 1210 2517 modo
1240 2488 1340 2515 deﬁnit.
1367 2486 1440 2514 Disc.
1467 2485 1494 2511 In
1518 2485 1568 2511 hac
1591 2482 1748 2518 quaestione
1765 2487 1819 2506 non

1035 2537 1135 2565 diutius
1147 2533 1351 2565 demorandum,
1360 2537 1390 2559 ut
1400 2531 1524 2561 aestimo,
1537 2533 1565 2556 et
1572 2535 1655 2559 nunc,
1666 2527 1689 2554 si
1701 2525 1817 2556 videtur,
1838 2556 1841 2558 _

1030 2576 1232 2617 iategoriarum
1244 2584 1340 2607 natura
1356 2575 1550 2606 consideranda
1561 2578 1613 2601 est.
1630 2573 1697 2599 MAG.
1712 2570 1817 2597 Aristo—

1027 2617 1102 2657 {cies
1117 2627 1287 2656 acutissimus
1313 2624 1382 2659 apud
1402 2622 1529 2652 Graecos,
1551 2621 1580 2645 ut
1600 2617 1685 2648 aiunt,
1706 2618 1814 2642 natura-
1835 2637 1838 2641 ,

846 2690 973 2719 VARIAE
990 2685 1187 2718 LECTIONES.

237 2755 277 2782 Ἀ
293 2760 352 2783 aut.
390 2756 400 2772 '
412 2755 446 2782 Et
461 2763 515 2783 om.
535 2754 567 2782 Α.
606 2753 616 2769 ³
628 2754 748 2787 Aquam.
777 2751 838 2787 {ait
853 2757 907 2787 om,
923 2749 954 2775 A.

200 2799 267 2817 nm.
305 2791 316 2807 '
334 2791 379 2818 Sic
391 2791 472 2823 CDE;
486 2791 504 2817 Α
518 2797 653 2823 cognosco.
665 2784 669 2787 ’
691 2788 701 2803 ¹
714 2785 850 2823 εἰεΑΟΡΕξς
864 2784 885 2811 Δ
897 2792 912 2819 p

341 2861 362 2878 ¹⁷
377 2858 423 2888 Sic
440 2858 524 2892 CDE;
540 2864 562 2887 et
576 2867 606 2886 ea
618 2866 673 2886 om.
687 2858 719 2883 A.

196 2868 252 2892 om.
268 2860 302 2887 Α.
341 2861 362 2878 ¹⁷
377 2856 423 2888 Sic
440 2856 524 2892 CDE;
540 2864 562 2887 et
576 2867 606 2886 ea
618 2866 673 2886 om.
687 2858 719 2883 A.
757 2856 810 2892 ΨΑ
825 2863 858 2890 P0

201 2871 252 2889 ΜΗ.
268 2871 302 2887 Δ·
341 2871 359 2878 .-
377 2871 423 2888 διδ
440 2871 524 2892 υυῦί
540 2871 562 2887 ει
576 2871 606 2886 eu
618 2871 673 2886 Ulll-
687 2871 719 2883 nl
790 2871 810 2883 Π
826 2871 950 2890 γυθδινηυ
963 2871 1009 2879 ¹¹⁹¹¹
1088 2871 1108 2875 ¹“
1131 2871 1171 2875 ’“’“
1274 2871 1287 2884 ."
1325 2876 1331 2883 v
1523 2871 1528 2876 '

201 2895 222 2922 Α
237 2897 335 2923 etauio.
372 2896 396 2912 “
415 2896 443 2922 in
463 2902 516 2922 om.
537 2893 591 2922 CD.
630 2893 652 2908 "
667 2893 693 2919 in
713 2891 842 2918 intellectu
854 2905 888 2910 —
901 2886 1059 2915 abdicatione
1078 2891 1131 2911 om.
1148 2882 1177 2909 Ε.
1216 2880 1238 2895 ’⁸
1253 2879 1297 2905 Sic
1312 2876 1391 2908 00E:
1411 2875 1430 2902 Α
1445 2876 1528 2908 ηιᾟιιῑί

992 2745 1079 2774 'CDE
1091 2744 1117 2772 id
1141 2747 1182 2770 est
1203 2742 1231 2768 in
1254 2746 1434 2775 καιτοιιρριξινριηνἶ

914 2790 980 2810 osse.
1016 2782 1027 2798 ⁹
1041 2781 1061 2808 C
1083 2779 1192 2806 clarum.

200 2831 252 2852 tur.
291 2826 312 2841 η
326 2827 346 2852 Α
358 2832 434 2860 atque
446 2819 613 2860 sie/rabiem.
652 2823 673 2838 "
686 2823 731 2850 Sic
740 2819 815 2853 eos;
825 2819 846 2846 A
857 2825 1007 2859 agnoscens.
1046 2819 1066 2830 "
1080 2819 1124 2841 διο
1134 2819 1210 2843 uvis;
1223 2819 1241 2851 εξ
1255 2819 1354 2844 ψιιυιιδ-
1381 2819 1409 2856 ,ς
1424 2819 1468 2844 σιξ
1479 2819 1554 2843 νυνι
1565 2819 1586 2826 ⁸·
1599 2819 1680 2850 ννηῖιν
1699 2835 1705 2841 -

200 2868 242 2881 mn
271 2860 299 2881 A,
341 2861 362 2878 ιτ
377 2862 422 2881 sap
440 2860 523 2881 nna-
540 2864 562 2881 ει
576 2867 606 2881 an
618 2866 673 2881 mn.
688 2858 719 2881 Α.
757 2856 778 2871 ιθ
790 2857 810 2881 Α
825 2853 950 2881 οοεεὼιιε
963 2856 1009 2879 est.
1048 2850 1069 2866 ι’
1088 2850 1108 2875 Δ
1130 2856 1173 2875 ea:
1193 2846 1376 2881 αάιιιχιθεζςλ-
1415 2839 1483 2881 ΔτηιΙιι
1500 2843 1554 2881 (ξζτξ-
1573 2836 1617 2881 Α;,
1630 2870 1655 2881 ἐμ
1671 2834 1722 2881 ,ξ’-θ

1472 2734 1483 2749 ι
1497 2730 1542 2758 Sic
1553 2729 1636 2761 GDE;
1651 2729 1673 2755 Α
1695 2712 1829 2755 immeo!

1425 2770 1446 2796 Α
1461 2765 1614 2801 consentire.
1652 2763 1673 2801 ξι
1689 2764 1819 2801 Α-(μρῑςί-

1046 2799 1066 2830 κ
1080 2799 1210 2843 satis;
1223 2810 1241 2836 Α
1255 2799 1354 2844 naus-
1423 2804 1468 2844 δίε
1479 2800 1554 2843 μοιει
1565 2800 1587 2844 ιε
1719 2799 1817 2844 ειεσεικ

1531 2879 1545 2897 o
1594 2870 1617 2886 ²¹
1629 2870 1655 2896 in
1669 2878 1720 2897 om.
1739 2867 1816 2894 CitE.
