4194 6276
524 393 643 459 463

1903 382 2183 441 JOANNIS
2223 382 2418 440 SCOTI

3661 377 3769 433 464

532 504 663 562 lium
703 516 880 557 rerum
910 496 1247 554 discretionis
1297 503 1566 566 repertor,
1610 495 1848 549 omnium
1901 508 2099 557 rerum,
2129 495 2182 553 Α
2207 494 2531 563 signiﬁcare.
2550 491 2682 545 Nam
2702 490 2748 545 si
2769 490 3182 546 sublimissimae
3201 496 3511 543 naturarum
3531 487 3770 543 omnium

535 614 673 670 quae
704 604 823 667 post
852 595 1018 648 Deum
1037 600 1179 652 sunt,
1213 599 1268 646 et
1295 589 1362 644 ab
1390 604 1456 644 eo
1480 596 1713 654 creatae,
1744 588 1759 618 ¹
1794 588 2106 642 innumera-

535 691 672 747 biles
718 686 1008 740 varietates
1036 684 1090 739 in
1134 682 1318 737 decem
1368 679 1765 734 universalibus
1820 678 2105 749 generibus

539 777 820 841 conclusit,
864 789 1001 844 quae
1043 774 1228 828 decem
1255 772 1575 841 categorias,
1601 770 1653 824 id
1681 778 1785 837 est,
1828 769 2107 839 praedica-

539 877 719 925 menta
739 865 971 921 vocavit.
1002 863 1147 919 Nihil
1168 863 1333 928 enim,
1357 869 1419 917 ut
1445 862 1498 917 ei
1525 862 1700 916 visum
1745 862 1786 927 ⁸,
1826 862 1881 916 in
1918 861 2104 916 multi-

540 959 722 1014 tudine
765 966 1073 1013 creatarum
1100 970 1302 1019 rerum,
1326 954 1609 1023 variisque'
1626 955 1924 1009 animorum
1948 955 2109 1010 moti-

540 1053 640 1107 bus
666 1049 894 1105 inveniri
924 1055 1122 1119 potest,
1147 1046 1365 1115 quodin
1394 1045 1573 1116 aliquo
1592 1046 1988 1115 praedictorum
2016 1061 2109 1116 ge-

543 1157 732 1197 nerum
755 1138 953 1194 includi
985 1153 1089 1193 non
1115 1137 1303 1207 possit.
1336 1135 1480 1191 Haec
1508 1144 1690 1190 autem
1712 1151 1742 1189 a
1762 1135 1987 1192 Graecis
2010 1151 2109 1189 vo-

543 1244 738 1288 cantur
761 1235 931 1294 οὐσία,
952 1230 1192 1291 ποσότης,
1210 1228 1415 1288 ποιότης
1438 1226 1483 1291 ³,
1507 1228 1634 1305 πρὸς
1654 1249 1724 1292 τι,
1752 1227 2106 1291 κεῖσθαι,’ἒζις.

543 1323 718 1387 τόπος,
769 1320 979 1395 χρόνος,
1029 1320 1290 1394 πράττειν,
1318 1318 1509 1374 παθεῖν.
1543 1315 1692 1383 Quae
1735 1314 1990 1369 latialiter
2026 1316 2110 1368 di-

545 1423 740 1471 cuntur
796 1413 1037 1477 essentia,
1070 1411 1354 1482 quantitas,
1399 1409 1646 1478 qualitas,
1674 1408 1744 1461 ad
1787 1407 2005 1477 aliquid,
2039 1408 2111 1461 si-

547 1514 651 1571 tus,
682 1504 908 1569 habitus,
938 1502 1102 1566 locus,
1132 1510 1353 1570 tempus,
1386 1516 1553 1570 agere,
1603 1499 1732 1568 pati.
1784 1497 1986 1552 Horum
2019 1512 2117 1550 au-

549 1603 655 1648 tem
698 1593 885 1648 decem
935 1604 1190 1662 generum
1246 1587 1665 1643 innumerabiles
1723 1586 2115 1642 subdivisiones

550 1692 696 1748 sunt,
744 1682 814 1737 de
859 1680 1053 1750 quibus
1093 1694 1235 1735 nunc
1275 1679 1545 1748 disputare
1570 1691 1824 1747 praesens
1846 1676 2114 1746 negotium

549 1788 655 1827 non
700 1771 953 1836 admittit,
990 1785 1058 1825 ne
1113 1769 1321 1839 longius
1358 1783 1388 1822 a
1440 1767 1715 1838 proposito
1779 1766 2133 1829 recedamus,

2206 594 2457 657 posteam
2475 585 2841 639 ordinatarnm
2871 589 3084 636 creatae
3108 595 3328 646 causae,
3355 578 3591 650 solisque
3609 593 3773 650 purae

2207 677 2400 732 mentis
2419 676 2723 746 aspectibus
2751 673 3088 747 perspicuae,
3105 673 3172 726 ab
3189 686 3294 725 una
3327 671 3564 725 omnium
3592 667 3777 725 ineffa-

2206 769 2298 826 bili
2332 773 2494 825 causa’
2521 767 2839 823 excellentia
2870 766 3137 822 essentiae
3179 766 3515 829 deseruntur,
3546 774 3606 819 ut
3631 762 3776 819 nullo

2207 863 2366 918 modo
2391 875 2574 917 earnm
2603 858 2876 915 vocabulis
2912 874 2973 912 ca
2997 857 3214 927 prOprie
3242 857 3408 926 possit
3436 854 3730 923 signiﬁcari
3756 873 3771 909 :

2206 953 2333 1023 quid
2378 951 2664 1007 dicendum
2711 959 2793 1006 est
2841 951 2908 1005 de
2954 950 3040 1004 his
3085 949 3269 1003 decem
3298 948 3583 1017 generibus
3611 960 3774 1017 prae-

2207 1045 2534 1112 dictis,quae
2552 1056 2657 1097 non
2679 1041 2851 1096 solum
2872 1040 2926 1094 in
2950 1040 3111 1094 rebus
3128 1037 3565 1106 intelligibilibus,
3585 1051 3773 1091 verum

2207 1137 2368 1191 etiam
2400 1136 2452 1188 in
2484 1135 2642 1189 rebus
2688 1132 3035 1189 sensibilibus
3064 1129 3482 1200 dignoscantur?
3509 1128 3775 1198 Numquid

2210 1224 2464 1280 credibile
2503 1232 2608 1288 est,
2647 1232 2707 1278 ut
2751 1237 2878 1277 vere
2922 1235 2987 1276 ac
3015 1220 3233 1291 proprie
3282 1220 3348 1273 de
3398 1219 3575 1274 divina
3621 1227 3779 1286 atque

2211 1314 2462 1370 ineli‘abili
2500 1325 2691 1368 natura
2740 1328 2867 1381 prae
2887 1312 3150 1367 licentur?
3183 1313 3224 1344 “
3262 1312 3410 1366 Dlsc.
3446 1312 3526 1366 Ita
3553 1310 3781 1366 arbitror

2214 1406 2525 1461 incredibile
2550 1420 2690 1460 esse.
2739 1403 2854 1459 Non
2894 1413 2975 1458 est
3017 1404 3179 1474 igitur
3204 1405 3369 1471 οὐσία,
3401 1403 3525 1472 quia
3552 1403 3674 1472 plus
3698 1410 3784 1459 est

2215 1514 2373 1568 quam
2406 1500 2585 1562 obsta;
2634 1504 2688 1551 et
2728 1504 2908 1551 tamen
2950 1494 3142 1548 dicitur
3187 1496 3355 1557 οὐσία,
3387 1494 3513 1563 quia
3543 1494 3782 1548 omnium

2214 1592 2415 1652 οὺσιῶν,
2446 1587 2501 1641 id
2547 1595 2630 1641 est
2659 1587 2701 1618 ¹¹
2728 1585 3105 1649 cssentiarum,
3128 1584 3361 1638 creatrix
3405 1592 3504 1637 est.
3534 1582 3648 1636 Non
3702 1591 3787 1638 est

2217 1680 2486 1749 quantitas
2532 1679 2595 1743 ‘3,
2645 1678 2767 1748 quia
2810 1677 2928 1746 plus
2955 1691 3113 1745 quam
3140 1674 3409 1744 quantitas
3442 1684 3545 1730 est.
3594 1673 3784 1730 Omnis

2219 1772 2360 1826 enim
2386 1770 2655 1840 quantitas
2681 1769 2851 1824 tribus
2882 1767 3070 1834 spatiis
3107 1765 3432 1829 extenditur,
3458 1763 3788 1834 longitudine

548 1864 865 1933 praesertim
905 1878 1026 1918 cum
1055 1862 1146 1917 illa
1173 1876 1299 1932 pars
1326 1858 1714 1932 pliilOSOphiae,
1754 1872 1893 1927 quae
1921 1858 2116 1912 dicitur
2143 1847 2190 1906 Β
2218 1860 2432 1930 quidem
2456 1900 2472 1925 ,
2516 1859 2796 1913 latitudine
2815 1898 2830 1921 ,
2870 1857 3167 1910 altitudine.
3208 1856 3356 1922 Quae
3384 1853 3579 1907 iterum
3612 1850 3658 1883 “
3684 1852 3787 1906 tria

553 1954 855 2019 dialectica,
894 1954 1037 2009 circa
1068 1954 1263 2008 horum
1289 1965 1546 2022 generum
1575 1948 1868 2004 divisiones
1894 1964 1923 2001 a
1952 1963 2116 2017 gene-

555 2043 838 2099 ralissimis
866 2044 932 2098 ad
963 2042 1368 2112 specialissima,
1394 2042 1695 2109 iterumque
1735 2040 2074 2097 collectiones
2096 2041 2118 2071 ⁸

555 2149 585 2188 a
615 2133 1016 2204 specialissimis
1044 2136 1109 2187 ad
1138 2131 1536 2203 generalissima
1565 2137 1813 2186 versetur
1833 2131 1875 2185 ⁵.

630 2226 717 2282 15.
779 2225 907 2288 Sed,
943 2235 1005 2280 ut
1041 2226 1116 2280 ait
1153 2232 1371 2281 sanctus
1412 2233 1566 2295 pater
1593 2223 1926 2295 Augustinus
1955 2223 2007 2277 iu
2056 2223 2122 2277 li-

559 2318 672 2374 bris
718 2318 786 2373 de
837 2316 1117 2383 Trinitate,
1175 2316 1297 2371 dum
1354 2316 1421 2370 ad
1450 2315 1473 2348 ‘
1500 2315 1841 2386 theologiam,
1868 2316 1968 2370 hoc
2016 2323 2119 2382 est,

558 2411 627 2465 ad
668 2407 881 2463 divinae
937 2408 1203 2463 essentiae
1265 2406 1725 2477 investigationem
1781 2406 2120 2475 pervenitur,

560 2498 949 2568 categoriarum
1003 2499 1172 2552 virtus
1213 2497 1432 2552 omnino
1476 2495 1824 2565 extinguitur.
1875 2494 2007 2549 Nam
2071 2496 2124 2548 in

561 2589 694 2660 ipsis
723 2589 930 2643 naturis
956 2604 985 2642 a
1017 2588 1126 2643 Deo
1154 2588 1408 2651 conditis,
1438 2587 1778 2655 motibusque
1806 2600 2014 2649 earum,
2038 2600 2129 2640 ca-

566 2680 806 2750 tegoriac
840 2679 1226 2750 qualiscunque
1254 2680 1325 2734 sit
1358 2678 1615 2749 potentia,
1650 2676 1943 2747 praevalet.
1976 2676 2033 2730 ln
2065 2690 2130 2730 ea

562 2784 691 2825 vero
715 2778 928 2836 natura,
959 2785 1097 2839 quae
1136 2784 1234 2825 nec
1262 2769 1387 2833 dici,
1417 2782 1516 2824 nec
1546 2766 1767 2838 intelligi
1796 2774 1994 2836 potest,
2034 2781 2130 2835 per

563 2863 743 2918 omnia
764 2864 818 2918 in
839 2864 1087 2919 omnibus
1115 2864 1312 2918 deﬁcit.
1337 2862 1609 2927 Attamen,
1640 2872 1702 2917 ut
1727 2861 2091 2931 praediximus
2113 2898 2130 2926 ,

566 2953 1016 3022 quemadmodum
1067 2952 1178 3009 fere
1205 2954 1411 3019 omnia,
1448 2969 1588 3023 quae
1639 2953 1703 3008 de
1761 2960 1955 3008 natura
2006 2966 2134 3006 con-

564 3041 797 3097 ditarum
829 3057 1007 3098 rerum
1055 3044 1271 3113 proprie
1307 3042 1701 3112 praedicantur,
1748 3041 1817 3103 de
1854 3041 2134 3097 conditore

566 3149 748 3190 rerum
773 3150 872 3206 per
912 3135 1280 3205 metaphoram
1300 3176 1313 3199 ,
1349 3134 1683 3202 significandi
1716 3132 1909 3202 gratia,
1943 3132 2132 3185 dicun-

2222 1949 2392 2019 spatia
2415 1948 2628 2004 senario
2654 1945 3052 2017 protenduntur
3081 1957 3328 1999 numero.
3354 1940 3491 1995 Nam
3518 1939 3792 2011 longitudo

2221 2054 2434 2094 sursum
2478 2047 2534 2092 et
2574 2038 2857 2101 deorsum;
2909 2034 3134 2087 latitudo
3181 2032 3522 2086 dextrorsum
3568 2038 3623 2084 et
3666 2028 3796 2083 sini-

2222 2139 2510 2194 strorsum;
2540 2127 2763 2181 altitudo
2794 2134 2918 2179 ante
2943 2132 2998 2179 et
3024 2131 3169 2178 retro
3193 2121 3530 2192 protenditur
3558 2119 3623 2171 ¹⁸.
3653 2120 3795 2174 Deus

2224 2228 2399 2276 autem
2431 2219 2576 2273 omni
2619 2218 2791 2287 spatio
2837 2222 3007 2270 caret.
3055 2214 3217 2268 Caret
3267 2211 3427 2282 igitur
3470 2210 3795 2279 quantitate.

2222 2310 2351 2364 Item
2382 2308 2652 2377 quantitas
2692 2304 2840 2378 [est]
2882 2306 2994 2358 “in
3026 2315 3252 2357 numero
3280 2300 3537 2371 partium,
3572 2307 3665 2353 aut
3694 2313 3795 2352 na-

2228 2400 2469 2456 turaliter
2510 2397 2945 2465 coniunctarum,
2986 2403 3048 2448 ut
3073 2401 3158 2448 est
3180 2394 3321 2448 linea
3352 2400 3446 2446 aut
3472 2391 3513 2423 "
3545 2399 3755 2459 tempus
3777 2428 3791 2453 ,

2228 2500 2320 2547 aut
2351 2488 2670 2544 naturaliter
2707 2485 3129 2554 disjunctarum,
3168 2490 3229 2536 ut
3265 2490 3391 2537 sunt
3431 2479 3661 2544 numeri,
3706 2493 3800 2534 seu

2230 2581 2575 2653 corporales,
2622 2594 2718 2635 seu
2754 2574 3133 2645 intelligibiles.
3174 2572 3365 2626 Divina
3412 2570 3457 2601 ¹⁸
3505 2568 3802 2625 substantia

2232 2690 2331 2730 nec
2375 2672 2643 2729 continuis
2707 2668 2950 2738 partibus
2996 2662 3371 2731 componitur,
3427 2674 3527 2713 nec
3571 2657 3802 2712 dividuis

2232 2763 2598 2835 distinguitur.
2651 2758 2769 2815 Non
2811 2764 2895 2814 est
2941 2755 3105 2827 igitur
3165 2751 3452 2823 quantitas.
3516 2749 3804 2816 Quantitas

2234 2862 2417 2909 tamen
2466 2866 2573 2907 non
2621 2850 2912 2919 incongrue
2959 2841 3334 2898 denominatur
3370 2839 3577 2895 duobus
3606 2838 3802 2902 modis,

2237 2952 2331 2999 aut
2370 2943 2494 3013 quia
2541 2940 2811 3010 quantitas
2860 2949 3018 3005 saepe
3054 2946 3153 3001 pro
3181 2929 3548 3000 magnitudine
3590 2928 3808 2982 virtutis

2235 3035 2474 3106 ponitur,
2516 3039 2608 3085 aut
2633 3029 2758 3099 quia
2791 3027 2953 3081 totius
2992 3019 3311 3093 quantitatis
3356 3017 3679 3088 principium
3726 3023 3809 3071 est

2238 3134 2294 3181 et
2319 3139 2499 3180 causa.
2543 3121 2621 3176 De
2646 3118 2903 3189 qualitate
2940 3127 3152 3185 quoque
3186 3125 3292 3165 non
3327 3109 3483 3163 aliter
3516 3106 3806 3177 intelligen-

571 3235 688 3282 tur:
743 3189 818 3282 ita
855 3228 1017 3282 etiam
1056 3189 1449 3296 categoriarum
1494 3189 1917 3297 signiﬁcationes
1943 3265 1957 3288 ,
1998 3237 2136 3292 quae
2163 3189 2209 3252 (δ
2241 3217 2388 3270 dum.
2428 3211 2579 3266 Nulla
2608 3210 2749 3265 enim
2782 3209 2925 3262 Deus
2953 3203 3184 3274 qualitas
3209 3208 3315 3264 est,
3344 3198 3488 3297 nulla
3514 3196 3564 3251 ei
3590 3195 3807 3297 accidit,

571 3319 784 3390 proprie
829 3318 884 3372 in
934 3319 1096 3372 rebus
1132 3318 1361 3373 conditis
1408 3317 1815 3387 dignoscantur,
1864 3316 1930 3370 de
1973 3329 2139 3369 causa

569 3409 811 3465 omnium
839 3423 944 3463 non
979 3408 1209 3464 absurde
1246 3416 1468 3478 possunt
1494 3406 1747 3477 proferri,
1777 3420 1884 3460 non
1915 3413 1974 3460 ut
2009 3419 2139 3474 pro-

568 3498 689 3570 prie
707 3496 1028 3568 signiﬁcent,
1053 3497 1181 3566 quid
1204 3497 1317 3566 ipsa
1342 3496 1430 3560 sit,
1458 3494 1550 3549 sed
1571 3503 1629 3548 ut
1657 3492 1987 3558 translative,
2011 3493 2141 3561 quid

570 3588 638 3644 de
675 3601 739 3642 ea
772 3586 926 3641 nobis
957 3586 1348 3654 quodammodo
1377 3599 1497 3638 eam
1528 3581 1918 3653 inquirentibus
1948 3582 2141 3650 proba-

569 3677 753 3737 biliter
775 3677 1117 3748 cogitandum
1162 3684 1277 3741 εει..
1291 3674 1549 3730 suadeant
1573 3673 1616 3726 ".
1661 3673 1800 3726 Dtsc.
1826 3669 1983 3726 Clare
2012 3685 2141 3724 con-

573 3770 764 3840 spicio,
791 3768 932 3823 nulla
953 3768 975 3799 ⁸
1002 3768 1207 3823 ratione
1230 3764 1527 3834 categorias
1556 3764 1620 3819 de
1645 3769 1838 3816 natura
1885 3758 2142 3815 inetiabili

572 3864 792 3933 proprie
818 3874 975 3930 posse
998 3858 1323 3929 praedicari.
1353 3855 1484 3910 Nam
1514 3856 1559 3910 si
1597 3854 1618 3886 ’
1641 3854 1820 3923 aliqua
1847 3853 2144 3924 categoria-

572 3969 696 4010 rum
724 3953 791 4008 de
819 3953 929 4007 Deo
954 3950 1170 4021 proprie
1194 3950 1618 4020 praedicaretur,
1647 3946 1954 4002 necessario
1976 3958 2145 4015 genus

571 4058 694 4101 esse
740 4043 881 4098 Deus
927 4048 1258 4111 sequeretur.
1311 4039 1452 4093 Deus
1491 4047 1671 4093 autem
1698 4051 1798 4092 nec
1827 4050 2015 4107 genus,
2044 4050 2146 4089 nec

574 4133 806 4204 species,
835 4147 937 4188 nec
960 4132 1208 4187 accidens
1230 4137 1333 4187 est.
1360 4129 1515 4185 Nulla
1544 4129 1704 4200 igitur
1726 4129 1996 4199 categoria
2021 4141 2144 4199 pro-

574 4225 691 4297 prie
735 4225 902 4280 Deum
931 4223 1236 4293 signiﬁcare
1263 4231 1457 4292 potest.
1494 4220 1633 4277 MAG.
1683 4220 1848 4275 Recte
1896 4220 2142 4274 intueris.

573 4315 690 4373 Non
715 4317 757 4349 ¹⁰
788 4317 842 4371 in
862 4331 1078 4381 vanum,
1104 4324 1164 4369 ut
1185 4315 1440 4380 arbitror,
1463 4313 1515 4367 in
1541 4311 1827 4382 praedictis
1851 4310 2148 4364 rationibus

577 4408 805 4463 duarum
848 4406 1083 4475 partium
1126 4404 1422 4475 theologiae
1450 4403 1646 4457 sudare
1694 4400 1981 4455 voluimus.
2028 4398 2148 4454 Non

573 4499 717 4555 enim
746 4504 852 4549 ta
882 4496 1039 4551 facile
1081 4510 1146 4550 ac
1174 4495 1287 4551 fere
1315 4497 1517 4563 absque
1543 4493 1651 4548 ullo
1699 4491 1883 4546 labore
1912 4490 1979 4545 ad
2008 4490 2148 4556 hanc

578 4585 968 4655 categoriarum
1014 4584 1429 4654 disputationem
1465 4583 1745 4655 pervenire
1769 4581 2144 4648 valuissemus,

575 4693 683 4734 nou
729 4691 888 4746 posse
923 4677 1126 4732 scilicet
1168 4680 1385 4747 proprie
1421 4680 1486 4733 de
1533 4679 1642 4734 Deo
1686 4677 2006 4747 praedicari,
2040 4676 2144 4732 nisi

574 4769 725 4841 prius
747 4768 815 4823 de
834 4767 1273 4836 primordialibus
1292 4767 1469 4822 causis
1492 4769 1559 4822 ab
1584 4784 1689 4823 una
1717 4769 1954 4823 omnium
1984 4783 2147 4823 causa

575 4858 969 4932 praeeonditis,
1017 4858 1305 4912 essentiam
1340 4856 1479 4916 dico.
1518 4857 1831 4921 bonitatem,
1866 4859 2141 4924 virtutem,

574 4949 878 5015 veritatem,
905 4947 1220 5017 sapientiam
1250 4952 1563 5014 ceterasque
1600 4943 1928 5012 huiusmodi,
1956 4949 2024 5002 ad
2052 4964 2150 5017 pu-

576 5055 697 5097 rum
723 5040 1133 5103 conﬁceremus,
1166 5051 1268 5092 non
1315 5034 1477 5090 aliter
1502 5034 1603 5091 nisi
1636 5032 1951 5090 translative
1980 5035 2147 5091 Deum

2241 3306 2439 3363 nullius
2467 3311 2550 3358 est
2578 3303 2619 3335 ι’
2648 3300 2939 3371 particeps.
2986 3295 3057 3349 At
3081 3309 3212 3348 vero
3243 3289 3554 3360 saepissime
3579 3286 3809 3357 qualitas

2242 3409 2306 3461 de
2328 3419 2393 3460 eo
2414 3400 2773 3473 praedicatur,
2799 3402 2889 3448 aut
2912 3391 3038 3462 quia
3070 3391 3234 3445 totius
3264 3384 3537 3457 qualitatis
3564 3381 3810 3439 conditor

2242 3504 2328 3550 est
2351 3534 2365 3558 ,
2412 3471 2505 3546 aut
2546 3488 2688 3559 quod
2714 3484 2949 3556 qualitas
2979 3478 3415 3550 frequentissime
3454 3475 3507 3528 in
3543 3471 3810 3542 signiﬁca-

2242 3585 2389 3639 tione
2418 3581 2674 3635 virtutum
2704 3575 2940 3646 ponitur.
2970 3570 3106 3625 Nam
3135 3579 3191 3625 et
3215 3568 3262 3600 ²⁶
3288 3567 3500 3623 bonitas
3524 3572 3580 3617 et
3600 3561 3812 3632 justitia

2243 3682 2528 3741 ceteraque
2584 3669 2811 3722 virtutes
2857 3663 3142 3733 qualitates
3191 3675 3313 3715 esse
3363 3658 3632 3721 dicuntur,
3669 3653 3811 3708 Deus

2244 3775 2426 3822 autem
2451 3763 2624 3817 virtus
2646 3767 2749 3826 est,
2780 3766 2835 3813 et
2859 3755 3142 3826 plusquam
3164 3751 3356 3806 virtus.

2317 3854 2403 3910 16.
2437 3849 2732 3907 Relationis
2775 3855 2953 3901 autem
3003 3843 3140 3898 ratio
3175 3855 3283 3895 non
3312 3847 3423 3893 tam
3451 3845 3634 3905 aperte
3665 3842 3815 3904 pate-

2247 3947 2368 4012 scit,
2396 3939 2845 4015 quemadmodum
2877 3936 3100 3990 aliarum
3126 3929 3519 4001 categoriarum
3549 3923 3815 3980 deﬁnitio-
3860 3956 3867 3967 -

2247 4053 2345 4094 nes
2368 4012 2645 4106 apparent.
2668 4029 2893 4084 Videtur
2913 4026 3057 4081 enim
3086 4024 3189 4078 ista
3219 4019 3329 4075 sola
3352 4016 3626 4087 categoria
3654 4012 3815 4068 veluti

2247 4127 2462 4198 proprie
2501 4124 2554 4177 in
2590 4123 2700 4177 Deo
2730 4115 3047 4190 praedicari.
3097 4114 3272 4181 Atque
3310 4110 3428 4163 ideo
3455 4121 3576 4161 cum
3606 4118 3815 4159 summa

2248 4190 2522 4288 diligentia
2559 4209 2983 4280 investigandum
3027 4218 3149 4259 esse
3182 4201 3359 4265 video,
3395 4207 3576 4251 utrum
3604 4190 3823 4265 proprie

2249 4311 2304 4365 in
2354 4322 2563 4363 summa
2613 4317 2677 4357 ac
2728 4307 2911 4356 sancta
2959 4296 3222 4352 Trinitate
3265 4294 3425 4347 trium
3460 4289 3819 4343 maximarum

2249 4398 2670 4458 substantiarum
2711 4392 2871 4447 Pater
2915 4389 3136 4444 relative
3181 4385 3247 4439 ad
3293 4383 3488 4437 Filium
3527 4381 3742 4443 dicitur,
3771 4379 3816 4410 ¹¹

2251 4492 2496 4548 similiter
2522 4485 2690 4541 Filius
2724 4483 2789 4537 ad
2831 4482 3072 4543 Patrem,
3103 4476 3337 4547 Spiritus
3362 4484 3573 4542 quoque
3603 4479 3822 4525 sanctus

2255 4583 2322 4639 ad
2344 4581 2558 4635 Patrem
2583 4567 2657 4631 'et
2697 4573 2889 4628 Filium
2912 4611 2927 4637 ,
2969 4570 3091 4639 quia
3118 4565 3349 4636 Spiritus
3384 4563 3662 4616 amborum
3695 4567 3815 4622 est;

2252 4674 2388 4729 haec
2410 4669 2552 4723 enim
2575 4665 2793 4720 nomina
2813 4646 3192 4716 illabitudinum
3212 4656 3258 4686 ’ί
3283 4667 3401 4707 esse
3426 4658 3642 4706 sanctus
3665 4658 3820 4717 pater

2253 4759 2544 4830 Gregorius
2571 4753 2871 4822 Theologus
2892 4750 3251 4804 indubitanter
3276 4741 3505 4797 asserit:
3539 4753 3607 4793 an
3630 4738 3814 4802 etiam,

2254 4827 2702 4922 quemadmodum
2746 4850 2956 4897 ceterae
2996 4834 3296 4904 categoriae
3322 4872 3338 4896 ,
3392 4832 3466 4886 ita
3501 4837 3555 4883 et
3598 4827 3646 4860 ”
3691 4827 3816 4890 ista,

2255 4918 2394 5011 quae
2418 4936 2612 4993 dicitur
2642 4930 2915 4987 relationis
2942 4929 3054 4983 sive
3083 4922 3425 4988 Itabitudinis,
3457 4918 3822 4990 metaphorice

2258 5007 2323 5086 de
2369 5029 2480 5084 Deo
2524 5018 2858 5094 praedicari,
2884 5015 2933 5048 "‘
2972 5012 3301 5071 credendum
3337 5020 3392 5068 et
3420 5007 3821 5080 intelligendum

1860 5232 2111 5289 VABIAE
2149 5198 2554 5289 Lacaenas.

651 5378 668 5410 ⁸
693 5376 825 5432 CDE
869 5381 1062 5430 creata.
1139 5371 1161 5403 ⁸
1184 5370 1229 5424 Α
1251 5370 1427 5426 visum
1468 5379 1563 5425 est.
1640 5369 1725 5422 Ἀ
1747 5388 1976 5432 ποιοτης,
2003 5383 2253 5432 «warns;
2294 5364 2426 5420 CDE
2459 5380 3023 5426 «commutaturum.

651 5446 676 5468 ru
715 5456 915 5470 ,.-..-.-...
1030 5443 1051 5470 ι
1083 5441 1149 5470 -..Ι
1187 5454 1271 5470 nm
1337 5440 1364 5470 Α
1496 5441 1515 5470 ’1
1550 5438 1639 5470 αξη
1678 5437 1835 5470 ann.
1876 5438 1915 5470 l‘,
1956 5437 2170 5470 ροιηΑοκΙ
2286 5435 2309 5469 ⁸
2335 5434 2421 5470 Qin
2456 5433 2607 5470 ΔΓΕ·
2655 5432 2699 5470 n
2744 5446 2845 5470 nnn
2888 5429 3023 5470 nlinu

584 5448 604 5479 '
638 5446 679 5499 (ἶ
714 5456 932 5501 veretur.
1030 5443 1051 5474 ⁸
1078 5441 1149 5495 ad
1186 5454 1294 5494 om.
1329 5440 1392 5493 A.
1496 5441 1515 5470 "
1550 5438 1642 5493 Sic
1670 5437 1837 5503 ADE;
1876 5438 1916 5489 (Σ
1951 5437 2192 5490 suadent.
2286 5437 2309 5469 ⁸
2335 5437 2422 5488 Sic
2449 5437 2610 5497 ACE;
2656 5437 2699 5486 D
2744 5446 2819 5483 nm

584 5511 1424 5606 satis";_.:.ia.rssziii£tfsiutz
1450 5507 1806 5606 .2532:
2233 5504 2501 5606 snt..ng
2528 5501 2819 5606 meum;

1378 5588 1425 5631 et
1447 5579 1803 5632 sinistrorsum
1830 5570 2131 5644 porrigitur.
2233 5575 2276 5606 '°
2316 5584 2386 5626 est
2416 5587 2521 5624 om.
2553 5570 2705 5625 CDE.
2803 5570 2844 5599 ”
2874 5570 2964 5622 Sic
3000 5570 3118 5630 CIC;
3164 5570 3253 5617 Al)
3290 5572 3357 5616 et.
3460 5570 3502 5592 ι’
3531 5570 3622 5611 Sic
3655 5570 3823 5622 um;

1344 5647 1385 5677 “
1415 5646 1506 5701 Sic
1534 5646 1652 5710 AE;
1684 5645 1724 5699 C
1752 5644 1925 5698 nullus
1953 5655 2059 5707 est;
2089 5644 2131 5696 D
2163 5642 2294 5696 nulli
2320 5658 2443 5696 esse.
2522 5640 2565 5670 ²⁰
2591 5651 2637 5692 et
2671 5653 2788 5710 om._
2811 5638 2874 5692 D.
2908 5634 3254 5710 __"_Sic_§§;
3347 5629 3673 5710 praedieetur
3722 5626 3829 5710 Prt-

582 5448 604 5479 '
638 5446 679 5499 C
714 5456 932 5501 veretur.
1030 5443 1051 5474 ⁸
1078 5441 1149 5495 ad
1186 5454 1294 5494 om.
1329 5440 1392 5493 A.

587 5592 745 5642 retro,
768 5576 990 5634 latitudo
1010 5581 1341 5633 dextrorsum
1378 5588 1425 5631 et
1447 5579 1803 5632 sinistrorsum
1830 5576 2131 5644 porrigitur.

587 5650 626 5702 Α
662 5649 846 5701 Divina
874 5658 1046 5701 autem
1076 5649 1247 5702 subst.

3100 5355 3124 5388 ⁸
3149 5352 3240 5410 Sic
3258 5353 3419 5419 CDE;
3441 5353 3482 5408 A
3506 5352 3823 5407 collectione.

2286 5435 2309 5469 ⁸
2335 5434 2422 5488 Sic
2449 5433 2610 5497 ACE;
2647 5421 2699 5486 7D
2735 5421 2848 5483 non
2888 5429 3085 5499 aliqua.
3177 5425 3198 5456 °
3234 5425 3281 5477 A
3329 5434 3375 5478 ct
3420 5424 3482 5476 si.
3563 5422 3604 5453 "
3639 5424 3682 5474 Α
3709 5421 3824 5475 Νοη

2286 5520 2346 5557 m.
2386 5504 2446 5556 Ι).
2528 5503 2569 5532 ⁸³
2601 5502 2645 5554 Α
2679 5501 2819 5553 item.
2913 5500 2957 5531 "
2981 5498 3072 5551 Sic
3096 5494 3257 5559 CDE;
3281 5494 3321 5547 Α
3354 5491 3576 5559 altitudo
3614 5499 3732 5542 ante
3777 5499 3825 5544 et

2803 5568 2844 5599 "
2874 5567 2964 5622 Sic
3000 5565 3118 5630 CIC;
3164 5564 3253 5617 AD
3290 5572 3357 5616 et.
3460 5561 3502 5630 ιε
3531 5558 3622 5611 Sic
3655 5559 3823 5630 (lilii;

587 5696 1815 5770 ὶέτῑέιξέᾱυῑέιῖ·ῇῑιξιῑὴλ.-αξέῑιελιῑῑηζῡξ
1884 5714 1928 5743 ιε
1959 5696 2003 5766 ι)
2031 5696 2402 5766 ὴηωιααεηεηι.
2476 5710 2522 5740 ιε
2555 5720 2601 5763 ρι
2630 5708 2830 5764 οω.Α.
2905 5706 2952 5739 ιι
2983 5696 3259 5767 Siccos;
3293 5696 3727 5768 A‘metaphorice
3758 5696 3828 5752 de

590 5786 700 5840 Deo
721 5802 791 5839 an
829 5783 1035 5854 proprie
1058 5783 1474 5851 praedicari‘sed
1502 5785 1574 5837 ita
1603 5796 1772 5837 utrum
1803 5786 1875 5836 ita
1895 5783 1957 5836 sit
1986 5800 2076 5836 nec
2101 5798 2184 5847 ne,
2211 5780 2533 5836 credendum
2561 5788 2666 5833 cet.
