4194 6276
428 391 532 447 4εὸ

1295 388 1382 442 DE
1419 387 1754 444 DlVlSlONE
1794 388 2144 445 NATURAE.
2180 420 2250 430 --
2282 391 2481 446 LIBER
2520 392 2797 448 PRIMUS.

3569 397 3676 453 466

431 511 521 563 sil.
566 506 703 560 Illac.
742 504 1175 567 Rationabilitcr,
1214 510 1270 557 ut
1305 504 1556 569 aestimo,
1584 505 1650 558 ad
1680 505 2004 575 investigan-
2030 513 2083 570 Α
2106 515 2191 561 est
2216 516 2395 561 autem
2425 506 2626 561 localis.
2659 506 2817 561 Nullo
2847 507 3008 577 igitur
3033 509 3136 562 situ
3166 509 3488 563 continetur.

432 599 557 653 dum
586 596 825 652 veritatis
862 596 1167 666 mysterium
1198 595 1468 664 procedis.
1500 593 1651 647 Nulla
1682 597 1824 650 cnim
1852 607 2002 653 cate-

432 686 713 760 goriarum'
731 696 945 756 praeter
980 687 1138 742 istam
1181 686 1349 742 solam
1381 688 1448 742 de
1476 686 1585 742 Deo
1613 692 1830 759 proprie
1851 706 2004 761 prae-

434 782 596 836 dicari
633 782 859 835 videtur.
907 779 1009 834 Sed
1040 789 1221 835 utrum
1257 781 1334 835 ita
1384 782 1454 837 sit
1498 796 1598 836 nec
1642 798 1729 848 ne,
1763 783 2007 851 piissime

433 874 844 942 cautissimeque
873 873 1276 944 inquirendum.
1310 871 1445 929 Nam
1485 875 1527 928 si
1556 876 1773 945 proprie
1803 876 1869 929 de
1894 875 2004 931 Deo

429 963 642 1027 dicitur,
694 964 874 1019 omnis
919 963 1087 1019 ferme
1125 966 1397 1035 praedicta
1436 976 1619 1021 nostra
1668 968 2004 1023 ratiocinatio

425 1054 796 1108 evacuabitur.
826 1052 1219 1110 Universaliter
1239 1056 1382 1111 enim
1410 1056 1660 1117 diximus,
1695 1058 1764 1109 nil
1792 1059 2005 1127 proprie

425 1144 491 1200 de
518 1147 628 1201 Deo
652 1152 748 1201 aut
778 1146 885 1200 dici
914 1155 1006 1199 aut
1035 1146 1259 1215 intelligi
1287 1161 1466 1214 posse.
1508 1146 1830 1201 Praesertim
1862 1156 2001 1203 cate-

426 1239 577 1309 goria
620 1237 899 1293 relationis
926 1254 1032 1293 non
1076 1239 1214 1292 inter
1243 1240 1425 1293 decem
1472 1252 1668 1309 genera
1711 1241 2006 1310 categoria-

432 1346 552 1383 rnm
584 1330 943 1399 reputabitur,
971 1329 1013 1383 si
1041 1330 1254 1398 proprie
1282 1331 1346 1384 de
1376 1329 1483 1384 Deo
1514 1331 1916 1398 pronunciatur.
1948 1331 2003 1386 Si

434 1432 615 1478 autem
644 1422 745 1477 hoc
772 1422 1069 1477 confectum
1114 1421 1298 1487 fuerit,
1332 1424 1721 1493 categoriarum
1750 1441 2006 1481 numerus

435 1529 540 1569 non
594 1515 848 1578 denario,
890 1515 981 1568 sed
1042 1516 1335 1573 novenario
1387 1517 1755 1573 conclmletur.
1820 1517 2007 1572 Restat

436 1603 613 1673 igitur,
647 1612 705 1658 ut
733 1603 1088 1673 intelligamus
1108 1643 1123 1668 ,
1168 1604 1308 1658 hanc
1335 1606 1498 1658 etiam
1529 1606 1854 1672 categoriam
1873 1647 1885 1669 ,
1904 1607 2008 1660 sic-

431 1701 565 1747 utet
597 1693 611 1723 ⁸
659 1701 886 1755 ceteras,
920 1693 1231 1749 translative
1281 1695 1348 1749 de
1378 1695 1486 1749 Deo
1515 1696 1833 1765 praedicari.
1868 1698 2004 1752 Vcra

427 1785 693 1855 siquidem
727 1786 1071 1841 ratiocinatio
1112 1789 1177 1842 ad
1223 1789 1324 1841 hoc
1364 1788 1555 1842 invitat
1587 1798 1748 1858 atque
1774 1798 2003 1855 coartat,

2180 595 2268 650 l7.
2300 596 2437 651 MAG.
2465 595 2641 662 Clare,
2673 597 2801 666 quid
2843 597 2995 660 velis,
3042 601 3328 669 perspicio.
3359 600 3433 652 Ac
3462 615 3556 669 per
3580 601 3685 656 hoc

2108 687 2174 740 ad
2205 687 2533 741 habitudinis
2559 688 2886 757 categoriam
2931 691 3311 744 transeundum
3358 704 3478 744 esse
3504 690 3679 745 viden.

2107 778 2255 845 Quae
2301 780 2540 833 omnium
2607 780 3001 848 categoriarum
3052 789 3273 849 propter
3322 781 3542 835 nimiam
3598 780 3682 837 sui

2107 871 2511 941 amplitudinem
2548 872 2928 926 obscurissima
2980 888 3098 927 esse
3127 874 3355 928 videtur.
3393 872 3507 930 Non
3537 874 3683 931 enim

2107 970 2187 1015 est
2220 961 2325 1015 ulla
2352 961 2623 1031 categoria
2653 962 2786 1027 fere,
2818 962 2873 1015 iu
2917 978 3019 1031 qua
3048 963 3261 1017 habitus
3289 964 3503 1032 quidam
3535 966 3688 1020 invo-

2107 1050 2210 1103 niri
2261 1066 2367 1104 non
2410 1051 2610 1119 possit;
2661 1067 2783 1106 nam
2823 1059 2876 1106 et
2905 1053 3171 1107 essentiae
3214 1067 3307 1107 seu
3351 1054 3685 1110 substantiae

2109 1144 2290 1198 habitu
2336 1145 2567 1213 quodam
2599 1144 2665 1198 ad
2696 1160 2755 1199 se
2804 1145 3033 1200 invicem
3084 1147 3397 1215 respiciunt.
3448 1147 3682 1202 Dicimus

2108 1238 2270 1301 enim,
2296 1238 2629 1292 rationabilis
2655 1239 2887 1292 essentia
2912 1238 3402 1308 irrationabilisque
3430 1256 3533 1309 qua
3561 1256 3683 1310 pro-

2108 1329 2373 1399 portione,
2400 1328 2450 1381 id
2477 1335 2562 1382 est
2596 1328 2640 1359 ²⁸
2672 1344 2778 1398 quo
2811 1330 3015 1392 habitu,
3048 1331 3113 1385 ad
3140 1346 3197 1385 se
3247 1330 3471 1386 invicem
3516 1332 3687 1400 respi-

2110 1421 2275 1475 ciunt.
2323 1418 2436 1474 Non
2493 1421 2635 1474 enim
2689 1421 3072 1475 irrationabilis
3126 1422 3413 1486 diceretur,
3467 1421 3567 1477 nisi
3616 1421 3688 1477 ab

2110 1510 2296 1563 habitu
2322 1509 2597 1563 absentiae
2629 1510 2883 1575 rationis;
2914 1510 3184 1580 quomodo
3212 1526 3316 1566 non
3348 1510 3562 1564 aliunde
3591 1525 3685 1566 ra-

2110 1597 2379 1653 tionabilis
2412 1606 2652 1662 vocatur,
2686 1596 2788 1653 nisi
2834 1598 3018 1653 habitu
3057 1602 3397 1668 praesentiae
3434 1600 3683 1657 rationis.

2109 1688 2296 1745 Omnis
2346 1691 2490 1745 enim
2523 1690 2567 1720 “
2601 1692 2875 1760 proportio
2915 1693 3131 1749 habitus
3166 1704 3267 1756 est,
3302 1695 3547 1766 quamvis
3578 1711 3688 1753 non

2109 1781 2284 1835 omnis
2311 1780 2522 1835 habitus
2550 1782 2843 1850 proportio.
2896 1782 3114 1852 Proprie
3144 1800 3374 1854 namque
3403 1787 3682 1855 proportio

428 1889 493 1929 ne
518 1889 601 1939 ca,
634 1889 772 1943 quae
797 1876 1071 1945 praedicta
1098 1886 1244 1956 sunt,
1274 1878 1534 1947 incipiant
1558 1868 1837 1934 vacillare.
1868 1879 2004 1945 Quid
2037 1889 2081 1947 Β
2110 1888 2215 1925 non
2246 1873 2425 1925 minus
2450 1886 2607 1938 quam
2642 1871 2692 1924 in
2727 1872 2935 1928 duobus
2965 1884 3141 1943 potest
3167 1876 3421 1941 inveniri;
3467 1878 3685 1932 habitus

424 1964 610 2020 enim?
646 1963 913 2035 Numquid
948 1968 1091 2021 veris
1125 1968 1623 2023 ratiocinationibus
1661 1969 1911 2032 obsistit,
1958 1970 2002 2023 si

428 2057 691 2124 dicamus,
713 2058 927 2112 Patrem
967 2068 1023 2114 et
1049 2060 1241 2114 Filium
1272 2061 1438 2129 ipsius
1476 2061 1830 2126 babitudinis,
1866 2078 2005 2131 quae

427 2149 624 2205 dicitur
652 2151 716 2204 ad
747 2151 946 2219 aliquid
974 2192 987 2216 ,
1035 2152 1245 2206 nomina
1278 2166 1425 2216 esse,
1457 2161 1511 2205 et
1538 2153 1819 2222 plusquam
1852 2154 2006 2208 habi-

426 2243 663 2298 tudinis?
684 2242 797 2298 Non
829 2245 971 2299 enim
999 2246 1324 2300 credendum
1352 2253 1458 2309 cst,
1484 2247 1706 2301 eandem
1730 2246 2004 2301 habitudi-

427 2351 554 2391 nem
598 2339 653 2391 in
694 2338 1074 2392 excelsissimis
1092 2341 1113 2369 ’
1136 2338 1347 2392 divinae
1378 2340 1642 2394 essentiae
1667 2340 2004 2405 substantiis,

431 2427 556 2482 etin
577 2427 833 2498 bis,quae
846 2438 969 2498 post
986 2444 1102 2482 eam
1131 2429 1197 2483 ab
1221 2444 1283 2483 ea
1304 2431 1517 2484 condita
1540 2432 1730 2501 suntj’.
1748 2430 1821 2487 Ut
1839 2431 2004 2495 enim,

434 2517 490 2572 ni
526 2514 703 2581 fallor,
730 2518 1177 2587 quemadmodum
1204 2528 1421 2588 superat
1446 2534 1661 2573 omnem
1698 2523 2002 2583 essentiam,

434 2608 754 2677 sapientiam
774 2650 789 2672 ,
818 2610 1093 2675 virtutem,
1126 2609 1200 2663 ita
1232 2610 1393 2664 etiam
1424 2619 1479 2663 et
1508 2625 1721 2665 omnem
1749 2612 2011 2666 habitudi-

432 2713 556 2751 nem
576 2696 1386 2769 ‘inefl‘abilitersupergreditur.
1403 2699 1533 2764 Quis
1548 2699 1687 2752 enim
1703 2701 2006 2764 crediderit,

434 2788 595 2843 talem
642 2788 1011 2861 habitudinem
1057 2790 1199 2844 inter
1220 2790 1436 2844 Patrem
1459 2800 1513 2845 et
1541 2790 1774 2844 Verbum
1799 2807 1952 2845 suum
1987 2792 2009 2824 ⁸

432 2893 575 2945 esse,
596 2880 810 2948 qualem
837 2879 979 2935 inter
998 2880 1270 2935 Abraham
1295 2890 1349 2935 et
1372 2881 1519 2936 lsaac
1542 2890 1716 2950 potest
1738 2881 2010 2952 cogitare?

437 2968 538 3022 Hic
585 2969 607 2999 ⁶
636 2970 781 3023 enim
825 2969 1041 3023 habitus
1092 2970 1326 3025 carnalis
1376 2986 1439 3023 ex
1488 2970 1747 3024 divisione
1786 2978 2008 3026 naturae

386 3060 387 3063 “
438 3069 560 3131 post
606 3061 627 3092 "
658 3070 936 3130 peccatum
968 3062 1125 3131 primi
1156 3063 1384 3117 hominis
1424 3063 1475 3116 in
1519 3062 1540 3094 ⁸
1573 3062 2008 3132 multiplicatione

438 3168 537 3221 per
585 3153 983 3222 generationem
1031 3154 1356 3222 inquiritur:
1389 3153 1496 3207 illic
1540 3151 1819 3208 inemibilis
1862 3155 2008 3224 inge-

2107 1977 2237 2015 vero
2265 1962 2426 2016 etiam
2455 1962 2497 1993 ¹⁸
2526 1963 2577 2015 in
2621 1962 2845 2032 singulis
2885 1966 3045 2019 rebus
3070 1967 3392 2035 perspicitur
3422 1968 3486 2021 ¹⁶.
3527 1968 3688 2025 Verbi

2106 2052 2281 2118 gratia
2313 2091 2326 2114 ,
2373 2051 2587 2106 habitus
2633 2052 2966 2108 rationabilis
2990 2055 3204 2110 animae
3240 2058 3414 2112 virtus
3446 2066 3547 2112 est.
3597 2058 3694 2113 Est

2108 2140 2270 2208 igitur
2292 2144 2566 2210 proportio
2592 2143 2801 2211 species
2828 2145 3092 2213 quaedam
3123 2146 3471 2203 babitudinis.
3506 2148 3563 2204 Si
3590 2164 3689 2205 au-

2112 2242 2216 2288 tem
2245 2237 2491 2304 exemplo
2532 2238 2613 2293 vis
2663 2239 2970 2301 declarari,
3018 2238 3286 2311 quomodo
3324 2241 3538 2297 habitus
3565 2258 3692 2313 pro-

2108 2325 2423 2394 portionalis
2469 2328 2522 2381 in
2566 2329 2799 2383 essentia
2842 2330 3131 2396 invenitur,
3186 2347 3251 2386 ex
3283 2335 3522 2388 numeris
3551 2334 3691 2406 elige

2108 2415 2399 2486 exemplar.
2441 2416 2659 2472 Numeri
2686 2421 2853 2486 enim,
2884 2430 2946 2475 ut
2975 2424 3222 2489 aestimo,
3250 2425 3609 2479 essentialiter
3631 2425 3689 2480 in

2109 2503 2362 2559 omnibus
2386 2505 2787 2577 intelliguntur;
2838 2509 2893 2563 in
2922 2513 3161 2565 numeris
3190 2528 3420 2583 namque
3449 2515 3689 2569 omnium

2110 2609 2293 2649 rerum
2334 2595 2578 2650 subsistit
2622 2599 2875 2652 essentia.
2925 2599 3089 2654 Vides
3132 2602 3313 2671 igitur,
3346 2604 3522 2672 qualis
3558 2616 3687 2674 pro-

2112 2687 2286 2754 portio
2315 2695 2397 2741 est
2428 2687 2479 2741 in
2509 2688 2718 2743 duobus
2762 2699 2817 2744 et
2865 2692 3054 2747 tribus.
3108 2694 3252 2749 Disc.
3300 2695 3467 2751 Video
3506 2697 3685 2766 plane,

2110 2779 2493 2847 sesqualteram
2524 2780 2564 2811 ¹⁷
2598 2795 2719 2834 esse
2753 2783 3004 2848 arbitror,
3052 2793 3105 2839 et
3153 2786 3255 2840 hoc
3304 2802 3410 2841 uno
3443 2788 3689 2857 exemplo

2112 2868 2338 2923 aliorum
2361 2870 2600 2923 omnium
2626 2872 3057 2927 substantialium
3082 2890 3450 2944 numerorum,
3469 2879 3688 2936 inter-se

2112 2959 2340 3014 invicem
2390 2960 2706 3015 collaturum
2747 2961 2812 3027 ⁸⁸,
2844 2964 3026 3017 varias
3072 2967 3428 3035 proportionis
3481 2972 3687 3039 species

2110 3062 2327 3116 possum
2357 3063 2704 3119 cognoscere.
2739 3050 2877 3106 MAG.
2906 3052 3128 3108 Intende
3179 3055 3363 3125 itaque
3393 3059 3434 3091 ¹⁹
3464 3059 3528 3113 ad
3558 3060 3686 3115 reli-

2112 3155 2237 3209 qua,
2265 3148 2319 3193 et
2344 3156 2628 3211 cognosce,
2655 3143 2827 3197 nullas
2848 3145 3164 3214 quantitatis
3191 3149 3396 3218 species
3422 3165 3558 3217 esse,
3592 3168 3686 3205 scu

437 3246 584 3300 uitae
598 3246 917 3315 genitaeque
937 3247 1266 3300 substantiae
1287 3247 1501 3300 sibimet
1525 3246 1713 3317 copula
1742 3247 2004 3314 creditur,

2112 3231 2407 3301 qualitatis,
2438 3248 2532 3287 seu
2576 3234 2763 3303 ipsius,
2796 3250 2934 3306 quae
2965 3232 3160 3291 dicitur
3188 3239 3254 3291 ad
3305 3240 3503 3309 aliquid
3531 3284 3545 3307 ,
3593 3259 3686 3297 seu

430 3349 696 3410 proutque
736 3342 913 3405 datur,
965 3339 1129 3395 divini
1177 3341 1391 3396 luminis
1436 3343 1588 3397 radio
1624 3342 2002 3413 cognoscitur;

428 3430 514 3485 hic
563 3432 707 3500 quod
746 3434 1047 3501 quaeritur,
1096 3448 1201 3487 non
1250 3450 1314 3489 ex
1364 3442 1556 3489 natura
1601 3436 1899 3503 processit,
1948 3446 2008 3491 ut

428 3521 659 3577 diximus
680 3564 695 3586 ,
734 3524 828 3577 sed
862 3538 928 3578 ex
954 3525 1086 3578 vitio
1120 3543 1133 3577 :
1167 3524 1274 3579 illic
1302 3525 1441 3593 quod
1470 3527 1755 3597 cogitatur,
1784 3541 1849 3579 ex
1875 3525 2005 3580 inef-

430 3611 573 3666 fabili
616 3613 834 3667 divinae
890 3614 1148 3670 bonitatis
1210 3614 1540 3670 fecunditate
1580 3617 1872 3685 procedere
1916 3632 2006 3672 co-

427 3703 718 3771 gnoscitur.
779 3703 887 3759 Sed
930 3705 997 3769 ad
1046 3712 1255 3760 ceteras
1301 3707 1598 3777 categorias
1647 3716 2001 3761 transeamus.

435 3791 579 3847 Dtsc.
616 3790 723 3847 Sex
751 3801 976 3857 restant,
1007 3795 1062 3850 ni
1101 3794 1276 3862 fallor,
1301 3811 1528 3865 quarum
1572 3798 1743 3867 prima
1792 3801 2001 3863 κεῖσθαι,

435 3882 488 3937 id
514 3894 595 3937 est
617 3883 801 3951 jacere
823 3926 837 3949 ,
867 3901 1025 3956 quam
1074 3887 1163 3941 alii
1204 3888 1364 3942 situm
1396 3888 1681 3959 appellant.
1727 3888 1874 3943 Situs
1912 3905 2006 3942 au-

352 3984 357 3989 ‘
432 3979 541 4027 tem
592 3974 908 4045 intelligitur
955 3977 1008 4030 in
1058 3978 1324 4047 positione
1374 3980 1652 4048 cujusdam
1700 3990 1999 4045 creaturae,

430 4063 544 4119 sive
573 4065 798 4122 visibilis
826 4068 938 4123 sive
970 4068 1273 4125 invisibilis.
1316 4057 1478 4125 Verbi
1508 4073 1699 4141 gratia,
1730 4073 1795 4127 de
1826 4073 2004 4141 aliquo

428 4169 650 4226 corpore
671 4158 889 4224 dicitur,
912 4168 1003 4213 aut
1021 4160 1167 4230 jacet
1188 4171 1276 4215 aut
1302 4170 1425 4217 stat.
1459 4162 1719 4216 Similiter
1738 4163 1802 4215 de
1828 4162 2004 4216 animo

432 4247 645 4313 dicitur,
689 4249 733 4304 si
765 4251 977 4318 quietus
1002 4292 1017 4314 ,
1060 4249 1237 4319 jacet;
1289 4252 1334 4306 si
1360 4251 1581 4323 pervigil
1607 4293 1620 4315 ,
1662 4260 1786 4306 stat.
1820 4251 2005 4308 Status

429 4349 663 4405 namque
688 4336 711 4369 ⁸
756 4338 885 4394 huic
928 4340 1234 4410 categoriae
1275 4340 1320 4374 ⁸ο
1360 4340 1616 4409 applicari
1656 4340 1830 4408 solet;
1881 4357 2004 4395 nam

431 4434 611 4481 motus
639 4427 707 4480 ad
742 4436 951 4499 tempus
975 4429 1225 4485 refertur.
1276 4429 1380 4486 Sed
1413 4431 1537 4499 quia
1574 4431 1715 4486 Deus
1745 4447 1841 4487 nec
1875 4440 2001 4497 stat,

435 4530 537 4569 nec
557 4514 719 4584 jacet,
762 4519 1032 4586 praedicta
1065 4520 1334 4591 categoria
1382 4520 1525 4574 nulla
1556 4523 1763 4576 ratione
1789 4523 2006 4592 pr0prie

2110 3322 2264 3388 situs,
2289 3323 2480 3389 locive,
2506 3325 2848 3394 temporisve,
2874 3326 3085 3396 agendi,
3108 3328 3191 3381 vel
3214 3329 3468 3398 patiendi,
3488 3332 3539 3385 in
3565 3334 3684 3401 qui-

2109 3414 2209 3469 bus
2268 3418 2530 3485 quaedam
2589 3417 2795 3487 species
2848 3417 3175 3475 habitudinis
3218 3436 3325 3475 non
3366 3423 3682 3493 reperiatur.

2107 3508 2253 3565 Disc.
2308 3508 2478 3580 Saepe
2522 3509 2645 3565 talia
2687 3510 2958 3579 quaesivi,
2992 3519 3051 3569 et
3081 3512 3153 3566 ita
3191 3514 3385 3582 reperi.
3433 3512 3592 3580 Nam,
3628 3523 3687 3569 ut

2104 3601 2291 3669 paucis
2317 3602 2362 3632 ²⁰
2385 3602 2645 3672 exemplis
2672 3611 2820 3667 utar,
2849 3604 2902 3656 in
2953 3605 3339 3672 quantitatibus
3393 3622 3587 3677 magna
3633 3617 3686 3663 ct

2103 3704 2269 3758 parva
2298 3699 2351 3745 et
2379 3692 2549 3745 media
2582 3692 2721 3746 inter
2746 3707 2803 3746 se
2833 3703 3141 3760 comparata
3161 3735 3176 3759 ,
3215 3695 3380 3749 multa
3413 3696 3456 3726 ²¹
3484 3697 3685 3766 pollent

2107 3779 2437 3837 habitudine.
2470 3782 2599 3835 Item
2628 3782 2680 3835 in
2709 3783 3099 3851 quantitatibus
3125 3800 3491 3851 numerorum,
3517 3788 3684 3841 linea-

2105 3853 2263 3934 rum,
2315 3871 2995 3940 temporum,aliorumque
3038 3874 3292 3928 similium
3343 3874 3684 3933 habitudines

2106 3961 2515 4026 proportionum
2546 3963 2593 3993 "
2617 3964 2900 4032 perspicue
2930 3965 3187 4031 reperies.

2185 4050 2274 4102 l8.
2309 4049 2569 4105 Similiter
2598 4053 2651 4106 in
2678 4055 2957 4122 qualitate.
2988 4053 3146 4107 Verbi
3179 4056 3372 4125 gratia,
3405 4056 3457 4108 in
3485 4058 3681 4113 colori-

2106 4142 2206 4197 bus
2227 4142 2429 4207 album,
2448 4154 2501 4198 et
2524 4145 2759 4213 nigrum,
2776 4147 3172 4214 mediusque",
3186 4146 3572 4217 qualiscunque
3588 4150 3679 4215 sit,

2107 4232 2256 4287 color
2297 4232 2482 4286 habitu
2518 4232 2734 4287 sibimet
2766 4237 3063 4306 junguntur
3095 4237 3161 4290 “.
3195 4237 3384 4290 Album
3413 4237 3677 4303 siquidem

2107 4334 2161 4379 et
2194 4325 2403 4396 nigrum
2429 4365 2444 4390 ,
2488 4340 2626 4393 quae
2656 4335 2927 4382 extremos
2958 4328 3197 4383 colorum
3232 4329 3377 4382 locos
3408 4329 3677 4394 obtinent,

2110 4420 2291 4473 habitu
2322 4423 2678 4477 extremitatis
2708 4426 2773 4479 ad
2806 4438 2863 4478 se
2895 4426 3119 4479 invicem
3161 4427 3473 4496 respiciunt.
3522 4427 3681 4483 Color

2109 4520 2286 4565 autem
2318 4514 2381 4566 ad
2412 4522 2653 4569 extrema
2681 4515 2761 4569 sui
2787 4516 3023 4580 ,ialbum
3052 4517 3171 4573 dico
3199 4520 3546 4589 nigrumque,
3586 4520 3681 4574 lia-

429 4605 497 4660 δε
531 4622 598 4660 eo
629 4584 929 4676 praehicari
962 4618 1140 4679 ροιρει
1184 4584 1248 4663 ἷι,
1288 4611 1358 4666 At
1384 4626 1514 4666 vero
1544 4584 1806 4680 quoniam-
1825 4584 2001 4668 ειεῇηάί
2037 4584 2083 4642 D
2111 4604 2223 4657 bitt:
2246 4605 2548 4659 medietatis
2575 4607 2814 4675 respicit.
2836 4607 2891 4662 ln
2916 4623 2979 4663 ea
3001 4624 3213 4679 quoque
3234 4584 3524 4681 categoria,
3543 4627 3681 4682 quae

428 4701 481 4747 et
502 4692 716 4761 jacendi
738 4712 903 4752 causa
928 4700 1113 4765 est;in
1136 4701 1253 4770 ipso
1279 4701 1420 4756 enim
1442 4703 1618 4756 omnia
1643 4713 1697 4757 et
1718 4712 1878 4768 stant,
1902 4704 2004 4760 hoc

429 4794 549 4850 est,
590 4788 1001 4846 immutabiliter
1045 4794 1339 4848 secundum
1387 4811 1511 4851 suas
1558 4798 1793 4853 rationes
1830 4797 2004 4852 subsi-

430 4883 608 4943 stunt,
638 4885 692 4933 et
719 4878 937 4948 jaceat,
979 4883 1081 4937 hoc
1121 4890 1205 4937 est
1251 4884 1571 4951 quiescunt;
1621 4886 1743 4940 linis
1784 4887 1927 4939 enim
1962 4885 2005 4917 “

433 4969 667 5024 omnium
696 4981 801 5040 est,
826 4974 966 5028 ultra
993 4990 1151 5044 quem
1175 4976 1308 5031 nihil
1336 4986 1621 5047 appetunt:
1650 4985 1829 5045 potest
1853 4976 1919 5031 de
1941 4991 2007 5033 eo

434 5060 742 5118 translative
763 5063 950 5132 jacere
976 5067 1061 5122 vel
1087 5068 1222 5122 situs
1246 5068 1573 5149 praedicari.
1623 5066 1757 5122 Nam
1798 5067 1847 5122 si
1880 5082 2008 5123 vere

428 5154 751 5225 proprieque
776 5157 919 5213 Deus
942 5159 1118 5229 jacet,
1143 5168 1237 5214 aut
1264 5161 1437 5224 sedet,
1466 5165 1559 5213 aut
1585 5165 1713 5224 stat,
1741 5160 2009 5230 positione

427 5257 539 5299 non
568 5256 738 5303 caret.
793 5247 852 5305 Si
891 5265 1001 5307 non
1042 5257 1191 5306 caret
1213 5250 1480 5322 positione
1542 5250 1727 5306 localis
1753 5259 1854 5307 est.
1888 5248 2005 5305 Non

2112 4697 2307 4751 dicitur
2351 4699 2483 4774 πρὸς
2519 4719 2603 4764 τι,
2653 4701 2703 4753 id
2759 4710 2844 4755 est
2882 4702 2947 4755 ad
2987 4703 3216 4772 aliquid,
3267 4703 3410 4758 clare
3438 4712 3682 4775 apparet,

2110 4791 2283 4859 qualis
2330 4790 2544 4847 habitus
2588 4795 2658 4849 sit
2693 4794 2742 4826 "
2775 4795 2945 4864 patris
2989 4795 3053 4849 ad
3110 4797 3295 4862 filium,
3337 4813 3430 4852 seu
3476 4798 3566 4851 filii
3614 4798 3680 4851 ad

2112 4888 2317 4951 patrem
2337 4922 2353 4948 ,
2383 4882 2539 4937 amici
2586 4885 2787 4951 amico,
2819 4886 2961 4955 dupli
3000 4887 3066 4940 ad
3096 4887 3363 4958 simplum,
3395 4897 3679 4956 ceteraque

2112 4974 2437 5043 huiusmodi.

2183 5066 2270 5121 l9.
2301 5067 2376 5122 De
2404 5069 2508 5122 situ
2537 5081 2749 5138 quoque
2780 5068 2932 5123 facile
2963 5076 3128 5138 patet,
3164 5068 3429 5139 quomodo
3455 5078 3599 5123 stare
3626 5076 3679 5123 et

2104 5154 2287 5222 jacere
2314 5157 2679 5213 habitudinem
2727 5159 2994 5228 quandam
3043 5157 3182 5209 inter
3208 5172 3266 5211 se
3293 5158 3520 5210 invicem
3555 5173 3676 5225 pos-

2112 5246 2339 5302 sideant.
2393 5247 2537 5304 Haec
2582 5250 2723 5304 enim
2767 5264 2833 5304 ex
2880 5248 3143 5303 diametro
3186 5245 3287 5302 sibi
3323 5261 3354 5299 e
3387 5244 3433 5275 "
3461 5246 3678 5315 regione

1712 5383 1968 5443 VARIAE
2002 5382 2404 5441 LECTlONES.

498 5517 519 5551 ⁸
548 5527 596 5591 et
638 5536 746 5578 om.
792 5523 857 5577 D.
943 5527 964 5557 ³
993 5525 1082 5581 Sic
1129 5526 1291 5591 C'DE;
1347 5527 1390 5582 Δ
1418 5526 1897 5583 excellentissimis.

427 5602 538 5642 om.
566 5590 631 5643 Α.
711 5592 733 5623 ³
755 5609 911 5646 suum
939 5610 1048 5649 oni.
1074 5596 1137 5649 A.
1214 5597 1237 5627 ⁸
1264 5590 1305 5651 C
1351 5596 1505 5652 Hinc.
1580 5598 1601 5630 ⁷
1631 5599 1676 5652 Α

430 5657 472 5689 ¹¹
500 5658 544 5713 Δ
567 5664 1103 5735 propriepracdicuri
1131 5675 1291 5735 potest
1326 5667 1389 5722 de
1414 5685 1492 5721 eo.
1570 5669 1613 5700 “
1640 5657 1774 5721 enim
1803 5684 1912 5723 om.
1940 5668 2002 5723 A.

425 5737 496 5780 et.
531 5796 541 5808 '
575 5730 620 5761 ις
647 5729 740 5787 Sic
874 5729 1349 5808 Αςυιξ-ὶρεέρίείιην.
1429 5737 1470 5769 ¹¹
1498 5738 1540 5792 Α
1567 5748 1613 5792 et
1641 5741 2048 5808 scsqualteram.

1761 5529 1897 5583 imis.
1995 5528 2018 5561 ⁸
2040 5527 2132 5584 Sic
2156 5527 2405 5588 ABCDE;
2430 5527 2615 5595 supple
2644 5540 2770 5579 esse.
2858 5527 2883 5554 ⁸
2909 5527 2953 5575 Δ

1761 5615 1823 5652 εν.
1899 5599 1921 5631 ⁸
1959 5599 2017 5653 in
2042 5613 2151 5653 om.
2185 5597 2246 5651 A.
2320 5600 2342 5631 ⁹
2369 5596 2463 5651 Sic
2495 5596 2656 5653 ACE;
2696 5595 2735 5646 ι)
2759 5601 2953 5645 autem.

1709 5614 1823 5667 per.
1899 5614 1921 5631 °
1959 5614 2017 5653 in
2042 5614 2151 5653 om.
2185 5614 2246 5651 Α.
2321 5614 2342 5631 ν
2370 5614 2446 5650 δι(

1709 5671 1774 5721 im
1803 5684 1912 5723 om.
1940 5668 2002 5723 A.
2083 5667 2127 5701 ¹³
2156 5669 2246 5723 Sic
2281 5667 2446 5729 ADE;

2566 5526 2615 5579 le
2644 5540 2770 5579 esse.
2858 5522 2883 5554 ⁸
2909 5521 2953 5575 Α
2992 5520 3349 5575 habitudinem
3373 5537 3599 5587 omnem;
3629 5532 3678 5578 et

3033 5590 3140 5661 ‘°_A
3192 5595 3484 5661 categoriae
3533 5595 3669 5649 huic.
3692 5598 3699 5605 ’

2496 5680 2593 5734 pro
2614 5664 2670 5716 id
2698 5673 2770 5734 est
2814 5662 2853 5734 C
2875 5662 2981 5734 rel.
3060 5659 3103 5691 “
3126 5662 3261 5734 enim
3285 5659 3393 5717 om.
3424 5663 3486 5716 D.
3562 5663 3611 5734 f‘
3638 5668 3674 5716 .\

2128 5739 2171 5772 ³⁸
2195 5739 2236 5791 Α
2262 5731 2653 5790 collocatorum.
2732 5732 2775 5763 ”
2797 5733 2842 5785 A
2866 5732 3047 5800 igitur.
3122 5731 3168 5762 ¹⁰
3193 5732 3233 5786 Α
3269 5735 3480 5786 mli/ms.
3556 5732 3600 5762 “
3633 5735 3677 5784 Α

428 5796 718 5872 multaque.
795 5803 841 5833 η
869 5803 945 5859 δίι
972 5805 1116 5875 ςΕΒΕ
1132 5796 1151 5871 ;’
1172 5807 1211 5859 Α
1234 5808 1599 5876 proportionis.
1677 5809 1723 5841 ⁸³
1740 5796 1780 5862 λ
1802 5810 2147 5880 mediumque.
2224 5806 2271 5838 ”
2290 5805 2613 5875 Ajlngimr-
2684 5802 2734 5835 ”
2757 5804 2823 5857 8t"
2843 5796 2950 5859 οιῖὶο
2973 5800 3036 5857 C-
3111 5802 3157 5836 ⁸⁸
3180 5803 3268 5859 Sic
3282 5802 3445 5869 ΑΙ)Εὲ
3466 5801 3600 5857 (εἶσκ-
