4194 6276
488 348 585 403 467

1850 319 2129 379 JOANNIS
2169 318 2365 374 SCOTI

3637 314 3740 370 468

488 461 830 535 respondent.
862 455 1208 524 Nequaquam
1254 449 1396 502 enim
1433 447 1449 477 ⁸
1505 443 1831 499 intellectum
1876 438 2051 497 standi
2083 439 2251 506 Aper
2299 434 2536 503 seipsum
2599 429 2811 500 propria
2857 442 2953 482 sua
3011 427 3219 482 ratione
3270 441 3392 483 esse
3442 444 3545 483 non
3603 431 3743 484 desi-

489 534 790 613 absolutum
821 548 889 602 ab
916 543 1186 599 intellectu
1217 539 1430 609 jacendi
1460 536 1755 606 cogitabis;
1798 534 1893 589 sed
1918 548 2057 587 scm-

489 661 588 718 per
607 639 763 697 simul
790 640 1099 697 occurrunt,
1124 630 1370 699 quamvis
1397 628 1448 681 in
1477 642 1536 681 re
1562 627 1741 699 aliqua
1765 640 1871 678 non
1899 621 2058 679 simul

490 738 784 806 appareant
811 729 853 781 ’.

558 824 650 878 2t).
674 819 809 887 Quid
831 816 1112 872 dicendum
1135 820 1219 868 est
1244 813 1308 866 de
1336 810 1486 866 loco?
1510 809 1735 877 Quando
1761 806 2061 878 superiora,

492 915 748 972 inferiora
767 920 820 967 et
841 910 1018 977 media
1038 906 1470 969 considerantur,
1496 902 1733 971 nunquid
1750 900 2063 954 habitudine

491 1006 711 1063 inirent?
761 1002 916 1057 Nullo
944 999 1122 1055 modo.
1170 996 1283 1051 Non
1313 995 1457 1050 enim
1503 995 1635 1048 haec
1663 992 1845 1046 omnia
1872 1007 1939 1045 ex
1970 1004 2064 1043 na-

491 1108 608 1153 tura
642 1110 818 1150 rerum
870 1091 1221 1164 proveniunt,
1266 1088 1361 1142 sed
1387 1102 1450 1139 ex
1484 1086 1504 1116 ³
1547 1092 1789 1154 respectu
1831 1082 2065 1152 quodam

492 1188 750 1243 intuentis
780 1200 872 1239 eas
901 1198 996 1254 per
1022 1190 1218 1252 partes.
1253 1178 1481 1233 Sursum
1509 1176 1771 1245 siquidem
1814 1182 1870 1226 et
1906 1172 2067 1225 deor-

492 1295 608 1334 smn
655 1278 708 1332 in
742 1275 992 1331 universo
1023 1288 1126 1326 non
1159 1279 1243 1324 est
1268 1310 1283 1337 ,
1333 1277 1495 1338 atque
1532 1266 1651 1321 ideo
1683 1277 1857 1332 neque
1904 1276 2067 1331 supe-

492 1368 634 1421 riora
662 1407 675 1431 ,
726 1378 900 1435 neque
952 1361 1243 1424 inferiora,
1290 1373 1463 1427 neque
1506 1354 1679 1410 media
1729 1354 1781 1406 in
1820 1351 2070 1406 universo

2162 527 2260 581 nit.
2325 525 2399 579 De
2448 522 2749 592 quantitate
2815 519 3062 575 similiter
3129 520 3436 576 dicendum.
3504 521 3745 581 Dicimus

2161 615 2303 670 enim
2335 620 2533 682 quanta
2563 610 2819 678 essentia,
2849 619 3051 679 quanta
3082 609 3337 679 qualitas,
3364 622 3567 682 quanta
3598 613 3742 669 rela-

2164 707 2259 772 tio,
2291 712 2523 776 quantus
2569 702 2723 765 situs,
2773 711 3007 772 quantus
3058 701 3298 769 habitus,
3328 719 3487 774 quam
3520 721 3747 778 magnus

2163 795 2331 861 locus,
2377 809 2539 863 quam
2587 808 2811 863 parvum
2836 791 2921 846 vel
2947 792 3243 863 spatiosum
3280 802 3507 866 tempus,
3541 808 3743 867 quanta

2165 887 2328 952 actio,
2378 893 2579 956 quanta
2618 883 2832 956 passio?
2871 882 3123 947 Videsne,
3154 900 3310 954 quam
3342 885 3445 940 late
3472 898 3619 957 patet
3646 905 3744 958 per

2166 986 2375 1032 ceteras
2405 975 2702 1045 categorias
2722 974 3022 1045 quantitas?
3043 972 3156 1028 Non
3175 974 3215 1004 ”
3246 983 3418 1031 tamen
3440 992 3592 1031 suum
3617 995 3743 1049 pro-

2165 1071 2343 1141 prium
2391 1068 2593 1123 deserit
2632 1075 2852 1121 statum.
2883 1066 3020 1134 Quid
3057 1067 3121 1121 de
3165 1066 3453 1134 qualitate?
3481 1066 3665 1121 Nonne
3689 1077 3743 1123 et

2167 1159 2284 1228 ipsa
2311 1158 2376 1212 de
2416 1156 2666 1210 omnibus
2702 1155 2823 1209 aliis
2856 1154 2899 1185 ¹⁸
2927 1154 3214 1226 categoriis
3250 1155 3554 1224 frequenter
3588 1172 3743 1226 prae-

2168 1249 2339 1305 dicari
2368 1248 2536 1302 solet?
2575 1246 2813 1300 Dicimus
2838 1246 3005 1309 enim,
3037 1246 3211 1315 qualis
3239 1247 3402 1312 οὖσὶα,
3440 1247 3612 1316 qualis
3636 1264 3746 1301 ma-

2172 1340 2415 1410 gnitudo,
2449 1336 2625 1408 qualis
2668 1336 2880 1401 relatio,
2925 1338 3082 1401 situs,
3128 1337 3364 1401 habitus,
3419 1338 3585 1402 locus,
3620 1347 3751 1392 tem-

492 1467 650 1522 sunt;
701 1426 831 1511 naui
858 1452 1226 1509 univcrsitatis
1257 1426 1616 1505 consideratio
1666 1445 1799 1499 haec
1846 1443 2068 1512 respuit,
2171 1447 2294 1501 Pus,
2340 1445 2517 1502 agere.
2560 1428 2714 1499 pali?
2754 1426 2896 1482 Haec
2921 1429 3062 1482 enim
3118 1430 3320 1492 omnia,
3368 1430 3542 1500 qualia
3602 1439 3748 1495 sunt,

494 1520 729 1617 partium
778 1560 903 1600 vero
948 1540 1244 1597 introducit
1290 1536 1533 1592 intentio.
1589 1534 1790 1587 Eadem
1822 1530 1960 1585 ratio
1991 1538 2075 1584 est
2174 1528 2604 1595 interrogamus;
2656 1536 2761 1575 non
2815 1531 2990 1574 tamen
3039 1520 3269 1591 qualitas
3309 1522 3391 1577 sui
3434 1523 3635 1594 proprii
3662 1539 3754 1594 ge-

494 1610 565 1695 ξιθ
606 1635 795 1705 majori
844 1643 898 1688 et
946 1631 1158 1687 minori.
1206 1627 1417 1683 Nullum
1467 1625 1612 1679 enim
1661 1623 1714 1678 in
1753 1636 1850 1675 suo
1876 1632 2075 1692 genere
2174 1619 2323 1679 neris
2371 1613 2632 1667 rationem
2679 1610 2896 1665 deserit.
2944 1611 3082 1678 Quid
3111 1630 3238 1685 ergo
3270 1615 3485 1681 mirum,
3519 1616 3563 1671 si
3599 1623 3748 1668 cate-

491 1742 715 1800 parvum
747 1736 837 1779 aut
865 1738 1115 1795 magnum
1154 1737 1274 1776 esse
1308 1727 1503 1788 potest,
1534 1732 1601 1770 ex
1641 1712 1966 1784 cogitatione
1994 1719 2073 1764 ta-
2176 1717 2327 1786 goria
2393 1716 2724 1772 habitudinis
2746 1757 2761 1782 ,
2822 1716 2949 1770 dum
3001 1715 3054 1769 in
3113 1713 3362 1768 omnibus
3434 1708 3749 1780 inspicitur,

494 1799 617 1878 men
641 1817 1066 1889 compar-nntium
1094 1816 1333 1870 diversas
1355 1809 1681 1882 quantitates
1706 1806 1833 1860 talia
1854 1806 2069 1859 inventa
2105 1817 2146 1876 Β
2173 1807 2445 1879 propriam
2491 1825 2646 1864 suam
2696 1808 2961 1863 rationem
3009 1806 3285 1878 possidere
3324 1799 3565 1856 dicatur?
3605 1799 3750 1853 ῃιω,

494 1921 641 1969 sunt.
664 1912 891 1979 Ideoque
916 1909 1153 1962 locorum
1182 1920 1275 1960 seu
1302 1902 1534 1974 partium
1566 1896 1948 1968 contemplatio
1974 1895 2071 1949 ha-

492 2003 664 2060 bitum
694 2002 747 2055 in
780 1999 972 2054 talibus
997 1996 1183 2069 gignit.
1215 1995 1365 2049 Nulla
1390 1992 1532 2049 enim
1564 1998 1753 2045 natura
1785 1985 1956 2054 major
1980 1993 2072 2040 aut

494 2094 673 2150 minor
701 2089 803 2146 alia
830 2098 1020 2143 natura
1060 2087 1129 2142 sit
1161 2087 1205 2152 ⁸,
1234 2086 1372 2141 sicut
1401 2097 1575 2152 neque
1620 2079 1868 2150 superior
1896 2091 2072 2146 neque

493 2182 740 2247 inferior,
788 2195 909 2237 cum
955 2193 1060 2233 una
1118 2175 1368 2233 omnium‘
1408 2173 1664 2229 subsistat
1715 2178 1906 2224 natura
1936 2210 1951 2235 ,
2001 2183 2071 2223 ex

494 2288 604 2327 uno
655 2271 762 2327 Deo
791 2270 1029 2326 condita.
1085 2268 1227 2323 Dtsc.
1267 2265 1404 2333 Quid
1452 2262 1517 2317 de
1552 2260 1836 2330 tempore?
1884 2258 2073 2314 Nonne

497 2364 552 2418 in
589 2363 736 2433 ipsis,
777 2362 900 2417 dum
950 2361 1088 2415 inter
1138 2372 1194 2413 se
1241 2357 1469 2411 invicem
1515 2354 1893 2417 conferuntur,
1924 2351 2072 2405 lucu-

498 2454 672 2510 lenter
720 2453 934 2508 habitus
984 2450 1218 2507 arridet?
1252 2448 1408 2505 Verbi
1444 2447 1640 2519 gratia,
1674 2444 1776 2498 diei
1816 2444 1837 2475 ⁸
1875 2442 1942 2499 ad
1978 2444 2074 2497 bo-

500 2559 610 2609 ras,
654 2544 820 2600 horae
858 2544 923 2598 ad
956 2552 1203 2613 punctos,
1236 2539 1417 2610 puncti
1456 2540 1524 2591 ad
1567 2542 1925 2599 momentum,
1955 2547 2072 2587 mo-

498 2634 665 2690 menti
693 2635 760 2689 ad
790 2641 986 2688 atoma.
1018 2631 1276 2687 Similiter
1298 2630 1351 2684 in
1375 2626 1745 2697 superioribus
1772 2632 2076 2693 temporqu

499 2723 1137 2788 commensurationibus,
1162 2723 1206 2777 si
1231 2721 1350 2791 quis
1382 2717 1706 2780 ascenderit,
1738 2715 1990 2786 reperiet.
2016 2713 2074 2768 ιιι

497 2814 583 2872 his
608 2816 750 2871 enim
777 2815 1028 2870 omnibus
1058 2814 1272 2868 habitus
1301 2812 1463 2866 totius
1489 2810 1553 2863 ad
1585 2815 1786 2877 partes,
1819 2806 2077 2875 partium-

499 2923 603 2978 que
625 2908 645 2937 ⁶
667 2906 733 2962 ad
764 2916 929 2961 totum
959 2906 1302 2976 perspicitur.
1328 2903 1463 2958 MAG.
1487 2900 1737 2955 Profecto
1767 2913 1872 2952 non
1900 2896 2074 2951 aliter.

501 3000 644 3056 DISC.
678 3000 815 3070 Quid
842 3001 895 3055 in
924 2998 1150 3055 diversis
1177 2998 1196 3028 ⁷
1225 2997 1413 3068 agendi
1437 2995 1528 3050 et8
1552 2992 1789 3063 patiendi
1814 2989 2079 3047 motibus?

501 3095 687 3151 Nonne
713 3094 927 3150 habitus
956 3092 1152 3162 ubique
1185 3090 1417 3145 relucet?
1440 3085 1573 3141 Nam
1600 3100 1782 3140 amare
1829 3093 1885 3139 et
1909 3085 2078 3138 amari

2169 1900 2327 1956 Nullo
2366 1902 2524 1957 modo
2562 1901 2902 1966 mirandum;
2935 1916 3058 1955 nam
3083 1915 3213 1956 vera
3235 1898 3376 1954 ratio
3406 1896 3617 1960 suadet,
3648 1907 3754 1948 non

2170 1993 2328 2048 aliter
2355 2009 2474 2048 esse
2498 1993 2543 2026 “
2562 2008 2739 2063 posse.
2766 1993 2905 2050 ΜΑῦ.
2956 1992 3146 2048 Nonne
3185 1993 3350 2063 igitur
3402 1990 3572 2054 vides,
3623 1986 3758 2043 divi-

2171 2099 2296 2137 nam
2327 2084 2619 2138 essentiam
2667 2083 2863 2138 nullius
2907 2081 3236 2136 babitudinis
3266 2080 3585 2150 participem
3610 2092 3753 2143 esse,

2172 2175 2239 2229 de
2284 2188 2348 2229 ea
2395 2182 2572 2229 tamen
2625 2189 2730 2229 non
2781 2174 3092 2244 incongrue,
3143 2170 3397 2242 quoniam
3451 2168 3617 2241 ipsius
3672 2175 3759 2222 est

2173 2282 2355 2333 causa,
2400 2266 2699 2337 praedicari
2740 2265 2932 2336 posse?
2979 2263 3039 2320 Si
3080 2264 3226 2321 enim
3273 2260 3490 2332 proprie
3531 2260 3599 2316 de
3640 2259 3753 2329 ipsa

2172 2356 2389 2411 habitus
2412 2356 2837 2426 praedicaretur,
2872 2368 3210 2424 nequaquam
3247 2353 3466 2416 suimet,
3499 2351 3594 2404 sed
3622 2349 3758 2403 alte-

2175 2446 2290 2501 rius
2309 2454 2471 2502 esset.
2495 2445 2683 2502 Omnis
2704 2446 2899 2516 quippe
2922 2445 2962 2476 ”
2993 2444 3212 2499 habitus
3236 2443 3288 2497 in
3317 2442 3497 2512 aliquo
3524 2438 3762 2509 subjecto

2176 2540 2514 2609 intelligitur,
2530 2548 2585 2595 et
2609 2537 2835 2607 alicujus
2852 2537 3103 2593 accidens
3126 2545 3230 2601 est,
3257 2534 3399 2603 quod
3423 2533 3488 2587 de
3519 2532 3647 2597 Deo,
3674 2531 3758 2586 cui

2175 2631 2383 2686 nullum
2399 2629 2619 2695 accidit,
2634 2637 2688 2683 et
2711 2628 2803 2698 qui
2821 2628 2864 2660 ¹⁸
2883 2623 3243 2689 acciditnulli,
3262 2623 3315 2678 in
3341 2621 3589 2692 nulloque
3606 2620 3765 2674 intel-

2178 2723 2384 2793 ligitur,
2402 2732 2456 2778 et
2478 2722 2681 2777 nullum
2711 2721 2765 2776 in
2790 2721 2927 2792 ipso,
2944 2719 3167 2790 impium
3187 2725 3269 2773 est
3289 2715 3508 2772 credere
3532 2716 3592 2767 ¹⁹.
3610 2714 3758 2768 DISC.

2181 2812 2327 2869 Satis
2346 2815 2410 2869 de
2432 2814 2531 2867 hac
2553 2811 2825 2882 categoria
2844 2811 3178 2881 disputatum
3201 2816 3304 2874 est,
3321 2815 3379 2861 ut
3402 2805 3655 2861 arbitror.

2249 2907 2340 2960 2i.
2367 2904 2509 2961 Mac.
2543 2902 2683 2971 Quid
2711 2902 2911 2974 igitur?
2952 2900 3138 2983 Nonne
3175 2915 3242 2954 ex
3289 2899 3393 2962 bis,
3441 2911 3581 2966 quae
3606 2910 3765 2965 prae-

2180 2999 2320 3055 dicta
2371 3006 2518 3063 sunt,
2558 2996 2626 3051 de
2668 2996 2861 3051 ceteris
2889 2992 3175 3064 eategoriis
3205 2991 3443 3047 breviter
3470 3003 3762 3060 possumus

2184 3092 2476 3165 colligere?
2519 3089 2637 3146 Non
2688 3090 2833 3145 enim
2888 3090 3028 3144 Deus
3080 3086 3272 3152 locus,
3325 3100 3499 3155 neque
3553 3093 3765 3153 tempus

506 3185 854 3242 habitudines
880 3193 1007 3239 sunt
1036 3181 1268 3237 amantis
1317 3188 1373 3234 et
1411 3178 1598 3242 amati,
1642 3175 1907 3246 siquidem
1939 3174 2080 3228 inter
2106 3168 2151 3232 C
2182 3197 2301 3251 est;
2343 3193 2582 3238 attamen
2628 3183 2779 3237 locus
2820 3181 3060 3236 omnium
3102 3178 3416 3234 translative
3452 3176 3672 3240 dicitur,
3711 3183 3767 3229 et

500 3293 559 3336 se
592 3280 860 3336 invicem'
886 3276 1217 3348 respiciunt;
1256 3274 1370 3331 sive
1409 3273 1461 3327 in
1509 3287 1615 3326 una
1664 3286 1896 3343 persona
1936 3270 2077 3335 sint,

500 3372 643 3443 quod
670 3387 702 3426 a
730 3370 952 3426 Graecis
978 3368 1174 3423 dicitur
1210 3366 1542 3431 αὐτοπάθεια,
1573 3365 1625 3420 id
1651 3375 1755 3430 est,
1786 3378 1908 3419 cum
1938 3364 2080 3418 actio

502 3473 559 3516 et
600 3461 779 3529 passio
828 3461 880 3512 in
928 3474 1030 3511 una
1078 3457 1376 3525 eademque
1411 3455 1694 3524 inspicitur
1728 3469 1981 3525 persona,
2021 3462 2081 3509 ut

502 3551 765 3617 meipsum
817 3562 971 3613 amo;
1016 3546 1131 3601 sive
1174 3546 1317 3600 inter
1346 3544 1482 3599 duas
1530 3559 1810 3614 personas,
1865 3544 2005 3613 quod
2049 3559 2079 3598 a

502 3640 726 3697 Graecis
751 3638 947 3695 dicitur
975 3640 1320 3714 ὴερσπὰθιωι,
1353 3635 1406 3692 id
1430 3645 1536 3703 est,
1568 3652 1691 3692 cum
1723 3636 1827 3691 alia
1850 3650 2083 3705 persona

501 3729 757 3796 amantis,
776 3736 832 3784 et
851 3726 954 3785 alia
974 3730 1139 3785 amati
1164 3729 1205 3759 ¹⁰
1233 3728 1325 3793 sit,
1345 3736 1403 3781 ut
1429 3742 1554 3782 amo
1584 3735 1654 3780 te.
1686 3725 1826 3781 MAG.
1856 3725 1923 3780 Et
1950 3725 2084 3779 haec

499 3836 631 3879 vera
654 3836 775 3877 esse
803 3819 1037 3876 decerno
1060 3820 1123 3874 “.
1150 3819 1297 3877 Disc.
1324 3818 1536 3886 Quaero
1565 3818 1729 3889 igitur
1752 3832 1784 3871 a
1813 3825 1886 3882 te,
1912 3831 2083 3885 quare

507 3912 613 3970 ista
671 3910 940 3984 categoria
981 3911 1331 3978 babitudinis,
1377 3926 1501 3967 cum
1552 3910 1749 3965 ceteris
1794 3907 2083 3978 categoriis

504 4002 827 4059 naturaliter
844 4001 1021 4058 inesse
1034 4002 1306 4068 videatur,
1323 4016 1419 4072 per
1437 4002 1480 4032 ¹²
1498 4015 1559 4056 se
1572 4000 1897 4072 specialiter,
1917 3998 2080 4054 veluti

513 4092 628 4148 suis
662 4091 899 4164 propriis
933 4092 1233 4148 rationibus
1271 4092 1524 4158 subnixa,
1570 4107 1727 4146 suum
1763 4092 1817 4145 in
1862 4088 2081 4145 denaria

503 4184 898 4255 categoriarum
950 4184 1249 4253 quantitate
1295 4182 1470 4239 locum
1518 4182 1784 4238 obtineat.
1830 4180 1970 4237 MAG.
1998 4182 2084 4234 An

505 4277 665 4345 forte,
696 4277 821 4348 quia
852 4277 903 4332 in
926 4278 1179 4334 omnibus
1201 4277 1495 4340 invenitur,
1516 4284 1800 4346 propterea
1826 4274 1878 4329 in
1904 4274 2083 4344 seipsa

502 4371 782 4427 subsistit?
808 4369 938 4424 Nam
961 4370 1102 4440 quod
1124 4369 1363 4424 omnium
1385 4375 1492 4433 est,
1515 4367 1712 4422 nullius
1736 4367 1952 4437 proprie
1977 4375 2080 4432 est,

503 4462 697 4516 sedita
727 4468 810 4516 est
834 4461 887 4513 in
910 4461 1181 4526 omnibus,
1210 4468 1269 4514 ut
1295 4460 1347 4514 in
1372 4460 1546 4540 seipsa
1573 4458 1850 4514 subsistat.
1882 4458 2081 4513 Eadem

2186 3287 2419 3348 tempus,
2441 3274 2567 3345 quia
2605 3274 2847 3327 omnium
2888 3272 3129 3329 locorum
3167 3278 3576 3339 temporumque
3599 3281 3763 3321 causa

2184 3376 2285 3422 est.
2315 3365 2565 3420 Omnium
2597 3363 2794 3434 quippe
2817 3361 3180 3429 deﬁnitiones,
3212 3361 3365 3434 quasi
3396 3361 3612 3431 quidam
3638 3359 3761 3424 loci,

2184 3458 2238 3513 iu
2276 3458 2391 3528 ipso
2430 3454 2764 3518 subsistunt,
2800 3462 2855 3509 et
2885 3454 2952 3508 ab
2981 3456 3094 3525 ipso
3122 3454 3278 3525 quasi
3308 3470 3337 3509 a
3365 3453 3597 3523 quodam
3625 3460 3763 3506 tem-

2182 3566 2335 3621 pore,
2364 3564 2461 3619 per
2490 3549 2661 3618 ipsum
2712 3546 2872 3601 veluti
2913 3561 3013 3616 per
3051 3546 3318 3617 quoddam
3362 3555 3587 3616 tempus,
3626 3553 3678 3599 et
3710 3544 3764 3598 in

2184 3643 2358 3713 ipsum
2386 3639 2552 3695 veluti
2594 3640 2647 3693 in
2688 3638 2849 3695 ﬁnem
2896 3640 3162 3707 quendam
3213 3648 3531 3709 temporum,
3586 3644 3762 3691 motus

2185 3734 2422 3789 omnium
2457 3742 2511 3788 et
2540 3732 2749 3801 incipit,
2785 3740 2837 3787 et
2868 3739 3139 3798 movetur,
3177 3741 3230 3787 et
3256 3731 3474 3794 desinit,
3499 3731 3622 3786 dum
3649 3730 3767 3801 ipse

2184 3840 2286 3880 nec
2324 3840 2382 3880 se
2421 3831 2633 3880 moveat
2676 3838 2773 3892 per
2816 3832 3047 3894 tempus,
3092 3837 3195 3878 nec
3221 3824 3289 3878 ab
3319 3823 3425 3879 alio
3461 3830 3767 3880 moveatur.

2186 3915 2322 3982 Quid
2367 3915 2553 3970 enim?
2597 3912 2734 3968 Num
2761 3914 2805 3945 ἰ’
2841 3914 2884 3969 si
2934 3914 3151 3985 proprie
3195 3912 3347 3969 locus
3395 3914 3666 3979 diceretur
3709 3920 3771 3969 et

2186 4014 2417 4076 tempus,
2447 4005 2718 4058 videretur
2745 4019 2851 4059 non
2876 4012 3031 4058 extra
3062 4002 3239 4057 omnia
3269 4018 3366 4072 per
3392 4003 3765 4059 excellentiam

2184 4095 2475 4160 essentiae,
2522 4095 2615 4150 sed
2646 4095 2698 4148 in
2731 4108 2958 4151 numero
2997 4095 3260 4161 omnium,
3305 4108 3447 4163 quae
3489 4102 3635 4160 sunt,
3683 4093 3765 4149 in-

2186 4184 2374 4241 cludi?
2402 4186 2577 4242 Locus
2613 4185 2878 4255 siquidem
2904 4194 2960 4240 et
2989 4193 3199 4255 tempus
3224 4185 3363 4240 inter
3389 4186 3595 4250 omnia,
3623 4200 3764 4254 quae

2186 4288 2367 4336 creata
2419 4288 2563 4346 sunt,
2618 4286 3018 4349 computantur.
3062 4278 3121 4333 In
3155 4279 3238 4334 his
3275 4293 3519 4349 namque
3554 4279 3762 4333 duobus

2188 4378 2333 4426 totus
2375 4371 2633 4436 mundus,
2673 4371 2764 4441 qui
2796 4386 2940 4426 nunc
2976 4379 3082 4437 est,
3119 4372 3388 4436 consistit,
3426 4378 3481 4428 et
3503 4369 3622 4426 sine
3645 4370 3764 4439 qui-

2186 4458 2288 4515 bus
2331 4474 2452 4516 esse
2496 4476 2602 4515 nou
2649 4468 2843 4530 potest.
2902 4461 3135 4531 Ideoque
3181 4476 3212 4516 a
3256 4460 3477 4518 Graecis
3506 4460 3759 4515 dicuntur

504 4552 647 4605 enim
696 4552 836 4605 ratio
875 4550 1039 4605 etiam
1088 4551 1130 4582 ⁸³
1178 4553 1230 4604 in
1271 4527 1543 4621 categoria
1583 4550 1853 4605 essentiae
1912 4550 2076 4620 inspi-
2105 4527 2159 4588 D
2182 4551 2377 4609 ὧνᾶνευ
2404 4554 2463 4609 τὸ
2484 4559 2605 4617 πᾶν,
2630 4527 2681 4607 id
2709 4562 2815 4619 est,
2846 4527 3058 4624 quibus-
3077 4554 3193 4609 sine
3220 4553 3262 4584 “
3293 4552 3616 4608 universitas
3640 4563 3762 4604 esse

508 4644 696 4696 cienda
727 4651 830 4695 est.
863 4642 1001 4708 Quid
1033 4642 1217 4697 enim?
1259 4642 1529 4713 Nunquid,
1566 4658 1689 4697 cum
1720 4643 1905 4698 decem
1934 4651 2080 4699 cate-

508 4732 691 4803 goriae
733 4732 865 4796 sint,
896 4747 1000 4785 una
1031 4747 1217 4785 earum
1255 4733 1491 4786 essentia
1535 4747 1626 4787 seu
1675 4731 1972 4790 substantia
2003 4735 2080 4789 di-

514 4824 685 4888 citur,
734 4836 925 4876 novem
977 4837 1105 4875 vero
1144 4821 1441 4877 accidentia
1481 4831 1634 4888 sunt,
1683 4832 1740 4878 et
1792 4827 1847 4879 in
1900 4827 2080 4885 subsi-

509 4914 703 4971 Stentia
748 4911 1081 4967 subsistunt?
1108 4912 1210 4967 Per
1236 4927 1293 4968 se
1320 4912 1463 4968 enim
1501 4914 1793 4969 subsistere
1828 4931 1935 4971 non
1962 4932 2083 4988 pos-

508 5013 651 5062 sunt.
681 5004 921 5059 Essentia
946 5004 999 5059 in
1024 5003 1273 5060 omnibus
1292 5018 1412 5058 esse
1436 5003 1666 5073 videtur,
1692 5006 1811 5061 sine
1832 5022 1936 5078 qua
1962 5022 2084 5064 esse

508 5111 616 5151 non
660 5102 903 5165 possunt,
942 5104 998 5150 et
1038 5103 1216 5149 tamen
1243 5110 1341 5167 per
1367 5112 1424 5151 se
1452 5095 1628 5151 locum
1658 5113 1814 5153 suum
1851 5098 2080 5156 obtinet.

507 5185 661 5255 Quod
682 5188 825 5243 enim
854 5188 1093 5243 omnium
1118 5197 1223 5253 cst,
1254 5187 1450 5243 nullius
1480 5189 1693 5259 proprie
1721 5200 1823 5258 est,
1848 5192 1944 5247 sed
1966 5207 2082 5248 om-

505 5282 656 5337 nium
723 5297 1040 5347 commune;
1102 5289 1157 5337 et
1200 5281 1326 5337 dum
1377 5281 1432 5337 in
1478 5284 1729 5342 omnibus
1774 5287 2081 5353 subsistat,

2182 4659 2288 4698 non
2321 4642 2479 4697 valet.
2516 4641 2688 4697 Omne
2729 4642 2897 4707 enim,
2942 4643 3081 4713 quod
3116 4643 3391 4696 inmundo
3416 4648 3520 4704 est,
3553 4638 3758 4694 moveri

2186 4743 2447 4805 tempore,
2478 4734 2596 4788 loco
2621 4734 2666 4763 ²²
2693 4732 2907 4788 deﬁniri
2927 4734 2972 4764 "
2996 4747 3216 4788 necesse
3242 4742 3356 4797 est;
3388 4739 3443 4785 et
3464 4729 3612 4787 loeus
3641 4728 3760 4800 ipse

2189 4824 2463 4891 deﬁnitur,
2500 4834 2555 4881 et
2597 4834 2806 4896 tempus
2839 4834 3117 4890 movetur;
3148 4825 3285 4878 Deus
3314 4832 3492 4877 autem
3523 4836 3617 4876 nec
3643 4837 3771 4881 ιιιοσ,

2188 4925 2365 4982 vetur,
2417 4932 2519 4973 nec
2565 4917 2836 4973 delinitur-
2887 4916 3226 4980 Nam.locus,
3273 4928 3380 4985 quo
3426 4913 3759 4970 deﬁniuntur

2191 5010 2372 5066 omnia
2414 5009 2552 5076 loca,
2596 5009 2745 5065 locus
2785 5010 3029 5065 locorum
3062 5016 3165 5063 est.
3194 5007 3262 5062 Et
3291 5007 3417 5078 quia
3441 5006 3532 5061 ille
3556 5021 3591 5061 a
3613 5005 3761 5062 nullo

2188 5101 2418 5168 locatur,
2448 5102 2543 5157 sed
2568 5103 2750 5158 omnia
2781 5102 2921 5161 intra
2959 5116 3018 5157 se
3039 5100 3284 5166 collocat,
3312 5114 3423 5159 non
3455 5099 3629 5165 locus,
3666 5099 3760 5153 sed

2188 5190 2472 5263 plusquam
2516 5192 2783 5248 locusest.
2815 5190 2862 5247 Δ
2886 5192 3034 5247 nullo
3074 5207 3308 5267 namque
3350 5192 3627 5257 delinitur,
3666 5190 3760 5245 sed

2189 5284 2367 5338 omnia
2408 5283 2615 5339 deﬁnit.
2666 5284 2838 5339 Causa
2871 5284 3036 5355 igitur
3061 5294 3146 5341 est
3194 5285 3435 5341 omnium
3463 5286 3530 5339 “.
3559 5284 3758 5339 Eodem

1775 5394 2030 5452 VARIAE
2067 5395 2467 5453 LECTIONES.

582 5487 599 5519 ί
623 5487 734 5570 Aet.
752 5504 1076 5570 nequaquam
1091 5505 1109 5553 ;
1122 5487 1166 5543 Β
1179 5503 1506 5570 nequaquam
1521 5487 1833 5570 Quietem.)
1907 5490 1929 5521 ⁸
1945 5490 2003 5570 ,Δ
2025 5507 2056 5545 α

510 5625 662 5687 CDE,
696 5624 740 5679 A
763 5624 1017 5682 discerno.

511 5695 576 5748 ο.
653 5695 694 5725 ¹⁷
713 5694 751 5745 Α
775 5697 998 5761 proprie.
1076 5696 1118 5728 ⁸⁸
1141 5699 1231 5761 qui
1251 5713 1357 5752 om.
1382 5699 1532 5752 (ΖΒΕ.

514 5714 576 5748 υ.
655 5714 689 5725 υ
713 5714 751 5745 ri
775 5714 998 5761 proprie.
1076 5714 1118 5728 ν’
1177 5714 1231 5750 αι
1251 5714 1357 5752 om.
1382 5714 1532 5752 um.
1614 5714 1652 5733 ιν
1673 5714 1717 5753 A
1737 5714 1870 5755 creat

511 5763 552 5817 Α
584 5762 814 5831 locoque.
890 5762 934 5793 ⁸³
958 5764 1044 5820 CE
1063 5714 1301 5833 diﬁnire.
1380 5769 1426 5799 “
1449 5768 1495 5820 ι)
1513 5771 1747 5827 omnium
1772 5778 1870 5826 eu.

553 5493 599 5567 f
623 5493 727 5541 Aet
752 5493 1502 5571 nequaquam;quuaquom
1521 5493 1682 5553 (enim
1698 5493 1833 5570 om.)
1907 5493 1929 5521 ⁸
1957 5493 2003 5544 Δ
2025 5503 2296 5561 apparent.
2372 5494 2393 5528 ³
2417 5509 2482 5548 es
2504 5493 2699 5549 MILA.
2777 5493 2800 5526 ⁸
2825 5493 2915 5549 Sic
2944 5493 3104 5557 CDE;
3137 5493 3179 5547 Δ
3209 5494 3287 5561 ﬁt.
3363 5493 3389 5527 'l
3412 5493 3525 5545 Sic.

510 5557 641 5634 dies:
711 5555 1633 5634 partiumquoqre.“isic‘ACE;
1664 5557 1705 5612 Ι)
1728 5560 2005 5634 universis.
2079 5562 2170 5634 37A
2199 5564 2291 5618 vel.
2366 5565 2616 5634 'invicjem
2640 5578 2750 5618 om.
2776 5565 2843 5619 Α.
2921 5565 2963 5596 ιο
2981 5562 3070 5617 Sie
3092 5563 3200 5623 CE;
3221 5565 3525 5634 ADamalu.

1099 5630 1140 5660 ¹¹
1166 5626 1432 5691 SicCDE;
1452 5629 1494 5683 A
1513 5638 1559 5682 et
1585 5644 1681 5697 per
1707 5644 1782 5684 sc.
1861 5630 1905 5663 ²⁸
1929 5630 2034 5685 Pro
2052 5633 2207 5687 etiam
2234 5636 2275 5687 A
2297 5652 2424 5689 esse.

2777 5492 2915 5549 ‘Sic
2944 5492 3104 5557 cur);
3137 5492 3179 5547 Α
3209 5494 3287 5561 ﬁt.
3363 5488 3757 5554 ismamne

3606 5563 3644 5592 “
3665 5562 3758 5617 Sic

3441 5630 3484 5664 ⁸⁸
3507 5646 3617 5685 esse
3642 5646 3757 5690 om.

2508 5633 2612 5687 "’A
2630 5644 2674 5686 et
2699 5651 2823 5690 non.
2904 5635 3082 5687 "aliis
3109 5650 3218 5687 om.
3249 5633 3357 5687 AD.

1614 5700 1653 5774 ‘°_
1673 5699 1717 5753 A
1737 5700 1947 5756 credere
1968 5711 2061 5759 est.
2138 5702 2185 5736 ”
2208 5703 2303 5760 AD
2323 5704 2376 5760 Ν
2381 5722 2486 5761 aut.
2562 5704 2603 5735 “
2632 5704 2724 5761 Sic
2742 5703 2908 5771 CDE;
2934 5706 2981 5760 Α
2997 5705 3113 5758 θίπε
3131 5706 3335 5774 Win"
3412 5703 3457 5735 ﬂ
3481 5700 3569 5758 Sic
3591 5700 3754 5770 00E;
