4194 6276
525 387 626 444 471

1878 382 2157 440 JOANNIS
2197 381 2393 439 SCOTI

3664 384 3770 441 4'72

510 493 672 551 Vera
714 502 890 549 tamen
938 492 1075 546 ratio
1119 492 1362 547 consulta
1408 490 2021 562 respomlet,subjectum
2046 500 2099 546 et
2126 497 2179 555 Α
2202 491 2390 556 fertur,
2419 500 2472 547 et
2490 492 2696 561 species
2722 492 2787 545 ad
2818 507 3001 561 genus.
3030 492 3211 549 Genus
3236 496 3378 550 enim
3403 499 3598 567 speciei
3626 512 3706 555 est
3729 504 3770 535 ¹ί

533 590 599 644 de
627 587 868 657 subjecto
903 598 1066 638 unum
1108 598 1251 647 esse,
1277 593 1331 638 et
1361 585 1415 637 in
1447 581 1591 636 nullo
1615 581 1838 637 distare.
1868 580 2002 636 Nam
2028 582 2100 648 si,

533 686 593 733 ut
619 677 694 732 illi
726 676 900 739 aiunt,
928 674 1116 729 Cicero
1144 674 1444 743 subjectum
1488 679 1570 725 est
1619 674 1632 702 ¹
1678 679 1733 726 et
1762 672 1934 741 prima
1978 672 2104 726 sub-

536 764 756 831 stantia,
805 766 964 819 homo
993 778 1123 818 vero
1171 764 1237 818 de
1267 764 1509 832 subjecto
1551 762 1893 832 secundaque
1929 764 1949 792 '
1979 762 2105 816 sub-

535 857 753 921 stantia,
784 870 923 925 quae
948 853 1247 909 diﬁ'ercutia
1280 863 1363 908 est
1383 853 1535 922 juxta
1561 864 1828 919 naturam,
1853 854 1954 906 nisi
1978 854 2103 922 quia

535 961 699 1001 unum
731 945 783 998 in
815 960 1062 1008 numero,
1104 943 1333 997 alterum
1374 944 1428 997 in
1475 945 1672 1013 specie,
1718 960 1842 999 cum
1866 944 1938 998 nil
1961 944 2102 998 aliud

537 1038 609 1093 sit
636 1037 857 1107 species,
903 1035 1006 1091 nisi
1049 1049 1395 1088 numerorum
1424 1035 1626 1099 unitas,
1654 1044 1709 1088 et
1731 1035 1803 1087 nil
1832 1034 1972 1088 aliud
2000 1051 2101 1087 nu—

538 1141 740 1191 merus,
764 1124 866 1180 nisi
912 1124 1108 1194 speciei
1155 1122 1475 1191 pluralitas?
1505 1122 1561 1177 Si
1591 1137 1720 1191 ergo
1750 1123 1956 1191 species
1996 1132 2104 1177 tota

538 1224 591 1269 et
614 1231 717 1270 una
739 1223 822 1270 est
846 1214 1223 1283 individuaque
1252 1213 1305 1267 in
1333 1212 1592 1279 numeris,
1624 1220 1678 1265 et
1702 1211 1910 1265 numeri
1940 1227 2102 1265 unum

539 1307 871 1363 individuum
900 1312 1023 1362 sunt
1052 1305 1105 1359 in
1134 1305 1332 1374 specie,
1356 1318 1516 1372 quae,
1553 1304 1812 1372 quantum
1853 1302 1919 1355 ad
1951 1311 2107 1355 natu-

542 1415 679 1465 ram,
706 1399 958 1455 distantia
982 1406 1064 1454 est
1082 1398 1220 1451 inter
1240 1396 1533 1465 subjectum
1556 1403 1609 1449 et
1631 1394 1695 1449 de
1718 1396 1976 1464 subjecto,
2001 1409 2107 1448 non

542 1493 719 1548 video.
763 1492 1025 1547 Similiter
1057 1492 1121 1545 de
1153 1489 1521 1544 accidentibus
1544 1487 1751 1558 primae
1777 1488 2108 1541 substantiae

546 1580 987 1653 intelligendum.
1029 1581 1144 1635 Non
1208 1580 1349 1634 aliud
1409 1587 1491 1633 est
1542 1579 1684 1633 enim
1736 1579 1793 1644 ³,
1859 1582 1999 1647 quod
2054 1579 2107 1633 in

542 1673 782 1741 subjecto
826 1673 1039 1737 dicitur,
1086 1679 1141 1725 et
1184 1670 1348 1734 aliud,
1392 1669 1532 1738 quod
1573 1669 1624 1722 in
1673 1668 1913 1738 subjecto
1951 1667 2108 1721 simul

542 1771 596 1818 et
640 1765 704 1818 de
747 1762 1005 1830 subjecto.
1060 1760 1192 1816 Nam
1238 1760 1539 1830 disciplina,
1584 1769 1643 1814 ut
1678 1759 1926 1829 exemplo
1960 1767 2104 1823 utar,

2201 598 2388 654 genus,
2414 592 2467 636 et
2492 583 2697 652 species
2722 585 2934 653 generis
2955 595 3036 637 est
3058 586 3286 654 species.
3315 586 3538 642 Habitus
3562 606 3772 661 quoque

2202 681 2255 729 et
2280 681 2431 728 extra
2459 675 2633 728 οὐσίαν
2662 681 2717 726 et
2741 673 2880 725 intra
2910 674 3194 741 reperitur,
3224 682 3283 728 ut
3308 686 3591 744 armatum,
3625 681 3773 734 indu-

2202 772 2315 817 tum
2357 763 2652 819 secundum
2675 778 2873 833 corpus
2904 765 3152 820 dicimus.
3186 765 3408 821 Habitus
3431 783 3557 824 vero
3579 771 3773 837 οὐσίας,

2201 857 2432 926 generis,
2466 864 2558 910 aut
2605 857 2825 927 speciei,
2850 866 2933 911 est
2981 857 3152 912 virtus
3184 860 3292 928 ipsa
3327 861 3632 928 immobilis,
3680 880 3778 936 per

2203 962 2363 1017 quam
2413 963 2599 1018 genus,
2631 948 2757 1003 dum
2804 963 2901 1017 per
2955 950 3161 1017 species
3196 951 3463 1017 dividitur,
3499 954 3552 1006 in
3596 956 3774 1025 seipso

2205 1052 2419 1106 semper
2448 1053 2611 1090 unum
2644 1037 3084 1106 individuumque
3114 1050 3409 1106 permanet,
3437 1050 3489 1094 et
3522 1050 3685 1096 totum
3718 1045 3770 1097 in

2205 1128 2485 1197 speciebus
2529 1126 2771 1197 singulis,
2799 1137 2854 1182 et
2878 1128 3121 1197 singulae
3147 1131 3351 1198 species
3389 1132 3440 1183 in
3474 1131 3585 1200 ipso
3610 1150 3772 1189 unum

2205 1226 2350 1273 sunt.
2394 1217 2593 1271 Eadem
2623 1218 2795 1271 virtus
2830 1225 2884 1270 et
2915 1219 2967 1271 in
3016 1218 3194 1287 specie
3234 1220 3574 1290 perspicitur,
3613 1239 3768 1292 quae,

2206 1306 2330 1361 dum
2356 1319 2452 1377 per
2476 1321 2730 1361 numeros
2756 1307 3029 1361 dividatur
3057 1307 3119 1372 ¹¹,
3162 1323 3294 1364 suae
3323 1310 3629 1365 individuae
3659 1314 3779 1367 uui-

2207 1398 2337 1452 tatis
2380 1398 2755 1452 inexhaustam
2790 1397 2897 1450 vim
2928 1399 3181 1452 custodit.
3224 1398 3529 1469 Omnesque
3555 1390 3802 1468 numeri,

2206 1487 2260 1541 in
2300 1501 2434 1556 quos
2464 1487 2628 1541 dividi
2680 1488 2891 1543 videtur
2936 1490 2989 1541 in
3038 1490 3328 1557 inﬁnitum,
3378 1491 3430 1545 in
3478 1492 3593 1562 ipsa
3625 1493 3781 1559 ﬁniti,

2208 1593 2483 1647 unumque
2512 1577 2849 1633 individuum
2876 1587 3017 1634 sunt.
3051 1580 3125 1634 De
3148 1578 3365 1650 agendo
3397 1590 3574 1636 autem
3605 1593 3659 1639 et
3693 1600 3786 1654 pa—

2208 1670 2389 1725 tiendo
2418 1685 2575 1725 nemo
2615 1671 2859 1738 dubitat,
2909 1686 3029 1726 cum
3055 1672 3332 1727 videamus
3362 1688 3605 1743 corpora,
3651 1676 3778 1728 dum

2210 1763 2276 1816 ad
2302 1763 2654 1832 quantitatem
2685 1763 3008 1832 pertineant,
3038 1774 3093 1819 et
3124 1780 3286 1835 agere
3315 1774 3370 1820 et
3396 1767 3527 1835 pati.
3574 1764 3785 1821 Genera

541 1867 645 1908 una
704 1853 1000 1921 eademque
1058 1858 1142 1905 est
1195 1851 1248 1904 in
1297 1851 1493 1920 seipsa,
1531 1858 1586 1903 et
1642 1849 1695 1902 in
1751 1849 1863 1903 suis
1910 1849 2111 1917 specie-
2138 1838 2423 1923 Bquoque
2469 1862 2524 1907 et
2549 1854 2756 1923 species
2780 1854 2946 1922 ipsius
2977 1855 3174 1921 οὐσίας,
3219 1872 3341 1911 cum
3368 1871 3425 1912 se
3450 1856 3502 1910 in
3549 1856 3791 1911 diversas

542 1946 645 2001 bus
683 1946 1053 2013 numerisque.
1106 1942 1222 1997 Non
1274 1941 1414 1995 aliud
1470 1941 1631 2011 igitur
1692 1939 2110 2009 uniuscujusque

546 2035 762 2105 propria
819 2034 1115 2104 disciplina,
1176 2047 1313 2102 quae
1357 2047 1387 2085 a
1422 2032 1723 2087 Dialecticis
1770 2033 1821 2085 iu
1870 2031 2111 2099 subjecto

543 2125 744 2178 dicitur
785 2124 807 2155 ι
862 2124 1211 2189 solummodo,
1244 2132 1296 2177 et
1325 2123 1466 2176 aliud
1516 2122 1779 2192 generalis
1807 2122 2108 2193 disciplina,

542 2230 681 2287 quae
706 2216 772 2270 ab
808 2215 997 2271 iisdem
1037 2216 1091 2269 in
1125 2214 1363 2283 subjecto
1408 2222 1463 2269 et
1491 2215 1555 2268 de
1586 2214 1829 2283 subjecto
1863 2223 2109 2280 vocatur,

541 2308 706 2363 veluti
725 2309 777 2362 in
793 2308 1052 2378 subjecto,
1068 2306 1241 2377 prima
1258 2306 1461 2362 scilicet
1474 2298 1790 2371 substantia,
1815 2306 2112 2361 subsistens

546 2401 613 2455 de
636 2399 895 2467 subjecto,
920 2398 972 2453 id
1002 2406 1103 2463 est,
1132 2397 1347 2468 propria
1389 2396 1613 2465 alicujus
1644 2394 1927 2466 disciplina
1953 2410 2106 2465 prae-

545 2490 742 2546 dicitur
770 2508 783 2543 :
814 2489 907 2545 sed
941 2504 1045 2543 una
1067 2490 1359 2559 eademque
1383 2489 1537 2543 estin
1562 2495 1673 2542 toto
1694 2497 1749 2542 et
1776 2489 1828 2542 in
1851 2488 2113 2557 partibus.

547 2581 625 2635 Ac
657 2595 751 2649 per
775 2581 878 2635 hoc
904 2579 1225 2649 relinquitur
1252 2577 1547 2647 subjectum
1590 2588 1642 2634 et
1670 2580 1723 2633 in
1758 2578 2017 2646 subjecto.
2060 2578 2118 2633 Si

548 2681 725 2726 autem
790 2672 998 2728 acutius
1043 2672 1272 2742 vestigia
1318 2673 1487 2728 sancti
1542 2670 1787 2742 Gregorii
1842 2670 2117 2741 Theologi,

549 2763 977 2834 expositorisque
1025 2764 1107 2820 sui
1165 2763 1382 2818 Maximi
1437 2763 1820 2833 sapientissimi
1887 2778 2119 2833 sequens

553 2859 866 2926 inspexeris,
900 2858 1160 2924 invenies,
1185 2861 1357 2915 οὐσίαν
1375 2859 1593 2913 omnino
1616 2858 1670 2912 in
1694 2857 1960 2920 omnibus,
1986 2870 2122 2925 quae

553 2956 698 3012 sunt,
732 2962 828 3017 per
851 2962 908 3003 se
940 2948 1111 3019 ipsam
1140 2946 1735 3017 incomprehensibilem
1795 2963 1899 3001 non
1946 2946 2118 3001 solum

554 3039 754 3103 sensui,
784 3038 876 3093 sed
898 3040 1058 3093 etiam
1086 3038 1374 3093 intellectui
1406 3052 1543 3093 esse.
1574 3036 1749 3106 Atque
1792 3037 1913 3091 ideo
1942 3052 2006 3091 ex
2037 3036 2122 3090 bis

555 3130 719 3183 veluti
748 3127 1163 3183 circumstantiis
1213 3128 1324 3181 suis
1368 3126 1682 3195 intelligitur
1713 3126 1969 3190 existere,
2007 3125 2123 3179 loco

2211 1946 2416 2015 species
2456 1961 2816 2016 numerosque
2844 1947 2888 1979 ¹³
2917 1949 3294 2017 multiplicant,
3340 1965 3497 2021 agere
3520 1949 3786 2005 videntur.

2212 2036 2267 2091 Si
2300 2039 2419 2106 quis
2467 2053 2593 2092 vero
2625 2036 2666 2069 "
2695 2039 2919 2093 rationis
2966 2040 3166 2094 virtute
3214 2041 3369 2109 juxta
3422 2041 3567 2095 illam
3632 2042 3792 2096 disci-

2209 2128 2429 2199 plinam,
2446 2144 2582 2197 quae
2593 2130 2857 2188 ἀναλυτική
2876 2139 3118 2195 vocatur,
3144 2140 3198 2183 et
3214 2143 3466 2184 numeros
3491 2132 3543 2184 in
3559 2132 3789 2200 species,

2212 2227 2266 2272 et
2290 2218 2501 2287 species
2530 2218 2583 2271 in
2613 2232 2829 2288 genera,
2863 2232 3163 2288 generaque
3191 2218 3245 2272 in
3276 2221 3452 2275 οὐσίαν
3487 2219 3791 2287 colligendo

2214 2309 2544 2373 adunaverit,
2579 2308 2691 2378 pati
2722 2309 2967 2362 dicuntur
2992 2348 3006 2373 ,
3057 2322 3163 2361 non
3196 2309 3340 2377 quod
3381 2309 3497 2377 ipse
3538 2308 3788 2377 colligat;

2214 2408 2407 2454 natura
2457 2400 2597 2453 enim
2627 2399 2846 2453 collecta
2886 2406 3046 2463 sunt,
3079 2399 3221 2453 sicut
3247 2400 3410 2454 etiam
3446 2400 3651 2464 divisa;
3700 2398 3797 2453 sed

2216 2493 2339 2563 quia
2390 2491 2636 2559 colligere
2680 2499 2801 2544 actu
2850 2489 3074 2543 rationis
3118 2505 3182 2543 ea
3222 2491 3454 2543 videtur.
3503 2488 3634 2543 Nam
3672 2504 3792 2544 cum

2218 2589 2274 2636 et
2299 2580 2343 2619 ι’
2370 2581 2555 2635 eadem
2581 2578 2794 2644 dividit,
2839 2577 3085 2633 similiter
3120 2591 3279 2648 agere
3319 2578 3534 2642 dicitur,
3578 2591 3639 2631 ea
3672 2590 3796 2631 vero

2219 2674 2351 2744 pati.

2289 2762 2380 2817 26.
2422 2762 2565 2817 DlSC.
2606 2761 2749 2816 Haec
2779 2763 3023 2830 quamvis
3059 2760 3342 2816 videantur
3373 2773 3493 2815 esse
3528 2759 3692 2813 obseu
3708 2773 3791 2824 ra,

2222 2871 2327 2911 non
2368 2865 2544 2909 tamen
2568 2855 2646 2909 sic
2675 2855 2913 2909 animum
2943 2869 3118 2908 meum
3144 2851 3421 2919 eﬂugiunt,
3454 2861 3513 2904 ut
3541 2850 3613 2904 nil
3637 2851 3691 2903 in
3719 2849 3800 2904 eis

2222 2960 2416 3016 purum
2467 2952 2627 3014 atque
2676 2944 2970 2998 discretum
3030 2943 3079 2998 ei
3128 2943 3386 2996 reluceat.
3431 2939 3500 2993 Et
3549 2939 3803 3008 quoniam

2224 3038 2400 3101 video,
2439 3051 2624 3091 omnes
2660 3036 2772 3090 fere
2814 3035 3114 3104 categorias
3144 3034 3283 3087 inter
3317 3046 3375 3087 se
3415 3029 3653 3105 invicem
3676 3043 3804 3083 con-

2227 3134 2502 3181 catenatas
2546 3128 2623 3191 ¹⁶,
2680 3134 2739 3179 ut
2784 3126 2869 3179 vix
2923 3140 2952 3178 a
3004 3140 3061 3179 se
3119 3123 3346 3177 invicem
3405 3127 3552 3174 certa
3597 3119 3804 3172 ratione

555 3220 696 3285 dico,
742 3218 1074 3288 quantitate,
1123 3216 1266 3281 situ;
1304 3217 1515 3271 additur
1560 3217 1723 3271 etiam
1770 3218 1854 3270 his
1897 3225 2123 3285 tempus.
2155 3198 2201 3261 (ἶ
2232 3218 2461 3273 discerni
2484 3218 2729 3288 possint;
2773 3231 2960 3271 omnes
2984 3217 3126 3272 enim
3153 3214 3424 3277 omnibus,
3448 3210 3701 3276 utvideo,
3726 3213 3805 3265 in-

554 3311 697 3367 Intra
723 3311 857 3364 haec
889 3308 1176 3379 siquidem,
1206 3306 1366 3362 veluti
1406 3307 1547 3361 intra
1570 3308 1829 3376 quosdam
1860 3308 1994 3362 ﬁnes
2020 3308 2130 3362 cir-

558 3402 906 3470 cumpositos,
934 3400 1164 3454 essentia
1192 3399 1531 3467 cognoscitur
1560 3399 1929 3465 circumcludi,
1972 3401 2043 3453 ita
2074 3406 2134 3452 ut

558 3505 731 3559 neque
760 3491 1056 3545 accidentia
1083 3490 1133 3544 ei
1165 3490 1318 3558 quasi
1348 3490 1403 3544 in
1432 3505 1497 3545 ea
1528 3489 1873 3545 subsistentia
1913 3491 2132 3545 videan-

561 3592 649 3637 tur
676 3596 819 3647 esse,
849 3581 973 3650 quia
1000 3582 1337 3637 extrinsecus
1364 3590 1525 3648 sunt;
1569 3595 1743 3651 neque
1780 3582 1896 3636 sine
1928 3597 1991 3636 ea
2018 3583 2135 3636 exi-

560 3683 706 3730 stere
735 3686 911 3743 posse,
970 3673 1095 3741 quia
1144 3680 1388 3728 centrum
1434 3688 1622 3728 eorum
1664 3680 1764 3737 est,
1800 3674 1942 3728 circa
1989 3672 2135 3741 quod

562 3763 854 3819 volvuntur
881 3770 1142 3832 tempora,
1173 3762 1288 3816 loca
1323 3776 1456 3817 vero
1482 3770 1538 3817 et
1560 3763 1892 3831 quantitates
1920 3770 1974 3817 et
2001 3763 2137 3816 situs

564 3856 803 3927 undique
846 3855 1192 3910 collocantur.
1226 3854 1834 3926 Categoriarum'igitur
1873 3853 2137 3924 quaedam

569 3947 710 4003 circa
760 3948 936 4005 aeota»
994 3946 1401 4016 praedicantur,
1457 3959 1595 4014 quae
1644 3945 1809 4000 veluti
1858 3949 2137 4020 περιοχαί,

572 4040 625 4095 id
671 4049 776 4102 est,
816 4039 1229 4093 circumstantes
1275 4038 1547 4101 dicuntur,
1597 4039 1719 4108 quia
1765 4037 1910 4092 circa
1954 4037 1976 4068 ⁵
2020 4049 2141 4089 eam

572 4132 932 4202 inspiciuntur
957 4146 1113 4195 esse;
1145 4132 1405 4199 quaedam
1438 4145 1567 4184 vero
1605 4130 1656 4184 in
1690 4130 1802 4199 ipsa
1832 4136 1975 4195 sunt,
2007 4143 2143 4198 quae

568 4239 598 4279 a
618 4224 839 4279 Graecis
852 4224 1190 4296 συμϐάματα,
1207 4223 1260 4277 id
1286 4229 1368 4278 est
1391 4222 1687 4278 accidentia
1709 4230 1988 4286 vocantur,
2012 4234 2144 4290 qua-

568 4313 713 4377 litas,
751 4314 962 4381 relatio,
993 4314 1235 4378 habitus,
1266 4327 1442 4384 agere,
1467 4314 1598 4382 pati.
1632 4312 1778 4380 Quae
1799 4313 1963 4367 etiam
1990 4320 2146 4366 extra

574 4418 693 4459 eam
747 4405 798 4457 in
846 4404 965 4458 aliis
993 4404 1279 4475 categoriis
1318 4394 1707 4473 intelliguntur,
1757 4402 1905 4456 verbi
1952 4402 2144 4471 gratia,

571 4496 803 4563 qualitas
850 4495 903 4549 in
946 4496 1277 4562 quantitate,
1335 4504 1394 4547 ut
1441 4493 1590 4548 color
1620 4495 1671 4547 in
1719 4506 1962 4560 corpore.
2014 4490 2143 4544 Item

493 4613 505 4621 -
572 4583 804 4651 qualitas
820 4583 870 4634 in
892 4585 1133 4656 οὐσίᾳ,οι
1152 4585 1206 4637 in
1245 4583 1267 4615 ⁸
1287 4585 1570 4653 generibus
1593 4582 2144 4637 iuvisibilitasincom~

575 4670 1128 4740 prehensibililasque.
1164 4672 1295 4725 ltem
1320 4671 1342 4704 "
1370 4673 1559 4727 relatio
1581 4680 1733 4726 extra
1761 4673 1958 4736 οὐσίαν,
1996 4680 2149 4739 pater
2178 4740 2181 4743 γ
2208 4686 2209 4689 ‘

578 4762 645 4815 ad
681 4760 867 4823 ﬁlium,
884 4759 1025 4817 ﬁlius
1059 4761 1125 4815 ad
1157 4768 1386 4829 patrem.
1406 4760 1520 4816 Non
1541 4762 1682 4817 enim
1708 4771 1911 4817 suntex
1930 4769 2146 4826 natura,

582 4850 674 4904 sed
727 4849 1003 4903 accidente
1050 4863 1334 4918 corporum
1391 4850 1724 4919 corruptibili
1783 4852 2145 4920 generatione.

584 4942 857 5010 Siquidem
889 4948 1040 5010 pater
1081 4956 1187 4996 non
1240 4951 1464 4995 naturae
1493 4944 1519 4975 ³
1548 4941 1637 4997 ﬁlii
1666 4951 1821 5010 pater
1849 4953 1950 5009 est,
1975 4958 2151 5015 neque

582 5034 721 5089 ﬁlius
755 5042 978 5087 naturae
1025 5036 1046 5068 ⁸
1086 5034 1256 5104 patris
1310 5032 1450 5089 ﬁlius
1487 5042 1587 5089 est.
1636 5033 1804 5091 Unius
1842 5036 1985 5090 enim
2010 5036 2151 5107 ejus-

583 5127 811 5196 demque
854 5134 1077 5182 naturae
1120 5134 1245 5181 sunt
1280 5133 1437 5195 pater
1472 5133 1527 5181 et
1560 5124 1737 5191 ﬁlius;
1772 5126 1915 5182 nulla
1970 5135 2149 5183 autem

583 5225 773 5271 natura
804 5217 1033 5286 seipsam
1059 5215 1249 5285 gignit,
1276 5223 1369 5269 aut
1397 5228 1427 5268 a
1468 5214 1642 5284 seipsa
1671 5216 1921 5285 gignitur.
1955 5217 2010 5271 ln
2036 5217 2151 5287 ipsa

583 5321 713 5365 vero
737 5308 780 5340 “
804 5311 954 5365 οὐσία
982 5307 1171 5364 relatio
1198 5316 1301 5375 est,
1344 5321 1467 5364 cum
1503 5321 1670 5380 genus
1696 5307 1764 5376 ad
1806 5308 2039 5378 speciem
2071 5321 2158 5361 re-

2231 3320 2407 3364 sertae
2431 3318 2557 3363 sunt
2583 3327 2595 3361 :
2624 3309 2677 3362 in
2693 3323 2795 3377 qua
2818 3309 3146 3376 proprietate
3168 3305 3373 3377 singula
3395 3303 3802 3374 quaeQueinve-

2234 3399 2337 3454 niri
2364 3398 2595 3462 valeant,
2629 3397 2841 3466 aperias
2861 3395 3061 3466 ﬂagito.
3105 3396 3244 3450 MAG.
3278 3394 3414 3462 Quid
3441 3391 3805 3447 tibi'videtuir?

2238 3488 2375 3542 Num
2400 3491 2554 3543 οὐσία
2597 3487 2650 3540 in
2685 3486 2969 3555 generibus
3013 3484 3433 3557 generalissimis
3472 3492 3525 3537 et
3553 3481 3605 3535 in
3646 3494 3807 3550 gene-

2239 3578 2385 3631 ribus
2443 3575 2909 3647 generalioribus,
2973 3576 3024 3628 in
3081 3575 3211 3644 ipsis
3261 3588 3473 3643 quoque
3528 3571 3809 3642 generibus

2236 3684 2527 3739 eorumque
2549 3669 2852 3737 speciebus,
2875 3675 3033 3737 atque
3058 3668 3251 3723 iterum
3275 3665 3673 3735 specialissimis
3693 3677 3812 3732 spe-

2238 3759 2448 3824 ciebus,
2479 3775 2615 3829 quae
2645 3769 2847 3825 atoma,
2882 3760 2932 3813 id
2962 3768 3043 3813 est
3083 3759 3352 3812 individua
3388 3758 3661 3821 dicuntur,
3691 3755 3809 3807 uni-

2238 3850 2518 3906 versaliter
2561 3851 2885 3921 proprieque
2942 3848 3284 3905 continetur?
3332 3849 3478 3903 Dtsc.
3535 3847 3619 3901 Nil
3663 3846 3804 3900 aliud

2239 3958 2360 4000 esse
2387 3943 2544 3998 video
2575 3944 2638 4006 '7,
2676 3943 2731 3996 in
2761 3957 2867 4012 quo
2895 3940 3211 3997 naturaliter
3239 3940 3414 3994 inesse
3442 3939 3591 3995 οὐσία
3623 3936 3810 4007 possit.

2240 4034 2347 4089 nisi
2370 4035 2424 4088 in
2452 4034 2739 4104 generibus
2767 4041 2821 4085 et
2844 4032 3145 4101 speciebus,
3172 4045 3203 4084 a
3230 4045 3442 4085 summo
3466 4042 3637 4098 usque
3661 4027 3816 4082 deor-

2243 4140 2361 4180 sum
2392 4124 2857 4185 descendentibus,
2892 4123 2993 4177 boc
3015 4129 3115 4186 est,
3148 4136 3176 4174 a
3206 4119 3623 4191 generalissimis
3648 4131 3816 4186 usque

2246 4216 2312 4269 ad
2340 4212 2745 4284 specialissima,
2779 4212 2830 4266 id
2855 4219 2956 4275 est,
2984 4209 3285 4275 individua;
3320 4224 3414 4264 seu
3446 4207 3815 4276 reciprocatim

2246 4318 2459 4360 sursum
2486 4317 2674 4357 versus
2694 4302 2760 4355 ab
2791 4300 3080 4355 individuis
3104 4299 3171 4353 ad
3194 4296 3619 4368 generalissima.
3650 4295 3706 4349 In
3732 4292 3817 4347 his

2245 4396 2388 4449 enim
2433 4394 2595 4448 veluti
2636 4391 2972 4446 naturalibus
3014 4389 3258 4459 partibus
3300 4387 3618 4443 universalis
3669 4384 3820 4440 οὐσία

2249 4482 2512 4537 subsistit.
2546 4480 2686 4536 MAG.
2714 4480 2997 4550 Ingredere
3023 4494 3153 4550 ergo
3184 4480 3251 4534 ad
3294 4487 3491 4532 cetera.
3525 4475 3661 4529 Num
3692 4474 3817 4528 alibi

2172 4547 2225 4607 D
2248 4575 2461 4628 videtur
2498 4572 2593 4626 tibi
2631 4586 2751 4626 esse
2781 4547 3112 4639 quantitatis
3133 4569 3461 4640 proprietas,
3504 4565 3605 4620 nisi
3637 4566 3690 4617 in
3720 4580 3820 4616 nu—

2250 4680 2401 4720 mero
2448 4664 2700 4733 partium,
2744 4662 3037 4731 spatiisque
3078 4661 3143 4724 ¹⁸,
3183 4668 3342 4726 atque
3386 4652 3669 4715 mensuris,
3706 4651 3821 4704 sive

2249 4757 2371 4812 illae
2400 4764 2579 4826 partes
2623 4754 2911 4809 continuae
2951 4751 3078 4816 sint,
3112 4758 3171 4805 ut
3208 4756 3333 4803 sunt
3360 4745 3645 4806 linearum,
3685 4748 3821 4793 tem-

2248 4863 2462 4921 porum,
2528 4854 2969 4914 ceterorumque,
3014 4852 3162 4910 quae
3209 4835 3459 4892 continua
3521 4829 3824 4901 quantitate

2250 4920 2628 5002 continentur;
2670 4938 2782 4992 sive
2826 4939 3136 5004 segregatas
3181 4928 3310 4992 sint,
3354 4925 3517 4981 certis
3556 4920 3825 4978 naturali-

2257 5033 2463 5101 busque
2515 5029 2710 5084 ﬂnilms
2761 5028 3044 5089 discretae,
3097 5030 3158 5076 ut
3201 5027 3326 5075 sunt
3371 5014 3606 5080 numeri,
3665 5022 3828 5081 atque

2256 5121 2431 5177 omnis
2491 5116 2776 5173 multitudo
2801 5155 2816 5180 ,
2882 5115 2936 5189 in
2996 5111 3191 5183 quibus
3253 5109 3487 5164 discreta
3551 5102 3827 5174 quantitas

2258 5217 2508 5266 constare
2544 5205 2892 5261 manifestum
2933 5202 3059 5258 est?
3095 5201 3241 5256 Disc.
3281 5198 3349 5252 Et
3383 5197 3487 5250 hoc
3528 5190 3830 5249 luculenter

2261 5309 2501 5373 apparet.
2540 5299 2680 5355 MAG.
2722 5295 2859 5352 Num
2898 5303 2954 5351 et
3004 5308 3091 5360 ea,
3136 5306 3276 5363 quae
3316 5296 3541 5345 vocatur
3563 5283 3825 5355 qualitas,

1836 5435 2089 5490 VARIAE
2124 5431 2527 5489 LECTIONES.

669 5557 686 5586 ¹
708 5564 780 5607 est
809 5554 995 5608 om.D.
1051 5555 1072 5585 '
1094 5552 1138 5606 Α
1163 5563 1209 5607 et
1237 5551 1483 5606 secunda.
1561 5549 1583 5581 ³
1610 5546 1698 5604 Sic
1719 5546 1883 5611 CDE;
1912 5547 1957 5600 A
1982 5547 2105 5601 Non
2134 5547 2269 5601 enim
2295 5542 2441 5598 aliud
2464 5550 2557 5596 est.
2634 5540 2658 5572 δ
2693 5542 2736 5611 Α
2758 5540 3076 5611 dicuntur.__
3096 5536 3118 5568 '
3153 5535 3195 5588 Δ
3222 5534 3435 5611 οὗτεεηι.
3472 5526 3532 5611 η’
3545 5518 3826 5611 ξιξ-οιψΐλπρρ

589 5621 615 5656 ⁷
638 5624 730 5677 Sic
748 5622 878 5675 CDE
894 5640 908 5683 ;
927 5624 967 5675 A
990 5627 1227 5688 itemque.

599 5693 638 5745 Λ
671 5692 937 5744 dividitur.
1016 5691 1058 5723 ¹⁸
1093 5693 1136 5742 Α
1172 5701 1218 5744 et
1254 5705 1514 5743 numeros.

597 5761 740 5816 video
765 5775 892 5815 esse.
970 5761 1013 5794 "
1053 5758 1143 5814 Sic
1165 5759 1326 5823 CDE;
1358 5760 1400 5811 Α
1431 5758 1633 5826 spatiis.

1302 5625 1324 5651 "
1344 5620 1433 5674 Sic
1457 5618 1618 5683 CDE;
1650 5619 1690 5672 A
1714 5626 1919 5677 natura,
1993 5618 2014 5650 ⁹
2046 5616 2133 5670 Sic
2153 5615 2314 5680 CDE;
2338 5615 2381 5683 Α
2404 5621 2610 5683 nqt_ura.

1593 5680 1636 5718 ¹’¹⁶
1675 5688 1763 5744 Sic
1792 5686 1954 5755 CDE;
1985 5685 2030 5740 A
2055 5701 2223 5740 verae.
2259 5685 2302 5717 ⁸⁵
2338 5682 2424 5737 CE
2452 5680 2589 5736 Nam
2621 5690 2668 5736 ει
2694 5696 2828 5734 tumo

3038 5607 3080 5637 “
3108 5614 3182 5660 est
3203 5619 3312 5655 om.
3332 5600 3392 5653 D.
3472 5597 3514 5628 ¹¹
3545 5594 3635 5648 Sic
3660 5589 3825 5660 CDE;

2691 5610 2732 5641 ¹⁰
2754 5611 2798 5662 Α
2819 5625 2958 5679 ergo.
3038 5610 3080 5637 ”
3108 5614 3182 5660 est
3203 5619 3312 5655 om.
3332 5610 3392 5653 υ.
3472 5610 3514 5628 ι·
3545 5610 3635 5648 Sic
3660 5610 3825 5652 nun;

2698 5696 2808 5711 μη..
2910 5679 2952 5710 ιθ
2989 5677 3077 5711 Qtn
3101 5672 3263 5711 nnn-
3303 5670 3334 5711 Δ
3365 5675 3647 5711 natantum.
3728 5660 3766 5691 "
3790 5659 3830 5711 C

2910 5679 2952 5710 ⁸³
2989 5677 3078 5731 Sic
3101 5672 3265 5736 CDE;
3296 5670 3342 5724 Α
3365 5675 3647 5723 catenatas.
