4194 6276
438 410 548 468 475

1293 405 1383 460 DE
1418 402 1754 462 DIVISIONE
1790 401 2134 462 NATURAE.
2172 432 2247 445 —
2281 403 2485 459 LIBER
2518 402 2796 461 PRIMUS.

3581 412 3692 472 474

440 521 713 596 propriam
746 521 925 577 sedem
966 520 1192 586 obtinet,
1227 523 1333 578 nisi
1380 525 1435 578 in
1473 524 1658 597 figuris
1691 533 1746 579 et
1784 522 2011 595 superli-
2038 528 2092 585 Α
2116 523 2235 591 quis
2263 522 2330 577 de
2359 523 2542 577 animo
2574 522 2700 576 talia
2728 521 2942 587 dixerit,
2976 523 3049 578 nil
3071 523 3213 580 aliud
3238 526 3507 583 videbitur
3537 529 3694 587 intel-

442 613 648 676 ciebus,
684 610 797 665 sive
840 611 894 664 in
923 611 1257 668 naturalibus
1285 615 1623 684 corporibus,
1667 630 1762 670 seu
1792 615 1844 668 in
1890 629 2018 684 geo-

441 702 699 765 metricis,
727 708 785 753 ut
808 709 932 754 sunt
954 701 1164 770 planae,
1199 703 1514 773 triangulae,
1536 705 1851 773 quadratae,
1878 704 2015 758 mul-

442 794 689 864 tigonae,
742 793 1040 858 rotundae,
1097 793 1268 848 solida
1312 795 1473 847 etiam
1522 794 1574 848 in
1620 794 1923 865 superficie,
1957 804 2016 848 ut

444 894 566 938 sunt
589 881 797 947 cubica,
830 884 1018 939 conice
1038 923 1053 949 ,
1083 884 1331 953 spberica
1352 883 1375 936 ?
1400 883 1533 938 Nam
1566 885 1734 939 solida
1764 900 2008 954 corpora,

436 972 546 1027 sive
589 974 881 1039 naturalia,
925 974 1039 1027 sive
1077 974 1431 1041 geometrica,
1478 986 1736 1044 quantum
1790 975 2015 1030 interius

433 1063 867 1129 considerantur,
913 1070 1136 1132 propter
1177 1063 1277 1117 tria
1308 1064 1480 1133 spatia
1502 1104 1516 1129 ,
1557 1064 1610 1117 in
1647 1064 1841 1132 quibus
1868 1074 2011 1129 sunt,

435 1153 829 1225 longitudinem
868 1154 1023 1219 dico,
1062 1154 1398 1209 latitudinem
1445 1164 1499 1209 et
1538 1156 1555 1186 ³
1590 1155 1925 1210 altitudinem
1971 1158 2012 1222 ',

440 1247 508 1300 ad
535 1247 891 1315 quantitatem
922 1245 1258 1316 applicantur
1288 1264 1300 1299 :
1325 1246 1447 1301 dum
1474 1262 1601 1301 vero
1637 1247 1658 1277 ³
1704 1246 2015 1317 superficies

442 1351 632 1392 eorum
694 1337 1036 1407 perspicitur,
1089 1335 1335 1405 qualitati
1398 1334 1711 1407 junguntur.
1776 1337 1906 1391 Item
1958 1335 2015 1389 in

443 1428 606 1484 rebus
667 1428 1135 1499 incorporalibus,
1200 1443 1378 1484 nonne
1445 1430 1738 1484 maximum
1810 1427 2017 1484 obtinet

440 1522 616 1578 locum
634 1562 651 1588 ,
687 1537 809 1576 cum
835 1536 1022 1577 omnes
1041 1519 1379 1590 disciplinae,
1410 1535 1599 1577 omnes
1627 1522 1869 1588 virtutes,
1900 1521 2014 1577 sive

441 1613 787 1669 rationabiles
818 1612 945 1677 sint,
977 1628 1069 1667 seu
1115 1612 1531 1676 irrationabiles,
1568 1613 1803 1667 nondum
1837 1622 2012 1668 tamen

434 1703 502 1759 ad
530 1703 921 1759 immutabilem
945 1704 1141 1759 mentis
1163 1712 1363 1758 statum
1388 1704 1782 1775 pervenientes,
1810 1706 1874 1759 ad
1894 1719 2011 1759 eam

434 1793 781 1849 referantur?
835 1795 985 1849 Drsc.
1021 1794 1308 1865 Ingredere
1357 1795 1423 1849 ad
1467 1811 1549 1861 ea,
1585 1811 1733 1869 quae,
1772 1804 2008 1861 restant;

2115 613 2300 685 ligere,
2326 614 2427 668 nisi
2447 614 2589 683 quod
2617 621 2711 668 aut
2728 614 2905 669 adhuc
2928 615 2980 669 in
3006 617 3348 685 passionibus
3370 618 3688 674 delictorum

2107 701 2305 771 jaceat,
2327 711 2418 757 aut
2438 702 2831 773 quodammodo
2855 718 2949 759 eas
2971 705 3222 760 deserere
3245 716 3471 763 conetur
3504 709 3567 775 “,
3600 720 3694 767 aut

2115 790 2352 860 perfecte
2374 793 2427 846 in
2456 792 2683 847 virtutes
2703 793 2962 862 erigatur.
2996 794 3140 850 Disc.
3174 795 3241 849 Et
3266 796 3371 852 hoc
3398 797 3463 851 ad
3488 799 3689 854 intelli-

2112 884 2345 952 gendum
2396 900 2504 939 non
2535 886 2667 940 adeo
2709 883 2922 941 difﬁcile
2962 887 3195 942 videtur.
3250 887 3510 959 Sequere,
3551 908 3691 962 quae

2113 985 2343 1032 restant.
2375 977 2515 1033 MAG.
2551 977 2778 1033 Habitus
2808 987 2997 1045 restat,
3040 988 3100 1033 ut
3131 981 3375 1036 aestimo.
3402 982 3504 1049 Qui
3533 999 3693 1055 aper-

2116 1068 2322 1123 tissime
2352 1068 2405 1121 in
2430 1068 2689 1123 virtutum
2719 1084 2812 1124 seu
2846 1070 3097 1125 vitiorum
3129 1072 3294 1127 certis
3328 1074 3690 1143 possessioni-

2112 1160 2215 1215 bus
2259 1160 2562 1229 inspicitur.
2621 1160 2809 1216 Omnis
2858 1162 3003 1216 enim
3054 1163 3361 1232 disciplina,
3416 1165 3518 1220 hoc
3567 1174 3689 1236 est,

2114 1248 2290 1303 omnis
2327 1248 2661 1303 rationabilis
2712 1248 2874 1303 animi
2920 1258 3098 1305 motus
3141 1260 3234 1305 aut
3279 1253 3688 1321 irrationabilis,

2115 1337 2242 1391 dum
2272 1337 2337 1392 ad
2365 1346 2571 1391 certum
2593 1345 2793 1392 statum
2814 1340 3144 1409 pervenerit,
3176 1332 3253 1395 ita
3280 1351 3340 1396 ut
3366 1343 3510 1398 nullo
3530 1345 3687 1399 modo

2089 1428 2185 1505 .ab
2232 1444 2296 1482 eo
2348 1426 2455 1481 ulla
2506 1428 2791 1483 occasione
2846 1432 3051 1485 moveri
3099 1432 3289 1502 possit,
3336 1435 3430 1489 sed
3479 1449 3693 1505 semper

2116 1517 2296 1572 animo
2321 1517 2610 1573 adhaereat
2646 1520 2709 1584 ¹²,
2749 1527 2809 1574 ut
2831 1536 2993 1576 unum
3020 1521 3071 1575 id
3111 1523 3392 1595 ipsumque
3418 1525 3469 1580 ei
3496 1541 3615 1580 esse
3646 1525 3690 1557 ³³

2116 1608 2360 1661 videatur
2379 1608 2441 1672 ιδ,
2460 1608 2672 1663 habitus
2692 1609 2907 1664 dicitur.
2928 1612 3006 1666 Ac
3018 1627 3114 1682 per
3135 1613 3237 1670 boc
3252 1617 3426 1672 omnis
3453 1616 3691 1687 perfecta

2114 1697 2287 1752 virtus
2313 1697 2492 1752 animo
2518 1698 2947 1769 inseparabiliter
2970 1704 3292 1772 adhaerens,
3323 1722 3449 1761 vere
3468 1722 3532 1762 ac
3560 1722 3687 1777 pro-

2115 1788 2233 1857 prie
2270 1787 2485 1842 habitus
2529 1789 2849 1859 appellatur.
2898 1791 3126 1848 Proinde
3177 1795 3229 1848 in
3267 1796 3603 1866 corporibus,
3634 1796 3686 1850 in

433 1885 565 1939 haec
593 1886 739 1939 enim
791 1885 950 1956 plane
1000 1885 1173 1948 video,
1230 1893 1285 1938 et
1328 1885 1406 1940 sic
1455 1900 1513 1939 se
1558 1883 1756 1939 habere
1808 1899 2011 1939 assero.
2045 1880 2091 1938 Β
2118 1879 2310 1948 quibus
2331 1878 2406 1932 nil
2427 1878 2974 1937 stabilevideturesse
3004 1884 3286 1949 ",autvix
3304 1895 3396 1939 aut
3416 1902 3688 1957 nunquam

434 1975 570 2031 MAG.
607 1975 746 2030 Num
774 1985 829 2031 et
855 1992 944 2042 ea,
974 1991 1116 2047 quae
1159 1992 1188 2029 a
1218 1977 1440 2032 Graecis
1470 1976 1667 2030 dicitur
1707 1978 1836 2051 πρὸς
1876 1999 1948 2044 τι,
1979 1993 2009 2032 a

435 2067 592 2120 nobis
622 2082 752 2121 vero
784 2067 850 2120 ad
880 2065 1103 2136 aliquid,
1132 2067 1215 2122 vel
1249 2066 1457 2131 relatio,
1490 2066 1651 2121 alium
1679 2066 1855 2121 locum
1881 2083 2010 2136 pro-

430 2157 547 2226 prie
579 2158 631 2211 in
661 2167 851 2212 natura
875 2173 1053 2211 rerum
1084 2157 1339 2228 possidet,
1367 2158 1468 2213 nisi
1494 2158 1547 2211 in
1571 2158 2011 2228 proportionibus

432 2262 612 2299 rerum
643 2263 736 2302 seu
767 2263 1132 2313 numerorum,
1198 2250 1359 2318 inque
1397 2248 1419 2279 ⁸
1459 2249 1750 2320 reciprocis
1794 2264 2005 2318 eorum,

435 2350 577 2405 quae
605 2338 672 2390 ad
699 2352 757 2391 se
787 2337 1016 2393 invicem
1055 2338 1371 2408 respiciunt,
1401 2340 1845 2396 conversionibus
1867 2341 2010 2396 inse-

435 2429 788 2499 parabilibus,
844 2432 917 2485 ita
968 2441 1027 2487 ut
1076 2433 1116 2497 ⁸,
1162 2435 1302 2503 quod
1347 2450 1513 2488 unum
1562 2434 1776 2501 dicitur,
1823 2450 1927 2489 non
1978 2450 2009 2489 a

432 2523 637 2593 seipso,
669 2525 764 2579 sed
810 2525 877 2579 ab
917 2525 1110 2592 altero,
1156 2528 1298 2596 quod
1352 2528 1406 2582 ei
1433 2528 1738 2599 opponitur,
1770 2530 2011 2600 accipere

434 2612 805 2683 intelligatur?
846 2614 1015 2685 Cujus
1045 2616 1399 2673 inconcussas
1432 2619 1701 2676 amicitiae
1744 2620 2013 2690 insepara-

429 2700 662 2773 bilisque
714 2705 940 2774 copulae
985 2708 1231 2776 exempla
1266 2718 1393 2762 sunt
1433 2709 1755 2779 multiplices
1800 2713 2023 2766 numeri

429 2793 576 2849 inter
621 2809 682 2850 se
709 2796 940 2851 invicem
985 2798 1243 2867 copulati,
1295 2798 1462 2868 dupli,
1509 2801 1679 2870 tripli,
1701 2801 2004 2871 quadrupli,

434 2889 711 2958 ceterique
749 2890 802 2944 id
848 2906 1019 2960 genus
1054 2892 1108 2946 in
1145 2891 1444 2958 inﬁnitum;
1481 2894 1604 2948 item
1633 2895 2003 2964 particulares,

433 2985 497 3030 ut
536 2985 663 3031 sunt
705 2980 725 3010 ⁸
751 2981 1089 3049 sesqualteri,
1153 2983 1503 3053 sesquitertii,
1549 2986 1906 3054 sesquiquarti
1955 2988 1999 3051 ",

436 3068 711 3135 ceterique
740 3067 1059 3137 hujusmodi.
1092 3070 1148 3124 In
1182 3071 1373 3140 quibus
1416 3072 1660 3127 omnibus
1688 3088 1793 3128 non
1831 3074 2001 3128 solum

437 3154 633 3224 integri
661 3160 868 3212 numeri
913 3161 978 3213 ad
1017 3174 1075 3214 se
1102 3160 1332 3215 invicem
1373 3164 1663 3232 comparati
1694 3166 1999 3233 proportio-

2112 1970 2328 2040 proprie
2352 1970 2568 2026 habitus
2595 1971 2638 2002 ¹⁶
2666 1971 2955 2027 invenitur.
2989 1975 3137 2042 Quod
3167 1977 3311 2032 enim
3339 1993 3553 2048 semper
3580 1995 3685 2034 non

2114 2059 2360 2126 habetur,
2396 2061 2642 2135 quamvis
2671 2063 2737 2115 ad
2780 2073 2987 2134 tempus
3024 2066 3207 2121 haberi
3240 2067 3505 2134 videatur,
3550 2070 3685 2124 abu--

2114 2152 2227 2206 sive
2254 2152 2469 2206 habitus
2509 2152 2817 2207 nominatur
2844 2154 2908 2208 ιτ.
2951 2155 3091 2212 DISC.
3135 2155 3318 2213 Tende
3356 2159 3423 2214 ad
3466 2171 3684 2227 cetera;

2110 2241 2214 2296 hoc
2242 2242 2385 2296 enim
2407 2241 2697 2297 verisimile
2723 2258 2841 2297 esse
2868 2243 3045 2300 nullus
3069 2247 3110 2277 ιδ
3139 2245 3384 2318 denegat.

2180 2334 2270 2388 27.
2309 2333 2448 2390 MAG.
2489 2333 2667 2389 Locus
2722 2336 2987 2405 sequitur,
3059 2337 3189 2406 qui,
3243 2348 3301 2391 ut
3352 2338 3510 2407 paulo
3562 2347 3686 2392 ante

2111 2430 2361 2494 diximus,
2391 2431 2444 2484 in
2474 2430 2875 2486 delinitionibus
2918 2448 3117 2499 rerum,
3158 2449 3294 2503 quae
3323 2433 3533 2488 deliniri
3559 2449 3684 2504 pos-

2111 2533 2257 2589 sunt,
2306 2524 2677 2579 constituitur.
2726 2523 2810 2577 Nil
2848 2524 2991 2579 enim
3044 2524 3187 2579 aliud
3234 2534 3316 2580 est
3358 2525 3538 2591 locus,
3582 2525 3685 2579 nisi

2111 2616 2363 2680 ambitus,
2398 2629 2504 2685 quo
2535 2613 2952 2683 unumquodque
2986 2615 3147 2669 certis
3184 2616 3425 2670 terminis
3467 2613 3682 2670 conclu-

2115 2692 2259 2760 ditur
2298 2705 2362 2758 ".
2392 2704 2662 2760 Locorum
2703 2713 2881 2757 autem
2922 2705 3117 2759 multae
3158 2707 3364 2773 species
3410 2715 3564 2771 sunt;
3609 2714 3689 2761 tot

2109 2798 2252 2851 enim
2276 2797 2389 2851 loca
2417 2805 2562 2861 sunt,
2590 2803 2719 2865 quot
2748 2810 2858 2859 res,
2881 2810 3017 2864 quae
3045 2795 3412 2850 circumscribi
3438 2810 3683 2865 possunt,

2108 2888 2219 2941 sive
2242 2884 2568 2955 corporales,
2599 2885 2711 2939 sive
2735 2883 3098 2952 incorporales
3125 2884 3251 2937 sint.
3295 2884 3453 2939 Verbi
3486 2885 3679 2954 gratia,

2108 2990 2302 3044 corpus
2315 2982 2399 3029 est
2416 2975 2729 3044 compositio
2751 2973 3011 3042 quaedam
3026 2980 3277 3042 quattuor
3296 2973 3680 3028 elementorum

2106 3064 2454 3135 qualitatibus
2481 3064 2548 3128 '°,
2594 3065 2694 3119 sub
2725 3078 2828 3118 una
2868 3062 3096 3132 quadam
3134 3061 3312 3131 specie
3345 3062 3681 3132 conglobata.

2108 3156 2221 3212 Hac
2247 3156 2391 3211 enim
2427 3154 2757 3221 deﬁnitione,
2786 3153 3020 3225 generali
3047 3152 3275 3222 quadam
3302 3152 3679 3224 descriptione,

434 3245 590 3299 nibus
615 3247 841 3301 diversis
864 3247 1082 3316 pollent,
1121 3250 1215 3304 sed
1241 3251 1401 3304 etiam
1441 3225 1999 3322 singulorum-nume-
2028 3225 2074 3288 (ἶ
2108 3249 2288 3305 omnia
2350 3262 2575 3318 corpora
2601 3288 2615 3313 ,
2666 3262 2805 3317 quae
2856 3247 3079 3301 materie
3124 3245 3169 3275 “
3210 3262 3275 3300 ac
3330 3244 3502 3301 forma
3526 3262 3680 3326 .con-

429 3348 612 3389 rortun
641 3346 826 3405 partes
850 3338 952 3391 sibi
980 3337 1210 3393 invicem
1248 3338 1567 3409 conjunctae
1597 3345 2000 3412 proportionum

428 3424 726 3479 rationibus
753 3425 1189 3496 inseparabiliter
1215 3429 1551 3502 copulantur.
1594 3432 1663 3486 Et
1692 3448 1796 3488 non
1829 3434 2001 3490 solum

432 3516 534 3573 hoc
580 3518 636 3573 in
664 3520 799 3589 ipsis
830 3520 1076 3575 terminis
1102 3537 1479 3591 numerorum,
1527 3540 1716 3579 verum
1744 3528 1905 3581 etiam
1949 3528 2003 3582 in

430 3610 864 3679 proportionibus
892 3613 1316 3683 proportionum,
1366 3628 1501 3682 quas
1527 3615 1849 3671 arithmetici
1880 3633 2004 3687 pro-

430 3702 858 3771 portionalitates
898 3704 1184 3775 appellant,
1220 3706 1480 3777 reperies.
1518 3706 1662 3762 DISC.
1713 3708 1841 3763 Illud
1874 3724 2005 3778 quo—

433 3804 540 3859 que
565 3806 670 3847 non
693 3792 900 3863 ignoro.
941 3793 1087 3850 Haec
1110 3794 1253 3849 enim
1280 3796 1477 3851 artium
1506 3797 1693 3871 peritis
1719 3798 2000 3854 notissima

434 3890 578 3937 sunt.
738 3938 745 3945 ,

505 3960 645 4027 Nec.
686 3971 825 4040 Quid
850 3974 915 4029 de
948 3975 1050 4031 situ
1086 3976 1372 4032 dicendum
1398 3977 1519 4033 est?
1554 3976 1740 4033 Nonne
1768 3978 1824 4033 in
1859 3978 2004 4033 ordi-

429 4063 589 4119 nibus
615 4080 795 4120 rerum
824 4068 1180 4134 naturalibus,
1228 4084 1323 4124 seu
1353 4069 1723 4126 artilicialibus
1750 4086 2003 4141 corpora-

427 4150 556 4209 lium
588 4169 685 4210 seu
715 4158 1080 4226 spiritualium
1109 4160 1488 4229 positionibus,
1516 4163 1793 4231 prOprimn
1822 4162 2000 4216 locum
2042 4212 2045 4213 ν

425 4245 675 4301 obtinet?
721 4248 853 4302 Cum
883 4251 1027 4305 enim
1051 4250 1203 4317 dico,
1249 4252 1504 4321 primum,
1545 4253 1861 4319 secundum,
1899 4263 2005 4307 ter-

429 4335 563 4390 tium
582 4375 599 4401 ,
632 4351 698 4391 ac
728 4338 940 4404 deinde,
975 4340 1088 4396 sive
1109 4342 1162 4395 in
1191 4341 1339 4407 totis,
1371 4342 1484 4397 sive
1525 4343 1576 4396 in
1600 4342 1863 4412 partibus,
1890 4344 2003 4398 sive

431 4425 488 4479 in
511 4427 814 4495 generibus,
830 4429 951 4484 sive
966 4431 1021 4484 in
1044 4431 1341 4500 speciebus,
1358 4444 1535 4485 nonne
1560 4432 1719 4486 situm
1734 4434 2002 4503 quendam

433 4516 766 4587 singulorum
809 4520 1124 4575 considero?
1172 4520 1309 4575 Item
1355 4520 1401 4575 si
1443 4522 1801 4589 dextrorsum,
1840 4522 2001 4578 sinis-

428 4614 686 4675 trorsutn,
720 4624 958 4675 sursum,
983 4611 1254 4676 deorsum,
1283 4619 1431 4679 ante,
1465 4621 1608 4669 retro
1635 4614 1841 4679 dixero,
1867 4616 1995 4685 quid

427 4696 568 4750 aliud
592 4708 808 4766 praeter
832 4698 1154 4769 positionem
1180 4698 1472 4767 quandam,
1514 4702 1629 4755 sive
1673 4703 1997 4771 generaliter

429 4790 591 4844 totius
620 4791 829 4857 mundi,
856 4807 953 4847 seu
980 4792 1212 4861 partium
1236 4790 1351 4860 ejus
1370 4794 1718 4848 demonstro?
1747 4795 1881 4849 Nam
1906 4795 1996 4863 qui

429 4881 558 4935 dicit
577 4884 642 4936 de
667 4883 848 4953 aliquo
865 4898 1115 4954 corpore,
1139 4880 1304 4952 jacet,
1330 4898 1424 4939 seu
1449 4887 1623 4949 sedet,
1651 4898 1744 4938 seu
1771 4896 1897 4952 stat,
1923 4885 1999 4939 nil

431 4973 573 5028 aliud
612 4975 872 5041 insinuat,
914 4978 1017 5031 nisi
1067 4985 1161 5031 aut
1215 4978 1239 5010 ⁸
1281 4977 1532 5033 deorsum
1571 4978 1859 5043 accumbit,
1908 4987 2001 5032 aut

428 5079 640 5119 sursum
664 5081 855 5122 versus
877 5068 899 5100 ⁸
922 5067 1169 5137 erigitur,
1193 5075 1286 5120 aut
1324 5066 1487 5121 veluti
1521 5066 1563 5097 ¹⁰
1584 5067 1814 5136 quodam
1838 5067 1999 5123 libra-

425 5152 573 5212 mine
613 5155 759 5212 inter
789 5171 1007 5213 sursum
1034 5165 1198 5227 atque
1238 5157 1493 5213 deorsum
1523 5156 1739 5227 pendet.
1778 5156 1911 5211 Item
1952 5156 1999 5212 si

2104 3342 2319 3405 sistunt,
2366 3338 2774 3394 concluduntur.
2811 3336 2943 3390 ltem
2991 3335 3213 3407 spiritus
3251 3345 3335 3390 est
3380 3345 3569 3390 natura
3600 3337 3681 3390 in-

2105 3445 2382 3500 corporea,
2431 3427 2604 3482 forma
2635 3441 2732 3497 per
2777 3442 2835 3482 se
2877 3436 3037 3494 atque
3061 3427 3106 3456 “
3143 3426 3365 3481 materie
3387 3425 3433 3456 ⁸³
3464 3441 3676 3481 carens.

2104 3520 2290 3577 Omnis
2315 3519 2459 3575 enim
2489 3518 2732 3588 spiritus,
2770 3518 2883 3573 sive
2912 3517 3245 3573 rationabilis
3272 3508 3393 3572 sive
3425 3516 3669 3572 intellec-

2104 3610 2264 3664 tualis
2292 3609 2382 3673 sit,
2422 3622 2517 3677 per
2553 3622 2610 3662 se
2657 3607 2830 3676 ipsum
2872 3605 3116 3661 informis
3156 3602 3261 3662 est."
3293 3604 3352 3660 Si
3379 3621 3506 3660 vero
3541 3621 3667 3661 con~

2102 3714 2291 3755 versus
2313 3698 2472 3753 fuerit
2500 3699 2568 3751 ad
2598 3712 2813 3752 causam
2839 3712 3014 3763 suam,
3040 3697 3143 3752 hoc
3171 3705 3281 3761 est,
3319 3697 3387 3750 ad
3415 3694 3675 3763 Verbum,

2102 3803 2198 3860 per
2223 3789 2367 3859 quod
2393 3788 2535 3842 facta
2562 3799 2688 3843 sunt
2711 3789 2911 3852 omnia,
2942 3796 3070 3842 tunc
3095 3785 3376 3842 formatur.
3404 3785 3498 3841 Est
3522 3788 3683 3858 igitur

2104 3896 2210 3935 una
2250 3880 2421 3933 forma
2459 3880 2697 3933 omnium
2737 3876 3045 3948 spirituum,
3082 3878 3478 3932 rationabilium
3517 3891 3571 3931 et
3603 3879 3683 3932 in-

2107 3969 2523 4034 tellectuaiium,
2584 3968 2679 4021 Dei
2727 3967 2983 4023 Verbum.
3019 3966 3075 4019 Si
3127 3981 3251 4021 vero
3299 3966 3681 4020 irrationabilis

2107 4061 2328 4131 spiritus
2355 4060 2445 4125 sit,
2488 4058 2737 4112 similiter
2765 4057 3010 4112 informis
3042 4064 3123 4110 est
3162 4071 3256 4125 per
3284 4055 3538 4123 seipsum,
3567 4053 3678 4109 for-

2106 4160 2284 4208 matur
2338 4159 2516 4205 tamen
2570 4163 2748 4203 rerum
2806 4146 3138 4202 sensibilium
3204 4143 3522 4214 phantasiia.
3585 4144 3682 4200 Est

2108 4249 2303 4302 iterum
2360 4242 2532 4296 forma
2589 4239 2828 4293 omnium
2894 4237 3178 4305 spirituum
3232 4233 3680 4291 irrationabilium

2105 4333 2388 4410 phantasia
2414 4329 2772 4402 corporalium
2797 4341 2998 4393 rerum,
3018 4325 3072 4381 in
3090 4324 3348 4383 memoria
3370 4338 3555 4378 eorum
3584 4339 3681 4393 per

2108 4429 2419 4499 corporales
2450 4439 2642 4479 sensus
2680 4419 2868 4475 infixa.
2898 4418 3029 4473 Item
3060 4417 3115 4473 in
3148 4412 3441 4486 disciplinis
3487 4416 3678 4473 libera-

2109 4522 2247 4578 libus
2286 4519 2516 4592 plurima
2544 4515 2659 4570 loca
2688 4512 3046 4582 reperiuntur.
3078 4508 3233 4563 Nulla
3276 4507 3418 4563 enim
3461 4523 3549 4563 ars
3577 4516 3678 4574 est,

2102 4629 2241 4685 quae
2285 4611 2398 4665 suis
2426 4607 2559 4661 locis
2609 4610 2813 4668 careat,
2857 4609 2915 4654 ut
2960 4609 3084 4655 sunt
3130 4597 3233 4653 loci
3259 4596 3307 4628 ἰ
3335 4596 3618 4663 dialectici,
3650 4612 3680 4651 a

2102 4717 2320 4777 genere,
2368 4716 2398 4752 a
2450 4695 2648 4766 specie,
2690 4710 2720 4748 a
2749 4692 2986 4758 nomine,
3031 4692 3099 4746 ab
3145 4689 3605 4755 antecedentibus,
3651 4706 3681 4743 a

2077 4790 2575 4861 consequentibus,
2600 4802 2631 4840 a
2653 4782 2957 4847 contrariis,
2985 4782 3257 4850 ceterique
3284 4779 3330 4812 "
3356 4778 3679 4848 hujusmodi,

2104 4887 2173 4938 de
2199 4881 2395 4953 quibus
2432 4892 2576 4932 nunc
2620 4875 2887 4929 disserere
2928 4872 2975 4903 '°
3021 4870 3235 4943 longum
3266 4878 3366 4925 est.
3400 4867 3534 4924 Nam
3570 4879 3679 4922 tam

2106 4978 2213 5033 late
2240 4981 2425 5047 patent
2444 4968 2711 5026 dialectici
2737 4966 2864 5033 loci,
2892 4972 2971 5031 ut,
2998 4966 3351 5032 undecunque
3373 4959 3682 5047 dialecticus

2107 5046 2319 5122 animus
2352 5063 2406 5117 in
2437 5061 2480 5093 ³⁷
2519 5067 2711 5115 natura
2756 5069 2936 5111 rerum
2976 5061 3369 5123 argumentum,
3413 5046 3556 5117 quod
3605 5046 3680 5099 rei

2108 5158 2302 5215 dubiae
2338 5154 2471 5211 facit
2502 5152 2679 5216 ﬁdem,
2712 5145 2998 5220 repererit,
3029 5145 3203 5198 locum
3231 5139 3533 5211 argumenti
3562 5152 3679 5191 esse

1716 5332 1974 5391 VARIAE
2011 5325 2409 5389 LECTIONES.

498 5476 517 5508 ³
556 5485 605 5531 et
630 5491 740 5533 om.
769 5478 836 5533 A.
909 5480 932 5511 ’
963 5487 1012 5533 et
1030 5475 1360 5533 altitudinem
1380 5493 1488 5534 om.
1522 5476 1586 5532 D.
1661 5475 1683 5509 ³
1717 5474 1761 5529 Α
1782 5484 1974 5529 autem.
2051 5471 2134 5525 ιιι
2158 5479 2331 5541 atque.
2408 5471 2430 5496 '
2463 5472 2521 5519 ut
2546 5476 2618 5519 on

498 5551 598 5600 arti
634 5565 743 5600 om.
778 5550 842 5600 D.
900 5550 922 5581 "
948 5560 1038 5600 aut
1063 5564 1173 5600 om.
1213 5549 1276 5600 A.
1340 5549 1371 5581 ν’
1402 5564 1577 5600 versus
1617 5562 1728 5600 om.
1757 5545 1823 5600 A.
1903 5544 1945 5575 ¹⁰
1988 5541 2275 5597 velutiom.
2306 5537 2351 5591 A
2426 5535 2465 5566 “
2502 5534 2544 5586 D
2585 5548 2618 5600 ρ

1828 5614 1873 5647 ²⁸
1909 5612 1951 5667 Α
1975 5612 2181 5666 habitus
2209 5612 2435 5680 proprie.
2515 5612 2552 5634 "
2594 5612 2635 5652 Li
2658 5612 3029 5667 nominemus".
3101 5612 3150 5676 ς’
3186 5612 3233 5638 ιι
3265 5612 3549 5641 vcnauuuc
3575 5612 3679 5666 esse

1828 5694 1937 5738 tur.
2013 5682 2059 5713 ²⁰
2100 5680 2192 5735 Sic
2238 5676 2407 5741 CDE;
2458 5673 2519 5741 A7
2559 5683 2675 5741 eunt
2719 5654 3315 5741 Qllall‘latllztls:‘.t':‘§n
3333 5665 3679 5741 ex‘matcrta.

426 5551 598 5615 quarti
634 5565 743 5604 om.
778 5550 842 5603 Ι).
900 5550 922 5581 ⁸
948 5560 1038 5603 aut
1063 5564 1173 5604 om.
1213 5549 1276 5600 A.
1340 5549 1371 5581 ν’
1402 5564 1577 5603 versus
1617 5562 1728 5602 om.
1757 5545 1823 5600 A.

426 5631 515 5649 Arn
561 5617 601 5649 l‘
704 5618 747 5649 ιι
777 5620 802 5649 Δ
847 5622 891 5649 ιιι
917 5619 1116 5649 "hine...
1214 5616 1259 5647 ιι
1291 5618 1374 5649 an
1400 5636 1504 5649 Δηιη
1533 5618 1731 5649 ιιίΙΙηΙίιιι

426 5631 535 5669 om.
561 5617 623 5672 (Σ.
704 5618 747 5649 ιδ
767 5620 812 5673 Α
843 5622 891 5673 ei
917 5619 1135 5673 videtur.
1214 5617 1259 5647 "
1282 5618 1374 5673 AD
1397 5636 1504 5673 esse
1533 5618 1750 5672 videtur.
1828 5617 1873 5647 ⁸⁸
1909 5617 1937 5667 Α

429 5686 606 5759 nullus
651 5703 761 5759 esse
814 5690 1063 5759 denegat.
1142 5686 1184 5720 ”
1224 5685 1317 5742 Sic
1355 5688 1517 5754 ADE;
1565 5684 1937 5759 Cincludilur.

428 5755 474 5786 “
513 5758 729 5828 materie
773 5774 835 5812 ac
871 5755 1305 5828 forma—atque
1334 5773 1441 5813 om.
1478 5760 1538 5813 D.
1562 5802 1577 5815 .

429 5840 548 5893 que.
624 5826 670 5858 ³⁸
706 5827 750 5881 D
776 5826 967 5883 dicere.
1043 5829 1087 5860 ³⁷
1115 5828 1161 5880 Α
1187 5846 1218 5880 u

1613 5756 1658 5789 “
1697 5755 1743 5809 Α
1770 5753 2010 5819 materia,
2053 5750 2098 5807 D
2139 5748 2408 5804 materiae.

2408 5463 2430 5496 ι
2463 5472 2521 5519 αι
2546 5476 2655 5519 om.
2684 5454 2750 5509 A.
2828 5447 2850 5480 ⁸
2870 5444 2961 5502 Sic
2990 5442 3151 5509 CDE;
3176 5443 3218 5498 A
3245 5443 3369 5498 sint.
3442 5440 3464 5475 ⁷
3487 5443 3683 5516 sesqui—

2426 5535 2465 5566 u
2505 5534 2544 5571 n
2585 5533 2825 5571 nnnellﬂ'.
2900 5517 2942 5548 "
2981 5515 3113 5571 CDE
3146 5514 3411 5569 adhaeret.
3501 5514 3544 5546 "
3573 5532 3682 5570 esse

2515 5534 2544 5586 D
2585 5533 2825 5600 ponetur.
2901 5530 2942 5596 ξ·
2981 5530 3113 5571 huc.
3146 5530 3418 5596 adnueret.
3482 5530 3544 5596 ἰ·
3573 5532 3682 5570 εσσε

2515 5602 2555 5634 ³⁷
2594 5601 2635 5652 (3
2658 5587 3029 5650 nominabitur.
3108 5584 3151 5617 ¹⁸
3186 5584 3233 5638 Α
3260 5585 3549 5641 νθτιειωιιθ
3575 5602 3683 5641 ωδε

2485 5723 2531 5773 it
2569 5736 2671 5792 ιοσί
2696 5723 2804 5791 oin.
2846 5727 2907 5780 ι).
2982 5725 3028 5756 ³⁵
3068 5723 3160 5780 Sic
3184 5726 3350 5793 CDE;
3393 5724 3440 5778 A
3480 5725 3683 5777 ceteris-
