4194 6276
589 418 700 474 475

581 712 980 769 deﬁnitionibus
996 718 1325 772 ambiuntur.
1343 720 1584 787 Quarum
1605 726 1846 797 exempla
1869 734 2162 789 sunthaec.

578 799 937 859 GRANIIA‘I‘ICA
956 816 1039 860 est
1060 807 1378 862 articulatae
1392 811 1540 866 vocis
1559 824 1742 870 custos
1758 827 1813 871 et
1833 819 2164 877 moderatrix

576 892 857 962 disciplina
881 896 922 948 ί.
956 895 1272 953 Βυετοιιιει
1301 909 1385 954 est
1434 901 1638 958 finitam
1664 919 1882 962 causam
1907 924 2159 981 persona,

576 985 801 1039 materia
840 986 884 1052 ⁸,
908 988 1216 1055 occasione,
1241 991 1521 1059 qualitate,
1543 992 1685 1061 loco,
1709 1006 1969 1068 tempore,
1993 1001 2164 1058 facul-

576 1084 683 1133 tate
696 1078 992 1134 discutiens
1005 1081 1220 1150 copiose
1241 1092 1402 1151 atque
1434 1096 1624 1141 ornate
1653 1087 1677 1120 ¹
1704 1090 2013 1161 disciplina;
2040 1096 2161 1152 bre-

571 1167 817 1237 viterque
852 1167 875 1199 ⁸
900 1170 1109 1226 deliniri
1134 1183 1313 1242 potest
1339 1214 1354 1239 ,
1382 1190 1684 1234 ειηετοκιελ
1706 1191 1791 1235 est
1812 1182 1997 1240 ﬁnitae
2025 1202 2158 1242 cau-

570 1273 665 1315 sae
730 1267 936 1329 septem
976 1262 1247 1331 periochis
1290 1280 1453 1336 sagax
1506 1277 1562 1323 et
1606 1271 1820 1340 copiosa
1852 1270 2154 1346 disciplina.

570 1351 895 1408 Drusorum
952 1362 1035 1409 est
1086 1357 1453 1413 communium
1508 1360 1672 1415 animi
1745 1368 2156 1434 conceptionum

568 1443 968 1499 rationabillum
1022 1444 1251 1519 diligens
1310 1449 1796 1523 investigatrixque
1851 1456 2151 1528 disciplina.

564 1536 943 1595 ARITHIETICA
1017 1549 1100 1596 est
1195 1556 1543 1601 numerorum
1613 1551 2155 1621 contemplationibns

564 1629 779 1684 animi'
835 1633 1299 1689 succumbentium
1346 1646 1464 1691 rata
1512 1636 1939 1712 intemerataque
1985 1646 2152 1703 disci-

559 1725 727 1795 plina.
754 1726 1073 1783 Gsous'rnu
1098 1738 1181 1785 est
1201 1728 1483 1799 planarum
1512 1733 1806 1805 ﬁgurarum
1835 1736 2150 1795 solidarum-

560 1831 669 1886 que
717 1820 887 1889 spatia
921 1822 1339 1893 superllciesquc
1369 1827 1547 1897 sagaci
1576 1830 1772 1885 mentis
1805 1832 2000 1888 intuitu
2020 1850 2148 1889 con-

560 1908 808 1966 siderans
839 1912 1134 1983 disciplina.
1170 1913 1373 1972 ΜυθιοΑ
1400 1927 1484 1973 est
1510 1921 1770 1990 omnium,
1799 1940 1940 1994 quae
1977 1936 2104 1982 sunt
2123 1926 2145 1959 ⁸

558 2002 716 2058 sive"
745 2004 796 2058 in
828 2015 974 2061 motu
1006 2008 1118 2063 sive
1146 2007 1198 2062 in
1226 2019 1365 2064 statu
1393 2011 1416 2042 ⁸
1451 2012 1647 2080 scibili,
1703 2019 2146 2092 naturalibusque

558 2096 1015 2164 proportionibus,
1063 2100 1403 2158 harmoniam
1434 2106 1662 2162 rationis
1701 2108 1903 2167 lumine
1950 2112 2144 2185 digno-

558 2187 760 2241 sccns’
790 2187 1089 2260 disciplina.
1153 2191 1494 2250 Asrnomcu
1538 2207 1619 2252 est
1667 2199 1977 2257 caelestium
2020 2220 2141 2259 cor-

555 2264 746 2345 porum
775 2280 946 2349 spatia
976 2288 1260 2353 motusque
1289 2285 1600 2358 reditusque
1620 2291 1784 2347 certis
1810 2296 2142 2365 temporibus

553 2368 886 2442 investigans
925 2374 1224 2445 disciplina.
1257 2375 1321 2432 Hi
1347 2387 1474 2434 sunt
1508 2383 1789 2453 generales
1811 2386 1918 2443 loci
1943 2389 2140 2445 artium

554 2460 889 2529 liberalium;
951 2464 1033 2521 his
1095 2468 1338 2525 terminis
1398 2474 1765 2546 continentur,
1819 2476 1959 2535 intra
2005 2497 2144 2552 quos

559 2555 700 2611 aliae
730 2556 1149 2618 innumerabiles
1178 2573 1304 2619 sunt
1331 2565 1397 2621 ιθ.

625 2647 714 2704 28.
744 2649 938 2705 Disc.“
962 2651 1058 2708 liis
1080 2656 1377 2714 rationibus
1392 2674 1556 2731 cogor
1576 2661 1756 2730 fateri,
1785 2680 1891 2721 non
1921 2682 2042 2724 esse
2066 2667 2141 2725 lo—

549 2755 677 2799 cum
693 2741 794 2798 nisi
811 2743 864 2798 in
883 2744 1082 2801 animo.
1103 2746 1160 2802 Si
1179 2749 1323 2804 enim
1343 2749 1582 2808 deﬁnitio
1595 2756 1770 2811 omnis
1790 2756 1844 2810 in
1860 2759 2140 2830 disciplina

549 2841 654 2901 est,
684 2843 740 2891 et
779 2836 957 2893 omnis
1005 2837 1287 2911 disciplina
1320 2841 1373 2896 in
1406 2844 1607 2912 animo,
1645 2850 1952 2905 necessario
1991 2850 2139 2907 locus

549 2926 747 2995 omnis,
796 2929 921 2999 quia
967 2927 1211 2988 deﬁnitio
1239 2940 1341 3001 est,
1395 2950 1501 2992 non
1541 2936 1670 2992 alibi
1703 2939 1805 2993 nisi
1859 2940 1914 2995 in
1955 2944 2138 2999 animo

549 3024 714 3143 agi).
747 3088 888 3145 MAG.
922 3090 1090 3148 Recte
1125 3093 1367 3149 .ntueris.
1411 3094 1556 3150 DISC.
1595 3094 1733 3162 Quid
1769 3099 1931 3170 igitur
1955 3102 2136 3157 dicen-

549 3179 676 3234 dum
720 3188 801 3236 est
832 3181 899 3237 de
939 3181 1040 3248 his,
1069 3183 1160 3252 qui
1208 3184 1415 3249 dicunt,
1447 3184 1812 3242 habitationes
1852 3191 2134 3247 hominum

548 3280 962 3342 ceterorumque
986 3272 1299 3327 animalium
1331 3273 1479 3329 locos
1508 3277 1664 3330 esse?
1698 3277 1947 3333 similiter
1969 3281 2132 3337 istum
2162 3308 2206 3369 Ο

549 3376 891 3417 communem
917 3376 1043 3418 aera
1077 3363 1143 3430 ",
1177 3372 1376 3419 terram
1423 3380 1660 3437 quoque,
1698 3370 1940 3425 omnium
1975 3374 2132 3429 habi-

551 3453 781 3507 tantium
815 3455 869 3507 in
915 3454 994 3509 eis
1021 3455 1169 3511 locos
1195 3456 1242 3488 ¹³
1266 3459 1589 3513 aestimant?
1621 3475 1814 3532 aquam
1843 3463 2019 3520 locum
2058 3465 2136 3537 pi-

548 3543 723 3599 scium
753 3544 961 3610 dicunt,
1006 3547 1343 3617 planetarum
1384 3552 1627 3616 aethera,
1681 3553 1934 3622 spheram
1962 3556 2136 3613 caele-

549 3638 690 3688 stem
720 3641 989 3688 astrorum
1017 3636 1195 3692 locum
1226 3655 1344 3695 esse
1371 3644 1599 3712 putant?
1627 3642 1766 3701 MAG.
1796 3645 1938 3701 Nihil
1964 3648 2132 3715 aliud,

548 3722 655 3777 nisi
697 3730 756 3777 ut
782 3734 873 3778 aut
902 3727 1195 3783 suadeatur
1240 3731 1341 3797 eis,
1383 3733 1427 3787 si
1481 3734 1901 3806 disciplinabiles
1927 3739 2035 3794 sint
2080 3749 2137 3796 et

548 3814 731 3870 doceri
767 3817 1033 3875 voluerint
1054 3819 1120 3887 ιι,
1154 3832 1249 3878 aut
1279 3825 1496 3896 penitus
1521 3826 1885 3897 dimittantur,
1925 3831 1972 3887 si
2006 3846 2134 3887 con-

549 3908 763 3965 tentiosi
813 3911 939 3968 sint.
986 3912 1031 3946 “‘
1069 3914 1177 3972 Eos
1222 3917 1390 3987 enim,
1438 3920 1530 3992 qui
1578 3922 1706 3976 talia
1750 3922 1957 3992 dicunt,
2005 3940 2133 3982 vera

549 3998 756 4055 deridet
798 4002 959 4058 ratio.
1009 4004 1145 4061 Nam
1188 4008 1233 4063 si
1280 4008 1424 4066 aliud
1453 4023 1538 4067 est
1567 4029 1765 4085 corpus
1802 4024 1858 4071 et
1884 4015 2028 4071 aliud
2051 4025 2136 4073 est

543 4087 697 4147 locus
709 4092 787 4176 :8,
811 4095 1074 4166 sequitur,
1099 4106 1157 4152 ut
1182 4099 1332 4156 locus
1357 4117 1464 4158 non
1486 4103 1556 4160 sit
1576 4120 1790 4176 corpus.
1818 4106 1927 4162 Aer
1951 4118 2133 4164 autem

546 4170 1040 4258 istius'corporalis
1075 4198 1238 4261 atque
1281 4194 1513 4251 visibilis
1553 4170 1739 4253 mundi
1780 4209 1971 4269 quarta
2006 4218 2133 4273 pars

543 4283 649 4330 est.
706 4273 879 4334 Locus
922 4279 1087 4352 igitur
1116 4299 1222 4340 non
1276 4295 1378 4343 est.
1434 4288 1661 4346 Constat
1708 4294 1929 4360 etenim,
1986 4297 2132 4351 hunc

546 4366 802 4423 mundum
841 4369 1110 4429 visibilem
1134 4386 1391 4445 quattuor
1431 4378 1732 4449 elementis,
1772 4384 1938 4441 veluti
1971 4397 2128 4456 quat-

547 4461 671 4510 tuor
715 4463 1057 4528 generalibus
1115 4468 1438 4536 quibusdam
1492 4476 1736 4545 partibus
1773 4480 2129 4549 compositum

545 4562 685 4603 esse.
728 4549 795 4605 Et
829 4564 912 4609 est
953 4558 1109 4626 quasi
1156 4565 1428 4632 quoddam
1458 4583 1681 4640 corpus,
1730 4572 1842 4627 suis
1890 4574 2133 4643 partibus

547 4649 906 4708 compactum.
955 4644 1036 4700 Ex
1064 4650 1259 4717 quibus
1297 4654 1544 4713 videlicet
1581 4661 1825 4731 partibus
1854 4663 2132 4749 catholicis
2156 4669 2210 4729 D

545 4729 786 4785 omnium
803 4734 1138 4806 animalium,
1163 4744 1440 4812 arborum,
1468 4729 1756 4809 herbarum
1774 4742 1990 4829 propria
2006 4776 2129 4831 spe-

546 4815 952 4895 cialissimaque
970 4841 1198 4899 corpora
1244 4834 1476 4893 mirabili
1507 4815 2128 4914 inelfabiliquc-mixtura

1954 434 2239 497 JOANNIS
2278 442 2474 502 SCOTI

584 533 878 598 describat,
910 548 1003 588 seu
1053 540 1358 607 argumenti
1406 539 1611 595 sedem.
1647 539 1918 602 Similiter
1968 549 2021 603 in
2053 551 2171 607 aliis
2198 563 2246 621 Α
2275 560 2539 623 coeuntia,
2581 577 2698 618 com

584 625 794 679 artibus
836 626 1104 693 reperies;
1148 643 1288 697 quae
1332 631 1444 685 suis
1484 630 1639 698 locis,
1682 635 1735 689 id
1781 645 1886 703 est,
1935 644 2170 712 propriis

2173 1936 2221 1997 Β
2249 1935 2409 1989 etiam
2448 1939 2558 2008 ipsa
2603 1946 2899 2005 accidentia
2937 1953 2989 2007 in
3030 1969 3177 2015 motu
3203 1935 3351 2031 sunt,

3739 484 3838 539 476

2703 578 2994 640 ponuntur,
3023 576 3187 649 inque
3217 597 3310 640 eas
3334 586 3528 648 iterum
3566 601 3838 663 resolutio-

2270 646 2354 702 nis
2392 658 2630 722 tempore
2660 659 2903 716 redeunt.

2334 738 2426 795 ‘50.
2458 739 2695 859 lit-enim
2723 750 2766 782 "
2809 760 2950 811 totus
2995 759 3098 816 iste
3142 770 3364 827 mundus
3392 779 3641 839 sensibus
3671 802 3834 859 appa-

2268 845 2392 886 rens
2431 836 2648 893 assiduo
2698 854 2842 900 motu
2879 849 3021 906 circa
3072 872 3222 914 suum
3262 867 3532 927 cardinem
3582 836 3832 949 volvitlnr,

2265 923 2408 978 circa
2441 935 2640 985 terram
2671 934 2822 1002 dico,
2854 940 2997 996 circa
3028 961 3185 1016 quam
3216 955 3376 1011 veluti
3408 965 3672 1031 quoddam
3705 925 3833 1028 cett:
3871 1008 3877 1015 -

2265 1022 2405 1069 trum
2431 1026 2610 1075 cetera
2637 1024 2738 1079 tria
2758 1026 3044 1101 elementa,
3070 1052 3208 1109 aqua
3238 1022 3499 1118 videlicet,
3523 1070 3616 1110 aer

2258 1294 2525 1355 elementa
2555 1304 2676 1359 dico
2700 1306 2764 1376 ",
2788 1311 2842 1366 in
2875 1329 2934 1369 se
2953 1315 3179 1375 invicem
3210 1331 3479 1399 coeuntia,
3501 1294 3827 1409 singularum

2257 1404 2434 1446 rerum
2465 1394 2510 1426 ³⁸
2543 1400 2761 1471 propria
2790 1420 3013 1477 corpora
3038 1414 3350 1473 coniiciunt.
3404 1424 3554 1491 Quae
3589 1394 3827 1491 resoluta

2256 1479 2451 1538 iterum
2474 1501 2539 1541 ex
2552 1493 2972 1563 proprietatibus
2994 1501 3043 1556 in
3068 1479 3501 1573 universalitaies
3522 1534 3827 1593 recurrunt,

2254 1583 2506 1630 manente
2550 1595 2765 1652 semper
2792 1586 3197 1651 immutabiliter
3248 1605 3401 1671 quasi
3432 1612 3664 1675 quodam
3701 1583 3829 1674 ceu:-

2255 1668 2337 1718 tro
2354 1663 2396 1695 ¹¹
2426 1666 2754 1738 singularum
2778 1692 2957 1733 rerum
2977 1687 3193 1754 propria
3214 1696 3548 1767 naturalique
3568 1707 3825 1774 essentia,

2251 1767 2390 1865 quae
2437 1775 2537 1815 nec
2584 1769 2808 1835 moveri,
2868 1787 2968 1826 nec
3019 1781 3224 1847 augeri,
3278 1800 3378 1842 nec
3422 1790 3588 1849 minui
3628 1808 3821 1865 potest.

2248 1841 2563 1903 Accidentia
2589 1855 2730 1909 enim
2764 1858 2815 1912 in
2844 1872 2992 1917 motu
3021 1877 3147 1922 sunt
3174 1872 3236 1937 “,
3269 1890 3376 1932 non
3401 1841 3686 1939 essentia‘e.
3718 1887 3827 1945 Nec

3382 1984 3476 2024 seu
3506 1973 3559 2029 in
3585 1974 3629 2005 ³³
3657 1977 3828 2034 incre-

2250 2031 2466 2097 mentis,
2506 2033 2926 2109 detrimentisve,
2982 2050 3075 2102 sed
3124 2056 3469 2126 participatio
3514 2080 3702 2122 eorum
3757 2070 3827 2125 ab

2247 2122 2479 2177 essentia
2512 2125 2645 2181 tales
2673 2132 2878 2200 patitur
2902 2122 3508 2206 tnutabilitates._Aliter
3529 2156 3670 2209 enim
3694 2174 3823 2216 vera

2247 2213 2385 2267 ratio
2434 2230 2538 2271 non
2587 2216 2714 2274 sinit
2753 2237 2893 2281 esse.
2940 2227 3126 2287 Omnis
3175 2236 3439 2305 siquidem
3483 2254 3676 2302 natura
3720 2264 3823 2305 seu

2243 2304 2621 2374 essentiarum,
2668 2326 2759 2365 seu
2796 2316 2876 2370 eis
2904 2304 3264 2378 accidentium
3302 2328 3658 2391 immutabilis
3701 2347 3819 2407 est;

2244 2397 2583 2468 participatio
2612 2418 2763 2472 vero,
2797 2417 2857 2461 ut
2882 2409 3138 2479 diximus,
3184 2423 3541 2479 essentiarum
3583 2429 3653 2482 ab
3681 2431 3821 2487 acci-

2243 2487 2513 2556 dentibus,
2565 2508 2660 2547 seu
2692 2498 3048 2556 accidentium
3093 2508 3160 2561 ab
3203 2514 3484 2581 essentiis,
3515 2534 3728 2590 seraper
3765 2524 3821 2580 in

2242 2593 2391 2635 motu
2415 2592 2515 2638 est.
2546 2584 2903 2662 Participatio
2921 2594 3184 2665 siquidem
3212 2614 3266 2658 et
3292 2606 3535 2665 inchoari
3553 2620 3608 2667 et
3630 2584 3819 2686 augeri

2244 2674 2518 2746 minuique
2547 2690 2743 2750 potest,
2776 2686 2945 2743 donec
2988 2693 3220 2749 mundus
3247 2696 3349 2754 iste
3392 2701 3459 2755 ad
3498 2704 3660 2761 linem

2242 2769 2552 2826 stabilitatis
2604 2774 2659 2828 in
2705 2778 2954 2834 omnibus
2993 2786 3289 2854 perveniat,
3337 2800 3463 2859 post
3507 2809 3668 2863 quem
3714 2814 3820 2856 nec

2240 2859 2498 2926 essentia,
2522 2878 2620 2918 nec
2650 2866 2916 2937 accidens,
2958 2886 3057 2927 nec
3095 2890 3283 2935 eorum
3320 2881 3466 2938 inter
3496 2900 3555 2940 se
3588 2886 3816 2946 invicem

2238 2965 2303 3020 pa
2314 2952 2578 3022 rticipatio
2601 2955 2767 3013 ullum
2782 2971 2984 3019 motum
3007 2968 3242 3034 patietur
3258 2992 3270 3025 :
3286 2975 3465 3030 omnia
3488 2978 3631 3036 enim
3652 2998 3815 3039 unum

2238 3050 2291 3094 et
2314 3041 2539 3112 idipsum
2572 3047 2846 3107 immobile
2872 3064 3053 3122 erunt,
3081 3062 3295 3128 quando
3323 3064 3377 3119 in
3404 3081 3534 3123 suas
3563 3071 3814 3130 immuta-

2236 3132 2372 3190 biles
2418 3137 2654 3195 rationes
2679 3145 2859 3203 omnia
2897 3163 3181 3208 reversura
3211 3165 3355 3212 sunt.
3400 3158 3481 3217 De
3506 3177 3614 3232 quo
3642 3168 3811 3235 reditu

2236 3224 2362 3280 alibi
2389 3229 2761 3289 disserendum
2786 3237 3039 3298 arbitror.

2309 3315 2398 3371 51.
2432 3319 2544 3385 Qua
2561 3331 2741 3379 autem
2764 3329 2972 3387 ratione
2999 3335 3335 3397 solummodo
3348 3348 3530 3403 ouandi
3540 3361 3808 3423 centrum,

2238 3405 2292 3460 id
2319 3414 2402 3463 est
2425 3418 2590 3476 terra,
2616 3427 2828 3486 semper
2850 3428 2980 3487 stat,
3011 3435 3194 3484 cetera
3220 3447 3350 3491 vero
3377 3437 3637 3496 elementa
3663 3405 3809 3501 circa

2236 3510 2355 3551 eam
2407 3508 2626 3559 aeterno
2673 3517 2821 3562 motu
2866 3513 3157 3573 volvuntur
3187 3560 3201 3587 ,
3248 3541 3352 3580 non
3399 3545 3560 3597 parva
3611 3535 3813 3608 indiget

2237 3589 2685 3650 consideratione.
2717 3596 2853 3655 Nam
2896 3611 2951 3657 et
2984 3609 3309 3669 saecularium
3344 3589 3809 3695 Philosophordin,

2236 3688 2290 3734 et
2312 3682 2700 3743 catholicorum
2722 3688 2943 3749 Patrum
2972 3696 3036 3753 de
3056 3698 3161 3758 hac
3181 3710 3498 3773 quaestiwe

2236 3777 2583 3845 cognovimus
2610 3780 2677 3836 “.
2709 3782 2863 3843 Plato
2891 3789 3180 3863 siquidem,
3207 3801 3698 3874 philosophantium
3743 3814 3810 3867 de

2236 3870 2435 3940 mundo
2463 3875 2748 3944 maximus,
2801 3881 2854 3934 in
2903 3884 3122 3944 Timaeo
3172 3908 3267 3949 suo
3305 3898 3486 3955 multis
3517 3904 3812 3963 rationibus

2237 3962 2449 4033 asserit,
2478 3964 2617 4021 hunc
2634 3973 2887 4027 mundum
2913 3978 3184 4049 visibilem,
3212 3991 3363 4055 quasi
3387 4000 3812 4068 magnumquod-

2234 4051 2356 4108 dam
2370 4057 2589 4125 animal,
2612 4078 2825 4132 corpore
2847 4069 3121 4141 animaque
3140 4081 3407 4147 campani;
3436 4085 3588 4154 cujus
3606 4051 3809 4144 αλωα-

2235 4143 2300 4198 [is
2315 4163 2500 4217 corpus
2511 4152 2719 4220 quidem
2734 4167 2804 4209 est
2825 4169 3071 4227 quattuor
3080 4143 3341 4223 elementis
3356 4143 3810 4251 notissimisgcue-

2237 4236 2555 4310 ralibusque,
2592 4242 2909 4318 diversisque
2937 4256 3240 4322 carparibus
3282 4278 3350 4316 ea:
3376 4266 3569 4322 eisdem
3602 4236 3809 4344 οοῖπρορ

2235 4330 2352 4384 sitis
2376 4347 2723 4403 compactum;
2748 4342 2926 4396 anima
2966 4361 3084 4402 vero
3111 4351 3276 4420 ipsius
3299 4366 3372 4411 est
3397 4363 3654 4429 gaetulis
3681 4330 3805 4431 vita,

2234 4436 2367 4490 quae
2393 4424 2437 4455 ’⁸
2459 4427 2651 4491 omnia,
2684 4446 2817 4499 quae
2838 4432 2893 4487 in
2917 4448 3061 4493 motu
3083 4451 3236 4512 atque
3260 4445 3316 4501 in
3335 4424 3474 4503 statu
3499 4464 3641 4522 sunt,
3663 4424 3809 4527 uage;

2235 4521 2310 4564 tat
2340 4527 2493 4587 atque
2521 4528 2705 4574 mouet.
2742 4520 2874 4578 Hinc
2898 4524 3061 4583 Poeta
3094 4548 3109 4585 :

2335 4627 3451 4721 Κτξξξξξξέξξξξῗεξξμξεεζθπίςττξπιηςειιδηοειιυε
3474 4652 3736 4721 "quentes

2503 4687 2548 4779 '1?
2556 4707 2698 4779 επιειυθ
2720 4698 2915 4779 suum
2934 4687 3597 4779 L'daaz;‘rswaat;“.;&1:

2325 4748 2537 4812 Spiritus
2555 4748 2683 4805 int'us
2707 4748 2790 4808 alit
2814 4761 2858 4809 ⁸.

2299 4852 2404 4908 Sed
2426 4856 2550 4926 quia
2579 4858 2690 4930 ipsa
2715 4865 2912 4933 anima,
2931 4876 2987 4922 ut
3007 4868 3080 4923 ait
3111 4870 3245 4940 ipse,
3273 4879 3607 4936 aelemaliler
3634 4900 3798 4941 moue-

1821 5002 2074 5061 VARIAE
2110 5007 2502 5073 LECTlONES.

622 5115 639 5150 ⁸
667 5113 759 5197 Sic
785 5116 903 5187 CE;
936 5118 1027 5177 ΔΙ)
1055 5122 1470 5196 disciplinarum.
1548 5135 1568 5165 '
1595 5136 1637 5191 Ι)
1666 5147 1934 5197 materiae.
2012 5145 2033 5177 ³

549 5190 610 5244 D.
687 5188 709 5218 ⁶
740 5207 875 5256 quae
911 5202 1033 5247 sunt
1062 5208 1169 5249 om.
1189 5188 1263 5252 'D.

546 5330 601 5385 in
661 5330 934 5389 codicibus
982 5334 1068 5389 DE
1117 5330 1338 5395 omnino
1384 5342 1597 5399 desunt.

542 5400 769 5475 stantia:
795 5413 940 5475 sunt,
967 5405 1107 5475 quis,
1127 5408 1272 5475 quid,
1298 5426 1411 5475 cur,

546 5466 588 5533 Α
612 5468 802 5522 locum.
878 5466 933 5504 “7
950 5466 1043 5527 A'l)
1066 5466 1339 5533 valuerint.

546 5532 717 5606 [χείρ
746 5538 876 5594 CDE
894 5559 907 5606 ;

1444 5420 1726 5489 quomodo,
1755 5425 1983 5489 quando,
2017 5420 2121 5489 ubi,

1422 5483 1466 5514 ¹⁸
1491 5487 1593 5539 sint
1620 5483 1727 5544 om}
1752 5483 1816 5544 Ᾰ.

952 5541 996 5597 Α
1020 5557 1065 5631 ει
1101 5549 1175 5601 ita
1206 5550 1452 5631 inuisibili
1480 5541 1908 5631 (ηιοιιζᾘιιῐίΑ).
1966 5541 2098 5619 WA

2054 5147 2377 5236 ordinate.
2456 5156 2477 5186 ⁸
2504 5156 2720 5236 illaec
2732 5162 3018 5236 έὶεεὶριᾶηη
3037 5168 3113 5221 sic
3140 5168 3375 5227 breuiter.
3450 5176 3474 5208 “
3500 5182 3667 5236 animi
3688 5197 3796 5236 om.

2056 5198 2083 5201 .-
2128 5198 2139 5200 -
2158 5198 2167 5200 _
2186 5198 2377 5206 _.——-—.-v-
2505 5198 2546 5211 ιι
2576 5198 2617 5211 ιι
2630 5198 2720 5213 nvo
2740 5198 3018 5234 νωιΡυ-ιη
3037 5198 3111 5221 ..ν
3140 5198 3258 5224 σιω

1342 5198 1362 5231 ⁷
1384 5198 1490 5257 sive
1518 5220 1626 5288 om.
1662 5208 1814 5265 CDE.
1892 5212 1913 5243 ⁸
1941 5216 2045 5294 sire
2077 5217 2133 5270 in
2171 5228 2313 5294 statu
2356 5239 2464 5277 om.
2497 5227 2604 5281 CD.
2681 5229 2701 5260 °
2730 5230 2772 5284 E
2803 5250 2917 5287 cum
2970 5238 3258 5294 dinoscens.

543 5270 689 5364 ptent
732 5265 1090 5364 ῗερῗοχαὶῆἑά
1137 5270 1882 5364 esl,.circulmstantiae‘sicut,
1918 5288 2051 5364 quis,
2094 5288 2237 5357 quid,
2265 5308 2402 5364 gcur,
2431 5300 2711 5364 quomodo,

546 5345 600 5364 ..η
691 5347 739 5364 η,
764 5348 827 5364 ,ιη
855 5350 932 5364 ...ι-
1118 5352 1336 5364 nm...“
1388 5359 1397 5364 .
1426 5357 1572 5364 ---ω

2224 5350 2229 5352 _
2388 5350 2400 5357 ,
2575 5350 2711 5364 ,,,__,
2797 5350 2963 5359 ----.-.-ν
3043 5350 3122 5361 νιν·
3228 5350 3375 5367 ιι-υιισ
3444 5350 3795 5374 istutluuuua’

1706 5350 1747 5381 ¹¹
1792 5352 1835 5406 C
1886 5350 1951 5452 ald
1992 5350 2166 5452 marg.
2210 5362 2384 5452 adscr.
2424 5350 2515 5452 illa
2572 5372 2734 5452 verba
2761 5350 3320 5452 ?__Sgptein__nsp¢ogcai,
3356 5350 3547 5447 id’esl,
3580 5365 3800 5443 circum:

2143 5431 2328 5498 quibus
2347 5433 2708 5500 facultatibus.

1894 5490 2240 5592 aOSJc‘CD'E;
2288 5490 2514 5592 A'alittd
2568 5490 2823 5592 est-iliacas

2121 5575 2515 5664 quattthrndico
2536 5578 2864 5664 elementa.“
2885 5587 2931 5664 ’ξ’
2962 5604 3129 5664 rerum
3175 5569 3281 5664 om.
3314 5595 3371 5647 υ.
3449 5596 3491 5625 ¹¹
3519 5595 3559 5651 C
3581 5608 3794 5664 contra;

547 5598 635 5658 na
658 5598 919 5675 quoddam
942 5598 1191 5673 “arma.
1207 5598 1460 5679 ""~‘=‘.'.;;.'z
1481 5598 2019 5689 δὲὶῖ.“ῐ›.”“ϊιξκόιη.
2044 5598 2276 5695 id"?

3340 5245 3380 5275 ¹⁰
3402 5245 3447 5299 Α
3473 5251 3619 5310 addit
3655 5271 3666 5303 :
3710 5254 3801 5306 Se-

2758 5306 2988 5386 qugndo,
3042 5309 3148 5374 ubi,
3191 5313 3377 5386 quibus
3421 5306 3798 5386 facultatibus;

2789 5444 2829 5473 ι’
2854 5444 2943 5540 Sic
2968 5444 3385 5540 uagantium
3425 5444 3793 5540 "usuaria;

2304 5642 2396 5697 AD
2416 5650 2740 5716 agnovimus.
2820 5650 2865 5685 "
2892 5656 2935 5711 A
2956 5659 3097 5728 quia.
3179 5642 3296 5717 “MA
3314 5642 3394 5717 wei.

2071 5769 2319 5830 NOTAE.

621 5829 647 5857 ι
683 5820 863 5889 Virgil.
890 5828 1020 5881 Aen.
1054 5831 1137 5897 Vl,
1165 5836 1265 5890 724
1295 5855 1414 5908 sqq.
