4194 6276
362 466 465 521 477

1210 450 1294 508 DE
1335 448 1672 507 DIVISIONE
1707 445 2053 504 NATURAE.
2094 475 2163 485 —
2199 443 2400 499 LIBER
2436 441 2709 497 PRIMUS.

3496 444 3600 498 473

358 564 445 633 ‘ur
464 577 532 633 ad
559 589 745 644 corpus
769 587 941 636 suum,
975 569 1145 631 idest,
1174 567 1430 621 mundum
1457 573 1624 620 totum
1650 563 1927 618 viviliean-
1958 564 2007 625 Α
2104 557 2195 613 55.
2227 552 2365 612 MAG.
2397 555 2512 611 Non
2543 555 2823 617 aliorsum,
2857 554 2960 608 nisi
2985 563 3041 608 ut
3061 569 3346 623 corporum
3370 563 3615 608 naturam

360 670 507 732 dum,
563 664 881 736 regendum,
930 659 1259 727 diversisque
1308 656 1604 712 rationibus
1657 655 1933 708 variorum

362 770 642 826 corporum
658 751 986 825 singulorum
1002 749 1474 818 coniunctionibus
1493 745 1935 801 resolutionibus-

363 863 469 919 que
489 846 826 909 movendum,
853 851 1024 897 manet
1051 843 1207 896 etiam
1228 841 1283 895 in
1311 856 1404 894 suo
1433 837 1663 893 naturali
1689 836 1933 891 immobi-

364 940 498 1013 lique
534 946 694 993 statu.
728 935 977 991 Moretur
1004 949 1133 1003 ergo
1175 947 1389 1001 semper
1434 932 1456 962 ¹
1496 938 1553 986 et
1594 938 1722 996 stat,
1749 942 1813 982 ac
1838 942 1935 998 per

363 1030 465 1086 hoc
493 1037 546 1084 et
571 1038 769 1098 corpus
822 1026 962 1095 ejus,
988 1024 1041 1077 id
1069 1032 1151 1077 est
1180 1021 1504 1077 universitas
1539 1034 1719 1074 rerum
1747 1016 1935 1073 visibio

361 1118 514 1185 lium,
548 1117 748 1188 partim
791 1114 1009 1185 quidem
1038 1120 1144 1167 stat
1170 1120 1390 1167 aeterna
1431 1108 1745 1172 stabilitate,
1776 1114 1837 1161 ut
1858 1113 1942 1161 est

364 1218 530 1274 terra,
543 1207 743 1277 partim
755 1219 885 1260 vero
899 1213 1115 1258 aeterna
1135 1202 1414 1257 velocitate
1428 1209 1675 1255 movetur
1685 1201 1703 1229 ¹
1713 1241 1727 1264 ,
1744 1207 1805 1253 ut
1821 1214 1943 1269 Spa-

367 1299 504 1354 tium
526 1297 839 1352 aethereum
868 1293 911 1360 ⁸,
940 1293 1136 1363 partim
1160 1307 1260 1347 nec
1283 1299 1392 1346 stat
1413 1307 1510 1346 nec
1553 1290 1804 1345 velociter
1830 1304 1945 1345 mo-

369 1397 552 1454 vetur,
572 1396 633 1441 ut
651 1400 808 1457 aqua,
826 1384 1020 1455 partim
1038 1382 1317 1447 velociter,
1344 1382 1435 1438 sed
1459 1397 1563 1437 non
1587 1380 1943 1446 velocissime,

371 1488 435 1534 ut
465 1487 549 1534 est
586 1492 700 1533 aer.
752 1476 818 1530 Et
854 1476 987 1529 haec
1029 1475 1168 1528 ratio
1198 1473 1391 1529 summi
1428 1472 1729 1542 philosophi
1773 1470 1800 1502 ⁸
1839 1486 1947 1526 non

373 1577 458 1626 est
485 1568 704 1625 omnino
728 1565 1045 1637 spernenda,
1068 1573 1127 1619 ut
1149 1564 1405 1629 aestimo;
1440 1572 1594 1619 acuta
1616 1563 1758 1617 enim
1788 1572 1950 1631 atque

374 1658 634 1715 naturalis
656 1672 775 1713 esse
804 1656 1035 1711 Videtur.
1090 1653 1197 1710 Sed
1228 1655 1480 1724 quoniam
1509 1654 1575 1708 de
1613 1654 1714 1708 hac
1756 1652 1949 1707 eadem

371 1766 531 1807 causa
562 1748 585 1782 '
615 1764 840 1820 magnus
857 1747 1150 1818 Gregorius
1188 1745 1457 1817 Nyssaeus
1486 1746 1783 1817 Episcopus
1829 1743 1954 1799 sub-

375 1834 645 1896 tilissime'
677 1839 916 1909 disputat
954 1838 1013 1891 in
1064 1836 1326 1892 Sermone
1368 1838 1431 1891 de
1482 1837 1733 1907 imagine,
1784 1834 1955 1905 magis

2040 667 2070 707 a
2092 651 2333 707 locorum
2351 659 2545 704 natura
2570 646 2811 719 diligenti
2827 646 3237 701 ratiocinatione
3255 660 3617 716 segregeiuns.

2040 741 2242 797 Horum
2288 754 2521 810 namque
2562 736 2805 795 conlusio
2833 744 2925 792 aut
2972 738 3227 802 maxima,
3257 744 3351 791 aut
3382 737 3498 792 sola
3537 746 3621 795 est

2040 831 2242 887 erroris
2277 846 2440 886 causa
2469 829 2652 884 multis
2682 845 2745 884 ac
2773 844 2944 899 paene
2985 828 3257 892 omnibus,
3287 830 3621 884 aestimanti-

2042 925 2160 987 bus,
2196 924 2340 979 hunc
2362 923 2621 978 mundum
2641 921 2927 985 visibilem,
2950 928 3240 991 partesque
3265 920 3380 990 ejus
3401 923 3621 977 univer-

2043 1014 2184 1073 sales
2205 1024 2365 1087 atque
2386 1015 2648 1086 speciales
2676 1014 2793 1070 loca
2818 1029 2957 1069 esse.
2985 1013 3043 1069 Si
3070 1015 3211 1069 enim
3242 1024 3390 1071 recta
3412 1016 3621 1072 ratione

2045 1121 2226 1161 rerum
2258 1107 2495 1162 omnium
2527 1120 2722 1176 genera
2746 1114 2901 1159 acute
2937 1119 3001 1161 ac
3026 1106 3143 1160 sine
3171 1107 3281 1161 ullo
3304 1122 3493 1164 errore
3511 1107 3622 1165 dis-

2046 1205 2366 1264 cernerent,
2398 1196 2546 1251 nullo
2580 1198 2738 1251 modo
2778 1211 2972 1266 corpus
3004 1207 3166 1266 atque
3207 1196 3381 1253 locum
3422 1196 3475 1253 in
3515 1214 3624 1254 uno

2048 1289 2344 1358 eodemque
2373 1302 2571 1359 genere
2605 1287 3004 1343 concluderent.
3036 1287 3205 1343 Nemo
3231 1289 3373 1343 enim
3403 1296 3626 1345 naturas

2048 1394 2232 1435 rerum
2292 1390 2440 1434 recte
2488 1378 2945 1433 considerantium
2998 1388 3159 1448 atque
3208 1379 3627 1436 discernentium

2050 1472 2169 1527 loca
2197 1480 2251 1526 et
2274 1486 2498 1541 corpora
2528 1470 2582 1526 in
2610 1486 2719 1526 uno
2739 1486 2935 1542 genere
2961 1473 3172 1539 miscet,
3202 1472 3296 1529 sed
3326 1473 3629 1530 rationabili

2055 1564 2380 1620 discreti-one
2439 1571 2706 1635 segregat.
2766 1562 2900 1618 Nam
2959 1578 3187 1636 corpora
3247 1566 3304 1622 in
3360 1568 3633 1639 categoria

2057 1659 2374 1731 quantitatis
2399 1658 2754 1715 continentur.
2801 1658 3085 1731 Categoria
3116 1669 3293 1718 autem
3320 1664 3634 1734 quantitatis

2057 1765 2088 1805 a
2128 1750 2398 1821 categoria
2450 1748 2553 1806 loci
2610 1750 2768 1819 longe
2814 1751 3130 1806 naturaliter
3177 1750 3357 1808 distat.
3402 1751 3515 1807 Non
3552 1760 3638 1808 est

2059 1841 2224 1911 igitur
2253 1854 2446 1911 corpus
2477 1841 2646 1907 locus,
2680 1841 2804 1912 quia
2827 1841 3072 1897 localitas
3106 1858 3211 1897 non
3236 1850 3320 1899 est
3344 1854 3632 1914 quantitas.

372 1932 528 1986 video
555 1930 724 1999 ipsius
754 1929 1075 1984 sententiam
1104 1942 1225 1983 esse
1246 1926 1594 1997 sequendam.
1619 1926 1761 1981 Dicit
1791 1927 1957 1991 enim,
1991 1925 2034 1987 Β
2062 1928 2364 2000 Siquidem,
2398 1939 2456 1984 ut
2496 1930 2886 2000 praediximus,
2916 1931 2991 1985 nil
3033 1930 3175 2008 aliud
3214 1941 3296 1987 est
3337 1934 3634 2002 quantitas,

377 2025 693 2080 conditorem
724 2021 1086 2078 Universitatis
1104 2021 1240 2074 hunc
1269 2023 1520 2075 mundum
1547 2019 1796 2073 visibilem
1826 2021 1961 2072 inter

380 2114 512 2169 duas
540 2113 636 2168 sibi
666 2112 884 2167 invicem
910 2111 1199 2165 contrarias
1229 2115 1579 2164 extremitates
1608 2109 1955 2172 constituisse,

379 2207 513 2260 inter
545 2207 848 2276 gravitatem
875 2203 993 2256 dico
1034 2210 1080 2256 et
1116 2201 1374 2256 levitatem
1395 2242 1409 2267 ,
1451 2216 1585 2272 quae
1611 2201 1711 2255 sibi
1749 2202 1960 2255 omnino

381 2306 727 2368 opponuntur.
756 2296 918 2365 Atque
938 2295 1053 2349 ideo
1074 2295 1324 2364 quoniam
1349 2294 1407 2346 in
1441 2295 1693 2363 gravitate
1722 2301 1860 2347 terra
1886 2297 1963 2346 est

389 2389 689 2453 constituta,
741 2402 939 2457 semper
980 2385 1260 2439 immobilis
1301 2395 1494 2439 manet.
1548 2383 1689 2438 Nam
1735 2385 1963 2455 gravitas

385 2480 579 2534 moveri
607 2479 789 2543 nescit,
810 2485 860 2530 et
880 2486 951 2530 est
984 2476 1040 2529 in
1069 2475 1240 2530 medio
1266 2477 1448 2529 mundi
1473 2476 1779 2540 constituta,
1806 2486 1968 2530 extre-

389 2584 637 2641 mumque
660 2586 722 2623 ac
745 2567 974 2621 mediam
997 2567 1186 2620 obtinet
1219 2566 1514 2620 terminum.
1560 2566 1809 2619 Aetherea
1854 2582 1969 2620 vero

388 2660 558 2728 spatia
576 2666 848 2727 propterea
870 2654 1122 2726 ineffabili
1139 2655 1405 2710 velocitate
1427 2671 1626 2724 semper
1642 2656 1778 2709 circa
1804 2656 1970 2710 media

386 2750 685 2815 volvuntur,
704 2748 948 2821 quoniam
972 2750 1029 2803 in
1051 2759 1241 2802 natura
1275 2748 1494 2803 levitatis
1522 2750 1798 2804 constituta
1827 2761 1966 2819 sunt,

386 2857 520 2912 quae
550 2848 689 2895 stare
724 2843 952 2910 ignorat,
1001 2849 1050 2893 et
1086 2850 1375 2893 extremum
1399 2839 1579 2892 mundi
1607 2839 1815 2893 visibilis
1840 2841 1970 2893 obti-

391 2941 509 2985 nent
533 2931 709 2999 ﬁnem.
743 2929 860 2984 Duo
889 2946 1007 2984 vero
1030 2929 1088 2983 in
1114 2928 1290 2983 medio
1340 2928 1587 2983 elementa
1617 2932 1893 2985 constituta
1922 2930 1966 2996 ⁸,

392 3036 530 3090 aqua
554 3020 787 3075 videlicet
829 3030 875 3074 et
922 3035 1032 3087 aer,
1061 3019 1437 3091 praportionali
1460 3016 1806 3076 moderamine
1836 3024 1970 3076 inter

393 3115 697 3186 gravitatem
752 3121 800 3168 et
860 3111 1116 3167 levitatem
1165 3114 1372 3169 assidue
1430 3124 1729 3181 moventur,
1790 3117 1863 3168 ita
1912 3124 1967 3168 ut

393 3208 689 3277 proximum
736 3206 834 3261 sibi
875 3215 1159 3261 extremam
1200 3207 1473 3260 terminum
1524 3217 1742 3278 utraque
1796 3208 1964 3278 magis

2061 2020 2163 2076 nisi
2205 2022 2462 2092 partium,
2512 2036 2648 2091 quae
2675 2021 2721 2055 “
2760 2037 2853 2079 seu
2881 2023 2993 2078 sola
3025 2024 3250 2089 ratione,
3283 2036 3377 2079 seu
3407 2022 3639 2079 naturali

2060 2112 2362 2168 differentia
2411 2121 2759 2183 separantur,
2808 2121 2953 2169 certa
3002 2113 3287 2181 dimensio,
3312 2129 3637 2185 eorumque,

2061 2222 2201 2277 quae
2253 2205 2585 2260 naturalibus
2636 2206 2825 2276 spatiis
2876 2208 3257 2270 extenduntur,
3310 2205 3641 2279 longitudine

2064 2298 2205 2363 dico,
2238 2296 2539 2364 latitudine,
2569 2304 2622 2353 ct
2648 2299 2949 2365 altitudine,
2982 2299 3049 2354 ad
3072 2308 3249 2355 certos
3272 2300 3528 2354 terminos
3552 2314 3640 2353 ra-

2062 2389 2338 2445 tionabilis
2374 2390 2696 2461 progressio.
2743 2389 2916 2447 Locus
2952 2405 3080 2445 vero
3123 2389 3199 2445 nil
3242 2388 3384 2444 aliud
3421 2397 3502 2445 est
3537 2389 3641 2444 nisi

2066 2495 2270 2544 rerum,
2300 2492 2439 2548 quae
2467 2488 2613 2535 certo
2654 2478 2760 2533 line
2804 2480 3178 2545 terminantur,
3208 2479 3442 2534 ambitus
3480 2486 3643 2549 atque

2066 2569 2363 2625 conclusio.
2411 2568 2466 2623 Si
2503 2584 2631 2641 ergo
2676 2570 2907 2623 mundus
2933 2570 3034 2623 iste
3058 2567 3284 2621 visibilis
3318 2583 3514 2637 corpus
3539 2576 3641 2633 est,

2067 2660 2309 2728 sequitur
2342 2660 2673 2725 necessario,
2711 2664 2771 2712 ut
2807 2666 2863 2714 et
2898 2667 3074 2728 partes
3118 2656 3234 2726 ejus
3265 2674 3487 2729 corpora
3514 2659 3641 2713 sint.

2068 2752 2138 2804 At
2164 2750 2207 2803 si
2228 2764 2451 2819 corpora
2482 2756 2628 2813 sunt,
2657 2748 2993 2819 quantitatis,
3021 2763 3127 2802 non
3155 2748 3438 2803 localitatis
3460 2749 3643 2819 generi

2070 2839 2427 2910 subiugantur
2450 2839 2516 2893 “.
2551 2839 2687 2894 Sunt
2733 2847 2913 2893 autem
2957 2852 3203 2908 corpora.
3236 2839 3376 2894 Loca
3414 2840 3574 2908 igitur
3602 2839 3646 2871 “

2068 2948 2178 2987 non
2226 2940 2371 2985 sunt.
2419 2931 2654 2987 Videsne
2686 2930 2889 2999 itaque,
2933 2930 3199 3001 quomodo
3228 2930 3515 3000 praedictis
3560 2947 3648 2987 ra-

2072 3024 2307 3078 tionibus
2335 3020 2639 3078 conl‘ectum
2664 3031 2767 3087 est,
2800 3022 2942 3077 hunc
2972 3020 3229 3075 mundum
3252 3036 3373 3075 cum
3404 3021 3646 3091 partibus

2070 3114 2183 3169 suis
2212 3129 2317 3169 non
2366 3128 2487 3169 esse
2520 3114 2715 3180 locum,
2758 3111 2855 3169 sed
2900 3110 3019 3168 loco
3064 3111 3349 3178 contineri,
3399 3113 3498 3169 hoc
3542 3123 3645 3180 est,

2071 3213 2220 3261 certo
2243 3204 2289 3236 “
2314 3203 2643 3259 definitionis
2683 3218 2811 3261 suae
2854 3203 3093 3259 ambitu?
3140 3202 3295 3257 Aliud
3344 3211 3427 3258 est
3477 3205 3643 3269 enim,

392 3306 695 3368 sequantur,
726 3312 884 3367 quam
907 3296 971 3350 ab
1000 3298 1073 3350 eis
1098 3295 1246 3365 longe
1276 3307 1542 3350 remotum.
1576 3297 1721 3367 Aqua
1745 3315 1967 3370 namque
1992 3303 2038 3367 ε
2070 3295 2210 3368 quod
2246 3297 2502 3362 continet,
2532 3305 2585 3350 et
2608 3294 2773 3362 aliud,
2813 3293 2953 3365 quod
2988 3293 3307 3349 continetur.
3340 3292 3578 3365 Corpora
3606 3295 3645 3326 ¹⁷

388 3389 595 3443 tardius
642 3398 874 3442 movetur
923 3403 1063 3451 aere,
1116 3388 1362 3457 quoniam
1408 3389 1650 3457 gravitati
1695 3391 1715 3419 "
1763 3390 1965 3445 telluris

391 3480 669 3544 adhaeret;
712 3493 804 3531 aer
826 3492 947 3531 vero
970 3475 1197 3531 velocius
1226 3493 1362 3545 aqua
1389 3480 1701 3543 concitatur,
1720 3481 1967 3550 quoniam

391 3572 656 3631 aethereae
681 3569 878 3624 levitati
904 3569 1262 3639 conjungitur.
1311 3565 1415 3623 Sed
1442 3571 1675 3639 quamvis
1697 3572 1968 3625 videantur

392 3672 649 3715 extremae
666 3660 853 3714 mundi
868 3670 1041 3729 partes
1064 3677 1096 3713 a
1117 3676 1171 3713 se
1190 3659 1409 3714 invicem
1431 3660 1726 3730 discrepare
1762 3670 1969 3731 propter

392 3753 620 3807 diversus
652 3764 832 3806 eorum
858 3752 1160 3820 qualitates,
1194 3766 1298 3804 non
1321 3759 1493 3804 tamen
1518 3766 1609 3819 per
1637 3751 1811 3805 omnia
1850 3769 1880 3804 a
1915 3768 1967 3805 se

394 3844 611 3896 invicem
662 3843 993 3896 dissentiunt.
1044 3841 1187 3896 Nam
1226 3842 1464 3895 aetherea
1511 3841 1678 3911 spatia
1732 3843 1967 3913 quamvis

396 3948 596 4004 semper
634 3933 901 3988 celerrima
953 3933 1222 3987 velocitate
1257 3932 1545 4000 volvantur,
1576 3934 1761 3987 chorus
1798 3944 1967 3989 tamen

392 4034 660 4077 astrorum
682 4039 832 4077 eumn
851 4022 1226 4078 immutabilem
1244 4024 1483 4077 observat
1512 4024 1701 4087 sedem,
1744 4025 1817 4076 ita
1864 4035 1917 4075 ut
1945 4023 1967 4054 ⁸

395 4123 442 4168 et
462 4129 581 4168 cum
607 4113 813 4167 aethere
836 4113 1092 4178 volvatur,
1121 4123 1168 4167 et
1195 4112 1488 4167 naturalem
1516 4111 1688 4166 locum
1727 4112 1794 4165 ad
1826 4112 1970 4166 simi-

392 4204 665 4259 litudinem
686 4214 923 4261 terrenae
940 4205 1247 4259 stabilitatis
1274 4218 1378 4257 non
1402 4206 1629 4258 deserat.
1658 4201 1818 4256 Terra
1850 4218 1969 4256 vero

391 4311 423 4349 α
446 4297 711 4350 contrario
740 4312 859 4349 cum
884 4294 1213 4349 aeternaliter
1230 4295 1284 4348 in
1305 4298 1441 4349 statu
1465 4295 1555 4358 sit,
1578 4292 1750 4347 omnia
1774 4301 1966 4358 tamen,

393 4403 528 4458 quae
554 4403 621 4441 ea;
650 4403 711 4442 ea
730 4390 993 4453 oriuntur,
1025 4387 1093 4440 ad
1131 4385 1525 4440 similitudinem
1554 4384 1776 4439 levitatis
1802 4385 1973 4437 aethe-

396 4495 519 4534 reae
538 4494 737 4549 semper
756 4481 813 4533 in
833 4489 975 4534 mota
994 4487 1139 4545 sunt,
1162 4478 1424 4533 nascendo
1448 4494 1545 4547 per
1563 4476 1966 4548 generationem,

397 4571 671 4625 crescendo
709 4572 765 4625 in
801 4584 1069 4625 numerum
1123 4569 1145 4601 '
1183 4569 1415 4624 locorum
1442 4574 1505 4621 'ac
1530 4576 1836 4638 temporum,
1877 4568 1971 4619 ite.

2069 3390 2411 3444 continentur
2439 3389 2570 3444 locis
2610 3389 2736 3445 suis.
2771 3387 2926 3444 Aliud
2968 3386 3130 3458 igitur
3157 3397 3239 3443 est
3261 3388 3304 3421 ³⁸
3339 3402 3554 3458 corpus,
3596 3397 3651 3443 et

2068 3479 2211 3535 aliud
2236 3481 2408 3546 locus,
2436 3481 2576 3537 sicut
2609 3480 2752 3535 aliud
2786 3490 2866 3535 est
2895 3480 3167 3550 quantitas
3213 3478 3469 3551 partium,
3507 3482 3649 3538 aliud

2068 3572 2311 3628 deﬁnitio
2352 3587 2561 3628 earum.
2616 3571 2730 3628 Non
2762 3573 2923 3645 igitur
2960 3578 3212 3643 quattuor
3239 3573 3335 3627 ista
3366 3574 3649 3630 notissima

2067 3663 2331 3718 elementa
2362 3664 2476 3719 loca
2500 3672 2643 3730 sunt,
2661 3664 2753 3720 sed
2777 3664 2829 3718 in
2850 3663 2970 3719 loco
2996 3663 3425 3734 circumscripta,
3448 3665 3579 3735 quia
3608 3663 3649 3695 ¹⁹

2069 3763 2195 3809 sunt
2236 3754 2560 3825 principales
2588 3764 2790 3825 partes,
2824 3755 3017 3823 quibus
3052 3754 3429 3809 universalitas
3473 3753 3647 3809 sensi-

2068 3841 2192 3896 bilis
2214 3843 2259 3874 ³⁸
2288 3844 2472 3897 mundi
2498 3843 2811 3914 completur.
2846 3846 2991 3898 DISC.
3026 3843 3190 3909 llaec,
3214 3858 3351 3913 quae
3375 3860 3402 3897 a
3431 3851 3482 3898 te
3508 3844 3653 3899 dicta

2070 3941 2199 3988 sunt
2230 3934 2297 3989 de
2319 3934 2618 3989 dill'erentia
2656 3936 2895 3990 locorum
2928 3943 2980 3989 et
3008 3950 3313 4004 corporum,
3341 3934 3651 3989 verisimilia

2070 4038 2189 4079 esse
2231 4023 2501 4079 videntur.
2547 4025 2652 4079 Sed
2702 4025 2950 4081 subtilius
2991 4026 3176 4079 eadem
3227 4025 3384 4077 velim
3416 4034 3647 4093 repetas.

2068 4116 2187 4170 Non
2210 4116 2351 4171 enim
2383 4116 2565 4181 video,
2601 4131 2765 4186 quare
2784 4117 3013 4169 mundus
3038 4116 3137 4168 iste
3166 4115 3313 4169 locus
3345 4127 3449 4166 non
3486 4114 3648 4203 sit“,

2071 4222 2195 4263 cum
2231 4205 2397 4263 multa
2428 4207 2481 4261 in
2510 4222 2575 4262 eo
2601 4206 2862 4261 locentur.
2902 4200 3039 4260 MAG.
3071 4203 3184 4258 Non
3216 4213 3264 4257 te
3294 4203 3445 4266 latet,
3476 4200 3532 4256 ut
3560 4218 3648 4255 ar-

2072 4304 2263 4370 bitror,
2319 4301 2517 4357 nullam
2572 4300 2971 4373 praedictarum
3043 4296 3459 4368 categoriarum,
3517 4309 3653 4363 quas

2072 4398 2257 4452 decem
2277 4409 2395 4452 esse
2416 4392 2732 4451 Aristoteles
2756 4389 3016 4454 definivit,
3047 4388 3170 4445 dum
3202 4402 3298 4458 per
3336 4384 3649 4454 seipsam“,

2073 4489 2176 4543 hoc
2200 4497 2299 4553 cst,
2327 4486 2379 4541 in
2403 4501 2498 4541 sua
2518 4494 2711 4541 natura
2740 4482 2967 4537 rationis
2993 4477 3235 4536 contuitu
3257 4475 3648 4542 consideratur,

2074 4580 2320 4635 sensibus
2344 4579 2616 4648 corporeis
2647 4575 3024 4633 succumbere.
3056 4571 3192 4626 Nam
3220 4573 3365 4627 οὐσία
3408 4569 3653 4639 incorpo-

388 4678 611 4731 rumque
635 4662 1002 4727 decrescendo,
1044 4672 1092 4717 et
1121 4665 1188 4716 ad
1228 4661 1539 4716 solutionem
1580 4660 1780 4730 formae
1814 4668 1970 4729 atque
1995 4656 2049 4718 D
2076 4669 2205 4723 ralis
2236 4676 2341 4735 est,
2372 4667 2610 4737 nullique
2655 4679 2918 4737 corporeo
2954 4661 3134 4719 sensui
3186 4660 3457 4731 sulijaeet;
3507 4658 3653 4712 circa

393 4754 644 4809 materiae
662 4755 1025 4825 perveniendo.

462 4853 550 4909 32.
583 4855 726 4912 ϋηο.
764 4857 977 4912 Videris
1004 4856 1136 4910 mihi
1177 4854 1336 4925 paulo
1360 4853 1576 4925 longius
1622 4871 1650 4907 a
1684 4852 1965 4923 principali

328 4938 335 4943 ’
394 4945 706 5013 quaestione
735 4944 800 4999 ad
842 4946 1166 5001 incidentem
1193 4945 1236 4976 ¹⁰
1265 4944 1548 5000 transitum
1576 4942 1788 4996 fecisse.
1831 4941 1964 4996 Nam

394 5049 520 5088 cum
542 5036 608 5090 de
632 5036 750 5094 loco
779 5038 1054 5108 disputare
1077 5036 1245 5092 nostri
1276 5035 1533 5107 propositi
1561 5033 1732 5087 fuerat
1755 5032 1820 5097 ι’,
1850 5031 1967 5087 loco

392 5123 605 5194 edicto,
637 5129 705 5184 ad
749 5129 933 5184 umndi
979 5136 1262 5183 tractatum
1311 5123 1572 5190 transisti,
1617 5132 1671 5180 et
1711 5136 1966 5192 quorsum

394 5214 526 5273 haec
549 5218 775 5275 tendant
797 5220 865 5288 ⁸³,
901 5221 1078 5276 adhuc
1101 5220 1309 5292 ignoro.

2075 4773 2255 4829 quam,
2288 4767 2380 4813 aut
2408 4757 2462 4812 in
2488 4773 2594 4827 qua
2615 4755 2663 4788 ²⁸
2691 4754 2828 4809 aliae
2862 4770 3053 4811 novem
3092 4749 3395 4823 categoriae
3430 4762 3653 4802 versan-

2076 4860 2180 4906 tur.
2203 4848 2275 4905 At
2298 4851 2345 4906 si
2368 4848 2456 4904 illa
2480 4848 2760 4919 incorpora
2781 4855 2865 4903 est
2884 4846 2951 4913 ’⁵,
2977 4862 3102 4899 num
3126 4844 3172 4875 "
3192 4843 3283 4898 tibi
3313 4840 3472 4895 aliter
3513 4839 3652 4892 vidc-

2075 4951 2181 5008 tur,
2225 4943 2330 4999 nisi
2376 4952 2436 4996 ut
2464 4940 2665 5007 omnia,
2714 4956 2851 5011 quae
2879 4948 2971 4994 aut
3014 4939 3064 4991 ei
3112 4935 3423 4997 adhaerent,
3474 4930 3650 4983 autin

2073 5051 2138 5092 ea
2160 5035 2479 5103 subsistunt,
2500 5043 2555 5089 et
2581 5034 2699 5089 sine
2725 5047 2789 5087 ea
2814 5047 2934 5088 esse
2951 5045 3053 5085 non
3077 5033 3317 5099 possunt,
3336 5024 3649 5090 incorporea

2076 5126 2216 5183 sint?

2145 5216 2236 5272 54.
2256 5215 2453 5274 Omnes
2467 5218 2628 5287 igitur
2645 5215 2693 5248 "
2713 5210 3015 5285 categoriae
3029 5203 3393 5264 incorporales
3416 5202 3541 5256 sunt
3555 5212 3652 5269 pcr

1674 5346 1930 5426 unus
1962 5369 2365 5449 LECTIONES.

463 5509 485 5584 ξ
514 5507 609 5584 εἰς
827 5524 1027 5584 semper
1053 5526 1162 5567 om.
1191 5511 1253 5584 Α.
1324 5512 1350 5543 ‘
1373 5520 1734 5584 moventium.
1949 5507 1969 5539 ³
2104 5520 2158 5563 ut
2186 5520 2257 5564 est
2278 5509 2573 5584 aetltereum
2600 5507 2843 5584 spatium:
2914 5503 2941 5584 7‘
2972 5500 3016 5555 D
3050 5498 3254 5584 summi.
3267 5494 3652 5584 ratiolplii‘low:

393 5579 500 5648 phi.
534 5564 545 5566 ἡ
570 5580 594 5613 ⁸
623 5564 1320 5645 Ᾰῖιῖοέξιάὲῆί-Ᾰὴσ.
1376 5564 1416 5612 ίδ
1439 5564 1528 5636 Sic
1558 5564 1720 5645 ΟΠΙῶ
1752 5564 1798 5635 Α
1836 5564 2121 5634 constituta
2152 5589 2289 5634 sunt.
2366 5580 2387 5611 ⁷
2408 5579 2448 5633 C
2471 5564 2754 5649 ειν-αυξέτιιιξ.⁸
2796 5574 2839 5649 με
2866 5583 2919 5647 ut
2954 5568 3175 5649 omLC;
3234 5564 3572 5649 1§ic.Cl)‘E;
3606 5566 3651 5619 Α

395 5665 661 5721 numero._
707 5651 750 5682 ⁸⁸
773 5652 819 5704 Α
839 5653 1174 5708 incedentem.
1256 5653 1295 5685 “
1326 5650 1414 5705 Sic
1442 5651 1602 5713 CDE;
1630 5653 1666 5703 Α
1695 5652 1873 5721 fuerit.

394 5730 607 5785 gruum;
624 5719 681 5791 ρ
700 5721 1100 5791 subiunguntur.
1181 5722 1226 5753 "
1249 5721 1293 5775 A
1316 5738 1454 5790 ergo.

1955 5650 1999 5680 ¹⁸
2030 5649 2118 5703 Sic
2138 5649 2299 5713 CDE;
2332 5649 2374 5701 A
2398 5649 2632 5700 tendunt.

1536 5722 1579 5752 ¹⁶
1600 5722 1640 5775 C
1662 5716 1810 5774 certe.
1889 5721 1929 5751 "
1958 5716 2048 5773 Sic
2085 5720 2233 5782 CDE;
2268 5719 2307 5771 A
2353 5716 2559 5785 Corpus
2583 5724 2774 5785 autem.

2713 5644 2756 5675 "
2784 5644 2823 5695 A
2853 5644 2974 5700 qua.
3047 5639 3090 5672 “
3121 5638 3211 5694 Sic
3234 5637 3337 5700 CE;
3367 5637 3407 5689 A
3433 5636 3647 5689 subiun-

3542 5703 3651 5756 ιοΑ

2853 5644 2952 5712 qua
2963 5683 2974 5694 .

2854 5710 2964 5765 “A
3007 5710 3162 5763 Aliud
3207 5718 3278 5763 est
3325 5723 3464 5776 ergo.

394 5775 561 5861 inde:
586 5775 669 5822 "‘
697 5789 790 5861 Sic
817 5775 939 5855 At)“;
987 5793 1029 5844 D
1059 5791 1298 5857 visibilis;
1346 5775 1601 5861 sensibilis
1651 5808 1757 5844 uin.
1805 5789 1863 5844 E.
1938 5789 1981 5820 "
2008 5788 2095 5845 Sic
2129 5775 2262 5843 ΑΒΕ
2288 5806 2299 5852 ;
2326 5789 2363 5841 l_‘.
2389 5775 2491 5840 non
2517 5786 2581 5839 sit
2610 5784 2773 5838 locus.
2855 5786 2898 5861 ’f
2932 5784 2972 5838 D
3012 5794 3106 5854 per
3138 5782 3324 5850 ipsum.
3386 5775 3447 5806 7"
3474 5775 3524 5827 ἱη
3546 5788 3650 5843 «ἳνα

395 5870 502 5912 om.
534 5858 596 5913 Ι).
682 5858 794 5915 “A
822 5871 896 5915 est
924 5863 1249 5931 incorporea.
1333 5861 1379 5892 "
1406 5860 1441 5913 Α
1481 5878 1601 5915 non.
1680 5861 1726 5893 "
1756 5860 1798 5914 A
1829 5878 1969 5930 ergo.
