4194 6276
597 488 701 545 479

1972 484 2253 542 JOANNIS
2288 486 2485 542 SCOTI

3744 494 3849 551 480

600 619 659 659 se
689 603 1005 656 interiectae.
1055 600 1253 654 alarum
1292 609 1467 654 tamen
1494 601 1759 669 quaedam
1810 600 1950 655 inter
1978 617 2035 655 se
2067 602 2167 655 mi-
2196 606 2246 663 Α
2276 599 2646 670 intelligibilia,
2678 598 2791 654 suis
2835 600 3063 669 propriis
3092 600 3251 667 locis,
3285 599 3337 657 id
3366 610 3470 670 est,
3515 607 3846 665 naturalibus

598 696 749 751 rabili
802 694 1033 763 quodam
1081 694 1242 757 coitu,
1287 702 1345 747 ut
1397 695 1472 747 ait
1531 693 1841 763 Gregorius,
1894 694 2170 748 materiem

595 785 857 841 visibilem
897 784 1219 849 conficiunt;
1250 785 1512 852 quaedam
1556 800 1681 839 vero
1733 786 1783 838 in
1828 783 1972 838 nullo
2006 798 2168 853 appa-

595 887 737 942 rent,
787 892 1103 946 semperque
1129 877 1492 945 incorporales
1536 877 1687 931 ﬁunt.
1739 877 1872 931 Nam
1906 879 2078 943 οὐσία,
2118 885 2171 930 et

591 968 802 1033 relatio,
833 969 1000 1033 locus,
1037 977 1268 1037 tempus,
1296 982 1478 1037 agere,
1518 968 1651 1036 pati,
1691 969 1837 1023 nullo
1859 985 2019 1023 sensu
2048 984 2170 1024 eor-

592 1074 756 1127 poreo
792 1060 1149 1130 attinguutur.
1188 1059 1470 1124 Quantitas
1502 1074 1648 1123 vero,
1683 1059 2053 1129 qualitasque,
2096 1059 2168 1114 si-

592 1158 713 1213 tus,
742 1156 797 1202 et
841 1149 1073 1213 habitus,
1105 1149 1231 1202 dum
1280 1149 1416 1202 inter
1452 1162 1509 1201 se
1557 1157 1813 1203 coeuntes
1857 1150 2160 1215 materiem,

590 1248 651 1293 ut
686 1240 1051 1310 praediximus
1100 1240 1141 1304 ί,
1194 1236 1459 1309 iungunt,
1513 1254 1773 1308 corporeo
1828 1254 1987 1294 sensu
2039 1254 2161 1309 per-

589 1331 695 1399 cipi
733 1331 928 1384 solent.
983 1330 1039 1384 Si
1074 1330 1235 1398 igitur
1276 1330 1296 1359 ’
1339 1330 1488 1384 locus
1524 1329 1665 1383 inter
1708 1344 1792 1395 ea,
1844 1345 1982 1399 quae
2014 1316 2162 1386 nullo

587 1423 748 1475 modo
773 1422 1047 1491 corporeis
1088 1420 1333 1476 sensibus
1376 1422 1751 1486 succumbunt,
1803 1435 2162 1476 connumera-

589 1523 706 1579 tur;
747 1528 976 1583 corpora
1020 1528 1165 1578 vero,
1217 1512 1260 1567 si
1301 1512 1549 1567 sensibus
1577 1528 1684 1566 non
1722 1513 2157 1582 percipiantur“,

586 1619 810 1672 corpora
840 1620 943 1659 non
976 1612 1099 1658 sunt
1121 1621 1139 1658 :
1166 1619 1341 1658 nonne
1373 1605 1549 1668 datur,
1594 1606 1733 1672 quod
1762 1604 1911 1660 locus
1952 1621 2056 1660 non
2090 1605 2160 1657 sit

584 1695 817 1762 corpus?
841 1693 1078 1763 Corpora
1110 1709 1250 1749 nunc
1272 1692 1293 1724 ’⁵
1317 1693 1454 1755 dico,
1483 1708 1620 1761 quae
1644 1708 1711 1747 ex
1737 1695 1881 1747 coitu
1905 1701 2160 1761 quattuor

585 1784 768 1837 mundi
824 1784 1207 1840 elementorum
1265 1787 1639 1842 conficiuntur.
1701 1784 1838 1839 Nam
1906 1794 2159 1856 quattuor

582 1875 765 1929 mundi
795 1876 1078 1943 elementa,
1112 1878 1236 1932 dmn
1285 1892 1513 1947 corpora
1551 1877 1659 1931 sint
1698 1892 1797 1947 per
1824 1892 1882 1933 se
1914 1878 2027 1946 ipsa
2049 1878 2155 1933 dis-

2274 690 2674 751 delinitionibus
2699 691 2964 746 contineri
3001 707 3125 746 vera
3166 692 3303 747 ratio
3332 695 3539 751 edocet.

2340 781 2428 835 56.
2470 782 2607 836 [ιιεε.
2632 781 2740 836 Nec
2767 782 2892 836 huic
2918 782 3246 836 conclusioni
3281 784 3492 852 resisto,
3543 787 3667 842 dum
3723 804 3841 845 eam

2268 889 2451 927 veram
2481 890 2599 928 esse
2625 874 2798 929 video.
2828 874 2935 929 Sed
2966 872 3116 929 valde
3145 876 3328 940 miror,
3358 894 3456 931 cur
3497 878 3549 932 in
3597 896 3839 934 commuo

2270 980 2391 1019 nem
2415 982 2568 1020 usum
2613 966 2881 1020 humanae
2904 966 3049 1020 vitae
3081 968 3345 1036 pervenit,
3397 977 3458 1024 ut
3500 971 3676 1024 omnia
3707 974 3841 1028 haec

2268 1072 2515 1126 corpora,
2541 1058 2654 1112 sive
2669 1057 2943 1123 caelestia,
2977 1059 3090 1113 sive
3112 1059 3281 1125 aeria,
3305 1059 3418 1115 sive
3440 1062 3705 1130 aquatica,
3721 1064 3839 1120 sive

2270 1154 2500 1210 terrena,
2531 1148 2796 1203 minormn
2851 1148 2991 1202 intra
3042 1163 3102 1203 se
3150 1164 3439 1219 corporum
3470 1151 3583 1206 loca
3608 1168 3727 1208 esse
3751 1154 3833 1208 di-

2267 1254 2391 1292 cere
2414 1249 2731 1295 consuescat
2754 1257 2768 1305 ;
2797 1240 3248 1309 quemadmodum
3277 1241 3349 1294 nil
3372 1241 3514 1295 aliud
3542 1257 3660 1297 esse
3679 1243 3838 1297 aesti-

2267 1336 2377 1379 mat
2407 1330 2586 1383 οὐσίαν
2608 1338 2822 1397 praeter
2865 1328 2966 1383 hoc
2990 1345 3186 1399 corpus
3212 1330 3424 1386 visibile
3465 1339 3627 1400 atque
3672 1332 3839 1403 tangi-

2264 1417 2388 1471 bilc.
2421 1418 2653 1486 Ideoque
2691 1417 2887 1473 obnixe
2925 1418 3121 1488 flagito,
3158 1435 3225 1474 ne
3275 1421 3348 1475 sit
3396 1421 3491 1475 tibi
3541 1436 3835 1487 morosum,

2265 1507 2464 1561 diutius
2488 1509 2554 1560 de
2587 1507 2688 1562 hac
2719 1509 2984 1576 praesenti
3014 1508 3322 1564 difﬁcultate
3360 1509 3654 1579 disputare.
3695 1510 3834 1568 MAG.

2262 1597 2401 1662 Quid
2424 1597 2587 1668 igitur
2617 1598 2693 1651 '3?
2724 1599 2925 1668 Nempe
2942 1598 3257 1667 jamdudum
3284 1602 3425 1657 inter
3468 1619 3565 1659 nos
3593 1612 3676 1659 est
3708 1618 3837 1661 con-

2262 1684 2483 1751 fectum,
2517 1686 2719 1753 omnia,
2747 1703 2886 1756 quae
2936 1688 3022 1742 vel
3071 1704 3232 1744 sensu
3284 1705 3574 1759 corporeo,
3624 1692 3707 1748 vel
3746 1710 3835 1748 ra-

2263 1777 2428 1844 tione,
2444 1779 2525 1834 vel
2548 1779 2816 1835 intellectu
2847 1791 3261 1851 cognoscuntur,
3276 1784 3340 1839 de
3353 1784 3461 1839 Deo
3483 1787 3674 1840 merito
3688 1802 3834 1842 crea-

2263 1876 2379 1924 tore
2422 1870 2662 1924 omnium
2696 1869 2740 1900 “
2763 1886 2924 1940 posse
2962 1873 3283 1940 praedicari,
3316 1875 3441 1929 dum
3467 1876 3600 1929 nihil
3625 1891 3829 1942 eorum,

580 1975 752 2032 creta,
782 1968 1036 2023 ineffabili
1059 1968 1165 2024 'sua
1219 1971 1451 2024 naturali
1489 1969 1781 2024 subtilitate
1810 1979 1969 2039 atque
2011 1971 2155 2039 puri-

2261 1974 2400 2027 quae
2429 1961 2495 2015 de
2527 1976 2584 2014 se
2612 1961 2974 2030 predicantur,
3006 1979 3142 2033 pura
3186 1965 3429 2019 veritatis
3458 1967 3831 2037 contemplatio

582 2064 693 2112 tate
734 2073 947 2113 omnem
974 2076 1189 2115 sensum
1235 2061 1513 2116 mortalem
1554 2070 1828 2129 superant.
1871 2060 2027 2114 Aliud
2071 2071 2157 2116 est

583 2149 746 2221 igitur
778 2152 800 2183 ⁸
829 2152 998 2218 locus,
1027 2162 1083 2207 et
1124 2153 1265 2206 aliud
1305 2167 1521 2221 corpus.
1570 2153 1649 2206 An
1684 2151 1778 2205 tibi
1829 2151 1982 2206 aliter
2012 2152 2153 2205 vide-

582 2242 704 2295 tur?
733 2242 874 2298 DISC.
908 2242 1062 2299 Nullo
1093 2245 1269 2299 modo.
1302 2243 1369 2298 Et
1400 2244 1532 2297 haec
1562 2251 1829 2312 postrema
1872 2242 2153 2295 ratiocina-

580 2334 743 2388 tionis
770 2343 986 2389 nostrae
1011 2336 1284 2391 conclusio
1311 2349 1648 2404 nequaquam
1676 2333 1803 2388 sinit
1834 2334 2147 2399 concedere,

575 2425 754 2481 locum
778 2436 832 2481 et
859 2443 1054 2497 corpus
1080 2429 1241 2482 unius
1268 2428 1479 2498 generis
1505 2442 1644 2480 esse.
1680 2426 1784 2479 Sed
1815 2426 1956 2495 quod
1985 2425 2150 2479 inter-

579 2519 811 2589 positum
840 2535 871 2573 a
901 2529 955 2574 te
975 2521 1149 2581 video,
1175 2520 1249 2574 nil
1278 2520 1419 2575 aliud
1441 2534 1559 2575 esse
1585 2519 1862 2573 materiem
1884 2518 2149 2573 visibilem

576 2607 780 2663 formae
825 2608 1125 2677 adjunctam
1153 2610 1503 2679 —-quicquid
1552 2609 1694 2662 enim
1745 2616 2004 2677 apparet,
2056 2623 2152 2677 per

579 2697 807 2754 formam
834 2708 1053 2769 apparet
1073 2731 1142 2742 -—
1165 2701 1265 2754 nisi
1298 2700 1650 2754 accidentimn
1674 2700 2008 2769 quorumlam
2025 2714 2151 2754 con-

574 2808 813 2857 cursum,
838 2808 941 2847 non
974 2809 1196 2862 parvum
1247 2793 1267 2823 ⁶
1302 2810 1387 2848 me
1417 2801 1594 2847 movet
1645 2791 1784 2847 Mss.
1814 2792 1927 2845 Non
1957 2800 2010 2847 te
2038 2807 2149 2845 mo-

573 2891 714 2936 veat.
762 2882 920 2949 Nam,
947 2891 1005 2936 ut
1045 2884 1173 2949 dixi,
1204 2899 1428 2954 magnus
1453 2885 1745 2953 Gregorius
1779 2882 2048 2954 Nyssaeus
2092 2885 2146 2937 in

576 2971 836 3027 Sermone
865 2974 931 3027 de
961 2973 1192 3044 imagine
1220 2975 1381 3029 certis
1412 2975 1709 3028 rationibus
1754 2974 1822 3027 ita
1854 2990 1973 3029 esse
2016 2989 2144 3029 sua-

573 3061 683 3127 det,
714 3062 789 3116 nil
816 3062 961 3115 aliud
991 3064 1174 3118 dicens
1210 3064 1481 3116 materiam
1511 3080 1642 3128 esse,
1676 3063 1775 3116 nisi
1801 3063 2146 3117 accidentium

573 3153 839 3221 quandam
890 3153 1333 3221 compositionem,
1363 3168 1427 3204 ea:
1460 3151 1802 3205 inuisibilibus
1846 3153 2019 3205 causis
2075 3152 2143 3204 ad

574 3242 823 3296 visibilem
852 3242 1122 3296 materiem
1171 3245 1549 3309 procedentem.
1590 3242 1699 3295 Nec
1746 3242 2034 3295 immerito.
2085 3242 2141 3295 Si

2259 2065 2380 2103 cum
2413 2054 2674 2122 approbat
2713 2053 2759 2084 ¹⁵
2790 2069 2928 2109 esse.
2961 2055 3105 2110 Disc.
3132 2055 3190 2109 ld
3230 2056 3406 2127 ipsum
3454 2059 3830 2116 inconcussum

2256 2159 2400 2210 esse,
2426 2146 2649 2216 lnceque
2677 2148 2875 2203 clarius
2900 2149 3036 2202 ratio
3065 2150 3269 2205 edocet.

2324 2238 2411 2292 57.
2452 2238 2589 2295 MAG.
2622 2238 2680 2293 Si
2707 2255 2836 2311 ergo
2862 2241 2929 2295 de
2978 2241 3089 2296 Deo
3124 2244 3325 2307 omnia,
3358 2258 3496 2313 quae
3523 2253 3667 2310 sunt,
3717 2261 3826 2300 non

2253 2330 2466 2400 quidem
2490 2333 2726 2402 proprie,
2747 2326 2841 2388 sed
2867 2335 3025 2388 modo
3038 2336 3271 2403 quodam
3293 2339 3680 2403 translationis,
3695 2358 3830 2410 quo-

2254 2422 2398 2475 niam
2426 2423 2492 2476 ab
2511 2425 2625 2491 ipso
2639 2433 2784 2488 sunt,
2811 2425 2912 2479 rite
2935 2427 3315 2493 praedicantur
3345 2446 3358 2481 :
3385 2430 3513 2497 quid
3542 2431 3758 2496 mirum,
3782 2434 3828 2488 si

2254 2518 2445 2565 cuncta
2463 2550 2477 2575 ,
2501 2527 2640 2580 quae
2660 2513 2713 2565 in
2729 2512 2848 2568 loco
2869 2522 3016 2580 sunt,
3040 2516 3166 2569 dum
3192 2515 3483 2584 majoribus
3513 2535 3572 2575 se
3592 2523 3828 2592 undique

2253 2602 2537 2657 videantur
2552 2604 2906 2658 circumfundi
2925 2646 2940 2671 ,
2958 2606 3073 2661 loca
3090 2607 3134 2638 ¹⁶
3148 2613 3355 2676 possint
3370 2613 3630 2667 nominari
3654 2655 3670 2678 ,
3702 2631 3825 2668 cum

2253 2692 2455 2747 nullum
2472 2692 2681 2748 illorum
2695 2696 2911 2765 proprie
2925 2696 3072 2753 locus
3085 2700 3177 2763 sit,
3192 2701 3285 2754 sed
3303 2700 3421 2756 loco
3436 2718 3561 2757 suae
3574 2707 3826 2775 pr0priac

2255 2782 2296 2812 ⁸⁷
2310 2788 2436 2837 natu
2445 2800 2533 2837 rae
2546 2786 2851 2842 continetur
2866 2789 3162 2859 “,cumque
3178 2791 3572 2861 videamus,per
3584 2805 3825 2867 metony-

2254 2874 2438 2939 miam,
2457 2876 2507 2929 id
2535 2886 2616 2931 est
2646 2880 3324 2946 trausnomiuationem,ab
3354 2884 3457 2947 his,
3473 2900 3613 2953 quae
3642 2889 3821 2940 conti-

2249 2973 2398 3029 nent,
2434 2968 2699 3022 nominari
2726 2984 2815 3035 ea,
2841 2986 2978 3039 quae
3000 2973 3368 3039 continentur,
3406 2991 3515 3031 non
3541 2986 3719 3032 tamen
3751 2980 3822 3033 ita

2248 3056 2594 3113 cominentur
2612 3060 2679 3115 ab
2704 3063 2804 3128 eis,
2823 3072 2881 3117 ut
2896 3066 3010 3120 sine
3029 3066 3108 3120 eis
3122 3066 3263 3121 intra
3277 3070 3549 3125 naturales
3568 3086 3695 3128 suos
3718 3082 3825 3127 ter-

2248 3149 2422 3204 minos
2463 3153 2753 3209 subsistere
2782 3171 2887 3209 non
2915 3158 3142 3227 possint.
3197 3160 3334 3216 Usus
3371 3163 3635 3232 siquidem
3679 3181 3821 3220 mor-

2250 3240 2432 3294 talitun
2463 3243 2697 3309 domum,
2729 3261 2974 3313 uxorem,
3027 3264 3119 3304 seu
3176 3250 3434 3308 familiam
3479 3255 3614 3311 solet
3640 3256 3822 3327 appel-

575 3338 719 3389 enim
749 3333 1045 3401 corporalis
1093 3332 1251 3386 huius
1280 3333 1535 3386 materiae
1563 3331 1908 3401 solubilisque
1937 3333 1957 3364 "
1989 3347 2148 3401 quae—
2173 3308 2216 3370 C
2248 3327 2379 3395 lare,
2409 3347 2528 3385 cum
2566 3334 2699 3390 haec
2727 3338 3045 3394 naturaliter
3074 3342 3292 3397 distent.
3320 3344 3435 3400 Non
3456 3348 3598 3402 enim
3627 3351 3819 3404 domus

578 3424 700 3476 dam
748 3421 970 3488 simplex
1015 3428 1176 3489 atque
1222 3422 1569 3477 immutabilis
1622 3424 1852 3477 essentia
1907 3432 1963 3477 et
2002 3425 2145 3478 nullo

581 3512 740 3564 modo
788 3508 1029 3563 solubilis
1076 3510 1293 3574 inesset,
1344 3511 1487 3566 nulla
1530 3512 1736 3566 ratione
1775 3512 2027 3581 nullaque
2055 3530 2146 3569 ac-

579 3599 723 3652 tione
750 3597 962 3666 penitus
989 3597 1304 3652 solveretur.
1335 3597 1453 3653 .Iam
1483 3615 1609 3655 vero
1651 3600 1892 3655 solvitur.
1919 3601 2002 3655 Nil
2046 3604 2146 3674 igi-

578 3698 664 3741 tur
695 3687 746 3742 ei
789 3685 1067 3742 insolubile
1116 3689 1317 3744 subest.
1369 3689 1500 3745 Nam
1527 3706 1722 3760 genera
1757 3704 1806 3746 et
1856 3696 2062 3763 species
2091 3704 2148 3750 et

577 3787 756 3832 atoma
780 3786 1064 3847 propterea
1096 3794 1309 3848 semper
1358 3791 1483 3835 sunt
1532 3797 1597 3837 ac
1638 3792 1971 3850 permanent,
2015 3785 2144 3853 quia

571 3869 712 3923 inest
761 3869 841 3923 eis
895 3869 1108 3940 aliquod
1158 3870 1368 3925 “unum
1414 3871 1764 3940 individuum,
1817 3876 1957 3943 quod
2010 3876 2142 3930 solvi

572 3958 781 4026 nequit,
816 3973 989 4028 neque
1036 3959 1260 4015 destrui.
1294 3960 1410 4030 Ipsa
1445 3977 1659 4032 quoque
1683 3963 1982 4018 accidentia
2021 3979 2145 4033 pro-

571 4060 753 4120 pterea
780 4051 835 4104 in
865 4065 959 4105 sua
984 4061 1175 4106 natura
1207 4052 1608 4108 inmmtabililer
1655 4064 1988 4124 permanent,
2016 4056 2143 4125 quia

569 4140 816 4195 omnibus
868 4143 947 4195 eis
994 4158 1159 4197 unum
1205 4144 1471 4212 quoddam
1519 4148 1539 4179 ⁹
1570 4145 1900 4201 individuum
1937 4146 2179 4215 subest,.

569 4229 623 4284 in
654 4246 761 4301 quo
787 4232 1103 4288 naturaliter
1127 4236 1307 4289 omnia
1342 4252 1505 4291 unum
1532 4237 1847 4293 subsistunt.

638 4323 726 4378 55.
767 4324 915 4381 Dtsc.
961 4325 1042 4378 Nil
1089 4328 1285 4395 verius,
1333 4338 1394 4382 ut
1420 4329 1680 4397 arbitror;
1737 4342 1896 4401 atque
1950 4333 2071 4389 ideo
2099 4333 2144 4365 ‘°

566 4425 905 4483 praesentem
928 4417 1323 4486 inquisitionem
1350 4422 1657 4488 concludas,
1694 4433 1874 4493 specto
1903 4427 1963 4479 “.
1997 4426 2137 4484 MAG.

568 4505 707 4568 Quid
740 4514 928 4570 restat,
957 4508 1059 4561 nisi
1089 4520 1146 4563 ut
1181 4511 1439 4576 dicamus,
1476 4514 1625 4569 verbi
1668 4517 1859 4585 gratia,
1901 4518 2025 4572 dum
2056 4521 2135 4573 γε-

569 4593 756 4644 demus
786 4608 1012 4662 corpora
1062 4606 1247 4651 nostra
1280 4600 1333 4653 in
1380 4601 1479 4656 hac
1510 4612 1650 4658 terra
1692 4608 1999 4673 constituta,
2055 4610 2137 4664 vel

2247 3433 2485 3492 praestat
2514 3427 2666 3480 uxori
2697 3443 2793 3482 seu
2820 3430 3057 3488 familiae
3102 3435 3530 3492 substantialiter
3555 3455 3697 3507 esse,
3721 3442 3819 3496 sed

2246 3523 2471 3569 naturae
2512 3519 2676 3573 locus.
2726 3519 2988 3585 Quoniam
3018 3538 3147 3580 vero
3185 3527 3238 3581 in
3266 3543 3328 3583 ea
3353 3530 3630 3599 possident
3657 3532 3721 3598 ",
3749 3535 3818 3590 ab

2244 3617 2307 3657 ea
2334 3604 2667 3663 denominari
2698 3611 2887 3667 soleat.
2918 3614 3284 3689 Similiterque
3320 3635 3406 3687 ea,
3463 3639 3604 3692 quae
3647 3629 3819 3683 conti-

2245 3705 2395 3760 nent,
2428 3699 2496 3753 ab
2536 3700 2641 3767 his,
2672 3716 2809 3770 quae
2833 3707 3197 3763 continentur.
3230 3712 3388 3768 Verbi
3416 3714 3464 3746 ³⁸
3489 3717 3677 3785 gratia,
3720 3733 3818 3774 aer
3859 3720 3865 3725 ’

2245 3788 2485 3843 continet
2527 3791 2732 3858 lucem;
2766 3794 2991 3866 ideoque
3023 3799 3358 3859 illuminatus
3395 3820 3492 3861 aer
3514 3807 3559 3838 “
3603 3806 3695 3862 lux
3737 3810 3817 3866 di-

2246 3880 2404 3935 citur.
2444 3882 2645 3939 Oculus
2673 3886 2819 3944 visus
2861 3899 3105 3961 vocatur,
3144 3909 3239 3949 seu
3282 3896 3437 3964 visio,
3475 3899 3603 3955 dum
3643 3915 3817 3971 neque

2246 3976 2415 4037 visus,
2463 3988 2637 4042 neque
2669 3976 2805 4032 visio
2841 3979 2914 4033 sit
2946 3980 3099 4049 juxta
3142 3993 3366 4041 naturae
3409 3990 3813 4058 proprietatem.

2245 4059 2376 4126 Quis
2404 4064 2547 4117 enim
2575 4068 2799 4133 nesciat,
2828 4070 3043 4126 oculum
3082 4085 3291 4144 partem
3326 4081 3595 4148 quandam
3624 4098 3817 4154 corpo-

2244 4156 2413 4213 ralem
2443 4160 2653 4228 capitis,
2686 4162 3067 4235 bumidamque
3088 4183 3227 4235 esse,
3252 4184 3351 4241 per
3388 4188 3551 4244 quam
3591 4176 3740 4233 visus
3766 4178 3814 4208 “

2244 4250 2516 4305 radiorum
2559 4252 2729 4308 instar
2767 4270 2836 4310 ex
2880 4259 3120 4325 menica,
3173 4261 3277 4318 hoc
3320 4273 3404 4320 est
3443 4268 3814 4326 membranula

2244 4340 2478 4406 cerebri,
2506 4342 2653 4398 foras
2696 4344 2978 4402 funditur?
3008 4349 3215 4408 Menica
3243 4369 3374 4412 vero
3405 4356 3625 4415 luminis
3651 4370 3810 4416 natu-

2243 4443 2356 4483 ram
2394 4445 2461 4486 ex
2501 4435 2680 4498 corde,
2728 4436 2868 4504 ignis
2906 4439 3151 4498 videlicet
3188 4446 3334 4513 sede,
3376 4450 3566 4518 recipit
3605 4453 3674 4506 ³³.
3716 4451 3814 4508 Est

2242 4522 2388 4575 enim
2414 4523 2562 4579 visus
2590 4526 2851 4584 naturalis
2891 4530 3110 4589 luminis
3148 4536 3201 4589 in
3235 4552 3392 4594 sensu
3435 4541 3646 4597 videndi
3685 4558 3813 4612 pos-

2243 4615 2470 4671 sidentis
2522 4620 2771 4674 radiatim
2829 4621 2974 4679 foras
3033 4628 3315 4696 prosiliens
3365 4631 3615 4698 emissio,
3669 4648 3810 4701 quae

570 4679 669 4730 hoc
690 4696 823 4783 aere
852 4682 1199 4783 circpmfusa,
1246 4686 1320 4738 nil
1349 4687 1491 4743 aliud
1521 4693 1619 4745 nisi
1663 4708 1888 4763 corpora
1918 4695 1971 4750 in
2017 4712 2141 4753 cor-
2169 4681 2220 4741 D
2243 4721 2363 4759 cum
2432 4707 2699 4764 coloribus
2737 4679 3061 4783 formisquer
3089 4718 3415 4773 exteriorum
3471 4679 3805 4778 sensibilium

568 4768 785 4833 poribus
828 4769 982 4822 esse?
1030 4770 1226 4825 Eadem
1285 4778 1490 4831 ratione
1538 4780 1714 4849 pisces
1758 4784 1811 4836 in
1863 4785 2132 4857 fluctibus,

565 4857 812 4926 planetae
843 4860 896 4913 in
941 4862 1178 4925 aethere,
1227 4873 1370 4917 astra
1421 4867 1474 4919 in
1522 4868 1880 4937 firmamento,
1911 4892 2131 4946 corpora

566 4948 619 5002 in
650 4949 964 5019 corporibus
997 4961 1150 5017 sunt,
1181 4954 1385 5009 minora
1438 4958 1492 5011 in
1548 4958 1844 5029 majoribus
1875 4965 1938 5033 ¹¹,
1987 4984 2134 5024 cras-

565 5039 709 5094 siora
761 5043 814 5097 in
845 5043 1228 5108 subtilioribus,
1266 5048 1401 5105 levia
1436 5051 1488 5106 in
1536 5052 1847 5125 levioribus,
1895 5076 2029 5131 pura
2077 5066 2131 5120 in

562 5132 889 5200 purioribus.
918 5134 1062 5194 Haec
1086 5139 1228 5194 enim
1256 5144 1434 5199 omnia
1465 5148 1760 5218 sensibilia,
1785 5154 1927 5210 sicut
1969 5157 2131 5213 etiam

2242 4813 2526 4867 corporum
2566 4803 3032 4873 circumfunditur,
3076 4810 3306 4863 mirabili
3354 4810 3629 4868 celeritate
3673 4813 3806 4884 ipsis

2242 4893 2495 4948 coloratis
2536 4896 2832 4953 visibilibus
2861 4899 3051 4954 formis
3095 4900 3479 4959 conformatur.
3526 4905 3623 4962 Est
3658 4909 3804 4963 enim
3860 4918 3875 4929 '

2240 4986 2375 5038 visio
2425 4985 2716 5043 formarunt
2763 4990 3107 5061 colorumque
3141 4996 3497 5064 corporalium
3536 5001 3591 5055 in
3640 5004 3805 5059 radiis

2238 5073 2515 5130 oculorum
2553 5081 2816 5146 quaedam
2854 5083 3030 5153 imago
3080 5084 3434 5157 conformata,
3478 5109 3619 5163 quae
3659 5095 3802 5149 nulla

2239 5179 2391 5221 mora
2420 5167 2738 5257 interstante
2762 5188 2924 5229 sensu
2960 5176 3236 5246 recipitur,
3263 5185 3663 5256 memoriaeque
3681 5201 3794 5242 sen-

1834 5318 2087 5376 VARIAE
2123 5321 2527 5386 LECTIONES.

636 5433 951 5513 “S_ic_CDE;
993 5440 1035 5493 Α
1078 5442 1223 5511 prius
1265 5444 1514 5502 diximus.

562 5498 951 5587 lib/itindenini
979 5498 1128 5587 ergo.
1195 5514 1342 5587 ‘ASic
1387 5498 1551 5583 Citii;
1608 5498 1884 5587 [59:33”.

561 5567 956 5657 Eioéralriqnid.
997 5648 1009 5657 ‘
1032 5567 1060 5611 δ’
1076 5582 1166 5657 Sic
1180 5583 1367 5657 ‘CDE;
1399 5567 1462 5639 _A—
1478 5567 1897 5657 -ᾇηὶἇξίίέῆιξυψίδ
1928 5592 1968 5645 Α

1067 5653 1130 5703 de
1168 5653 1275 5728 Deo
1323 5638 1553 5711 cicntor'e
1607 5660 1835 5713 omnium
1891 5664 2093 5717 merito.

565 5706 605 5789 ’ἶ
643 5709 731 5760 δίο
767 5706 933 5777 (ἶυΕέ
1003 5718 1045 5768 Λ
1100 5706 1500 5787 propriesua'e.

562 5774 631 5829 In:
675 5778 761 5829 AD
794 5778 938 5829 Ideo.
1016 5785 1059 5815 ἰ
1102 5788 1200 5829 Λρι·
1234 5806 1319 5829 nm
1379 5794 1416 5829 ιι

619 5790 631 5838 ;
675 5790 761 5829 AU
794 5790 938 5833 Ideo.

1016 5785 1059 5815 ²¹
1098 5785 1202 5839 Acr
1234 5806 1339 5842 mu.
1379 5794 1435 5844 ί).
1514 5797 1557 5825 ’³
1585 5798 1621 5847 .-\
1660 5801 1803 5854 visus
1842 5785 2009 5869 funis:

2158 5598 2326 5678 “uSiﬂc
2377 5598 2546 5678 ξ
2572 5605 2633 5678 ΛΑ
2662 5622 2920 5678 exspecto.
3000 5615 3041 5644 “
3066 5598 3437 5675 ominati}:

1746 5669 2093 5747 .itmnrnﬁrilo‘.
2188 5669 2231 5701 "
2264 5670 2360 5747 _Sic
2390 5671 2551 5738 CDE;
2610 5676 2649 5727 A
2694 5669 2958 5747 approbet.

1620 5729 1661 5758 ¹⁸
1701 5728 1790 5781 Sic
1843 5732 2000 5797 CDE;
2042 5734 2083 5789 C
2136 5740 2480 5794 continentur.

1820 5492 1862 5543 τ’-
1900 5452 1932 5497 ο³
1960 5452 2327 5543 ηδίιςρρξέᾉ
2350 5465 2753 5543 percipit:utar.~
2803 5471 2824 5543 ἦ
2863 5464 2953 5527 Sic
2975 5472 3135 5543 CDE;
3168 5476 3213 5532 Α
3246 5482 3403 5536 enim.
3480 5484 3502 5516 ⁵
3540 5483 3629 5540 Sic
3664 5485 3797 5541 CDE

1960 5525 2112 5622 i‘Sie
2140 5528 2326 5622 cpio;
2350 5525 2705 5622 Ἀηέέηρρναιί
2732 5541 2853 5594 huic
2882 5525 3135 5622 suos;
3168 5525 3499 5622 sblubiiique.
3540 5525 3798 5611 “537523

3518 5624 3560 5695 ‘f
3583 5625 3623 5676 Λ
3653 5643 3794 5695 ergo.

3072 5687 3115 5717 ¹⁶
3177 5689 3267 5741 Sic
3308 5690 3470 5756 CDE;
3523 5693 3563 5744 Α
3627 5687 3794 5747 locis.

2581 5746 2621 5778 ¹⁹
2661 5746 2952 5818 δὶρίϐῡίὴ
3013 5755 3053 5806 Α
3111 5746 3469 5823 possidentur,
3553 5762 3598 5793 ⁸³
3637 5746 3797 5820 SicC

2088 5805 2131 5836 ²³
2173 5808 2215 5861 Ι)
2249 5812 2451 5877 Γρίίγιίι.
