  <div class='ocr_page' id='page_1' title='image "/cluster/home/n/w/nwhite01/storage/ocr_20150623/122/pst.000018028355/278.png"; bbox 0 0 4194 6276; ppageno 0'>
   <div class='ocr_carea' id='block_1_1' title="bbox 392 429 492 486">
    <p class='ocr_par' dir='ltr' id='par_1_1' title="bbox 392 429 492 486">
     <span class='ocr_line' id='line_1_1' title="bbox 392 429 492 486; baseline 0 -1"><span class='ocrx_word' id='word_1_1' title='bbox 392 429 492 486; x_wconf 67' lang='grc'><strong>481</strong></span> 
     </span>
    </p>
   </div>
   <div class='ocr_carea' id='block_1_2' title="bbox 1241 404 2757 472">
    <p class='ocr_par' dir='ltr' id='par_1_2' title="bbox 1241 404 2757 472">
     <span class='ocr_line' id='line_1_2' title="bbox 1241 404 2757 472; baseline -0.009 0"><span class='ocrx_word' id='word_1_2' title='bbox 1241 416 1328 472; x_wconf 86' lang='lat' dir='ltr'><strong>DE</strong></span> <span class='ocrx_word' id='word_1_3' title='bbox 1361 413 1704 471; x_wconf 80' lang='lat' dir='ltr'><strong>DIVISIONE</strong></span> <span class='ocrx_word' id='word_1_4' title='bbox 1741 409 2097 471; x_wconf 82' lang='lat' dir='ltr'><strong>NATURAE.</strong></span> <span class='ocrx_word' id='word_1_5' title='bbox 2135 439 2205 449; x_wconf 95' lang='lat'><strong>—</strong></span> <span class='ocrx_word' id='word_1_6' title='bbox 2241 407 2443 464; x_wconf 79' lang='lat' dir='ltr'><strong>LIBER</strong></span> <span class='ocrx_word' id='word_1_7' title='bbox 2479 404 2757 462; x_wconf 79' lang='lat' dir='ltr'><strong>PRIMUS.</strong></span> 
     </span>
    </p>
   </div>
   <div class='ocr_carea' id='block_1_3' title="bbox 3532 403 3642 460">
    <p class='ocr_par' dir='ltr' id='par_1_3' title="bbox 3532 403 3642 460">
     <span class='ocr_line' id='line_1_3' title="bbox 3532 403 3642 460; baseline -0.018 0"><span class='ocrx_word' id='word_1_8' title='bbox 3532 403 3642 460; x_wconf 66' lang='grc' dir='ltr'>ιω</span> 
     </span>
    </p>
   </div>
   <div class='ocr_carea' id='block_1_4' title="bbox 397 501 3647 605">
    <p class='ocr_par' dir='ltr' id='par_1_4' title="bbox 397 501 3647 605">
     <span class='ocr_line' id='line_1_4' title="bbox 397 501 3647 605; baseline -0.008 -9"><span class='ocrx_word' id='word_1_9' title='bbox 397 541 580 598; x_wconf 85' lang='lat' dir='ltr'><strong>tientis</strong></span> <span class='ocrx_word' id='word_1_10' title='bbox 618 501 870 605; x_wconf 68' lang='lat' dir='ltr'><strong>infigitur.</strong></span> <span class='ocrx_word' id='word_1_11' title='bbox 917 534 1118 589; x_wconf 87' lang='lat' dir='ltr'><strong>Eadem</strong></span> <span class='ocrx_word' id='word_1_12' title='bbox 1148 532 1285 585; x_wconf 85' lang='lat' dir='ltr'><strong>ratio</strong></span> <span class='ocrx_word' id='word_1_13' title='bbox 1311 537 1398 584; x_wconf 91' lang='lat' dir='ltr'><strong>est</strong></span> <span class='ocrx_word' id='word_1_14' title='bbox 1431 537 1486 583; x_wconf 88' lang='lat' dir='ltr'><strong>et</strong></span> <span class='ocrx_word' id='word_1_15' title='bbox 1520 528 1538 560; x_wconf 75' lang='grc'>⁸</span> <span class='ocrx_word' id='word_1_16' title='bbox 1579 526 1632 581; x_wconf 82' lang='lat' dir='ltr'><strong>in</strong></span> <span class='ocrx_word' id='word_1_17' title='bbox 1660 542 1821 582; x_wconf 89' lang='lat' dir='ltr'><strong>sensu</strong></span> <span class='ocrx_word' id='word_1_18' title='bbox 1859 539 1956 579; x_wconf 76' lang='lat' dir='ltr'><strong>au-</strong></span> <span class='ocrx_word' id='word_1_19' title='bbox 1992 525 2041 586; x_wconf 78' lang='grc' dir='ltr'><strong>Α</strong></span> <span class='ocrx_word' id='word_1_20' title='bbox 2068 521 2321 592; x_wconf 87' lang='lat' dir='ltr'><strong>quoniam</strong></span> <span class='ocrx_word' id='word_1_21' title='bbox 2343 533 2450 574; x_wconf 92' lang='lat' dir='ltr'><strong>non</strong></span> <span class='ocrx_word' id='word_1_22' title='bbox 2466 516 2802 587; x_wconf 89' lang='lat' dir='ltr'><strong>simpliciter,</strong></span> <span class='ocrx_word' id='word_1_23' title='bbox 2817 514 2910 570; x_wconf 89' lang='lat' dir='ltr'><strong>sed</strong></span> <span class='ocrx_word' id='word_1_24' title='bbox 2931 514 3108 583; x_wconf 86' lang='lat' dir='ltr'><strong>aliquo</strong></span> <span class='ocrx_word' id='word_1_25' title='bbox 3135 513 3291 569; x_wconf 88' lang='lat' dir='ltr'><strong>modo</strong></span> <span class='ocrx_word' id='word_1_26' title='bbox 3310 528 3429 570; x_wconf 89' lang='lat' dir='ltr'><strong>esse</strong></span> <span class='ocrx_word' id='word_1_27' title='bbox 3444 514 3647 605; x_wconf 80' lang='lat' dir='ltr'><strong>habent</strong></span> 
     </span>
    </p>
   </div>
   <div class='ocr_carea' id='block_1_5' title="bbox 398 615 1965 696">
    <p class='ocr_par' dir='ltr' id='par_1_5' title="bbox 398 615 1965 696">
     <span class='ocr_line' id='line_1_5' title="bbox 398 615 1965 696; baseline -0.011 -9"><span class='ocrx_word' id='word_1_28' title='bbox 398 633 558 688; x_wconf 86' lang='lat' dir='ltr'><strong>rium.</strong></span> <span class='ocrx_word' id='word_1_29' title='bbox 585 627 719 683; x_wconf 85' lang='lat' dir='ltr'><strong>Nam</strong></span> <span class='ocrx_word' id='word_1_30' title='bbox 745 636 800 681; x_wconf 90' lang='lat' dir='ltr'><strong>et</strong></span> <span class='ocrx_word' id='word_1_31' title='bbox 837 623 1098 696; x_wconf 88' lang='lat' dir='ltr'><strong>particula</strong></span> <span class='ocrx_word' id='word_1_32' title='bbox 1128 620 1321 690; x_wconf 92' lang='lat' dir='ltr'><strong>capitis</strong></span> <span class='ocrx_word' id='word_1_33' title='bbox 1346 621 1389 685; x_wconf 82' lang='grc'><strong>⁸,</strong></span> <span class='ocrx_word' id='word_1_34' title='bbox 1417 633 1556 688; x_wconf 87' lang='lat' dir='ltr'><strong>quae</strong></span> <span class='ocrx_word' id='word_1_35' title='bbox 1580 616 1797 688; x_wconf 83' lang='lat' dir='ltr'><strong>proprie</strong></span> <span class='ocrx_word' id='word_1_36' title='bbox 1817 615 1965 670; x_wconf 86' lang='lat' dir='ltr'><strong>auris</strong></span> 
     </span>
    </p>
   </div>
   <div class='ocr_carea' id='block_1_6' title="bbox 399 710 1969 785">
    <p class='ocr_par' dir='ltr' id='par_1_6' title="bbox 399 710 1969 785">
     <span class='ocr_line' id='line_1_6' title="bbox 399 710 1969 785; baseline -0.011 -6"><span class='ocrx_word' id='word_1_37' title='bbox 399 724 611 785; x_wconf 85' lang='lat' dir='ltr'><strong>dicitur,</strong></span> <span class='ocrx_word' id='word_1_38' title='bbox 639 735 707 775; x_wconf 80' lang='lat' dir='ltr'><strong>ex</strong></span> <span class='ocrx_word' id='word_1_39' title='bbox 729 718 910 772; x_wconf 89' lang='lat' dir='ltr'><strong>auditu</strong></span> <span class='ocrx_word' id='word_1_40' title='bbox 941 715 1343 777; x_wconf 88' lang='lat' dir='ltr'><strong>denominatur,</strong></span> <span class='ocrx_word' id='word_1_41' title='bbox 1365 711 1620 781; x_wconf 88' lang='lat' dir='ltr'><strong>quoniam</strong></span> <span class='ocrx_word' id='word_1_42' title='bbox 1641 710 1969 765; x_wconf 87' lang='lat' dir='ltr'><strong>instrumen-</strong></span> 
     </span>
    </p>
   </div>
   <div class='ocr_carea' id='block_1_7' title="bbox 400 797 1547 874">
    <p class='ocr_par' dir='ltr' id='par_1_7' title="bbox 400 797 1547 874">
     <span class='ocr_line' id='line_1_7' title="bbox 400 797 1547 874; baseline -0.015 -5"><span class='ocrx_word' id='word_1_43' title='bbox 400 823 512 870; x_wconf 90' lang='lat' dir='ltr'><strong>tum</strong></span> <span class='ocrx_word' id='word_1_44' title='bbox 534 811 745 866; x_wconf 88' lang='lat' dir='ltr'><strong>auditus</strong></span> <span class='ocrx_word' id='word_1_45' title='bbox 772 814 875 861; x_wconf 90' lang='lat' dir='ltr'><strong>est.</strong></span> <span class='ocrx_word' id='word_1_46' title='bbox 902 805 1079 874; x_wconf 79' lang='lat' dir='ltr'><strong>Atque</strong></span> <span class='ocrx_word' id='word_1_47' title='bbox 1103 803 1160 858; x_wconf 97' lang='lat' dir='ltr'><strong>id</strong></span> <span class='ocrx_word' id='word_1_48' title='bbox 1187 816 1354 873; x_wconf 86' lang='lat' dir='ltr'><strong>genus</strong></span> <span class='ocrx_word' id='word_1_49' title='bbox 1383 797 1547 855; x_wconf 90' lang='lat' dir='ltr'><strong>mille.</strong></span> 
     </span>
    </p>
   </div>
   <div class='ocr_carea' id='block_1_8' title="bbox 467 888 1972 970">
    <p class='ocr_par' dir='ltr' id='par_1_8' title="bbox 467 888 1972 970">
     <span class='ocr_line' id='line_1_8' title="bbox 467 888 1972 970; baseline -0.012 -11"><span class='ocrx_word' id='word_1_50' title='bbox 467 905 552 960; x_wconf 78' lang='lat'><strong>&#39;58.</strong></span> <span class='ocrx_word' id='word_1_51' title='bbox 591 902 738 956; x_wconf 80' lang='lat' dir='ltr'><strong>Dtsc.</strong></span> <span class='ocrx_word' id='word_1_52' title='bbox 769 899 837 954; x_wconf 88' lang='lat' dir='ltr'><strong>Et</strong></span> <span class='ocrx_word' id='word_1_53' title='bbox 880 899 983 953; x_wconf 86' lang='lat' dir='ltr'><strong>hoc</strong></span> <span class='ocrx_word' id='word_1_54' title='bbox 1024 896 1186 970; x_wconf 83' lang='lat' dir='ltr'><strong>plane</strong></span> <span class='ocrx_word' id='word_1_55' title='bbox 1229 889 1694 964; x_wconf 64' lang='lat' dir='ltr'><strong>perspicio..Mac.</strong></span> <span class='ocrx_word' id='word_1_56' title='bbox 1741 888 1972 944; x_wconf 78' lang='lat' dir='ltr'><strong>Videsne</strong></span> 
     </span>
    </p>
   </div>
   <div class='ocr_carea' id='block_1_9' title="bbox 397 979 1972 1063">
    <p class='ocr_par' dir='ltr' id='par_1_9' title="bbox 397 979 1972 1063">
     <span class='ocr_line' id='line_1_9' title="bbox 397 979 1972 1063; baseline -0.011 -13"><span class='ocrx_word' id='word_1_57' title='bbox 397 998 596 1063; x_wconf 81' lang='lat' dir='ltr'><strong>itaque,</strong></span> <span class='ocrx_word' id='word_1_58' title='bbox 639 1007 748 1061; x_wconf 82' lang='lat' dir='ltr'><strong>qua</strong></span> <span class='ocrx_word' id='word_1_59' title='bbox 793 988 1214 1046; x_wconf 85' lang='lat' dir='ltr'><strong>consuetudine,</strong></span> <span class='ocrx_word' id='word_1_60' title='bbox 1261 997 1554 1052; x_wconf 85' lang='lat' dir='ltr'><strong>rerumque</strong></span> <span class='ocrx_word' id='word_1_61' title='bbox 1595 979 1972 1052; x_wconf 82' lang='lat' dir='ltr'><strong>signiﬁcanda-</strong></span> 
     </span>
    </p>
   </div>
   <div class='ocr_carea' id='block_1_10' title="bbox 394 1070 1974 1148">
    <p class='ocr_par' dir='ltr' id='par_1_10' title="bbox 394 1070 1974 1148">
     <span class='ocr_line' id='line_1_10' title="bbox 394 1070 1974 1148; baseline -0.009 -8"><span class='ocrx_word' id='word_1_62' title='bbox 394 1101 512 1140; x_wconf 90' lang='lat' dir='ltr'><strong>rum</strong></span> <span class='ocrx_word' id='word_1_63' title='bbox 553 1083 898 1146; x_wconf 78' lang='lat' dir='ltr'><strong>necessitate,</strong></span> <span class='ocrx_word' id='word_1_64' title='bbox 937 1080 1096 1148; x_wconf 90' lang='lat' dir='ltr'><strong>inops</strong></span> <span class='ocrx_word' id='word_1_65' title='bbox 1130 1090 1382 1132; x_wconf 90' lang='lat' dir='ltr'><strong>verarum</strong></span> <span class='ocrx_word' id='word_1_66' title='bbox 1415 1088 1597 1130; x_wconf 88' lang='lat' dir='ltr'><strong>rerum</strong></span> <span class='ocrx_word' id='word_1_67' title='bbox 1638 1070 1974 1128; x_wconf 83' lang='lat' dir='ltr'><strong>discretionis</strong></span> 
     </span>
    </p>
   </div>
   <div class='ocr_carea' id='block_1_11' title="bbox 397 1163 1976 1230">
    <p class='ocr_par' dir='ltr' id='par_1_11' title="bbox 397 1163 1976 1230">
     <span class='ocr_line' id='line_1_11' title="bbox 397 1163 1976 1230; baseline -0.009 0"><span class='ocrx_word' id='word_1_68' title='bbox 397 1175 706 1230; x_wconf 82' lang='lat' dir='ltr'><strong>humanitas</strong></span> <span class='ocrx_word' id='word_1_69' title='bbox 747 1174 846 1227; x_wconf 89' lang='lat' dir='ltr'><strong>has</strong></span> <span class='ocrx_word' id='word_1_70' title='bbox 883 1170 1136 1224; x_wconf 87' lang='lat' dir='ltr'><strong>abusivas</strong></span> <span class='ocrx_word' id='word_1_71' title='bbox 1172 1181 1354 1222; x_wconf 88' lang='lat' dir='ltr'><strong>rerum</strong></span> <span class='ocrx_word' id='word_1_72' title='bbox 1395 1163 1852 1220; x_wconf 87' lang='lat' dir='ltr'><strong>denominationes</strong></span> <span class='ocrx_word' id='word_1_73' title='bbox 1893 1176 1976 1216; x_wconf 89' lang='lat' dir='ltr'><strong>re-</strong></span> 
     </span>
    </p>
   </div>
   <div class='ocr_carea' id='block_1_12' title="bbox 398 1253 1974 1335">
    <p class='ocr_par' dir='ltr' id='par_1_12' title="bbox 398 1253 1974 1335">
     <span class='ocr_line' id='line_1_12' title="bbox 398 1253 1974 1335; baseline -0.009 -16"><span class='ocrx_word' id='word_1_74' title='bbox 398 1265 637 1335; x_wconf 89' lang='lat' dir='ltr'><strong>pererit,</strong></span> <span class='ocrx_word' id='word_1_75' title='bbox 684 1264 850 1320; x_wconf 85' lang='lat' dir='ltr'><strong>imam</strong></span> <span class='ocrx_word' id='word_1_76' title='bbox 880 1260 1222 1327; x_wconf 89' lang='lat' dir='ltr'><strong>mediamque</strong></span> <span class='ocrx_word' id='word_1_77' title='bbox 1263 1256 1446 1311; x_wconf 88' lang='lat' dir='ltr'><strong>mundi</strong></span> <span class='ocrx_word' id='word_1_78' title='bbox 1488 1253 1713 1310; x_wconf 83' lang='lat' dir='ltr'><strong>visibilis</strong></span> <span class='ocrx_word' id='word_1_79' title='bbox 1746 1260 1974 1322; x_wconf 90' lang='lat' dir='ltr'><strong>partem,</strong></span> 
     </span>
    </p>
   </div>
   <div class='ocr_carea' id='block_1_13' title="bbox 402 1344 1978 1424">
    <p class='ocr_par' dir='ltr' id='par_1_13' title="bbox 402 1344 1978 1424">
     <span class='ocr_line' id='line_1_13' title="bbox 402 1344 1978 1424; baseline -0.008 -16"><span class='ocrx_word' id='word_1_80' title='bbox 402 1363 607 1408; x_wconf 90' lang='lat' dir='ltr'><strong>terram</strong></span> <span class='ocrx_word' id='word_1_81' title='bbox 666 1352 821 1416; x_wconf 89' lang='lat' dir='ltr'><strong>dico,</strong></span> <span class='ocrx_word' id='word_1_82' title='bbox 895 1349 1205 1404; x_wconf 82' lang='lat' dir='ltr'><strong>animalium</strong></span> <span class='ocrx_word' id='word_1_83' title='bbox 1269 1344 1627 1424; x_wconf 84' lang='lat' dir='ltr'><strong>gressibilium</strong></span> <span class='ocrx_word' id='word_1_84' title='bbox 1695 1344 1978 1398; x_wconf 86' lang='lat' dir='ltr'><strong>nominans</strong></span> 
     </span>
    </p>
   </div>
   <div class='ocr_carea' id='block_1_14' title="bbox 401 1433 1980 1504">
    <p class='ocr_par' dir='ltr' id='par_1_14' title="bbox 401 1433 1980 1504">
     <span class='ocr_line' id='line_1_14' title="bbox 401 1433 1980 1504; baseline -0.008 -5"><span class='ocrx_word' id='word_1_85' title='bbox 401 1443 620 1499; x_wconf 85' lang='lat' dir='ltr'><strong>locum?</strong></span> <span class='ocrx_word' id='word_1_86' title='bbox 643 1441 743 1498; x_wconf 89' lang='lat' dir='ltr'><strong>Cui</strong></span> <span class='ocrx_word' id='word_1_87' title='bbox 759 1441 781 1474; x_wconf 92' lang='grc'>³</span> <span class='ocrx_word' id='word_1_88' title='bbox 813 1440 1066 1495; x_wconf 81' lang='lat' dir='ltr'><strong>similiter</strong></span> <span class='ocrx_word' id='word_1_89' title='bbox 1089 1438 1444 1493; x_wconf 89' lang='lat' dir='ltr'><strong>coadunatam</strong></span> <span class='ocrx_word' id='word_1_90' title='bbox 1465 1433 1980 1504; x_wconf 85' lang='lat' dir='ltr'><strong>inseparabilemque</strong></span> 
     </span>
    </p>
   </div>
   <div class='ocr_carea' id='block_1_15' title="bbox 402 1531 1980 1609">
    <p class='ocr_par' dir='ltr' id='par_1_15' title="bbox 402 1531 1980 1609">
     <span class='ocr_line' id='line_1_15' title="bbox 402 1531 1980 1609; baseline -0.007 -15"><span class='ocrx_word' id='word_1_91' title='bbox 402 1547 636 1609; x_wconf 86' lang='lat' dir='ltr'><strong>partem,</strong></span> <span class='ocrx_word' id='word_1_92' title='bbox 677 1537 1041 1606; x_wconf 86' lang='lat' dir='ltr'><strong>qualitateque</strong></span> <span class='ocrx_word' id='word_1_93' title='bbox 1079 1532 1390 1604; x_wconf 82' lang='lat' dir='ltr'><strong>frigiditatis</strong></span> <span class='ocrx_word' id='word_1_94' title='bbox 1427 1531 1749 1601; x_wconf 74' lang='lat' dir='ltr'><strong>proximam,</strong></span> <span class='ocrx_word' id='word_1_95' title='bbox 1782 1544 1980 1600; x_wconf 88' lang='lat' dir='ltr'><strong>aquam</strong></span> 
     </span>
    </p>
   </div>
   <div class='ocr_carea' id='block_1_16' title="bbox 402 1621 1986 1690">
    <p class='ocr_par' dir='ltr' id='par_1_16' title="bbox 402 1621 1986 1690">
     <span class='ocr_line' id='line_1_16' title="bbox 402 1621 1986 1690; baseline -0.003 -10"><span class='ocrx_word' id='word_1_96' title='bbox 402 1626 666 1690; x_wconf 85' lang='lat' dir='ltr'><strong>videlicet,</strong></span> <span class='ocrx_word' id='word_1_97' title='bbox 714 1626 893 1680; x_wconf 89' lang='lat' dir='ltr'><strong>locum</strong></span> <span class='ocrx_word' id='word_1_98' title='bbox 925 1624 1227 1680; x_wconf 85' lang='lat' dir='ltr'><strong>natantium</strong></span> <span class='ocrx_word' id='word_1_99' title='bbox 1255 1621 1278 1654; x_wconf 75' lang='grc'>⁸</span> <span class='ocrx_word' id='word_1_100' title='bbox 1306 1631 1497 1677; x_wconf 80' lang='lat' dir='ltr'><strong>evocat</strong></span> <span class='ocrx_word' id='word_1_101' title='bbox 1523 1621 1566 1677; x_wconf 82' lang='grc'><strong>⁸.</strong></span> <span class='ocrx_word' id='word_1_102' title='bbox 1595 1621 1799 1677; x_wconf 86' lang='lat' dir='ltr'><strong>Deinde</strong></span> <span class='ocrx_word' id='word_1_103' title='bbox 1827 1629 1986 1676; x_wconf 90' lang='lat' dir='ltr'><strong>natu-</strong></span> 
     </span>
    </p>
   </div>
   <div class='ocr_carea' id='block_1_17' title="bbox 401 1713 1986 1784">
    <p class='ocr_par' dir='ltr' id='par_1_17' title="bbox 401 1713 1986 1784">
     <span class='ocr_line' id='line_1_17' title="bbox 401 1713 1986 1784; baseline -0.005 -10"><span class='ocrx_word' id='word_1_104' title='bbox 401 1719 504 1775; x_wconf 86' lang='lat' dir='ltr'><strong>raII</strong></span> <span class='ocrx_word' id='word_1_105' title='bbox 540 1719 732 1776; x_wconf 89' lang='lat' dir='ltr'><strong>ordine</strong></span> <span class='ocrx_word' id='word_1_106' title='bbox 778 1718 996 1773; x_wconf 86' lang='lat' dir='ltr'><strong>tertiam</strong></span> <span class='ocrx_word' id='word_1_107' title='bbox 1036 1715 1221 1771; x_wconf 90' lang='lat' dir='ltr'><strong>mundi</strong></span> <span class='ocrx_word' id='word_1_108' title='bbox 1260 1722 1474 1784; x_wconf 90' lang='lat' dir='ltr'><strong>partem</strong></span> <span class='ocrx_word' id='word_1_109' title='bbox 1516 1713 1734 1782; x_wconf 89' lang='lat' dir='ltr'><strong>pennati</strong></span> <span class='ocrx_word' id='word_1_110' title='bbox 1772 1713 1986 1784; x_wconf 78' lang='lat' dir='ltr'><strong>generis</strong></span> 
     </span>
    </p>
   </div>
   <div class='ocr_carea' id='block_1_18' title="bbox 397 1804 1985 1874">
    <p class='ocr_par' dir='ltr' id='par_1_18' title="bbox 397 1804 1985 1874">
     <span class='ocr_line' id='line_1_18' title="bbox 397 1804 1985 1874; baseline -0.005 -9"><span class='ocrx_word' id='word_1_111' title='bbox 397 1809 573 1866; x_wconf 82' lang='lat' dir='ltr'><strong>locum</strong></span> <span class='ocrx_word' id='word_1_112' title='bbox 611 1823 734 1865; x_wconf 85' lang='lat' dir='ltr'><strong>esse</strong></span> <span class='ocrx_word' id='word_1_113' title='bbox 774 1809 1044 1863; x_wconf 83' lang='lat' dir='ltr'><strong>aestimat.</strong></span> <span class='ocrx_word' id='word_1_114' title='bbox 1099 1806 1409 1874; x_wconf 88' lang='lat' dir='ltr'><strong>Eodemque</strong></span> <span class='ocrx_word' id='word_1_115' title='bbox 1451 1804 1610 1860; x_wconf 90' lang='lat' dir='ltr'><strong>modo</strong></span> <span class='ocrx_word' id='word_1_116' title='bbox 1654 1804 1985 1874; x_wconf 88' lang='lat' dir='ltr'><strong>amplissima</strong></span> 
     </span>
    </p>
   </div>
   <div class='ocr_carea' id='block_1_19' title="bbox 2073 601 3646 678">
    <p class='ocr_par' dir='ltr' id='par_1_19' title="bbox 2073 601 3646 678">
     <span class='ocr_line' id='line_1_19' title="bbox 2073 601 3646 678; baseline -0.006 -13"><span class='ocrx_word' id='word_1_117' title='bbox 2073 611 2355 673; x_wconf 85' lang='lat' dir='ltr'><strong>universa,</strong></span> <span class='ocrx_word' id='word_1_118' title='bbox 2413 618 2784 678; x_wconf 82' lang='lat' dir='ltr'><strong>quaecumque</strong></span> <span class='ocrx_word' id='word_1_119' title='bbox 2838 611 2960 671; x_wconf 87' lang='lat' dir='ltr'><strong>post</strong></span> <span class='ocrx_word' id='word_1_120' title='bbox 3013 604 3176 657; x_wconf 90' lang='lat' dir='ltr'><strong>Deum</strong></span> <span class='ocrx_word' id='word_1_121' title='bbox 3233 616 3352 657; x_wconf 91' lang='lat' dir='ltr'><strong>esse</strong></span> <span class='ocrx_word' id='word_1_122' title='bbox 3411 601 3646 667; x_wconf 87' lang='lat' dir='ltr'><strong>habent,</strong></span> 
     </span>
    </p>
   </div>
   <div class='ocr_carea' id='block_1_20' title="bbox 2070 694 3646 770">
    <p class='ocr_par' dir='ltr' id='par_1_20' title="bbox 2070 694 3646 770">
     <span class='ocr_line' id='line_1_20' title="bbox 2070 694 3646 770; baseline -0.005 -14"><span class='ocrx_word' id='word_1_123' title='bbox 2070 717 2134 757; x_wconf 92' lang='lat' dir='ltr'><strong>ac</strong></span> <span class='ocrx_word' id='word_1_124' title='bbox 2183 715 2279 770; x_wconf 90' lang='lat' dir='ltr'><strong>per</strong></span> <span class='ocrx_word' id='word_1_125' title='bbox 2340 700 2443 757; x_wconf 88' lang='lat' dir='ltr'><strong>hoc</strong></span> <span class='ocrx_word' id='word_1_126' title='bbox 2499 713 2606 752; x_wconf 92' lang='lat' dir='ltr'><strong>non</strong></span> <span class='ocrx_word' id='word_1_127' title='bbox 2667 703 2854 752; x_wconf 90' lang='lat' dir='ltr'><strong>carent</strong></span> <span class='ocrx_word' id='word_1_128' title='bbox 2907 695 3190 765; x_wconf 89' lang='lat' dir='ltr'><strong>principio.</strong></span> <span class='ocrx_word' id='word_1_129' title='bbox 3248 694 3419 749; x_wconf 89' lang='lat' dir='ltr'><strong>Omne</strong></span> <span class='ocrx_word' id='word_1_130' title='bbox 3478 695 3646 760; x_wconf 88' lang='lat' dir='ltr'><strong>enim,</strong></span> 
     </span>
    </p>
   </div>
   <div class='ocr_carea' id='block_1_21' title="bbox 2071 783 3649 860">
    <p class='ocr_par' dir='ltr' id='par_1_21' title="bbox 2071 783 3649 860">
     <span class='ocr_line' id='line_1_21' title="bbox 2071 783 3649 860; baseline -0.004 -16"><span class='ocrx_word' id='word_1_131' title='bbox 2071 790 2451 860; x_wconf 86' lang='lat' dir='ltr'><strong>quodcumque</strong></span> <span class='ocrx_word' id='word_1_132' title='bbox 2497 786 2762 842; x_wconf 90' lang='lat' dir='ltr'><strong>rationem</strong></span> <span class='ocrx_word' id='word_1_133' title='bbox 2793 784 3004 856; x_wconf 87' lang='lat' dir='ltr'><strong>recipit,</strong></span> <span class='ocrx_word' id='word_1_134' title='bbox 3059 783 3427 852; x_wconf 86' lang='lat' dir='ltr'><strong>alicujusmodi</strong></span> <span class='ocrx_word' id='word_1_135' title='bbox 3465 799 3649 840; x_wconf 86' lang='lat' dir='ltr'><strong>essen-</strong></span> 
     </span>
    </p>
   </div>
   <div class='ocr_carea' id='block_1_22' title="bbox 2074 871 3648 944">
    <p class='ocr_par' dir='ltr' id='par_1_22' title="bbox 2074 871 3648 944">
     <span class='ocr_line' id='line_1_22' title="bbox 2074 871 3648 944; baseline -0.003 -12"><span class='ocrx_word' id='word_1_136' title='bbox 2074 879 2201 944; x_wconf 83' lang='lat' dir='ltr'><strong>tiae,</strong></span> <span class='ocrx_word' id='word_1_137' title='bbox 2236 878 2339 932; x_wconf 86' lang='lat' dir='ltr'><strong>etsi</strong></span> <span class='ocrx_word' id='word_1_138' title='bbox 2386 883 2489 941; x_wconf 88' lang='lat' dir='ltr'><strong>est,</strong></span> <span class='ocrx_word' id='word_1_139' title='bbox 2541 890 2648 930; x_wconf 91' lang='lat' dir='ltr'><strong>non</strong></span> <span class='ocrx_word' id='word_1_140' title='bbox 2693 881 2829 930; x_wconf 89' lang='lat' dir='ltr'><strong>erat.</strong></span> <span class='ocrx_word' id='word_1_141' title='bbox 2865 873 3052 942; x_wconf 88' lang='lat' dir='ltr'><strong>Itaque</strong></span> <span class='ocrx_word' id='word_1_142' title='bbox 3091 871 3270 942; x_wconf 88' lang='lat' dir='ltr'><strong>aliquo</strong></span> <span class='ocrx_word' id='word_1_143' title='bbox 3309 874 3467 929; x_wconf 87' lang='lat' dir='ltr'><strong>modo</strong></span> <span class='ocrx_word' id='word_1_144' title='bbox 3507 888 3648 942; x_wconf 90' lang='lat' dir='ltr'><strong>esse,</strong></span> 
     </span>
    </p>
   </div>
   <div class='ocr_carea' id='block_1_23' title="bbox 2071 961 3650 1034">
    <p class='ocr_par' dir='ltr' id='par_1_23' title="bbox 2071 961 3650 1034">
     <span class='ocr_line' id='line_1_23' title="bbox 2071 961 3650 1034; baseline -0.002 -11"><span class='ocrx_word' id='word_1_145' title='bbox 2071 968 2174 1023; x_wconf 92' lang='lat' dir='ltr'><strong>hoc</strong></span> <span class='ocrx_word' id='word_1_146' title='bbox 2197 976 2280 1023; x_wconf 92' lang='lat' dir='ltr'><strong>est</strong></span> <span class='ocrx_word' id='word_1_147' title='bbox 2307 965 2549 1020; x_wconf 88' lang='lat' dir='ltr'><strong>localiter</strong></span> <span class='ocrx_word' id='word_1_148' title='bbox 2566 979 2708 1030; x_wconf 87' lang='lat' dir='ltr'><strong>esse,</strong></span> <span class='ocrx_word' id='word_1_149' title='bbox 2732 972 2788 1019; x_wconf 87' lang='lat' dir='ltr'><strong>et</strong></span> <span class='ocrx_word' id='word_1_150' title='bbox 2820 963 3000 1034; x_wconf 90' lang='lat' dir='ltr'><strong>aliquo</strong></span> <span class='ocrx_word' id='word_1_151' title='bbox 3025 961 3184 1017; x_wconf 90' lang='lat' dir='ltr'><strong>modo</strong></span> <span class='ocrx_word' id='word_1_152' title='bbox 3207 962 3488 1019; x_wconf 86' lang='lat' dir='ltr'><strong>inchoasse</strong></span> <span class='ocrx_word' id='word_1_153' title='bbox 3507 979 3650 1031; x_wconf 85' lang='lat' dir='ltr'><strong>esse,</strong></span> 
     </span>
    </p>
   </div>
   <div class='ocr_carea' id='block_1_24' title="bbox 2074 1053 3653 1126">
    <p class='ocr_par' dir='ltr' id='par_1_24' title="bbox 2074 1053 3653 1126">
     <span class='ocr_line' id='line_1_24' title="bbox 2074 1053 3653 1126; baseline 0 -14"><span class='ocrx_word' id='word_1_154' title='bbox 2074 1057 2177 1112; x_wconf 91' lang='lat' dir='ltr'><strong>hoc</strong></span> <span class='ocrx_word' id='word_1_155' title='bbox 2206 1067 2294 1112; x_wconf 90' lang='lat' dir='ltr'><strong>est</strong></span> <span class='ocrx_word' id='word_1_156' title='bbox 2321 1055 2694 1125; x_wconf 88' lang='lat' dir='ltr'><strong>temporaliter</strong></span> <span class='ocrx_word' id='word_1_157' title='bbox 2730 1069 2871 1110; x_wconf 90' lang='lat' dir='ltr'><strong>esse.</strong></span> <span class='ocrx_word' id='word_1_158' title='bbox 2912 1053 3144 1124; x_wconf 89' lang='lat' dir='ltr'><strong>Ideoque</strong></span> <span class='ocrx_word' id='word_1_159' title='bbox 3181 1069 3358 1120; x_wconf 90' lang='lat' dir='ltr'><strong>omne,</strong></span> <span class='ocrx_word' id='word_1_160' title='bbox 3397 1056 3540 1126; x_wconf 88' lang='lat' dir='ltr'><strong>quod</strong></span> <span class='ocrx_word' id='word_1_161' title='bbox 3570 1065 3653 1113; x_wconf 86' lang='lat' dir='ltr'><strong>est</strong></span> 
     </span>
    </p>
   </div>
   <div class='ocr_carea' id='block_1_25' title="bbox 2074 1147 3657 1220">
    <p class='ocr_par' dir='ltr' id='par_1_25' title="bbox 2074 1147 3657 1220">
     <span class='ocr_line' id='line_1_25' title="bbox 2074 1147 3657 1220; baseline 0 -16"><span class='ocrx_word' id='word_1_162' title='bbox 2074 1159 2290 1220; x_wconf 88' lang='lat' dir='ltr'><strong>praeter</strong></span> <span class='ocrx_word' id='word_1_163' title='bbox 2335 1149 2526 1214; x_wconf 91' lang='lat' dir='ltr'><strong>Deum,</strong></span> <span class='ocrx_word' id='word_1_164' title='bbox 2575 1148 2830 1218; x_wconf 89' lang='lat' dir='ltr'><strong>quoniam</strong></span> <span class='ocrx_word' id='word_1_165' title='bbox 2871 1147 3050 1217; x_wconf 89' lang='lat' dir='ltr'><strong>aliquo</strong></span> <span class='ocrx_word' id='word_1_166' title='bbox 3088 1147 3247 1202; x_wconf 89' lang='lat' dir='ltr'><strong>modo</strong></span> <span class='ocrx_word' id='word_1_167' title='bbox 3290 1147 3550 1214; x_wconf 84' lang='lat' dir='ltr'><strong>subsistit,</strong></span> <span class='ocrx_word' id='word_1_168' title='bbox 3601 1157 3657 1204; x_wconf 89' lang='lat' dir='ltr'><strong>et</strong></span> 
     </span>
    </p>
   </div>
   <div class='ocr_carea' id='block_1_26' title="bbox 2075 1231 3656 1313">
    <p class='ocr_par' dir='ltr' id='par_1_26' title="bbox 2075 1231 3656 1313">
     <span class='ocr_line' id='line_1_26' title="bbox 2075 1231 3656 1313; baseline -0.001 -17"><span class='ocrx_word' id='word_1_169' title='bbox 2075 1257 2172 1313; x_wconf 91' lang='lat' dir='ltr'><strong>per</strong></span> <span class='ocrx_word' id='word_1_170' title='bbox 2218 1231 2626 1312; x_wconf 76' lang='lat' dir='ltr'><strong>generationem</strong></span> <span class='ocrx_word' id='word_1_171' title='bbox 2676 1238 2970 1294; x_wconf 85' lang='lat' dir='ltr'><strong>subsistere</strong></span> <span class='ocrx_word' id='word_1_172' title='bbox 3015 1237 3311 1305; x_wconf 86' lang='lat' dir='ltr'><strong>inchoavit,</strong></span> <span class='ocrx_word' id='word_1_173' title='bbox 3349 1239 3656 1294; x_wconf 89' lang='lat' dir='ltr'><strong>necessario</strong></span> 
     </span>
    </p>
   </div>
   <div class='ocr_carea' id='block_1_27' title="bbox 2079 1329 3657 1402">
    <p class='ocr_par' dir='ltr' id='par_1_27' title="bbox 2079 1329 3657 1402">
     <span class='ocr_line' id='line_1_27' title="bbox 2079 1329 3657 1402; baseline -0.002 -15"><span class='ocrx_word' id='word_1_174' title='bbox 2079 1335 2197 1389; x_wconf 90' lang='lat' dir='ltr'><strong>loco</strong></span> <span class='ocrx_word' id='word_1_175' title='bbox 2233 1348 2298 1388; x_wconf 91' lang='lat' dir='ltr'><strong>ac</strong></span> <span class='ocrx_word' id='word_1_176' title='bbox 2334 1341 2574 1402; x_wconf 89' lang='lat' dir='ltr'><strong>tempore</strong></span> <span class='ocrx_word' id='word_1_177' title='bbox 2617 1331 2976 1387; x_wconf 85' lang='lat' dir='ltr'><strong>concluditur.</strong></span> <span class='ocrx_word' id='word_1_178' title='bbox 3023 1329 3176 1386; x_wconf 89' lang='lat' dir='ltr'><strong>Unde</strong></span> <span class='ocrx_word' id='word_1_179' title='bbox 3203 1329 3375 1385; x_wconf 90' lang='lat' dir='ltr'><strong>Deum</strong></span> <span class='ocrx_word' id='word_1_180' title='bbox 3421 1346 3538 1386; x_wconf 90' lang='lat' dir='ltr'><strong>esse</strong></span> <span class='ocrx_word' id='word_1_181' title='bbox 3575 1331 3657 1386; x_wconf 88' lang='lat' dir='ltr'><strong>di-</strong></span> 
     </span>
    </p>
   </div>
   <div class='ocr_carea' id='block_1_28' title="bbox 2080 1421 3658 1495">
    <p class='ocr_par' dir='ltr' id='par_1_28' title="bbox 2080 1421 3658 1495">
     <span class='ocr_line' id='line_1_28' title="bbox 2080 1421 3658 1495; baseline -0.003 -13"><span class='ocrx_word' id='word_1_182' title='bbox 2080 1437 2286 1492; x_wconf 89' lang='lat' dir='ltr'><strong>centes,</strong></span> <span class='ocrx_word' id='word_1_183' title='bbox 2313 1441 2421 1480; x_wconf 91' lang='lat' dir='ltr'><strong>non</strong></span> <span class='ocrx_word' id='word_1_184' title='bbox 2448 1425 2628 1495; x_wconf 89' lang='lat' dir='ltr'><strong>aliquo</strong></span> <span class='ocrx_word' id='word_1_185' title='bbox 2653 1423 2813 1479; x_wconf 91' lang='lat' dir='ltr'><strong>modo</strong></span> <span class='ocrx_word' id='word_1_186' title='bbox 2842 1437 2962 1479; x_wconf 91' lang='lat' dir='ltr'><strong>esse</strong></span> <span class='ocrx_word' id='word_1_187' title='bbox 2994 1422 3034 1454; x_wconf 81' lang='grc'><strong>¹⁸</strong></span> <span class='ocrx_word' id='word_1_188' title='bbox 3063 1423 3311 1478; x_wconf 85' lang='lat' dir='ltr'><strong>dicimus.</strong></span> <span class='ocrx_word' id='word_1_189' title='bbox 3333 1421 3409 1478; x_wconf 87' lang='lat' dir='ltr'><strong>Ac</strong></span> <span class='ocrx_word' id='word_1_190' title='bbox 3433 1425 3658 1493; x_wconf 63' lang='lat' dir='ltr'><strong>per‘hoc</strong></span> 
     </span>
    </p>
   </div>
   <div class='ocr_carea' id='block_1_29' title="bbox 2080 1511 3657 1583">
    <p class='ocr_par' dir='ltr' id='par_1_29' title="bbox 2080 1511 3657 1583">
     <span class='ocr_line' id='line_1_29' title="bbox 2080 1511 3657 1583; baseline -0.003 -10"><span class='ocrx_word' id='word_1_191' title='bbox 2080 1524 2242 1573; x_wconf 88' lang='lat' dir='ltr'><strong>etest</strong></span> <span class='ocrx_word' id='word_1_192' title='bbox 2287 1525 2343 1571; x_wconf 89' lang='lat' dir='ltr'><strong>et</strong></span> <span class='ocrx_word' id='word_1_193' title='bbox 2375 1523 2515 1580; x_wconf 87' lang='lat' dir='ltr'><strong>erat,</strong></span> <span class='ocrx_word' id='word_1_194' title='bbox 2558 1513 2875 1583; x_wconf 87' lang='lat' dir='ltr'><strong>simpliciter</strong></span> <span class='ocrx_word' id='word_1_195' title='bbox 2917 1523 2972 1569; x_wconf 92' lang='lat' dir='ltr'><strong>et</strong></span> <span class='ocrx_word' id='word_1_196' title='bbox 3012 1512 3218 1568; x_wconf 84' lang='lat' dir='ltr'><strong>inﬁnite</strong></span> <span class='ocrx_word' id='word_1_197' title='bbox 3241 1521 3296 1569; x_wconf 91' lang='lat' dir='ltr'><strong>et</strong></span> <span class='ocrx_word' id='word_1_198' title='bbox 3322 1511 3566 1570; x_wconf 83' lang='lat' dir='ltr'><strong>absolute</strong></span> <span class='ocrx_word' id='word_1_199' title='bbox 3603 1514 3657 1569; x_wconf 92' lang='lat' dir='ltr'><strong>in</strong></span> 
     </span>
    </p>
   </div>
   <div class='ocr_carea' id='block_1_30' title="bbox 2083 1603 3658 1678">
    <p class='ocr_par' dir='ltr' id='par_1_30' title="bbox 2083 1603 3658 1678">
     <span class='ocr_line' id='line_1_30' title="bbox 2083 1603 3658 1678; baseline -0.002 -15"><span class='ocrx_word' id='word_1_200' title='bbox 2083 1609 2200 1678; x_wconf 89' lang='lat' dir='ltr'><strong>ipso</strong></span> <span class='ocrx_word' id='word_1_201' title='bbox 2228 1606 2479 1662; x_wconf 86' lang='lat' dir='ltr'><strong>dicimus.</strong></span> <span class='ocrx_word' id='word_1_202' title='bbox 2522 1603 3068 1674; x_wconf 89' lang='lat' dir='ltr'><strong>Incomprehensibile</strong></span> <span class='ocrx_word' id='word_1_203' title='bbox 3101 1604 3245 1662; x_wconf 87' lang='lat' dir='ltr'><strong>enim</strong></span> <span class='ocrx_word' id='word_1_204' title='bbox 3276 1606 3420 1660; x_wconf 90' lang='lat' dir='ltr'><strong>omni</strong></span> <span class='ocrx_word' id='word_1_205' title='bbox 3463 1605 3658 1661; x_wconf 88' lang='lat' dir='ltr'><strong>rationi</strong></span> 
     </span>
    </p>
   </div>
   <div class='ocr_carea' id='block_1_31' title="bbox 2081 1697 3659 1768">
    <p class='ocr_par' dir='ltr' id='par_1_31' title="bbox 2081 1697 3659 1768">
     <span class='ocr_line' id='line_1_31' title="bbox 2081 1697 3659 1768; baseline 0.001 -13"><span class='ocrx_word' id='word_1_206' title='bbox 2081 1708 2139 1756; x_wconf 91' lang='lat' dir='ltr'><strong>et</strong></span> <span class='ocrx_word' id='word_1_207' title='bbox 2163 1698 2454 1755; x_wconf 86' lang='lat' dir='ltr'><strong>intellectui</strong></span> <span class='ocrx_word' id='word_1_208' title='bbox 2495 1697 2735 1753; x_wconf 88' lang='lat' dir='ltr'><strong>divinum</strong></span> <span class='ocrx_word' id='word_1_209' title='bbox 2779 1706 2881 1762; x_wconf 88' lang='lat' dir='ltr'><strong>est,</strong></span> <span class='ocrx_word' id='word_1_210' title='bbox 2927 1706 3088 1768; x_wconf 83' lang='lat' dir='ltr'><strong>atque</strong></span> <span class='ocrx_word' id='word_1_211' title='bbox 3127 1698 3247 1754; x_wconf 92' lang='lat' dir='ltr'><strong>ideo</strong></span> <span class='ocrx_word' id='word_1_212' title='bbox 3286 1700 3659 1768; x_wconf 80' lang='lat' dir='ltr'><strong>praedicantes</strong></span> 
     </span>
    </p>
   </div>
   <div class='ocr_carea' id='block_1_32' title="bbox 2084 1790 3657 1862">
    <p class='ocr_par' dir='ltr' id='par_1_32' title="bbox 2084 1790 3657 1862">
     <span class='ocr_line' id='line_1_32' title="bbox 2084 1790 3657 1862; baseline -0.002 -14"><span class='ocrx_word' id='word_1_213' title='bbox 2084 1792 2253 1862; x_wconf 90' lang='lat' dir='ltr'><strong>ipsius</strong></span> <span class='ocrx_word' id='word_1_214' title='bbox 2291 1806 2435 1855; x_wconf 91' lang='lat' dir='ltr'><strong>esse,</strong></span> <span class='ocrx_word' id='word_1_215' title='bbox 2464 1805 2573 1846; x_wconf 91' lang='lat' dir='ltr'><strong>non</strong></span> <span class='ocrx_word' id='word_1_216' title='bbox 2610 1790 2836 1846; x_wconf 90' lang='lat' dir='ltr'><strong>dicimus</strong></span> <span class='ocrx_word' id='word_1_217' title='bbox 2872 1790 3045 1859; x_wconf 84' lang='lat' dir='ltr'><strong>ipsum</strong></span> <span class='ocrx_word' id='word_1_218' title='bbox 3087 1804 3226 1846; x_wconf 91' lang='lat' dir='ltr'><strong>esse.</strong></span> <span class='ocrx_word' id='word_1_219' title='bbox 3259 1790 3338 1846; x_wconf 79' lang='lat' dir='ltr'><strong>Ex</strong></span> <span class='ocrx_word' id='word_1_220' title='bbox 3368 1792 3483 1862; x_wconf 89' lang='lat' dir='ltr'><strong>ipso</strong></span> <span class='ocrx_word' id='word_1_221' title='bbox 3513 1793 3657 1848; x_wconf 87' lang='lat' dir='ltr'><strong>enim</strong></span> 
     </span>
    </p>
   </div>
   <div class='ocr_carea' id='block_1_33' title="bbox 402 1881 3660 1972">
    <p class='ocr_par' dir='ltr' id='par_1_33' title="bbox 402 1881 3660 1972">
     <span class='ocr_line' id='line_1_33' title="bbox 402 1881 3660 1972; baseline -0.007 -14"><span class='ocrx_word' id='word_1_222' title='bbox 402 1901 638 1958; x_wconf 80' lang='lat' dir='ltr'><strong>aetheris</strong></span> <span class='ocrx_word' id='word_1_223' title='bbox 662 1901 836 1972; x_wconf 83' lang='lat' dir='ltr'><strong>spatia</strong></span> <span class='ocrx_word' id='word_1_224' title='bbox 873 1898 1186 1955; x_wconf 85' lang='lat' dir='ltr'><strong>caelestium</strong></span> <span class='ocrx_word' id='word_1_225' title='bbox 1219 1911 1505 1967; x_wconf 90' lang='lat' dir='ltr'><strong>corporum</strong></span> <span class='ocrx_word' id='word_1_226' title='bbox 1544 1895 1886 1950; x_wconf 88' lang='lat' dir='ltr'><strong>circulariter</strong></span> <span class='ocrx_word' id='word_1_227' title='bbox 1926 1896 1980 1950; x_wconf 91' lang='lat' dir='ltr'><strong>in</strong></span> <span class='ocrx_word' id='word_1_228' title='bbox 2013 1902 2056 1962; x_wconf 83' lang='grc' dir='ltr'><strong>Β</strong></span> <span class='ocrx_word' id='word_1_229' title='bbox 2084 1898 2226 1951; x_wconf 66' lang='lat' dir='ltr'><strong>esse.</strong></span> <span class='ocrx_word' id='word_1_230' title='bbox 2251 1884 2347 1939; x_wconf 74' lang='lat' dir='ltr'><strong>sed</strong></span> <span class='ocrx_word' id='word_1_231' title='bbox 2373 1898 2478 1938; x_wconf 83' lang='lat' dir='ltr'><strong>n0n</strong></span> <span class='ocrx_word' id='word_1_232' title='bbox 2502 1883 2677 1952; x_wconf 81' lang='lat' dir='ltr'><strong>ipsum</strong></span> <span class='ocrx_word' id='word_1_233' title='bbox 2700 1896 2840 1938; x_wconf 58' lang='lat' dir='ltr'><strong>esse.</strong></span> <span class='ocrx_word' id='word_1_234' title='bbox 2866 1882 2961 1937; x_wconf 75' lang='grc' dir='ltr'><strong>Εει</strong></span> <span class='ocrx_word' id='word_1_235' title='bbox 2987 1881 3132 1938; x_wconf 81' lang='lat' dir='ltr'><strong>euiln</strong></span> <span class='ocrx_word' id='word_1_236' title='bbox 3157 1897 3319 1952; x_wconf 82' lang='lat' dir='ltr'><strong>super</strong></span> <span class='ocrx_word' id='word_1_237' title='bbox 3339 1883 3512 1952; x_wconf 89' lang='lat' dir='ltr'><strong>ipsum</strong></span> <span class='ocrx_word' id='word_1_238' title='bbox 3538 1898 3660 1940; x_wconf 86' lang='lat' dir='ltr'><strong>esse</strong></span> 
     </span>
    </p>
   </div>
   <div class='ocr_carea' id='block_1_34' title="bbox 401 1984 1982 2051">
    <p class='ocr_par' dir='ltr' id='par_1_34' title="bbox 401 1984 1982 2051">
     <span class='ocr_line' id='line_1_34' title="bbox 401 1984 1982 2051; baseline -0.004 -3"><span class='ocrx_word' id='word_1_239' title='bbox 401 2006 468 2048; x_wconf 89' lang='lat' dir='ltr'><strong>eo</strong></span> <span class='ocrx_word' id='word_1_240' title='bbox 534 1991 897 2046; x_wconf 88' lang='lat' dir='ltr'><strong>revolutorum</strong></span> <span class='ocrx_word' id='word_1_241' title='bbox 971 1988 1087 2042; x_wconf 88' lang='lat' dir='ltr'><strong>loca</strong></span> <span class='ocrx_word' id='word_1_242' title='bbox 1121 1986 1402 2041; x_wconf 89' lang='lat' dir='ltr'><strong>nominare</strong></span> <span class='ocrx_word' id='word_1_243' title='bbox 1464 1985 1763 2042; x_wconf 83' lang='lat' dir='ltr'><strong>consuevit.</strong></span> <span class='ocrx_word' id='word_1_244' title='bbox 1833 1984 1982 2051; x_wconf 86' lang='lat' dir='ltr'><strong>Quae</strong></span> 
     </span>
    </p>
   </div>
   <div class='ocr_carea' id='block_1_35' title="bbox 404 2075 1978 2148">
    <p class='ocr_par' dir='ltr' id='par_1_35' title="bbox 404 2075 1978 2148">
     <span class='ocr_line' id='line_1_35' title="bbox 404 2075 1978 2148; baseline -0.006 -10"><span class='ocrx_word' id='word_1_245' title='bbox 404 2081 604 2148; x_wconf 89' lang='lat' dir='ltr'><strong>omnia,</strong></span> <span class='ocrx_word' id='word_1_246' title='bbox 623 2095 750 2137; x_wconf 80' lang='lat' dir='ltr'><strong>vera</strong></span> <span class='ocrx_word' id='word_1_247' title='bbox 773 2080 982 2135; x_wconf 90' lang='lat' dir='ltr'><strong>ratione</strong></span> <span class='ocrx_word' id='word_1_248' title='bbox 1005 2076 1349 2133; x_wconf 70' lang='lat' dir='ltr'><strong>diScretionis</strong></span> <span class='ocrx_word' id='word_1_249' title='bbox 1373 2085 1691 2131; x_wconf 88' lang='lat' dir='ltr'><strong>naturarum</strong></span> <span class='ocrx_word' id='word_1_250' title='bbox 1715 2075 1978 2141; x_wconf 89' lang='lat' dir='ltr'><strong>consulta,</strong></span> 
     </span>
    </p>
   </div>
   <div class='ocr_carea' id='block_1_36' title="bbox 404 2165 1983 2246">
    <p class='ocr_par' dir='ltr' id='par_1_36' title="bbox 404 2165 1983 2246">
     <span class='ocr_line' id='line_1_36' title="bbox 404 2165 1983 2246; baseline -0.007 -15"><span class='ocrx_word' id='word_1_251' title='bbox 404 2189 510 2232; x_wconf 92' lang='lat' dir='ltr'><strong>non</strong></span> <span class='ocrx_word' id='word_1_252' title='bbox 538 2173 674 2240; x_wconf 89' lang='lat' dir='ltr'><strong>Ioea,</strong></span> <span class='ocrx_word' id='word_1_253' title='bbox 706 2173 801 2230; x_wconf 89' lang='lat' dir='ltr'><strong>sed</strong></span> <span class='ocrx_word' id='word_1_254' title='bbox 838 2180 1020 2246; x_wconf 84' lang='lat' dir='ltr'><strong>partes</strong></span> <span class='ocrx_word' id='word_1_255' title='bbox 1047 2170 1232 2227; x_wconf 88' lang='lat' dir='ltr'><strong>mundi</strong></span> <span class='ocrx_word' id='word_1_256' title='bbox 1261 2169 1376 2226; x_wconf 87' lang='lat' dir='ltr'><strong>suis</strong></span> <span class='ocrx_word' id='word_1_257' title='bbox 1406 2167 1538 2225; x_wconf 90' lang='lat' dir='ltr'><strong>locis</strong></span> <span class='ocrx_word' id='word_1_258' title='bbox 1568 2165 1983 2236; x_wconf 87' lang='lat' dir='ltr'><strong>circumscripta</strong></span> 
     </span>
    </p>
   </div>
   <div class='ocr_carea' id='block_1_37' title="bbox 406 2267 828 2337">
    <p class='ocr_par' dir='ltr' id='par_1_37' title="bbox 406 2267 828 2337">
     <span class='ocr_line' id='line_1_37' title="bbox 406 2267 828 2337; baseline -0.005 -14"><span class='ocrx_word' id='word_1_259' title='bbox 406 2267 828 2337; x_wconf 87' lang='lat' dir='ltr'><strong>conspiciuntur.</strong></span> 
     </span>
    </p>
   </div>
   <div class='ocr_carea' id='block_1_38' title="bbox 477 2345 1986 2424">
    <p class='ocr_par' dir='ltr' id='par_1_38' title="bbox 477 2345 1986 2424">
     <span class='ocr_line' id='line_1_38' title="bbox 477 2345 1986 2424; baseline -0.005 -14"><span class='ocrx_word' id='word_1_260' title='bbox 477 2356 570 2410; x_wconf 68' lang='lat'><strong>59.</strong></span> <span class='ocrx_word' id='word_1_261' title='bbox 609 2354 682 2410; x_wconf 82' lang='lat' dir='ltr'><strong>Ut</strong></span> <span class='ocrx_word' id='word_1_262' title='bbox 715 2361 893 2408; x_wconf 88' lang='lat' dir='ltr'><strong>autem</strong></span> <span class='ocrx_word' id='word_1_263' title='bbox 931 2352 1214 2424; x_wconf 84' lang='lat' dir='ltr'><strong>perspicue</strong></span> <span class='ocrx_word' id='word_1_264' title='bbox 1242 2364 1538 2422; x_wconf 88' lang='lat' dir='ltr'><strong>cognoscas</strong></span> <span class='ocrx_word' id='word_1_265' title='bbox 1560 2391 1576 2415; x_wconf 90' lang='lat'><strong>,</strong></span> <span class='ocrx_word' id='word_1_266' title='bbox 1618 2349 1718 2404; x_wconf 90' lang='lat' dir='ltr'><strong>has</strong></span> <span class='ocrx_word' id='word_1_267' title='bbox 1771 2345 1986 2419; x_wconf 89' lang='lat' dir='ltr'><strong>praedi-</strong></span> 
     </span>
    </p>
   </div>
   <div class='ocr_carea' id='block_1_39' title="bbox 408 2440 1988 2515">
    <p class='ocr_par' dir='ltr' id='par_1_39' title="bbox 408 2440 1988 2515">
     <span class='ocr_line' id='line_1_39' title="bbox 408 2440 1988 2515; baseline -0.004 -13"><span class='ocrx_word' id='word_1_268' title='bbox 408 2455 527 2502; x_wconf 89' lang='lat' dir='ltr'><strong>ctas</strong></span> <span class='ocrx_word' id='word_1_269' title='bbox 552 2445 735 2500; x_wconf 88' lang='lat' dir='ltr'><strong>mundi</strong></span> <span class='ocrx_word' id='word_1_270' title='bbox 762 2443 1039 2515; x_wconf 81' lang='lat' dir='ltr'><strong>generales</strong></span> <span class='ocrx_word' id='word_1_271' title='bbox 1055 2451 1259 2513; x_wconf 89' lang='lat' dir='ltr'><strong>partes,</strong></span> <span class='ocrx_word' id='word_1_272' title='bbox 1285 2455 1582 2510; x_wconf 87' lang='lat' dir='ltr'><strong>earumque</strong></span> <span class='ocrx_word' id='word_1_273' title='bbox 1602 2440 1837 2511; x_wconf 90' lang='lat' dir='ltr'><strong>partium</strong></span> <span class='ocrx_word' id='word_1_274' title='bbox 1866 2454 1988 2508; x_wconf 88' lang='lat' dir='ltr'><strong>par-</strong></span> 
     </span>
    </p>
   </div>
   <div class='ocr_carea' id='block_1_40' title="bbox 412 2531 1985 2606">
    <p class='ocr_par' dir='ltr' id='par_1_40' title="bbox 412 2531 1985 2606">
     <span class='ocr_line' id='line_1_40' title="bbox 412 2531 1985 2606; baseline -0.004 -13"><span class='ocrx_word' id='word_1_275' title='bbox 412 2548 514 2605; x_wconf 87' lang='lat' dir='ltr'><strong>tes,</strong></span> <span class='ocrx_word' id='word_1_276' title='bbox 549 2549 722 2606; x_wconf 77' lang='lat' dir='ltr'><strong>uaque</strong></span> <span class='ocrx_word' id='word_1_277' title='bbox 750 2536 817 2591; x_wconf 88' lang='lat' dir='ltr'><strong>ad</strong></span> <span class='ocrx_word' id='word_1_278' title='bbox 837 2533 1223 2590; x_wconf 89' lang='lat' dir='ltr'><strong>minutissimas</strong></span> <span class='ocrx_word' id='word_1_279' title='bbox 1246 2531 1622 2603; x_wconf 86' lang='lat' dir='ltr'><strong>pervenientes</strong></span> <span class='ocrx_word' id='word_1_280' title='bbox 1650 2531 1985 2602; x_wconf 80' lang='lat' dir='ltr'><strong>partitiones,</strong></span> 
     </span>
    </p>
   </div>
   <div class='ocr_carea' id='block_1_41' title="bbox 405 2621 1989 2694">
    <p class='ocr_par' dir='ltr' id='par_1_41' title="bbox 405 2621 1989 2694">
     <span class='ocr_line' id='line_1_41' title="bbox 405 2621 1989 2694; baseline -0.007 -7"><span class='ocrx_word' id='word_1_281' title='bbox 405 2646 514 2688; x_wconf 91' lang='lat' dir='ltr'><strong>non</strong></span> <span class='ocrx_word' id='word_1_282' title='bbox 543 2643 663 2684; x_wconf 89' lang='lat' dir='ltr'><strong>esse</strong></span> <span class='ocrx_word' id='word_1_283' title='bbox 702 2628 836 2693; x_wconf 90' lang='lat' dir='ltr'><strong>loca,</strong></span> <span class='ocrx_word' id='word_1_284' title='bbox 885 2627 981 2683; x_wconf 88' lang='lat' dir='ltr'><strong>sed</strong></span> <span class='ocrx_word' id='word_1_285' title='bbox 1025 2625 1158 2682; x_wconf 88' lang='lat' dir='ltr'><strong>locis</strong></span> <span class='ocrx_word' id='word_1_286' title='bbox 1194 2624 1658 2694; x_wconf 89' lang='lat' dir='ltr'><strong>circumscriptas,</strong></span> <span class='ocrx_word' id='word_1_287' title='bbox 1691 2622 1860 2692; x_wconf 89' lang='lat' dir='ltr'><strong>ipsius</strong></span> <span class='ocrx_word' id='word_1_288' title='bbox 1886 2621 1989 2678; x_wconf 91' lang='lat' dir='ltr'><strong>loci</strong></span> 
     </span>
    </p>
   </div>
   <div class='ocr_carea' id='block_1_42' title="bbox 407 2711 1987 2789">
    <p class='ocr_par' dir='ltr' id='par_1_42' title="bbox 407 2711 1987 2789">
     <span class='ocr_line' id='line_1_42' title="bbox 407 2711 1987 2789; baseline -0.008 -11"><span class='ocrx_word' id='word_1_289' title='bbox 407 2728 603 2778; x_wconf 88' lang='lat' dir='ltr'><strong>natura</strong></span> <span class='ocrx_word' id='word_1_290' title='bbox 637 2718 797 2789; x_wconf 91' lang='lat' dir='ltr'><strong>paulo</strong></span> <span class='ocrx_word' id='word_1_291' title='bbox 819 2717 1151 2789; x_wconf 89' lang='lat' dir='ltr'><strong>diligentius,</strong></span> <span class='ocrx_word' id='word_1_292' title='bbox 1178 2717 1223 2772; x_wconf 91' lang='lat' dir='ltr'><strong>si</strong></span> <span class='ocrx_word' id='word_1_293' title='bbox 1257 2716 1350 2772; x_wconf 88' lang='lat' dir='ltr'><strong>tibi</strong></span> <span class='ocrx_word' id='word_1_294' title='bbox 1374 2715 1573 2787; x_wconf 88' lang='lat' dir='ltr'><strong>placet,</strong></span> <span class='ocrx_word' id='word_1_295' title='bbox 1598 2711 1987 2770; x_wconf 87' lang='lat' dir='ltr'><strong>consideranda</strong></span> 
     </span>
    </p>
   </div>
   <div class='ocr_carea' id='block_1_43' title="bbox 403 2806 1983 2880">
    <p class='ocr_par' dir='ltr' id='par_1_43' title="bbox 403 2806 1983 2880">
     <span class='ocr_line' id='line_1_43' title="bbox 403 2806 1983 2880; baseline -0.007 -8"><span class='ocrx_word' id='word_1_296' title='bbox 403 2822 505 2872; x_wconf 89' lang='lat' dir='ltr'><strong>est.</strong></span> <span class='ocrx_word' id='word_1_297' title='bbox 557 2811 703 2868; x_wconf 81' lang='lat' dir='ltr'><strong>Disc.</strong></span> <span class='ocrx_word' id='word_1_298' title='bbox 754 2810 937 2867; x_wconf 83' lang='lat' dir='ltr'><strong>Placet</strong></span> <span class='ocrx_word' id='word_1_299' title='bbox 979 2809 1261 2880; x_wconf 89' lang='lat' dir='ltr'><strong>equidem;</strong></span> <span class='ocrx_word' id='word_1_300' title='bbox 1314 2816 1370 2865; x_wconf 86' lang='lat' dir='ltr'><strong>et</strong></span> <span class='ocrx_word' id='word_1_301' title='bbox 1402 2809 1472 2864; x_wconf 92' lang='lat' dir='ltr'><strong>ad</strong></span> <span class='ocrx_word' id='word_1_302' title='bbox 1515 2808 1617 2865; x_wconf 91' lang='lat' dir='ltr'><strong>hoc</strong></span> <span class='ocrx_word' id='word_1_303' title='bbox 1656 2806 1983 2862; x_wconf 87' lang='lat' dir='ltr'><strong>audiendum</strong></span> 
     </span>
    </p>
   </div>
   <div class='ocr_carea' id='block_1_44' title="bbox 408 2895 1984 2973">
    <p class='ocr_par' dir='ltr' id='par_1_44' title="bbox 408 2895 1984 2973">
     <span class='ocr_line' id='line_1_44' title="bbox 408 2895 1984 2973; baseline -0.004 -16"><span class='ocrx_word' id='word_1_304' title='bbox 408 2905 664 2958; x_wconf 81' lang='lat' dir='ltr'><strong>ardenter</strong></span> <span class='ocrx_word' id='word_1_305' title='bbox 707 2901 920 2956; x_wconf 89' lang='lat' dir='ltr'><strong>insisto.</strong></span> <span class='ocrx_word' id='word_1_306' title='bbox 957 2898 1099 2957; x_wconf 72' lang='lat' dir='ltr'><strong>MAG.</strong></span> <span class='ocrx_word' id='word_1_307' title='bbox 1136 2898 1336 2971; x_wconf 82' lang='lat' dir='ltr'><strong>Accipe</strong></span> <span class='ocrx_word' id='word_1_308' title='bbox 1366 2898 1532 2973; x_wconf 84' lang='lat' dir='ltr'><strong>igitur</strong></span> <span class='ocrx_word' id='word_1_309' title='bbox 1557 2898 1579 2930; x_wconf 82' lang='lat'><strong><em>°</em></strong></span> <span class='ocrx_word' id='word_1_310' title='bbox 1624 2897 1730 2952; x_wconf 84' lang='lat' dir='ltr'><strong>tale</strong></span> <span class='ocrx_word' id='word_1_311' title='bbox 1760 2895 1984 2952; x_wconf 83' lang='lat' dir='ltr'><strong>ratioci-</strong></span> 
     </span>
    </p>
   </div>
   <div class='ocr_carea' id='block_1_45' title="bbox 412 2988 1990 3064">
    <p class='ocr_par' dir='ltr' id='par_1_45' title="bbox 412 2988 1990 3064">
     <span class='ocr_line' id='line_1_45' title="bbox 412 2988 1990 3064; baseline -0.004 -15"><span class='ocrx_word' id='word_1_312' title='bbox 412 2994 652 3050; x_wconf 85' lang='lat' dir='ltr'><strong>nationis</strong></span> <span class='ocrx_word' id='word_1_313' title='bbox 676 2992 982 3064; x_wconf 78' lang='lat' dir='ltr'><strong>huiusmodi</strong></span> <span class='ocrx_word' id='word_1_314' title='bbox 1001 2993 1306 3059; x_wconf 79' lang='lat' dir='ltr'><strong>exordium,</strong></span> <span class='ocrx_word' id='word_1_315' title='bbox 1335 3006 1496 3062; x_wconf 87' lang='lat' dir='ltr'><strong>quam</strong></span> <span class='ocrx_word' id='word_1_316' title='bbox 1520 3005 1552 3046; x_wconf 86' lang='lat' dir='ltr'><strong>a</strong></span> <span class='ocrx_word' id='word_1_317' title='bbox 1582 2989 1781 3048; x_wconf 87' lang='lat' dir='ltr'><strong>sanctis</strong></span> <span class='ocrx_word' id='word_1_318' title='bbox 1809 2988 1990 3044; x_wconf 87' lang='lat' dir='ltr'><strong>Patri-</strong></span> 
     </span>
    </p>
   </div>
   <div class='ocr_carea' id='block_1_46' title="bbox 412 3081 1988 3154">
    <p class='ocr_par' dir='ltr' id='par_1_46' title="bbox 412 3081 1988 3154">
     <span class='ocr_line' id='line_1_46' title="bbox 412 3081 1988 3154; baseline -0.004 -14"><span class='ocrx_word' id='word_1_319' title='bbox 412 3087 516 3140; x_wconf 74' lang='grc' dir='ltr'><strong>1ηιε</strong></span> <span class='ocrx_word' id='word_1_320' title='bbox 539 3123 556 3151; x_wconf 83' lang='grc'><em>,</em></span> <span class='ocrx_word' id='word_1_321' title='bbox 611 3082 876 3154; x_wconf 83' lang='lat' dir='ltr'><strong>Gregorio</strong></span> <span class='ocrx_word' id='word_1_322' title='bbox 937 3082 1189 3139; x_wconf 77' lang='lat' dir='ltr'><strong>videlicet</strong></span> <span class='ocrx_word' id='word_1_323' title='bbox 1243 3083 1506 3154; x_wconf 88' lang='lat' dir='ltr'><strong>theologo,</strong></span> <span class='ocrx_word' id='word_1_324' title='bbox 1559 3081 1988 3151; x_wconf 86' lang='lat' dir='ltr'><strong>Sermonumque</strong></span> 
     </span>
    </p>
   </div>
   <div class='ocr_carea' id='block_1_47' title="bbox 411 3170 1984 3245">
    <p class='ocr_par' dir='ltr' id='par_1_47' title="bbox 411 3170 1984 3245">
     <span class='ocr_line' id='line_1_47' title="bbox 411 3170 1984 3245; baseline -0.003 -15"><span class='ocrx_word' id='word_1_325' title='bbox 411 3175 531 3245; x_wconf 89' lang='lat' dir='ltr'><strong>ejus</strong></span> <span class='ocrx_word' id='word_1_326' title='bbox 560 3173 780 3244; x_wconf 87' lang='lat' dir='ltr'><strong>egregio</strong></span> <span class='ocrx_word' id='word_1_327' title='bbox 817 3174 1122 3242; x_wconf 85' lang='lat' dir='ltr'><strong>expositore</strong></span> <span class='ocrx_word' id='word_1_328' title='bbox 1149 3173 1378 3229; x_wconf 75' lang='lat' dir='ltr'><strong>Maximo</strong></span> <span class='ocrx_word' id='word_1_329' title='bbox 1406 3172 1750 3242; x_wconf 82' lang='lat' dir='ltr'><strong>sumpsimus.</strong></span> <span class='ocrx_word' id='word_1_330' title='bbox 1789 3170 1984 3237; x_wconf 86' lang='lat' dir='ltr'><strong>Omne,</strong></span> 
     </span>
    </p>
   </div>
   <div class='ocr_carea' id='block_1_48' title="bbox 411 3264 2058 3342">
    <p class='ocr_par' dir='ltr' id='par_1_48' title="bbox 411 3264 2058 3342">
     <span class='ocr_line' id='line_1_48' title="bbox 411 3264 2058 3342; baseline 0 -23"><span class='ocrx_word' id='word_1_331' title='bbox 411 3267 771 3336; x_wconf 88' lang='lat' dir='ltr'><strong>quodcunque</strong></span> <span class='ocrx_word' id='word_1_332' title='bbox 823 3273 907 3321; x_wconf 90' lang='lat' dir='ltr'><strong>est</strong></span> <span class='ocrx_word' id='word_1_333' title='bbox 954 3274 1167 3336; x_wconf 90' lang='lat' dir='ltr'><strong>praeter</strong></span> <span class='ocrx_word' id='word_1_334' title='bbox 1213 3267 1416 3331; x_wconf 87' lang='lat' dir='ltr'><strong>Deum,</strong></span> <span class='ocrx_word' id='word_1_335' title='bbox 1477 3266 1567 3335; x_wconf 86' lang='lat' dir='ltr'><strong>qui</strong></span> <span class='ocrx_word' id='word_1_336' title='bbox 1628 3264 1779 3321; x_wconf 89' lang='lat' dir='ltr'><strong>solus</strong></span> <span class='ocrx_word' id='word_1_337' title='bbox 1819 3276 2058 3342; x_wconf 67' lang='lat' dir='ltr'><strong>supero</strong></span> 
     </span>
    </p>
   </div>
   <div class='ocr_carea' id='block_1_49' title="bbox 408 3353 1983 3427">
    <p class='ocr_par' dir='ltr' id='par_1_49' title="bbox 408 3353 1983 3427">
     <span class='ocr_line' id='line_1_49' title="bbox 408 3353 1983 3427; baseline -0.002 -16"><span class='ocrx_word' id='word_1_338' title='bbox 408 3358 586 3427; x_wconf 83' lang='lat' dir='ltr'><strong>ipsum</strong></span> <span class='ocrx_word' id='word_1_339' title='bbox 638 3369 758 3412; x_wconf 90' lang='lat' dir='ltr'><strong>esse</strong></span> <span class='ocrx_word' id='word_1_340' title='bbox 810 3356 1026 3426; x_wconf 90' lang='lat' dir='ltr'><strong>proprie</strong></span> <span class='ocrx_word' id='word_1_341' title='bbox 1073 3355 1338 3423; x_wconf 89' lang='lat' dir='ltr'><strong>subsistit,</strong></span> <span class='ocrx_word' id='word_1_342' title='bbox 1387 3355 1704 3427; x_wconf 86' lang='lat' dir='ltr'><strong>intelligitur</strong></span> <span class='ocrx_word' id='word_1_343' title='bbox 1746 3354 1801 3410; x_wconf 92' lang='lat' dir='ltr'><strong>in</strong></span> <span class='ocrx_word' id='word_1_344' title='bbox 1845 3353 1983 3409; x_wconf 90' lang='lat' dir='ltr'><strong>loco.</strong></span> 
     </span>
    </p>
   </div>
   <div class='ocr_carea' id='block_1_50' title="bbox 405 3445 1988 3519">
    <p class='ocr_par' dir='ltr' id='par_1_50' title="bbox 405 3445 1988 3519">
     <span class='ocr_line' id='line_1_50' title="bbox 405 3445 1988 3519; baseline -0.002 -16"><span class='ocrx_word' id='word_1_345' title='bbox 405 3448 542 3503; x_wconf 88' lang='lat' dir='ltr'><strong>Cum</strong></span> <span class='ocrx_word' id='word_1_346' title='bbox 572 3462 700 3518; x_wconf 87' lang='lat' dir='ltr'><strong>quo,</strong></span> <span class='ocrx_word' id='word_1_347' title='bbox 733 3447 984 3504; x_wconf 82' lang='lat' dir='ltr'><strong>videlicet</strong></span> <span class='ocrx_word' id='word_1_348' title='bbox 1026 3448 1166 3515; x_wconf 90' lang='lat' dir='ltr'><strong>loco,</strong></span> <span class='ocrx_word' id='word_1_349' title='bbox 1211 3461 1424 3519; x_wconf 89' lang='lat' dir='ltr'><strong>semper</strong></span> <span class='ocrx_word' id='word_1_350' title='bbox 1447 3448 1546 3503; x_wconf 84' lang='lat' dir='ltr'><strong>&#39;et</strong></span> <span class='ocrx_word' id='word_1_351' title='bbox 1585 3448 1808 3503; x_wconf 89' lang='lat' dir='ltr'><strong>omnino</strong></span> <span class='ocrx_word' id='word_1_352' title='bbox 1841 3445 1988 3502; x_wconf 89' lang='lat' dir='ltr'><strong>coin-</strong></span> 
     </span>
    </p>
   </div>
   <div class='ocr_carea' id='block_1_51' title="bbox 410 3536 1989 3608">
    <p class='ocr_par' dir='ltr' id='par_1_51' title="bbox 410 3536 1989 3608">
     <span class='ocr_line' id='line_1_51' title="bbox 410 3536 1989 3608; baseline -0.001 -16"><span class='ocrx_word' id='word_1_353' title='bbox 410 3537 672 3608; x_wconf 88' lang='lat' dir='ltr'><strong>tclligitur</strong></span> <span class='ocrx_word' id='word_1_354' title='bbox 696 3543 929 3606; x_wconf 88' lang='lat' dir='ltr'><strong>tempus.</strong></span> <span class='ocrx_word' id='word_1_355' title='bbox 962 3536 1081 3593; x_wconf 86' lang='lat' dir='ltr'><strong>Non</strong></span> <span class='ocrx_word' id='word_1_356' title='bbox 1120 3538 1264 3594; x_wconf 89' lang='lat' dir='ltr'><strong>enim</strong></span> <span class='ocrx_word' id='word_1_357' title='bbox 1297 3537 1559 3607; x_wconf 90' lang='lat' dir='ltr'><strong>possibile</strong></span> <span class='ocrx_word' id='word_1_358' title='bbox 1597 3545 1682 3594; x_wconf 87' lang='lat' dir='ltr'><strong>est</strong></span> <span class='ocrx_word' id='word_1_359' title='bbox 1719 3536 1763 3603; x_wconf 79' lang='grc'><strong>⁸,</strong></span> <span class='ocrx_word' id='word_1_360' title='bbox 1813 3536 1989 3593; x_wconf 81' lang='lat' dir='ltr'><strong>locum</strong></span> 
     </span>
    </p>
   </div>
   <div class='ocr_carea' id='block_1_52' title="bbox 411 3626 1992 3698">
    <p class='ocr_par' dir='ltr' id='par_1_52' title="bbox 411 3626 1992 3698">
     <span class='ocr_line' id='line_1_52' title="bbox 411 3626 1992 3698; baseline 0.001 -16"><span class='ocrx_word' id='word_1_361' title='bbox 411 3627 690 3682; x_wconf 85' lang='lat' dir='ltr'><strong>subtracto</strong></span> <span class='ocrx_word' id='word_1_362' title='bbox 716 3635 958 3694; x_wconf 89' lang='lat' dir='ltr'><strong>tempore</strong></span> <span class='ocrx_word' id='word_1_363' title='bbox 980 3626 1238 3698; x_wconf 86' lang='lat' dir='ltr'><strong>intelligi;</strong></span> <span class='ocrx_word' id='word_1_364' title='bbox 1274 3627 1416 3682; x_wconf 89' lang='lat' dir='ltr'><strong>sicut</strong></span> <span class='ocrx_word' id='word_1_365' title='bbox 1442 3641 1618 3697; x_wconf 89' lang='lat' dir='ltr'><strong>neque</strong></span> <span class='ocrx_word' id='word_1_366' title='bbox 1643 3634 1854 3697; x_wconf 85' lang='lat' dir='ltr'><strong>tempus</strong></span> <span class='ocrx_word' id='word_1_367' title='bbox 1874 3641 1992 3683; x_wconf 79' lang='lat' dir='ltr'><strong>sine</strong></span> 
     </span>
    </p>
   </div>
   <div class='ocr_carea' id='block_1_53' title="bbox 413 3713 1992 3786">
    <p class='ocr_par' dir='ltr' id='par_1_53' title="bbox 413 3713 1992 3786">
     <span class='ocr_line' id='line_1_53' title="bbox 413 3713 1992 3786; baseline 0.003 -19"><span class='ocrx_word' id='word_1_368' title='bbox 413 3713 516 3769; x_wconf 88' lang='lat' dir='ltr'><strong>loci</strong></span> <span class='ocrx_word' id='word_1_369' title='bbox 543 3714 965 3785; x_wconf 88' lang='lat' dir='ltr'><strong>cointelligentia</strong></span> <span class='ocrx_word' id='word_1_370' title='bbox 1002 3715 1216 3771; x_wconf 81' lang='lat' dir='ltr'><strong>deliniri</strong></span> <span class='ocrx_word' id='word_1_371' title='bbox 1245 3723 1444 3786; x_wconf 86' lang='lat' dir='ltr'><strong>potest.</strong></span> <span class='ocrx_word' id='word_1_372' title='bbox 1485 3716 1631 3772; x_wconf 76' lang='lat' dir='ltr'><strong>Haec</strong></span> <span class='ocrx_word' id='word_1_373' title='bbox 1669 3716 1813 3772; x_wconf 90' lang='lat' dir='ltr'><strong>enim</strong></span> <span class='ocrx_word' id='word_1_374' title='bbox 1851 3717 1992 3772; x_wconf 84' lang='lat' dir='ltr'><strong>inter</strong></span> 
     </span>
    </p>
   </div>
   <div class='ocr_carea' id='block_1_54' title="bbox 416 3806 1995 3880">
    <p class='ocr_par' dir='ltr' id='par_1_54' title="bbox 416 3806 1995 3880">
     <span class='ocr_line' id='line_1_54' title="bbox 416 3806 1995 3880; baseline 0.005 -22"><span class='ocrx_word' id='word_1_375' title='bbox 416 3818 508 3871; x_wconf 88' lang='lat' dir='ltr'><strong>ea,</strong></span> <span class='ocrx_word' id='word_1_376' title='bbox 535 3819 674 3874; x_wconf 87' lang='lat' dir='ltr'><strong>quae</strong></span> <span class='ocrx_word' id='word_1_377' title='bbox 705 3806 864 3862; x_wconf 91' lang='lat' dir='ltr'><strong>simul</strong></span> <span class='ocrx_word' id='word_1_378' title='bbox 899 3817 956 3862; x_wconf 91' lang='lat' dir='ltr'><strong>et</strong></span> <span class='ocrx_word' id='word_1_379' title='bbox 994 3822 1208 3878; x_wconf 89' lang='lat' dir='ltr'><strong>semper</strong></span> <span class='ocrx_word' id='word_1_380' title='bbox 1241 3816 1392 3874; x_wconf 83' lang='lat' dir='ltr'><strong>sunt,</strong></span> <span class='ocrx_word' id='word_1_381' title='bbox 1431 3808 1858 3880; x_wconf 62' lang='lat' dir='ltr'><strong>inseparabiliter</strong></span> <span class='ocrx_word' id='word_1_382' title='bbox 1897 3824 1995 3879; x_wconf 85' lang='lat' dir='ltr'><strong>po-</strong></span> 
     </span>
    </p>
   </div>
   <div class='ocr_carea' id='block_1_55' title="bbox 420 3898 1995 3971">
    <p class='ocr_par' dir='ltr' id='par_1_55' title="bbox 420 3898 1995 3971">
     <span class='ocr_line' id='line_1_55' title="bbox 420 3898 1995 3971; baseline 0.004 -22"><span class='ocrx_word' id='word_1_383' title='bbox 420 3903 652 3960; x_wconf 88' lang='lat' dir='ltr'><strong>nuntur;</strong></span> <span class='ocrx_word' id='word_1_384' title='bbox 681 3911 744 3952; x_wconf 92' lang='lat' dir='ltr'><strong>ac</strong></span> <span class='ocrx_word' id='word_1_385' title='bbox 765 3898 883 3952; x_wconf 87' lang='lat' dir='ltr'><strong>sine</strong></span> <span class='ocrx_word' id='word_1_386' title='bbox 907 3898 990 3954; x_wconf 90' lang='lat' dir='ltr'><strong>his</strong></span> <span class='ocrx_word' id='word_1_387' title='bbox 1017 3898 1160 3954; x_wconf 88' lang='lat' dir='ltr'><strong>nulla</strong></span> <span class='ocrx_word' id='word_1_388' title='bbox 1190 3900 1450 3964; x_wconf 86' lang='lat' dir='ltr'><strong>essentia,</strong></span> <span class='ocrx_word' id='word_1_389' title='bbox 1478 3912 1618 3969; x_wconf 87' lang='lat' dir='ltr'><strong>quae</strong></span> <span class='ocrx_word' id='word_1_390' title='bbox 1651 3913 1752 3970; x_wconf 84' lang='lat' dir='ltr'><strong>per</strong></span> <span class='ocrx_word' id='word_1_391' title='bbox 1770 3913 1995 3971; x_wconf 82' lang='lat' dir='ltr'><strong>genera-</strong></span> 
     </span>
    </p>
   </div>
   <div class='ocr_carea' id='block_1_56' title="bbox 423 3985 1996 4056">
    <p class='ocr_par' dir='ltr' id='par_1_56' title="bbox 423 3985 1996 4056">
     <span class='ocr_line' id='line_1_56' title="bbox 423 3985 1996 4056; baseline 0.003 -17"><span class='ocrx_word' id='word_1_392' title='bbox 423 3985 625 4040; x_wconf 86' lang='lat' dir='ltr'><strong>tionem</strong></span> <span class='ocrx_word' id='word_1_393' title='bbox 649 3987 862 4056; x_wconf 85' lang='lat' dir='ltr'><strong>accepit</strong></span> <span class='ocrx_word' id='word_1_394' title='bbox 887 4002 1032 4056; x_wconf 88' lang='lat' dir='ltr'><strong>esse,</strong></span> <span class='ocrx_word' id='word_1_395' title='bbox 1069 3988 1175 4044; x_wconf 92' lang='lat' dir='ltr'><strong>ullo</strong></span> <span class='ocrx_word' id='word_1_396' title='bbox 1200 3989 1360 4047; x_wconf 89' lang='lat' dir='ltr'><strong>modo</strong></span> <span class='ocrx_word' id='word_1_397' title='bbox 1388 3988 1531 4043; x_wconf 86' lang='lat' dir='ltr'><strong>valet</strong></span> <span class='ocrx_word' id='word_1_398' title='bbox 1567 3989 1873 4044; x_wconf 87' lang='lat' dir='ltr'><strong>consistere</strong></span> <span class='ocrx_word' id='word_1_399' title='bbox 1911 3988 1996 4045; x_wconf 89' lang='lat' dir='ltr'><strong>vel</strong></span> 
     </span>
    </p>
   </div>
   <div class='ocr_carea' id='block_1_57' title="bbox 422 4073 1995 4150">
    <p class='ocr_par' dir='ltr' id='par_1_57' title="bbox 422 4073 1995 4150">
     <span class='ocr_line' id='line_1_57' title="bbox 422 4073 1995 4150; baseline 0.004 -20"><span class='ocrx_word' id='word_1_400' title='bbox 422 4077 692 4146; x_wconf 81' lang='lat' dir='ltr'><strong>cognosci.</strong></span> <span class='ocrx_word' id='word_1_401' title='bbox 735 4073 988 4134; x_wconf 83' lang='lat' dir='ltr'><strong>Omnium</strong></span> <span class='ocrx_word' id='word_1_402' title='bbox 1032 4079 1215 4150; x_wconf 89' lang='lat' dir='ltr'><strong>itaque</strong></span> <span class='ocrx_word' id='word_1_403' title='bbox 1257 4079 1606 4136; x_wconf 78' lang='lat' dir='ltr'><strong>existentium</strong></span> <span class='ocrx_word' id='word_1_404' title='bbox 1642 4080 1879 4136; x_wconf 88' lang='lat' dir='ltr'><strong>essentia</strong></span> <span class='ocrx_word' id='word_1_405' title='bbox 1917 4079 1995 4136; x_wconf 90' lang='lat' dir='ltr'><strong>Io-</strong></span> 
     </span>
    </p>
   </div>
   <div class='ocr_carea' id='block_1_58' title="bbox 422 4167 1998 4241">
    <p class='ocr_par' dir='ltr' id='par_1_58' title="bbox 422 4167 1998 4241">
     <span class='ocr_line' id='line_1_58' title="bbox 422 4167 1998 4241; baseline 0.003 -21"><span class='ocrx_word' id='word_1_406' title='bbox 422 4167 740 4238; x_wconf 76' lang='lat' dir='ltr'><strong>calisatque</strong></span> <span class='ocrx_word' id='word_1_407' title='bbox 774 4168 1084 4239; x_wconf 88' lang='lat' dir='ltr'><strong>temporalis</strong></span> <span class='ocrx_word' id='word_1_408' title='bbox 1111 4178 1232 4236; x_wconf 85' lang='lat' dir='ltr'><strong>est;</strong></span> <span class='ocrx_word' id='word_1_409' title='bbox 1275 4177 1437 4241; x_wconf 89' lang='lat' dir='ltr'><strong>atque</strong></span> <span class='ocrx_word' id='word_1_410' title='bbox 1469 4168 1613 4237; x_wconf 85' lang='lat' dir='ltr'><strong>ideo,</strong></span> <span class='ocrx_word' id='word_1_411' title='bbox 1643 4169 1748 4226; x_wconf 91' lang='lat' dir='ltr'><strong>nisi</strong></span> <span class='ocrx_word' id='word_1_412' title='bbox 1774 4169 1832 4224; x_wconf 92' lang='lat' dir='ltr'><strong>in</strong></span> <span class='ocrx_word' id='word_1_413' title='bbox 1875 4169 1998 4225; x_wconf 90' lang='lat' dir='ltr'><strong>loco</strong></span> 
     </span>
    </p>
   </div>
   <div class='ocr_carea' id='block_1_59' title="bbox 421 4260 1999 4332">
    <p class='ocr_par' dir='ltr' id='par_1_59' title="bbox 421 4260 1999 4332">
     <span class='ocr_line' id='line_1_59' title="bbox 421 4260 1999 4332; baseline 0.003 -18"><span class='ocrx_word' id='word_1_414' title='bbox 421 4266 478 4314; x_wconf 89' lang='lat' dir='ltr'><strong>et</strong></span> <span class='ocrx_word' id='word_1_415' title='bbox 502 4265 762 4329; x_wconf 78' lang='lat' dir='ltr'><strong>tempore,</strong></span> <span class='ocrx_word' id='word_1_416' title='bbox 792 4266 849 4315; x_wconf 91' lang='lat' dir='ltr'><strong>et</strong></span> <span class='ocrx_word' id='word_1_417' title='bbox 878 4260 979 4315; x_wconf 90' lang='lat' dir='ltr'><strong>sub</strong></span> <span class='ocrx_word' id='word_1_418' title='bbox 1013 4260 1131 4316; x_wconf 92' lang='lat' dir='ltr'><strong>loco</strong></span> <span class='ocrx_word' id='word_1_419' title='bbox 1156 4268 1210 4317; x_wconf 92' lang='lat' dir='ltr'><strong>et</strong></span> <span class='ocrx_word' id='word_1_420' title='bbox 1237 4263 1339 4317; x_wconf 86' lang='lat' dir='ltr'><strong>sub</strong></span> <span class='ocrx_word' id='word_1_421' title='bbox 1371 4274 1636 4332; x_wconf 87' lang='lat' dir='ltr'><strong>tempore,</strong></span> <span class='ocrx_word' id='word_1_422' title='bbox 1663 4260 1810 4315; x_wconf 88' lang='lat' dir='ltr'><strong>nullo</strong></span> <span class='ocrx_word' id='word_1_423' title='bbox 1835 4260 1999 4318; x_wconf 87' lang='lat' dir='ltr'><strong>modo</strong></span> 
     </span>
    </p>
   </div>
   <div class='ocr_carea' id='block_1_60' title="bbox 423 4349 2000 4417">
    <p class='ocr_par' dir='ltr' id='par_1_60' title="bbox 423 4349 2000 4417">
     <span class='ocr_line' id='line_1_60' title="bbox 423 4349 2000 4417; baseline 0.004 -13"><span class='ocrx_word' id='word_1_424' title='bbox 423 4351 784 4417; x_wconf 79' lang='lat' dir='ltr'><strong>cognoscitur.</strong></span> <span class='ocrx_word' id='word_1_425' title='bbox 831 4349 950 4406; x_wconf 82' lang='lat' dir='ltr'><strong>Non</strong></span> <span class='ocrx_word' id='word_1_426' title='bbox 982 4352 1128 4407; x_wconf 89' lang='lat' dir='ltr'><strong>enim</strong></span> <span class='ocrx_word' id='word_1_427' title='bbox 1165 4353 1408 4409; x_wconf 86' lang='lat' dir='ltr'><strong>omnium</strong></span> <span class='ocrx_word' id='word_1_428' title='bbox 1446 4367 1631 4410; x_wconf 89' lang='lat' dir='ltr'><strong>rerum</strong></span> <span class='ocrx_word' id='word_1_429' title='bbox 1673 4353 2000 4411; x_wconf 78' lang='lat' dir='ltr'><strong>universitas</strong></span> 
     </span>
    </p>
   </div>
   <div class='ocr_carea' id='block_1_61' title="bbox 426 4439 1997 4512">
    <p class='ocr_par' dir='ltr' id='par_1_61' title="bbox 426 4439 1997 4512">
     <span class='ocr_line' id='line_1_61' title="bbox 426 4439 1997 4512; baseline 0.002 -15"><span class='ocrx_word' id='word_1_430' title='bbox 426 4439 530 4497; x_wconf 81' lang='lat' dir='ltr'><strong>sub</strong></span> <span class='ocrx_word' id='word_1_431' title='bbox 549 4439 755 4510; x_wconf 73' lang='lat' dir='ltr'><strong>seipse</strong></span> <span class='ocrx_word' id='word_1_432' title='bbox 775 4449 834 4496; x_wconf 88' lang='lat' dir='ltr'><strong>et</strong></span> <span class='ocrx_word' id='word_1_433' title='bbox 857 4441 999 4497; x_wconf 86' lang='lat' dir='ltr'><strong>intra</strong></span> <span class='ocrx_word' id='word_1_434' title='bbox 1025 4443 1259 4512; x_wconf 86' lang='lat' dir='ltr'><strong>seipsam</strong></span> <span class='ocrx_word' id='word_1_435' title='bbox 1284 4453 1387 4499; x_wconf 90' lang='lat' dir='ltr'><strong>est.</strong></span> <span class='ocrx_word' id='word_1_436' title='bbox 1420 4443 1536 4500; x_wconf 82' lang='lat' dir='ltr'><strong>Hoc</strong></span> <span class='ocrx_word' id='word_1_437' title='bbox 1563 4444 1708 4500; x_wconf 90' lang='lat' dir='ltr'><strong>enim</strong></span> <span class='ocrx_word' id='word_1_438' title='bbox 1737 4452 1997 4511; x_wconf 88' lang='lat' dir='ltr'><strong>statuere,</strong></span> 
     </span>
    </p>
   </div>
   <div class='ocr_carea' id='block_1_62' title="bbox 2085 1974 3662 2047">
    <p class='ocr_par' dir='ltr' id='par_1_62' title="bbox 2085 1974 3662 2047">
     <span class='ocr_line' id='line_1_62' title="bbox 2085 1974 3662 2047; baseline -0.001 -15"><span class='ocrx_word' id='word_1_439' title='bbox 2085 1977 2268 2047; x_wconf 87' lang='lat' dir='ltr'><strong>aliquo</strong></span> <span class='ocrx_word' id='word_1_440' title='bbox 2318 1975 2521 2041; x_wconf 90' lang='lat' dir='ltr'><strong>modo,</strong></span> <span class='ocrx_word' id='word_1_441' title='bbox 2579 1989 2742 2044; x_wconf 89' lang='lat' dir='ltr'><strong>super</strong></span> <span class='ocrx_word' id='word_1_442' title='bbox 2789 1988 2908 2029; x_wconf 91' lang='lat' dir='ltr'><strong>esse</strong></span> <span class='ocrx_word' id='word_1_443' title='bbox 2967 1981 3023 2029; x_wconf 91' lang='lat' dir='ltr'><strong>et</strong></span> <span class='ocrx_word' id='word_1_444' title='bbox 3081 1974 3452 2030; x_wconf 87' lang='lat' dir='ltr'><strong>universaliter</strong></span> <span class='ocrx_word' id='word_1_445' title='bbox 3499 1991 3662 2046; x_wconf 86' lang='lat' dir='ltr'><strong>super</strong></span> 
     </span>
    </p>
   </div>
   <div class='ocr_carea' id='block_1_63' title="bbox 2085 2066 3661 2140">
    <p class='ocr_par' dir='ltr' id='par_1_63' title="bbox 2085 2066 3661 2140">
     <span class='ocr_line' id='line_1_63' title="bbox 2085 2066 3661 2140; baseline 0 -16"><span class='ocrx_word' id='word_1_446' title='bbox 2085 2070 2229 2140; x_wconf 90' lang='lat' dir='ltr'><strong>quod</strong></span> <span class='ocrx_word' id='word_1_447' title='bbox 2254 2068 2454 2124; x_wconf 89' lang='lat' dir='ltr'><strong>dicitur</strong></span> <span class='ocrx_word' id='word_1_448' title='bbox 2482 2077 2537 2123; x_wconf 93' lang='lat' dir='ltr'><strong>et</strong></span> <span class='ocrx_word' id='word_1_449' title='bbox 2579 2067 2915 2137; x_wconf 83' lang='lat' dir='ltr'><strong>intelligitur.</strong></span> <span class='ocrx_word' id='word_1_450' title='bbox 2959 2066 3016 2122; x_wconf 90' lang='lat' dir='ltr'><strong>Si</strong></span> <span class='ocrx_word' id='word_1_451' title='bbox 3052 2075 3231 2123; x_wconf 88' lang='lat' dir='ltr'><strong>autem</strong></span> <span class='ocrx_word' id='word_1_452' title='bbox 3273 2066 3452 2137; x_wconf 87' lang='lat' dir='ltr'><strong>aliquo</strong></span> <span class='ocrx_word' id='word_1_453' title='bbox 3480 2070 3661 2135; x_wconf 87' lang='lat' dir='ltr'><strong>modo,</strong></span> 
     </span>
    </p>
   </div>
   <div class='ocr_carea' id='block_1_64' title="bbox 2086 2144 3660 2228">
    <p class='ocr_par' dir='ltr' id='par_1_64' title="bbox 2086 2144 3660 2228">
     <span class='ocr_line' id='line_1_64' title="bbox 2086 2144 3660 2228; baseline -0.001 -12"><span class='ocrx_word' id='word_1_454' title='bbox 2086 2163 2181 2216; x_wconf 90' lang='lat' dir='ltr'><strong>sed</strong></span> <span class='ocrx_word' id='word_1_455' title='bbox 2209 2159 2253 2192; x_wconf 72' lang='lat'>&quot;</span> <span class='ocrx_word' id='word_1_456' title='bbox 2281 2144 2389 2215; x_wconf 86' lang='lat' dir='ltr'><strong>non</strong></span> <span class='ocrx_word' id='word_1_457' title='bbox 2411 2158 2785 2214; x_wconf 90' lang='lat' dir='ltr'><strong>universaliter</strong></span> <span class='ocrx_word' id='word_1_458' title='bbox 2809 2173 2894 2224; x_wconf 89' lang='lat' dir='ltr'><strong>ea,</strong></span> <span class='ocrx_word' id='word_1_459' title='bbox 2922 2172 3061 2228; x_wconf 89' lang='lat' dir='ltr'><strong>quae</strong></span> <span class='ocrx_word' id='word_1_460' title='bbox 3095 2167 3237 2223; x_wconf 91' lang='lat' dir='ltr'><strong>sunt,</strong></span> <span class='ocrx_word' id='word_1_461' title='bbox 3279 2157 3482 2214; x_wconf 85' lang='lat' dir='ltr'><strong>habent</strong></span> <span class='ocrx_word' id='word_1_462' title='bbox 3521 2173 3660 2223; x_wconf 87' lang='lat' dir='ltr'><strong>esse,</strong></span> 
     </span>
    </p>
   </div>
   <div class='ocr_carea' id='block_1_65' title="bbox 2085 2247 3666 2320">
    <p class='ocr_par' dir='ltr' id='par_1_65' title="bbox 2085 2247 3666 2320">
     <span class='ocr_line' id='line_1_65' title="bbox 2085 2247 3666 2320; baseline -0.001 -15"><span class='ocrx_word' id='word_1_463' title='bbox 2085 2248 2540 2320; x_wconf 83' lang='lat' dir='ltr'><strong>quemadmodum</strong></span> <span class='ocrx_word' id='word_1_464' title='bbox 2572 2248 2672 2303; x_wconf 91' lang='lat' dir='ltr'><strong>sub</strong></span> <span class='ocrx_word' id='word_1_465' title='bbox 2707 2247 2823 2302; x_wconf 92' lang='lat' dir='ltr'><strong>loco</strong></span> <span class='ocrx_word' id='word_1_466' title='bbox 2844 2261 2988 2315; x_wconf 88' lang='lat' dir='ltr'><strong>esse,</strong></span> <span class='ocrx_word' id='word_1_467' title='bbox 3018 2262 3115 2318; x_wconf 90' lang='lat' dir='ltr'><strong>per</strong></span> <span class='ocrx_word' id='word_1_468' title='bbox 3143 2247 3464 2318; x_wconf 88' lang='lat' dir='ltr'><strong>positionem</strong></span> <span class='ocrx_word' id='word_1_469' title='bbox 3504 2256 3558 2304; x_wconf 92' lang='lat' dir='ltr'><strong>et</strong></span> <span class='ocrx_word' id='word_1_470' title='bbox 3602 2249 3666 2304; x_wconf 81' lang='lat' dir='ltr'><strong>li-</strong></span> 
     </span>
    </p>
   </div>
   <div class='ocr_carea' id='block_1_66' title="bbox 2085 2336 3663 2407">
    <p class='ocr_par' dir='ltr' id='par_1_66' title="bbox 2085 2336 3663 2407">
     <span class='ocr_line' id='line_1_66' title="bbox 2085 2336 3663 2407; baseline -0.001 -13"><span class='ocrx_word' id='word_1_471' title='bbox 2085 2353 2210 2394; x_wconf 88' lang='lat' dir='ltr'><strong>nem</strong></span> <span class='ocrx_word' id='word_1_472' title='bbox 2234 2337 2280 2370; x_wconf 79' lang='lat'><strong>&quot;</strong></span> <span class='ocrx_word' id='word_1_473' title='bbox 2309 2337 2600 2403; x_wconf 87' lang='lat' dir='ltr'><strong>rationum,</strong></span> <span class='ocrx_word' id='word_1_474' title='bbox 2625 2336 2896 2407; x_wconf 90' lang='lat' dir='ltr'><strong>inquibus</strong></span> <span class='ocrx_word' id='word_1_475' title='bbox 2924 2339 3217 2394; x_wconf 90' lang='lat' dir='ltr'><strong>secundum</strong></span> <span class='ocrx_word' id='word_1_476' title='bbox 3243 2349 3492 2394; x_wconf 88' lang='lat' dir='ltr'><strong>naturam</strong></span> <span class='ocrx_word' id='word_1_477' title='bbox 3514 2347 3663 2406; x_wconf 86' lang='lat' dir='ltr'><strong>sunt,</strong></span> 
     </span>
    </p>
   </div>
   <div class='ocr_carea' id='block_1_67' title="bbox 2087 2429 3668 2500">
    <p class='ocr_par' dir='ltr' id='par_1_67' title="bbox 2087 2429 3668 2500">
     <span class='ocr_line' id='line_1_67' title="bbox 2087 2429 3668 2500; baseline -0.001 -14"><span class='ocrx_word' id='word_1_478' title='bbox 2087 2431 2252 2488; x_wconf 89' lang='lat' dir='ltr'><strong>etsub</strong></span> <span class='ocrx_word' id='word_1_479' title='bbox 2266 2438 2504 2500; x_wconf 88' lang='lat' dir='ltr'><strong>tempore</strong></span> <span class='ocrx_word' id='word_1_480' title='bbox 2518 2443 2660 2494; x_wconf 88' lang='lat' dir='ltr'><strong>esse,</strong></span> <span class='ocrx_word' id='word_1_481' title='bbox 2673 2429 2892 2484; x_wconf 89' lang='lat' dir='ltr'><strong>omnino</strong></span> <span class='ocrx_word' id='word_1_482' title='bbox 2906 2443 3003 2499; x_wconf 89' lang='lat' dir='ltr'><strong>per</strong></span> <span class='ocrx_word' id='word_1_483' title='bbox 3016 2429 3360 2500; x_wconf 87' lang='lat' dir='ltr'><strong>principium,</strong></span> <span class='ocrx_word' id='word_1_484' title='bbox 3373 2445 3478 2484; x_wconf 92' lang='lat' dir='ltr'><strong>non</strong></span> <span class='ocrx_word' id='word_1_485' title='bbox 3491 2438 3668 2486; x_wconf 88' lang='lat' dir='ltr'><strong>osten-</strong></span> 
     </span>
    </p>
   </div>
   <div class='ocr_carea' id='block_1_68' title="bbox 2087 2519 3665 2592">
    <p class='ocr_par' dir='ltr' id='par_1_68' title="bbox 2087 2519 3665 2592">
     <span class='ocr_line' id='line_1_68' title="bbox 2087 2519 3665 2592; baseline -0.001 -14"><span class='ocrx_word' id='word_1_486' title='bbox 2087 2524 2282 2580; x_wconf 88' lang='lat' dir='ltr'><strong>dentur</strong></span> <span class='ocrx_word' id='word_1_487' title='bbox 2309 2520 2387 2577; x_wconf 70' lang='lat'><strong>“‘2</strong></span> <span class='ocrx_word' id='word_1_488' title='bbox 2418 2520 2648 2577; x_wconf 84' lang='lat' dir='ltr'><strong>Videsne</strong></span> <span class='ocrx_word' id='word_1_489' title='bbox 2679 2520 2843 2592; x_wconf 88' lang='lat' dir='ltr'><strong>igitur</strong></span> <span class='ocrx_word' id='word_1_490' title='bbox 2871 2519 2942 2586; x_wconf 71' lang='grc'><strong>’⁷,</strong></span> <span class='ocrx_word' id='word_1_491' title='bbox 2977 2519 3156 2576; x_wconf 87' lang='lat' dir='ltr'><strong>Iocmn</strong></span> <span class='ocrx_word' id='word_1_492' title='bbox 3192 2530 3510 2592; x_wconf 89' lang='lat' dir='ltr'><strong>tempusque</strong></span> <span class='ocrx_word' id='word_1_493' title='bbox 3540 2531 3665 2578; x_wconf 85' lang='lat' dir='ltr'><strong>ante</strong></span> 
     </span>
    </p>
   </div>
   <div class='ocr_carea' id='block_1_69' title="bbox 2086 2609 3666 2685">
    <p class='ocr_par' dir='ltr' id='par_1_69' title="bbox 2086 2609 3666 2685">
     <span class='ocr_line' id='line_1_69' title="bbox 2086 2609 3666 2685; baseline -0.002 -14"><span class='ocrx_word' id='word_1_494' title='bbox 2086 2615 2289 2681; x_wconf 87' lang='lat' dir='ltr'><strong>omnia,</strong></span> <span class='ocrx_word' id='word_1_495' title='bbox 2319 2628 2459 2685; x_wconf 88' lang='lat' dir='ltr'><strong>quae</strong></span> <span class='ocrx_word' id='word_1_496' title='bbox 2489 2622 2638 2678; x_wconf 89' lang='lat' dir='ltr'><strong>sunt,</strong></span> <span class='ocrx_word' id='word_1_497' title='bbox 2661 2610 2930 2683; x_wconf 82' lang='lat' dir='ltr'><strong>intelligi?</strong></span> <span class='ocrx_word' id='word_1_498' title='bbox 2956 2609 3218 2667; x_wconf 82' lang='lat' dir='ltr'><strong>Numerus</strong></span> <span class='ocrx_word' id='word_1_499' title='bbox 3243 2613 3386 2667; x_wconf 91' lang='lat' dir='ltr'><strong>enim</strong></span> <span class='ocrx_word' id='word_1_500' title='bbox 3424 2613 3666 2668; x_wconf 86' lang='lat' dir='ltr'><strong>locorum</strong></span> 
     </span>
    </p>
   </div>
   <div class='ocr_carea' id='block_1_70' title="bbox 2087 2701 3666 2778">
    <p class='ocr_par' dir='ltr' id='par_1_70' title="bbox 2087 2701 3666 2778">
     <span class='ocr_line' id='line_1_70' title="bbox 2087 2701 3666 2778; baseline -0.002 -15"><span class='ocrx_word' id='word_1_501' title='bbox 2087 2716 2142 2763; x_wconf 92' lang='lat' dir='ltr'><strong>et</strong></span> <span class='ocrx_word' id='word_1_502' title='bbox 2169 2717 2492 2778; x_wconf 87' lang='lat' dir='ltr'><strong>temporum,</strong></span> <span class='ocrx_word' id='word_1_503' title='bbox 2525 2715 2584 2759; x_wconf 89' lang='lat' dir='ltr'><strong>ut</strong></span> <span class='ocrx_word' id='word_1_504' title='bbox 2619 2704 2694 2759; x_wconf 87' lang='lat' dir='ltr'><strong>ait</strong></span> <span class='ocrx_word' id='word_1_505' title='bbox 2725 2711 2946 2759; x_wconf 86' lang='lat' dir='ltr'><strong>sanctus</strong></span> <span class='ocrx_word' id='word_1_506' title='bbox 2974 2701 3303 2772; x_wconf 83' lang='lat' dir='ltr'><strong>Augustinus</strong></span> <span class='ocrx_word' id='word_1_507' title='bbox 3342 2703 3395 2757; x_wconf 90' lang='lat' dir='ltr'><strong>in</strong></span> <span class='ocrx_word' id='word_1_508' title='bbox 3422 2713 3574 2758; x_wconf 85' lang='lat' dir='ltr'><strong>sexto</strong></span> <span class='ocrx_word' id='word_1_509' title='bbox 3600 2705 3666 2760; x_wconf 83' lang='lat' dir='ltr'><strong>de</strong></span> 
     </span>
    </p>
   </div>
   <div class='ocr_carea' id='block_1_71' title="bbox 2086 2793 3668 2868">
    <p class='ocr_par' dir='ltr' id='par_1_71' title="bbox 2086 2793 3668 2868">
     <span class='ocr_line' id='line_1_71' title="bbox 2086 2793 3668 2868; baseline -0.004 -13"><span class='ocrx_word' id='word_1_510' title='bbox 2086 2797 2313 2865; x_wconf 84' lang='lat' dir='ltr'><strong>Musica,</strong></span> <span class='ocrx_word' id='word_1_511' title='bbox 2351 2794 2628 2868; x_wconf 88' lang='lat' dir='ltr'><strong>praecedit</strong></span> <span class='ocrx_word' id='word_1_512' title='bbox 2663 2793 2866 2860; x_wconf 89' lang='lat' dir='ltr'><strong>omnia,</strong></span> <span class='ocrx_word' id='word_1_513' title='bbox 2902 2807 3041 2861; x_wconf 90' lang='lat' dir='ltr'><strong>quae</strong></span> <span class='ocrx_word' id='word_1_514' title='bbox 3088 2793 3145 2848; x_wconf 93' lang='lat' dir='ltr'><strong>in</strong></span> <span class='ocrx_word' id='word_1_515' title='bbox 3180 2793 3261 2848; x_wconf 90' lang='lat' dir='ltr'><strong>eis</strong></span> <span class='ocrx_word' id='word_1_516' title='bbox 3307 2799 3451 2847; x_wconf 90' lang='lat' dir='ltr'><strong>sunt.</strong></span> <span class='ocrx_word' id='word_1_517' title='bbox 3483 2793 3668 2848; x_wconf 80' lang='lat' dir='ltr'><strong>Modus</strong></span> 
     </span>
    </p>
   </div>
   <div class='ocr_carea' id='block_1_72' title="bbox 2085 2882 3670 2959">
    <p class='ocr_par' dir='ltr' id='par_1_72' title="bbox 2085 2882 3670 2959">
     <span class='ocr_line' id='line_1_72' title="bbox 2085 2882 3670 2959; baseline -0.003 -15"><span class='ocrx_word' id='word_1_518' title='bbox 2085 2888 2374 2959; x_wconf 85' lang='lat' dir='ltr'><strong>siquidem,</strong></span> <span class='ocrx_word' id='word_1_519' title='bbox 2420 2886 2476 2941; x_wconf 90' lang='lat' dir='ltr'><strong>id</strong></span> <span class='ocrx_word' id='word_1_520' title='bbox 2528 2891 2632 2950; x_wconf 90' lang='lat' dir='ltr'><strong>est,</strong></span> <span class='ocrx_word' id='word_1_521' title='bbox 2685 2896 2937 2938; x_wconf 87' lang='lat' dir='ltr'><strong>mensura</strong></span> <span class='ocrx_word' id='word_1_522' title='bbox 2981 2882 3219 2936; x_wconf 90' lang='lat' dir='ltr'><strong>omnium</strong></span> <span class='ocrx_word' id='word_1_523' title='bbox 3266 2896 3475 2947; x_wconf 86' lang='lat' dir='ltr'><strong>rerum,</strong></span> <span class='ocrx_word' id='word_1_524' title='bbox 3529 2897 3670 2952; x_wconf 76' lang='lat' dir='ltr'><strong>quae</strong></span> 
     </span>
    </p>
   </div>
   <div class='ocr_carea' id='block_1_73' title="bbox 2086 2971 3670 3043">
    <p class='ocr_par' dir='ltr' id='par_1_73' title="bbox 2086 2971 3670 3043">
     <span class='ocr_line' id='line_1_73' title="bbox 2086 2971 3670 3043; baseline -0.003 -9"><span class='ocrx_word' id='word_1_525' title='bbox 2086 2986 2305 3036; x_wconf 85' lang='lat' dir='ltr'><strong>creatae</strong></span> <span class='ocrx_word' id='word_1_526' title='bbox 2331 2983 2482 3043; x_wconf 88' lang='lat' dir='ltr'><strong>sunt,</strong></span> <span class='ocrx_word' id='word_1_527' title='bbox 2507 2973 2826 3031; x_wconf 85' lang='lat' dir='ltr'><strong>naturaliter</strong></span> <span class='ocrx_word' id='word_1_528' title='bbox 2853 2971 3220 3028; x_wconf 88' lang='lat' dir='ltr'><strong>conditionem</strong></span> <span class='ocrx_word' id='word_1_529' title='bbox 3247 2986 3434 3027; x_wconf 89' lang='lat' dir='ltr'><strong>carum</strong></span> <span class='ocrx_word' id='word_1_530' title='bbox 3459 2972 3670 3029; x_wconf 77' lang='lat' dir='ltr'><strong>ratione</strong></span> 
     </span>
    </p>
   </div>
   <div class='ocr_carea' id='block_1_74' title="bbox 2087 3062 3670 3140">
    <p class='ocr_par' dir='ltr' id='par_1_74' title="bbox 2087 3062 3670 3140">
     <span class='ocr_line' id='line_1_74' title="bbox 2087 3062 3670 3140; baseline -0.004 -13"><span class='ocrx_word' id='word_1_531' title='bbox 2087 3068 2382 3140; x_wconf 84' lang='lat' dir='ltr'><strong>praecedit.</strong></span> <span class='ocrx_word' id='word_1_532' title='bbox 2414 3067 2518 3136; x_wconf 82' lang='lat' dir='ltr'><strong>Qui</strong></span> <span class='ocrx_word' id='word_1_533' title='bbox 2551 3066 2744 3123; x_wconf 91' lang='lat' dir='ltr'><strong>modus</strong></span> <span class='ocrx_word' id='word_1_534' title='bbox 2773 3072 2935 3135; x_wconf 89' lang='lat' dir='ltr'><strong>atque</strong></span> <span class='ocrx_word' id='word_1_535' title='bbox 2967 3077 3222 3120; x_wconf 88' lang='lat' dir='ltr'><strong>mensura</strong></span> <span class='ocrx_word' id='word_1_536' title='bbox 3252 3062 3670 3134; x_wconf 82' lang='lat' dir='ltr'><strong>uniuscujusque</strong></span> 
     </span>
    </p>
   </div>
   <div class='ocr_carea' id='block_1_75' title="bbox 2086 3155 3670 3227">
    <p class='ocr_par' dir='ltr' id='par_1_75' title="bbox 2086 3155 3670 3227">
     <span class='ocr_line' id='line_1_75' title="bbox 2086 3155 3670 3227; baseline -0.004 -9"><span class='ocrx_word' id='word_1_537' title='bbox 2086 3161 2238 3218; x_wconf 87' lang='lat' dir='ltr'><strong>locus</strong></span> <span class='ocrx_word' id='word_1_538' title='bbox 2273 3160 2474 3217; x_wconf 87' lang='lat' dir='ltr'><strong>dicitur</strong></span> <span class='ocrx_word' id='word_1_539' title='bbox 2503 3168 2558 3214; x_wconf 90' lang='lat' dir='ltr'><strong>et</strong></span> <span class='ocrx_word' id='word_1_540' title='bbox 2599 3165 2703 3214; x_wconf 90' lang='lat' dir='ltr'><strong>est.</strong></span> <span class='ocrx_word' id='word_1_541' title='bbox 2742 3156 3004 3212; x_wconf 76' lang='lat' dir='ltr'><strong>Similiter</strong></span> <span class='ocrx_word' id='word_1_542' title='bbox 3039 3155 3362 3227; x_wconf 84' lang='lat' dir='ltr'><strong>principium</strong></span> <span class='ocrx_word' id='word_1_543' title='bbox 3411 3157 3670 3212; x_wconf 82' lang='lat' dir='ltr'><strong>nascendi</strong></span> 
     </span>
    </p>
   </div>
   <div class='ocr_carea' id='block_1_76' title="bbox 2088 3247 3670 3324">
    <p class='ocr_par' dir='ltr' id='par_1_76' title="bbox 2088 3247 3670 3324">
     <span class='ocr_line' id='line_1_76' title="bbox 2088 3247 3670 3324; baseline -0.004 -15"><span class='ocrx_word' id='word_1_544' title='bbox 2088 3261 2252 3324; x_wconf 89' lang='lat' dir='ltr'><strong>atque</strong></span> <span class='ocrx_word' id='word_1_545' title='bbox 2297 3249 2574 3306; x_wconf 86' lang='lat' dir='ltr'><strong>inchoatio</strong></span> <span class='ocrx_word' id='word_1_546' title='bbox 2619 3257 2746 3304; x_wconf 87' lang='lat' dir='ltr'><strong>ante</strong></span> <span class='ocrx_word' id='word_1_547' title='bbox 2792 3261 2973 3314; x_wconf 89' lang='lat' dir='ltr'><strong>omne,</strong></span> <span class='ocrx_word' id='word_1_548' title='bbox 3029 3247 3172 3317; x_wconf 85' lang='lat' dir='ltr'><strong>quod</strong></span> <span class='ocrx_word' id='word_1_549' title='bbox 3229 3247 3469 3304; x_wconf 90' lang='lat' dir='ltr'><strong>nascitur</strong></span> <span class='ocrx_word' id='word_1_550' title='bbox 3509 3256 3670 3317; x_wconf 88' lang='lat' dir='ltr'><strong>atque</strong></span> 
     </span>
    </p>
   </div>
   <div class='ocr_carea' id='block_1_77' title="bbox 2089 3338 3674 3410">
    <p class='ocr_par' dir='ltr' id='par_1_77' title="bbox 2089 3338 3674 3410">
     <span class='ocr_line' id='line_1_77' title="bbox 2089 3338 3674 3410; baseline -0.003 -10"><span class='ocrx_word' id='word_1_551' title='bbox 2089 3343 2311 3400; x_wconf 69' lang='lat' dir='ltr'><strong>inchoat</strong></span> <span class='ocrx_word' id='word_1_552' title='bbox 2333 3381 2352 3410; x_wconf 89' lang='lat'><strong>,</strong></span> <span class='ocrx_word' id='word_1_553' title='bbox 2396 3341 2608 3399; x_wconf 88' lang='lat' dir='ltr'><strong>ratione</strong></span> <span class='ocrx_word' id='word_1_554' title='bbox 2668 3338 2990 3410; x_wconf 84' lang='lat' dir='ltr'><strong>praecedere</strong></span> <span class='ocrx_word' id='word_1_555' title='bbox 3042 3338 3386 3409; x_wconf 85' lang='lat' dir='ltr'><strong>perspicitur.</strong></span> <span class='ocrx_word' id='word_1_556' title='bbox 3442 3338 3674 3410; x_wconf 91' lang='lat' dir='ltr'><strong>Ideoque</strong></span> 
     </span>
    </p>
   </div>
   <div class='ocr_carea' id='block_1_78' title="bbox 2088 3433 3674 3509">
    <p class='ocr_par' dir='ltr' id='par_1_78' title="bbox 2088 3433 3674 3509">
     <span class='ocr_line' id='line_1_78' title="bbox 2088 3433 3674 3509; baseline -0.003 -14"><span class='ocrx_word' id='word_1_557' title='bbox 2088 3452 2269 3504; x_wconf 80' lang='lat' dir='ltr'><strong>omne,</strong></span> <span class='ocrx_word' id='word_1_558' title='bbox 2313 3437 2456 3509; x_wconf 88' lang='lat' dir='ltr'><strong>quod</strong></span> <span class='ocrx_word' id='word_1_559' title='bbox 2499 3451 2609 3493; x_wconf 91' lang='lat' dir='ltr'><strong>non</strong></span> <span class='ocrx_word' id='word_1_560' title='bbox 2653 3442 2773 3492; x_wconf 88' lang='lat' dir='ltr'><strong>erat</strong></span> <span class='ocrx_word' id='word_1_561' title='bbox 2820 3443 2878 3492; x_wconf 91' lang='lat' dir='ltr'><strong>et</strong></span> <span class='ocrx_word' id='word_1_562' title='bbox 2917 3441 3031 3504; x_wconf 89' lang='lat' dir='ltr'><strong>est,</strong></span> <span class='ocrx_word' id='word_1_563' title='bbox 3056 3449 3091 3490; x_wconf 88' lang='lat' dir='ltr'><strong>a</strong></span> <span class='ocrx_word' id='word_1_564' title='bbox 3128 3433 3393 3506; x_wconf 83' lang='lat' dir='ltr'><strong>principio</strong></span> <span class='ocrx_word' id='word_1_565' title='bbox 3415 3435 3674 3505; x_wconf 77' lang='lat' dir='ltr'><strong>temporis</strong></span> 
     </span>
    </p>
   </div>
   <div class='ocr_carea' id='block_1_79' title="bbox 2091 3527 3674 3601">
    <p class='ocr_par' dir='ltr' id='par_1_79' title="bbox 2091 3527 3674 3601">
     <span class='ocr_line' id='line_1_79' title="bbox 2091 3527 3674 3601; baseline 0 -15"><span class='ocrx_word' id='word_1_566' title='bbox 2091 3530 2270 3601; x_wconf 89' lang='lat' dir='ltr'><strong>coepit</strong></span> <span class='ocrx_word' id='word_1_567' title='bbox 2294 3544 2412 3587; x_wconf 91' lang='lat' dir='ltr'><strong>esse</strong></span> <span class='ocrx_word' id='word_1_568' title='bbox 2433 3529 2500 3584; x_wconf 76' lang='lat'><strong>“.</strong></span> <span class='ocrx_word' id='word_1_569' title='bbox 2532 3528 2691 3586; x_wconf 87' lang='lat' dir='ltr'><strong>Solus</strong></span> <span class='ocrx_word' id='word_1_570' title='bbox 2711 3528 2894 3600; x_wconf 87' lang='lat' dir='ltr'><strong>itaque</strong></span> <span class='ocrx_word' id='word_1_571' title='bbox 2915 3527 3057 3584; x_wconf 88' lang='lat' dir='ltr'><strong>Deus</strong></span> <span class='ocrx_word' id='word_1_572' title='bbox 3079 3528 3320 3585; x_wconf 81' lang='lat' dir='ltr'><strong>inﬁnitus</strong></span> <span class='ocrx_word' id='word_1_573' title='bbox 3343 3537 3452 3593; x_wconf 85' lang='lat' dir='ltr'><strong>est;</strong></span> <span class='ocrx_word' id='word_1_574' title='bbox 3490 3539 3674 3586; x_wconf 84' lang='lat' dir='ltr'><strong>cetera</strong></span> 
     </span>
    </p>
   </div>
   <div class='ocr_carea' id='block_1_80' title="bbox 2093 3619 3673 3691">
    <p class='ocr_par' dir='ltr' id='par_1_80' title="bbox 2093 3619 3673 3691">
     <span class='ocr_line' id='line_1_80' title="bbox 2093 3619 3673 3691; baseline 0 -17"><span class='ocrx_word' id='word_1_575' title='bbox 2093 3621 2184 3679; x_wconf 90' lang='lat' dir='ltr'><strong>ubi</strong></span> <span class='ocrx_word' id='word_1_576' title='bbox 2209 3629 2263 3676; x_wconf 93' lang='lat' dir='ltr'><strong>et</strong></span> <span class='ocrx_word' id='word_1_577' title='bbox 2288 3620 2505 3691; x_wconf 91' lang='lat' dir='ltr'><strong>quando</strong></span> <span class='ocrx_word' id='word_1_578' title='bbox 2531 3619 2910 3684; x_wconf 90' lang='lat' dir='ltr'><strong>terminantur,</strong></span> <span class='ocrx_word' id='word_1_579' title='bbox 2947 3619 3004 3675; x_wconf 91' lang='lat' dir='ltr'><strong>id</strong></span> <span class='ocrx_word' id='word_1_580' title='bbox 3037 3627 3143 3686; x_wconf 89' lang='lat' dir='ltr'><strong>est,</strong></span> <span class='ocrx_word' id='word_1_581' title='bbox 3173 3619 3292 3677; x_wconf 91' lang='lat' dir='ltr'><strong>loco</strong></span> <span class='ocrx_word' id='word_1_582' title='bbox 3319 3629 3374 3676; x_wconf 89' lang='lat' dir='ltr'><strong>et</strong></span> <span class='ocrx_word' id='word_1_583' title='bbox 3405 3630 3673 3691; x_wconf 85' lang='lat' dir='ltr'><strong>tempore,</strong></span> 
     </span>
    </p>
   </div>
   <div class='ocr_carea' id='block_1_81' title="bbox 2093 3715 3675 3788">
    <p class='ocr_par' dir='ltr' id='par_1_81' title="bbox 2093 3715 3675 3788">
     <span class='ocr_line' id='line_1_81' title="bbox 2093 3715 3675 3788; baseline 0.003 -18"><span class='ocrx_word' id='word_1_584' title='bbox 2093 3731 2199 3770; x_wconf 90' lang='lat' dir='ltr'><strong>non</strong></span> <span class='ocrx_word' id='word_1_585' title='bbox 2230 3715 2375 3785; x_wconf 85' lang='lat' dir='ltr'><strong>quod</strong></span> <span class='ocrx_word' id='word_1_586' title='bbox 2404 3715 2557 3772; x_wconf 91' lang='lat' dir='ltr'><strong>locus</strong></span> <span class='ocrx_word' id='word_1_587' title='bbox 2593 3723 2648 3773; x_wconf 91' lang='lat' dir='ltr'><strong>et</strong></span> <span class='ocrx_word' id='word_1_588' title='bbox 2695 3723 2907 3787; x_wconf 89' lang='lat' dir='ltr'><strong>tempus</strong></span> <span class='ocrx_word' id='word_1_589' title='bbox 2941 3715 2998 3773; x_wconf 90' lang='lat' dir='ltr'><strong>in</strong></span> <span class='ocrx_word' id='word_1_590' title='bbox 3027 3731 3255 3774; x_wconf 89' lang='lat' dir='ltr'><strong>numero</strong></span> <span class='ocrx_word' id='word_1_591' title='bbox 3280 3732 3489 3784; x_wconf 89' lang='lat' dir='ltr'><strong>eorum,</strong></span> <span class='ocrx_word' id='word_1_592' title='bbox 3533 3732 3675 3788; x_wconf 88' lang='lat' dir='ltr'><strong>quae</strong></span> 
     </span>
    </p>
   </div>
   <div class='ocr_carea' id='block_1_82' title="bbox 2093 3807 3676 3879">
    <p class='ocr_par' dir='ltr' id='par_1_82' title="bbox 2093 3807 3676 3879">
     <span class='ocr_line' id='line_1_82' title="bbox 2093 3807 3676 3879; baseline 0.004 -19"><span class='ocrx_word' id='word_1_593' title='bbox 2093 3822 2124 3860; x_wconf 90' lang='lat' dir='ltr'><strong>a</strong></span> <span class='ocrx_word' id='word_1_594' title='bbox 2146 3808 2256 3863; x_wconf 87' lang='lat' dir='ltr'><strong>Deo</strong></span> <span class='ocrx_word' id='word_1_595' title='bbox 2283 3807 2326 3840; x_wconf 78' lang='lat'>&quot;</span> <span class='ocrx_word' id='word_1_596' title='bbox 2351 3815 2533 3864; x_wconf 89' lang='lat' dir='ltr'><strong>creata</strong></span> <span class='ocrx_word' id='word_1_597' title='bbox 2562 3815 2709 3873; x_wconf 88' lang='lat' dir='ltr'><strong>sunt,</strong></span> <span class='ocrx_word' id='word_1_598' title='bbox 2737 3822 2846 3864; x_wconf 91' lang='lat' dir='ltr'><strong>non</strong></span> <span class='ocrx_word' id='word_1_599' title='bbox 2869 3808 2998 3874; x_wconf 88' lang='lat' dir='ltr'><strong>sint,</strong></span> <span class='ocrx_word' id='word_1_600' title='bbox 3027 3809 3122 3864; x_wconf 91' lang='lat' dir='ltr'><strong>sed</strong></span> <span class='ocrx_word' id='word_1_601' title='bbox 3141 3810 3283 3878; x_wconf 90' lang='lat' dir='ltr'><strong>quod</strong></span> <span class='ocrx_word' id='word_1_602' title='bbox 3307 3810 3514 3877; x_wconf 89' lang='lat' dir='ltr'><strong>omnia,</strong></span> <span class='ocrx_word' id='word_1_603' title='bbox 3536 3824 3676 3879; x_wconf 87' lang='lat' dir='ltr'><strong>quae</strong></span> 
     </span>
    </p>
   </div>
   <div class='ocr_carea' id='block_1_83' title="bbox 2095 3898 3675 3971">
    <p class='ocr_par' dir='ltr' id='par_1_83' title="bbox 2095 3898 3675 3971">
     <span class='ocr_line' id='line_1_83' title="bbox 2095 3898 3675 3971; baseline 0.004 -18"><span class='ocrx_word' id='word_1_604' title='bbox 2095 3898 2150 3953; x_wconf 91' lang='lat' dir='ltr'><strong>in</strong></span> <span class='ocrx_word' id='word_1_605' title='bbox 2181 3899 2534 3954; x_wconf 89' lang='lat' dir='ltr'><strong>universitate</strong></span> <span class='ocrx_word' id='word_1_606' title='bbox 2565 3907 2710 3966; x_wconf 87' lang='lat' dir='ltr'><strong>sunt,</strong></span> <span class='ocrx_word' id='word_1_607' title='bbox 2741 3915 2848 3956; x_wconf 90' lang='lat' dir='ltr'><strong>non</strong></span> <span class='ocrx_word' id='word_1_608' title='bbox 2873 3900 3062 3968; x_wconf 86' lang='lat' dir='ltr'><strong>spatiis</strong></span> <span class='ocrx_word' id='word_1_609' title='bbox 3089 3909 3412 3971; x_wconf 89' lang='lat' dir='ltr'><strong>temporum,</strong></span> <span class='ocrx_word' id='word_1_610' title='bbox 3439 3902 3534 3957; x_wconf 84' lang='lat' dir='ltr'><strong>sed</strong></span> <span class='ocrx_word' id='word_1_611' title='bbox 3559 3901 3675 3960; x_wconf 79' lang='lat' dir='ltr'><strong>sola</strong></span> 
     </span>
    </p>
   </div>
   <div class='ocr_carea' id='block_1_84' title="bbox 2094 3989 3678 4060">
    <p class='ocr_par' dir='ltr' id='par_1_84' title="bbox 2094 3989 3678 4060">
     <span class='ocr_line' id='line_1_84' title="bbox 2094 3989 3678 4060; baseline 0.003 -15"><span class='ocrx_word' id='word_1_612' title='bbox 2094 3989 2307 4046; x_wconf 89' lang='lat' dir='ltr'><strong>ratione</strong></span> <span class='ocrx_word' id='word_1_613' title='bbox 2353 3989 2676 4046; x_wconf 86' lang='lat' dir='ltr'><strong>conditionis</strong></span> <span class='ocrx_word' id='word_1_614' title='bbox 2713 3993 3128 4060; x_wconf 86' lang='lat' dir='ltr'><strong>praecesserint.</strong></span> <span class='ocrx_word' id='word_1_615' title='bbox 3173 3992 3490 4047; x_wconf 68' lang='lat' dir='ltr'><strong>Necessario</strong></span> <span class='ocrx_word' id='word_1_616' title='bbox 3529 3993 3678 4050; x_wconf 85' lang='lat' dir='ltr'><strong>enim</strong></span> 
     </span>
    </p>
   </div>
   <div class='ocr_carea' id='block_1_85' title="bbox 2096 4079 3670 4150">
    <p class='ocr_par' dir='ltr' id='par_1_85' title="bbox 2096 4079 3670 4150">
     <span class='ocr_line' id='line_1_85' title="bbox 2096 4079 3670 4150; baseline -0.001 -15"><span class='ocrx_word' id='word_1_617' title='bbox 2096 4094 2181 4146; x_wconf 91' lang='lat' dir='ltr'><strong>ca,</strong></span> <span class='ocrx_word' id='word_1_618' title='bbox 2222 4093 2361 4148; x_wconf 90' lang='lat' dir='ltr'><strong>quae</strong></span> <span class='ocrx_word' id='word_1_619' title='bbox 2410 4079 2708 4146; x_wconf 88' lang='lat' dir='ltr'><strong>continent,</strong></span> <span class='ocrx_word' id='word_1_620' title='bbox 2750 4080 2902 4149; x_wconf 88' lang='lat' dir='ltr'><strong>prius</strong></span> <span class='ocrx_word' id='word_1_621' title='bbox 2937 4079 3331 4150; x_wconf 89' lang='lat' dir='ltr'><strong>intelliguntur,</strong></span> <span class='ocrx_word' id='word_1_622' title='bbox 3378 4095 3542 4149; x_wconf 88' lang='lat' dir='ltr'><strong>quam</strong></span> <span class='ocrx_word' id='word_1_623' title='bbox 3584 4096 3670 4144; x_wconf 88' lang='lat' dir='ltr'><strong>ea,</strong></span> 
     </span>
    </p>
   </div>
   <div class='ocr_carea' id='block_1_86' title="bbox 2097 4167 3672 4238">
    <p class='ocr_par' dir='ltr' id='par_1_86' title="bbox 2097 4167 3672 4238">
     <span class='ocr_line' id='line_1_86' title="bbox 2097 4167 3672 4238; baseline 0.003 -17"><span class='ocrx_word' id='word_1_624' title='bbox 2097 4181 2239 4238; x_wconf 91' lang='lat' dir='ltr'><strong>quae</strong></span> <span class='ocrx_word' id='word_1_625' title='bbox 2281 4168 2655 4233; x_wconf 89' lang='lat' dir='ltr'><strong>continentur;</strong></span> <span class='ocrx_word' id='word_1_626' title='bbox 2702 4169 2842 4224; x_wconf 89' lang='lat' dir='ltr'><strong>sicut</strong></span> <span class='ocrx_word' id='word_1_627' title='bbox 2877 4183 3040 4224; x_wconf 88' lang='lat' dir='ltr'><strong>causa</strong></span> <span class='ocrx_word' id='word_1_628' title='bbox 3083 4169 3358 4238; x_wconf 88' lang='lat' dir='ltr'><strong>praecedit</strong></span> <span class='ocrx_word' id='word_1_629' title='bbox 3401 4167 3672 4237; x_wconf 75' lang='lat' dir='ltr'><strong>eli‘ectum,</strong></span> 
     </span>
    </p>
   </div>
   <div class='ocr_carea' id='block_1_87' title="bbox 2100 4258 3676 4331">
    <p class='ocr_par' dir='ltr' id='par_1_87' title="bbox 2100 4258 3676 4331">
     <span class='ocr_line' id='line_1_87' title="bbox 2100 4258 3676 4331; baseline 0.003 -17"><span class='ocrx_word' id='word_1_630' title='bbox 2100 4259 2242 4331; x_wconf 85' lang='lat' dir='ltr'><strong>ignis</strong></span> <span class='ocrx_word' id='word_1_631' title='bbox 2269 4259 2600 4323; x_wconf 89' lang='lat' dir='ltr'><strong>incendium,</strong></span> <span class='ocrx_word' id='word_1_632' title='bbox 2629 4274 2734 4315; x_wconf 79' lang='lat' dir='ltr'><strong>vox</strong></span> <span class='ocrx_word' id='word_1_633' title='bbox 2761 4258 3012 4324; x_wconf 89' lang='lat' dir='ltr'><strong>verbum,</strong></span> <span class='ocrx_word' id='word_1_634' title='bbox 3037 4269 3331 4327; x_wconf 88' lang='lat' dir='ltr'><strong>ceteraque</strong></span> <span class='ocrx_word' id='word_1_635' title='bbox 3357 4258 3572 4314; x_wconf 81' lang='lat' dir='ltr'><strong>similia.</strong></span> <span class='ocrx_word' id='word_1_636' title='bbox 3597 4260 3676 4318; x_wconf 77' lang='lat' dir='ltr'><strong>Ac</strong></span> 
     </span>
    </p>
   </div>
   <div class='ocr_carea' id='block_1_88' title="bbox 2100 4348 3678 4420">
    <p class='ocr_par' dir='ltr' id='par_1_88' title="bbox 2100 4348 3678 4420">
     <span class='ocr_line' id='line_1_88' title="bbox 2100 4348 3678 4420; baseline 0.003 -18"><span class='ocrx_word' id='word_1_637' title='bbox 2100 4365 2198 4420; x_wconf 86' lang='lat' dir='ltr'><strong>per</strong></span> <span class='ocrx_word' id='word_1_638' title='bbox 2227 4350 2328 4404; x_wconf 89' lang='lat' dir='ltr'><strong>hoc</strong></span> <span class='ocrx_word' id='word_1_639' title='bbox 2361 4364 2467 4404; x_wconf 92' lang='lat' dir='ltr'><strong>non</strong></span> <span class='ocrx_word' id='word_1_640' title='bbox 2498 4348 2661 4404; x_wconf 89' lang='lat' dir='ltr'><strong>aliam</strong></span> <span class='ocrx_word' id='word_1_641' title='bbox 2683 4348 3075 4405; x_wconf 86' lang='lat' dir='ltr'><strong>beatitudinem</strong></span> <span class='ocrx_word' id='word_1_642' title='bbox 3101 4349 3207 4415; x_wconf 87' lang='lat' dir='ltr'><strong>his,</strong></span> <span class='ocrx_word' id='word_1_643' title='bbox 3234 4348 3326 4419; x_wconf 80' lang='lat' dir='ltr'><strong>qui</strong></span> <span class='ocrx_word' id='word_1_644' title='bbox 3353 4348 3498 4420; x_wconf 87' lang='lat' dir='ltr'><strong>digni</strong></span> <span class='ocrx_word' id='word_1_645' title='bbox 3529 4359 3678 4418; x_wconf 86' lang='lat' dir='ltr'><strong>sunt,</strong></span> 
     </span>
    </p>
   </div>
   <div class='ocr_carea' id='block_1_89' title="bbox 2101 4439 3679 4512">
    <p class='ocr_par' dir='ltr' id='par_1_89' title="bbox 2101 4439 3679 4512">
     <span class='ocr_line' id='line_1_89' title="bbox 2101 4439 3679 4512; baseline 0.004 -18"><span class='ocrx_word' id='word_1_646' title='bbox 2101 4441 2450 4496; x_wconf 90' lang='lat' dir='ltr'><strong>aestimamus</strong></span> <span class='ocrx_word' id='word_1_647' title='bbox 2506 4453 2628 4496; x_wconf 89' lang='lat' dir='ltr'><strong>esse</strong></span> <span class='ocrx_word' id='word_1_648' title='bbox 2692 4439 3014 4512; x_wconf 86' lang='lat' dir='ltr'><strong>promissam</strong></span> <span class='ocrx_word' id='word_1_649' title='bbox 3036 4441 3106 4507; x_wconf 82' lang='lat'><strong>&#39;°,</strong></span> <span class='ocrx_word' id='word_1_650' title='bbox 3157 4455 3258 4496; x_wconf 91' lang='lat' dir='ltr'><strong>nec</strong></span> <span class='ocrx_word' id='word_1_651' title='bbox 3297 4442 3462 4497; x_wconf 88' lang='lat' dir='ltr'><strong>alium</strong></span> <span class='ocrx_word' id='word_1_652' title='bbox 3520 4440 3679 4511; x_wconf 82' lang='lat' dir='ltr'><strong>hujus</strong></span> 
     </span>
    </p>
   </div>
   <div class='ocr_carea' id='block_1_90' title="bbox 431 4530 3680 4608">
    <p class='ocr_par' dir='ltr' id='par_1_90' title="bbox 431 4530 3680 4608">
     <span class='ocr_line' id='line_1_90' title="bbox 431 4530 3680 4608; baseline 0.001 -18"><span class='ocrx_word' id='word_1_653' title='bbox 431 4532 802 4590; x_wconf 83' lang='lat' dir='ltr'><strong>irrationabile</strong></span> <span class='ocrx_word' id='word_1_654' title='bbox 828 4542 915 4590; x_wconf 87' lang='lat' dir='ltr'><strong>est</strong></span> <span class='ocrx_word' id='word_1_655' title='bbox 935 4543 988 4592; x_wconf 88' lang='lat' dir='ltr'><strong>et</strong></span> <span class='ocrx_word' id='word_1_656' title='bbox 1009 4535 1364 4606; x_wconf 89' lang='lat' dir='ltr'><strong>impossibile,</strong></span> <span class='ocrx_word' id='word_1_657' title='bbox 1394 4537 1566 4608; x_wconf 85' lang='lat' dir='ltr'><strong>ipsam</strong></span> <span class='ocrx_word' id='word_1_658' title='bbox 1591 4537 1842 4595; x_wconf 86' lang='lat' dir='ltr'><strong>videlicet</strong></span> <span class='ocrx_word' id='word_1_659' title='bbox 1879 4537 2001 4593; x_wconf 89' lang='lat' dir='ltr'><strong>uni-</strong></span> <span class='ocrx_word' id='word_1_660' title='bbox 2102 4532 2286 4588; x_wconf 86' lang='lat' dir='ltr'><strong>mundi</strong></span> <span class='ocrx_word' id='word_1_661' title='bbox 2333 4531 2497 4587; x_wconf 84' lang='lat' dir='ltr'><strong>ﬁnem</strong></span> <span class='ocrx_word' id='word_1_662' title='bbox 2543 4530 2680 4599; x_wconf 72' lang='lat' dir='ltr'><strong>fore,</strong></span> <span class='ocrx_word' id='word_1_663' title='bbox 2735 4546 2900 4602; x_wconf 89' lang='lat' dir='ltr'><strong>quam</strong></span> <span class='ocrx_word' id='word_1_664' title='bbox 2949 4541 3007 4589; x_wconf 93' lang='lat' dir='ltr'><strong>ut</strong></span> <span class='ocrx_word' id='word_1_665' title='bbox 3051 4548 3260 4600; x_wconf 86' lang='lat' dir='ltr'><strong>omnes,</strong></span> <span class='ocrx_word' id='word_1_666' title='bbox 3311 4535 3404 4605; x_wconf 90' lang='lat' dir='ltr'><strong>qui</strong></span> <span class='ocrx_word' id='word_1_667' title='bbox 3453 4533 3680 4606; x_wconf 85' lang='lat' dir='ltr'><strong>gloriam</strong></span> 
     </span>
    </p>
   </div>
   <div class='ocr_carea' id='block_1_91' title="bbox 421 4623 3680 4696">
    <p class='ocr_par' dir='ltr' id='par_1_91' title="bbox 421 4623 3680 4696">
     <span class='ocr_line' id='line_1_91' title="bbox 421 4623 3680 4696; baseline 0 -14"><span class='ocrx_word' id='word_1_668' title='bbox 421 4623 736 4682; x_wconf 82' lang='lat' dir='ltr'><strong>versitatem</strong></span> <span class='ocrx_word' id='word_1_669' title='bbox 793 4639 958 4696; x_wconf 88' lang='lat' dir='ltr'><strong>super</strong></span> <span class='ocrx_word' id='word_1_670' title='bbox 1011 4625 1206 4682; x_wconf 88' lang='lat' dir='ltr'><strong>suimet</strong></span> <span class='ocrx_word' id='word_1_671' title='bbox 1240 4625 1262 4659; x_wconf 85' lang='grc'><strong>⁹</strong></span> <span class='ocrx_word' id='word_1_672' title='bbox 1317 4627 1725 4685; x_wconf 85' lang='lat' dir='ltr'><strong>universitatem</strong></span> <span class='ocrx_word' id='word_1_673' title='bbox 1765 4642 1912 4694; x_wconf 81' lang='lat' dir='ltr'><strong>esse,</strong></span> <span class='ocrx_word' id='word_1_674' title='bbox 1953 4626 2002 4662; x_wconf 67' lang='grc' dir='ltr'><strong>ί*</strong></span> <span class='ocrx_word' id='word_1_675' title='bbox 2026 4628 2078 4688; x_wconf 90' lang='lat' dir='ltr'><strong>D</strong></span> <span class='ocrx_word' id='word_1_676' title='bbox 2105 4626 2373 4690; x_wconf 84' lang='lat' dir='ltr'><strong>theoseos,</strong></span> <span class='ocrx_word' id='word_1_677' title='bbox 2417 4625 2473 4681; x_wconf 90' lang='lat' dir='ltr'><strong>id</strong></span> <span class='ocrx_word' id='word_1_678' title='bbox 2508 4632 2615 4692; x_wconf 90' lang='lat' dir='ltr'><strong>est,</strong></span> <span class='ocrx_word' id='word_1_679' title='bbox 2643 4623 3002 4680; x_wconf 76' lang='lat' dir='ltr'><strong>deincationis</strong></span> <span class='ocrx_word' id='word_1_680' title='bbox 3037 4625 3312 4695; x_wconf 84' lang='lat' dir='ltr'><strong>accepturi</strong></span> <span class='ocrx_word' id='word_1_681' title='bbox 3351 4634 3497 4690; x_wconf 88' lang='lat' dir='ltr'><strong>sunt,</strong></span> <span class='ocrx_word' id='word_1_682' title='bbox 3536 4627 3680 4683; x_wconf 86' lang='lat' dir='ltr'><strong>ultra</strong></span> 
     </span>
    </p>
   </div>
   <div class='ocr_carea' id='block_1_92' title="bbox 420 4713 3680 4789">
    <p class='ocr_par' dir='ltr' id='par_1_92' title="bbox 420 4713 3680 4789">
     <span class='ocr_line' id='line_1_92' title="bbox 420 4713 3680 4789; baseline 0.001 -18"><span class='ocrx_word' id='word_1_683' title='bbox 420 4713 548 4771; x_wconf 77' lang='lat' dir='ltr'><strong>dum</strong></span> <span class='ocrx_word' id='word_1_684' title='bbox 586 4714 1142 4788; x_wconf 83' lang='lat' dir='ltr'><strong>circumscriptionem</strong></span> <span class='ocrx_word' id='word_1_685' title='bbox 1203 4717 1399 4773; x_wconf 87' lang='lat' dir='ltr'><strong>habeat</strong></span> <span class='ocrx_word' id='word_1_686' title='bbox 1461 4727 1585 4789; x_wconf 87' lang='lat' dir='ltr'><strong>post</strong></span> <span class='ocrx_word' id='word_1_687' title='bbox 1643 4719 1825 4776; x_wconf 83' lang='lat' dir='ltr'><strong>omnia</strong></span> <span class='ocrx_word' id='word_1_688' title='bbox 1855 4720 1996 4787; x_wconf 79' lang='lat' dir='ltr'><strong>;cir-</strong></span> <span class='ocrx_word' id='word_1_689' title='bbox 2100 4716 2220 4772; x_wconf 90' lang='lat' dir='ltr'><strong>loca</strong></span> <span class='ocrx_word' id='word_1_690' title='bbox 2249 4723 2305 4772; x_wconf 90' lang='lat' dir='ltr'><strong>et</strong></span> <span class='ocrx_word' id='word_1_691' title='bbox 2345 4724 2588 4786; x_wconf 85' lang='lat' dir='ltr'><strong>tempora</strong></span> <span class='ocrx_word' id='word_1_692' title='bbox 2635 4715 2952 4772; x_wconf 87' lang='lat' dir='ltr'><strong>ascendant.</strong></span> <span class='ocrx_word' id='word_1_693' title='bbox 2989 4714 3147 4783; x_wconf 81' lang='lat' dir='ltr'><strong>Nam,</strong></span> <span class='ocrx_word' id='word_1_694' title='bbox 3185 4717 3278 4787; x_wconf 81' lang='lat' dir='ltr'><strong>qui</strong></span> <span class='ocrx_word' id='word_1_695' title='bbox 3301 4717 3422 4774; x_wconf 90' lang='lat' dir='ltr'><strong>loco</strong></span> <span class='ocrx_word' id='word_1_696' title='bbox 3456 4725 3512 4773; x_wconf 90' lang='lat' dir='ltr'><strong>et</strong></span> <span class='ocrx_word' id='word_1_697' title='bbox 3542 4727 3680 4774; x_wconf 77' lang='grc' dir='ltr'>ωιιι-</span> 
     </span>
    </p>
   </div>
   <div class='ocr_carea' id='block_1_93' title="bbox 418 4805 3689 4880">
    <p class='ocr_par' dir='ltr' id='par_1_93' title="bbox 418 4805 3689 4880">
     <span class='ocr_line' id='line_1_93' title="bbox 418 4805 3689 4880; baseline 0.002 -20"><span class='ocrx_word' id='word_1_698' title='bbox 418 4805 878 4863; x_wconf 85' lang='lat' dir='ltr'><strong>cumscribentem</strong></span> <span class='ocrx_word' id='word_1_699' title='bbox 915 4808 1100 4863; x_wconf 87' lang='lat' dir='ltr'><strong>omnia</strong></span> <span class='ocrx_word' id='word_1_700' title='bbox 1140 4806 1241 4863; x_wconf 88' lang='lat' dir='ltr'><strong>sub</strong></span> <span class='ocrx_word' id='word_1_701' title='bbox 1288 4822 1351 4864; x_wconf 89' lang='lat' dir='ltr'><strong>sc</strong></span> <span class='ocrx_word' id='word_1_702' title='bbox 1389 4808 1528 4879; x_wconf 82' lang='lat' dir='ltr'><strong>ipsa,</strong></span> <span class='ocrx_word' id='word_1_703' title='bbox 1559 4812 1616 4866; x_wconf 91' lang='lat' dir='ltr'><strong>in</strong></span> <span class='ocrx_word' id='word_1_704' title='bbox 1642 4824 1702 4866; x_wconf 85' lang='lat' dir='ltr'><strong>se</strong></span> <span class='ocrx_word' id='word_1_705' title='bbox 1730 4809 1846 4880; x_wconf 82' lang='lat' dir='ltr'><strong>ipsa</strong></span> <span class='ocrx_word' id='word_1_706' title='bbox 1871 4825 2002 4868; x_wconf 87' lang='lat' dir='ltr'><strong>cau-</strong></span> <span class='ocrx_word' id='word_1_707' title='bbox 2099 4823 2229 4880; x_wconf 89' lang='lat' dir='ltr'><strong>pore</strong></span> <span class='ocrx_word' id='word_1_708' title='bbox 2257 4809 2303 4851; x_wconf 80' lang='grc' dir='ltr'>⁸ι</span> <span class='ocrx_word' id='word_1_709' title='bbox 2332 4817 2664 4875; x_wconf 75' lang='lat' dir='ltr'><strong>coartentur,</strong></span> <span class='ocrx_word' id='word_1_710' title='bbox 2703 4809 2843 4866; x_wconf 74' lang='lat' dir='ltr'><strong>[initi</strong></span> <span class='ocrx_word' id='word_1_711' title='bbox 2870 4817 3016 4866; x_wconf 88' lang='lat' dir='ltr'><strong>sunt.</strong></span> <span class='ocrx_word' id='word_1_712' title='bbox 3041 4809 3275 4868; x_wconf 81' lang='lat' dir='ltr'><strong>Aeterna</strong></span> <span class='ocrx_word' id='word_1_713' title='bbox 3307 4819 3485 4867; x_wconf 89' lang='lat' dir='ltr'><strong>autem</strong></span> <span class='ocrx_word' id='word_1_714' title='bbox 3513 4811 3689 4868; x_wconf 80' lang='lat' dir='ltr'><strong>beati-</strong></span> 
     </span>
    </p>
   </div>
   <div class='ocr_carea' id='block_1_94' title="bbox 421 4892 3684 4972">
    <p class='ocr_par' dir='ltr' id='par_1_94' title="bbox 421 4892 3684 4972">
     <span class='ocr_line' id='line_1_94' title="bbox 421 4892 3684 4972; baseline 0.003 -23"><span class='ocrx_word' id='word_1_715' title='bbox 421 4892 742 4950; x_wconf 58' lang='lat' dir='ltr'><strong>diuinam</strong></span> <span class='ocrx_word' id='word_1_716' title='bbox 767 4896 1050 4953; x_wconf 86' lang='lat' dir='ltr'><strong>virtutem.</strong></span> <span class='ocrx_word' id='word_1_717' title='bbox 1076 4896 1193 4968; x_wconf 88' lang='lat' dir='ltr'><strong>Ipse</strong></span> <span class='ocrx_word' id='word_1_718' title='bbox 1214 4898 1396 4968; x_wconf 85' lang='lat' dir='ltr'><strong>itaque</strong></span> <span class='ocrx_word' id='word_1_719' title='bbox 1431 4899 1556 4956; x_wconf 84' lang='lat' dir='ltr'><strong>linis</strong></span> <span class='ocrx_word' id='word_1_720' title='bbox 1578 4901 1819 4957; x_wconf 75' lang='lat' dir='ltr'><strong>exterior</strong></span> <span class='ocrx_word' id='word_1_721' title='bbox 1845 4901 1997 4960; x_wconf 84' lang='lat' dir='ltr'><strong>locus</strong></span> <span class='ocrx_word' id='word_1_722' title='bbox 2103 4899 2229 4956; x_wconf 91' lang='lat' dir='ltr'><strong>tudo</strong></span> <span class='ocrx_word' id='word_1_723' title='bbox 2245 4899 2452 4956; x_wconf 72' lang='lat' dir='ltr'><strong>infinita</strong></span> <span class='ocrx_word' id='word_1_724' title='bbox 2481 4907 2585 4957; x_wconf 91' lang='lat' dir='ltr'><strong>est.</strong></span> <span class='ocrx_word' id='word_1_725' title='bbox 2608 4899 2878 4956; x_wconf 85' lang='lat' dir='ltr'><strong>Aeternae</strong></span> <span class='ocrx_word' id='word_1_726' title='bbox 2896 4899 3060 4972; x_wconf 87' lang='lat' dir='ltr'><strong>igitur</strong></span> <span class='ocrx_word' id='word_1_727' title='bbox 3079 4902 3126 4934; x_wconf 68' lang='grc' dir='ltr'>ι’</span> <span class='ocrx_word' id='word_1_728' title='bbox 3146 4901 3494 4957; x_wconf 85' lang='lat' dir='ltr'><strong>beatitudinis</strong></span> <span class='ocrx_word' id='word_1_729' title='bbox 3520 4908 3684 4971; x_wconf 85' lang='lat' dir='ltr'><strong>atque</strong></span> 
     </span>
    </p>
   </div>
   <div class='ocr_carea' id='block_1_95' title="bbox 426 4983 3675 5062">
    <p class='ocr_par' dir='ltr' id='par_1_95' title="bbox 426 4983 3675 5062">
     <span class='ocr_line' id='line_1_95' title="bbox 426 4983 3675 5062; baseline 0.003 -24"><span class='ocrx_word' id='word_1_730' title='bbox 426 4983 792 5043; x_wconf 73' lang='lat' dir='ltr'><strong>universitatis</strong></span> <span class='ocrx_word' id='word_1_731' title='bbox 821 4996 938 5054; x_wconf 83' lang='lat' dir='ltr'><strong>est,</strong></span> <span class='ocrx_word' id='word_1_732' title='bbox 973 4988 1117 5044; x_wconf 89' lang='lat' dir='ltr'><strong>sicut</strong></span> <span class='ocrx_word' id='word_1_733' title='bbox 1141 4989 1359 5059; x_wconf 82' lang='lat' dir='ltr'><strong>quidam</strong></span> <span class='ocrx_word' id='word_1_734' title='bbox 1389 4989 1653 5045; x_wconf 79' lang='lat' dir='ltr'><strong>deﬁniunt</strong></span> <span class='ocrx_word' id='word_1_735' title='bbox 1693 4989 1892 5056; x_wconf 88' lang='lat' dir='ltr'><strong>locum,</strong></span> <span class='ocrx_word' id='word_1_736' title='bbox 1919 4991 2002 5048; x_wconf 84' lang='lat' dir='ltr'><strong>di-</strong></span> <span class='ocrx_word' id='word_1_737' title='bbox 2104 4990 2347 5047; x_wconf 82' lang='lat' dir='ltr'><strong>inﬁnitae</strong></span> <span class='ocrx_word' id='word_1_738' title='bbox 2395 4990 2686 5061; x_wconf 87' lang='lat' dir='ltr'><strong>participes</strong></span> <span class='ocrx_word' id='word_1_739' title='bbox 2733 5003 2910 5062; x_wconf 87' lang='lat' dir='ltr'><strong>neque</strong></span> <span class='ocrx_word' id='word_1_740' title='bbox 2954 4991 3074 5048; x_wconf 89' lang='lat' dir='ltr'><strong>loco</strong></span> <span class='ocrx_word' id='word_1_741' title='bbox 3119 4992 3675 5060; x_wconf 82' lang='lat' dir='ltr'><strong>circumscribentur,</strong></span> 
     </span>
    </p>
   </div>
   <div class='ocr_carea' id='block_1_96' title="bbox 424 5077 2572 5151">
    <p class='ocr_par' dir='ltr' id='par_1_96' title="bbox 424 5077 2572 5151">
     <span class='ocr_line' id='line_1_96' title="bbox 424 5077 2572 5151; baseline 0.001 -19"><span class='ocrx_word' id='word_1_742' title='bbox 424 5083 612 5132; x_wconf 81' lang='lat' dir='ltr'><strong>centes</strong></span> <span class='ocrx_word' id='word_1_743' title='bbox 639 5092 654 5133; x_wconf 85' lang='lat'><strong>:</strong></span> <span class='ocrx_word' id='word_1_744' title='bbox 683 5077 836 5134; x_wconf 76' lang='lat' dir='ltr'><strong>locus</strong></span> <span class='ocrx_word' id='word_1_745' title='bbox 857 5086 944 5134; x_wconf 84' lang='lat' dir='ltr'><strong>est</strong></span> <span class='ocrx_word' id='word_1_746' title='bbox 980 5078 1095 5149; x_wconf 84' lang='lat' dir='ltr'><strong>ipse</strong></span> <span class='ocrx_word' id='word_1_747' title='bbox 1130 5087 1288 5136; x_wconf 80' lang='lat' dir='ltr'><strong>extre</strong></span> <span class='ocrx_word' id='word_1_748' title='bbox 1315 5079 1724 5136; x_wconf 84' lang='lat' dir='ltr'><strong>universitatem</strong></span> <span class='ocrx_word' id='word_1_749' title='bbox 1746 5081 2000 5148; x_wconf 84' lang='lat' dir='ltr'><strong>ambitus,</strong></span> <span class='ocrx_word' id='word_1_750' title='bbox 2108 5094 2286 5151; x_wconf 84' lang='lat' dir='ltr'><strong>neque</strong></span> <span class='ocrx_word' id='word_1_751' title='bbox 2310 5088 2572 5150; x_wconf 89' lang='lat' dir='ltr'><strong>tempore.</strong></span> 
     </span>
    </p>
   </div>
   <div class='ocr_carea' id='block_1_97' title="bbox 423 5163 3683 5240">
    <p class='ocr_par' dir='ltr' id='par_1_97' title="bbox 423 5163 3683 5240">
     <span class='ocr_line' id='line_1_97' title="bbox 423 5163 3683 5240; baseline 0.002 -20"><span class='ocrx_word' id='word_1_752' title='bbox 423 5163 512 5222; x_wconf 82' lang='lat' dir='ltr'><strong>vel</strong></span> <span class='ocrx_word' id='word_1_753' title='bbox 541 5163 659 5237; x_wconf 80' lang='lat' dir='ltr'><strong>ipse</strong></span> <span class='ocrx_word' id='word_1_754' title='bbox 691 5175 852 5225; x_wconf 77' lang='lat' dir='ltr'><strong>extra</strong></span> <span class='ocrx_word' id='word_1_755' title='bbox 893 5168 1305 5226; x_wconf 84' lang='lat' dir='ltr'><strong>universitatem</strong></span> <span class='ocrx_word' id='word_1_756' title='bbox 1349 5168 1566 5240; x_wconf 83' lang='lat' dir='ltr'><strong>positio,</strong></span> <span class='ocrx_word' id='word_1_757' title='bbox 1591 5169 1670 5229; x_wconf 85' lang='lat' dir='ltr'><strong>vel</strong></span> <span class='ocrx_word' id='word_1_758' title='bbox 1704 5171 1831 5229; x_wconf 81' lang='lat' dir='ltr'><strong>linis</strong></span> <span class='ocrx_word' id='word_1_759' title='bbox 1855 5185 2006 5229; x_wconf 86' lang='lat' dir='ltr'><strong>com-</strong></span> <span class='ocrx_word' id='word_1_760' title='bbox 2176 5168 2268 5225; x_wconf 75' lang='grc'><strong>44).</strong></span> <span class='ocrx_word' id='word_1_761' title='bbox 2316 5167 2470 5236; x_wconf 86' lang='lat' dir='ltr'><strong>Quod</strong></span> <span class='ocrx_word' id='word_1_762' title='bbox 2515 5168 2662 5224; x_wconf 89' lang='lat' dir='ltr'><strong>enim</strong></span> <span class='ocrx_word' id='word_1_763' title='bbox 2707 5169 2776 5226; x_wconf 90' lang='lat' dir='ltr'><strong>de</strong></span> <span class='ocrx_word' id='word_1_764' title='bbox 2823 5167 2941 5226; x_wconf 88' lang='lat' dir='ltr'><strong>solo</strong></span> <span class='ocrx_word' id='word_1_765' title='bbox 2987 5166 3378 5224; x_wconf 74' lang='lat' dir='ltr'><strong>Ilelchisedech</strong></span> <span class='ocrx_word' id='word_1_766' title='bbox 3421 5169 3683 5238; x_wconf 80' lang='lat' dir='ltr'><strong>scriptum</strong></span> 
     </span>
    </p>
   </div>
   <div class='ocr_carea' id='block_1_98' title="bbox 421 5255 3684 5333">
    <p class='ocr_par' dir='ltr' id='par_1_98' title="bbox 421 5255 3684 5333">
     <span class='ocr_line' id='line_1_98' title="bbox 421 5255 3684 5333; baseline 0.002 -21"><span class='ocrx_word' id='word_1_767' title='bbox 421 5255 785 5325; x_wconf 81' lang='lat' dir='ltr'><strong>prehendens,</strong></span> <span class='ocrx_word' id='word_1_768' title='bbox 815 5258 874 5316; x_wconf 91' lang='lat' dir='ltr'><strong>in</strong></span> <span class='ocrx_word' id='word_1_769' title='bbox 897 5274 1008 5331; x_wconf 85' lang='lat' dir='ltr'><strong>quo</strong></span> <span class='ocrx_word' id='word_1_770' title='bbox 1033 5260 1509 5331; x_wconf 88' lang='lat' dir='ltr'><strong>comprehenditur</strong></span> <span class='ocrx_word' id='word_1_771' title='bbox 1529 5263 2002 5331; x_wconf 87' lang='lat' dir='ltr'><strong>comprehensum.</strong></span> <span class='ocrx_word' id='word_1_772' title='bbox 2109 5268 2214 5327; x_wconf 84' lang='lat' dir='ltr'><strong>est,</strong></span> <span class='ocrx_word' id='word_1_773' title='bbox 2233 5269 2390 5333; x_wconf 89' lang='lat' dir='ltr'><strong>patre</strong></span> <span class='ocrx_word' id='word_1_774' title='bbox 2411 5269 2666 5318; x_wconf 88' lang='lat' dir='ltr'><strong>acmatre</strong></span> <span class='ocrx_word' id='word_1_775' title='bbox 2686 5261 2952 5327; x_wconf 88' lang='lat' dir='ltr'><strong>caruisse,</strong></span> <span class='ocrx_word' id='word_1_776' title='bbox 2973 5259 3287 5331; x_wconf 85' lang='lat' dir='ltr'><strong>nullumque</strong></span> <span class='ocrx_word' id='word_1_777' title='bbox 3303 5259 3512 5316; x_wconf 85' lang='lat' dir='ltr'><strong>dierum</strong></span> <span class='ocrx_word' id='word_1_778' title='bbox 3533 5261 3684 5331; x_wconf 79' lang='lat' dir='ltr'><strong>prin-</strong></span> 
     </span>
    </p>
   </div>
   <div class='ocr_carea' id='block_1_99' title="bbox 423 5341 3685 5422">
    <p class='ocr_par' dir='ltr' id='par_1_99' title="bbox 423 5341 3685 5422">
     <span class='ocr_line' id='line_1_99' title="bbox 423 5341 3685 5422; baseline 0.002 -22"><span class='ocrx_word' id='word_1_779' title='bbox 423 5341 538 5401; x_wconf 86' lang='lat' dir='ltr'><strong>Sub</strong></span> <span class='ocrx_word' id='word_1_780' title='bbox 583 5355 827 5420; x_wconf 86' lang='lat' dir='ltr'><strong>tempore</strong></span> <span class='ocrx_word' id='word_1_781' title='bbox 875 5348 1043 5407; x_wconf 82' lang='lat' dir='ltr'><strong>etiam</strong></span> <span class='ocrx_word' id='word_1_782' title='bbox 1089 5351 1132 5384; x_wconf 83' lang='lat'><strong>&quot;</strong></span> <span class='ocrx_word' id='word_1_783' title='bbox 1182 5350 1434 5410; x_wconf 86' lang='lat' dir='ltr'><strong>universa</strong></span> <span class='ocrx_word' id='word_1_784' title='bbox 1470 5351 1892 5420; x_wconf 88' lang='lat' dir='ltr'><strong>comprobantur</strong></span> <span class='ocrx_word' id='word_1_785' title='bbox 1939 5353 2007 5422; x_wconf 83' lang='lat'><strong>&quot;,</strong></span> <span class='ocrx_word' id='word_1_786' title='bbox 2112 5350 2310 5422; x_wconf 89' lang='lat' dir='ltr'><strong>cipium</strong></span> <span class='ocrx_word' id='word_1_787' title='bbox 2338 5365 2438 5422; x_wconf 89' lang='lat' dir='ltr'><strong>per</strong></span> <span class='ocrx_word' id='word_1_788' title='bbox 2457 5349 2858 5421; x_wconf 86' lang='lat' dir='ltr'><strong>generationem</strong></span> <span class='ocrx_word' id='word_1_789' title='bbox 2893 5348 2950 5404; x_wconf 92' lang='lat' dir='ltr'><strong>in</strong></span> <span class='ocrx_word' id='word_1_790' title='bbox 2977 5348 3290 5415; x_wconf 87' lang='lat' dir='ltr'><strong>essentiam,</strong></span> <span class='ocrx_word' id='word_1_791' title='bbox 3317 5361 3493 5418; x_wconf 87' lang='lat' dir='ltr'><strong>neque</strong></span> <span class='ocrx_word' id='word_1_792' title='bbox 3520 5348 3685 5405; x_wconf 81' lang='lat' dir='ltr'><strong>tinem</strong></span> 
     </span>
    </p>
   </div>
   <div class='ocr_carea' id='block_1_100' title="bbox 1707 5457 2399 5517">
    <p class='ocr_par' dir='ltr' id='par_1_100' title="bbox 1707 5457 2399 5517">
     <span class='ocr_line' id='line_1_100' title="bbox 1707 5457 2399 5517; baseline 0 -1"><span class='ocrx_word' id='word_1_793' title='bbox 1707 5457 1963 5517; x_wconf 77' lang='lat' dir='ltr'><strong>VARIAE</strong></span> <span class='ocrx_word' id='word_1_794' title='bbox 1997 5457 2399 5516; x_wconf 83' lang='lat' dir='ltr'><strong>LECTIONES.</strong></span> 
     </span>
    </p>
   </div>
   <div class='ocr_carea' id='block_1_101' title="bbox 487 5550 2552 5623">
    <p class='ocr_par' dir='ltr' id='par_1_101' title="bbox 487 5550 2552 5623">
     <span class='ocr_line' id='line_1_101' title="bbox 487 5550 2552 5623; baseline 0.001 -19"><span class='ocrx_word' id='word_1_795' title='bbox 487 5552 585 5623; x_wconf 64' lang='lat' dir='ltr'><strong>fet</strong></span> <span class='ocrx_word' id='word_1_796' title='bbox 611 5565 723 5623; x_wconf 86' lang='lat' dir='ltr'><strong>om.</strong></span> <span class='ocrx_word' id='word_1_797' title='bbox 762 5551 878 5623; x_wconf 26' lang='lat' dir='ltr'><strong>At</strong></span> <span class='ocrx_word' id='word_1_798' title='bbox 922 5551 1164 5623; x_wconf 51' lang='lat' dir='ltr'><strong>{capitis</strong></span> <span class='ocrx_word' id='word_1_799' title='bbox 1191 5565 1303 5609; x_wconf 86' lang='lat' dir='ltr'><strong>om.</strong></span> <span class='ocrx_word' id='word_1_800' title='bbox 1341 5552 1409 5609; x_wconf 83' lang='lat' dir='ltr'><strong>A.</strong></span> <span class='ocrx_word' id='word_1_801' title='bbox 1461 5551 1507 5623; x_wconf 77' lang='lat'><strong>_’</strong></span> <span class='ocrx_word' id='word_1_802' title='bbox 1549 5553 1595 5606; x_wconf 75' lang='grc' dir='ltr'>Α</span> <span class='ocrx_word' id='word_1_803' title='bbox 1646 5550 1775 5623; x_wconf 79' lang='lat' dir='ltr'><strong>Qui.</strong></span> <span class='ocrx_word' id='word_1_804' title='bbox 1851 5551 1876 5584; x_wconf 74' lang='grc'>⁸</span> <span class='ocrx_word' id='word_1_805' title='bbox 1922 5550 1968 5607; x_wconf 78' lang='grc' dir='ltr'><strong>Δ</strong></span> <span class='ocrx_word' id='word_1_806' title='bbox 2008 5551 2304 5623; x_wconf 67' lang='lat' dir='ltr'><strong>nutantium</strong></span> <span class='ocrx_word' id='word_1_807' title='bbox 2358 5550 2552 5623; x_wconf 71' lang='lat' dir='ltr'><strong>locum.</strong></span> 
     </span>
    </p>
   </div>
   <div class='ocr_carea' id='block_1_102' title="bbox 427 5619 2436 5692">
    <p class='ocr_par' dir='ltr' id='par_1_102' title="bbox 427 5619 2436 5692">
     <span class='ocr_line' id='line_1_102' title="bbox 427 5619 2436 5692; baseline 0 -18"><span class='ocrx_word' id='word_1_808' title='bbox 427 5619 530 5692; x_wconf 14' lang='grc' dir='ltr'><strong>[Δί</strong></span> <span class='ocrx_word' id='word_1_809' title='bbox 551 5622 695 5690; x_wconf 71' lang='lat' dir='ltr'><strong>quia.</strong></span> <span class='ocrx_word' id='word_1_810' title='bbox 774 5622 797 5654; x_wconf 82' lang='grc'><strong>⁸</strong></span> <span class='ocrx_word' id='word_1_811' title='bbox 825 5621 918 5678; x_wconf 89' lang='lat' dir='ltr'><strong>Sic</strong></span> <span class='ocrx_word' id='word_1_812' title='bbox 941 5619 1062 5690; x_wconf 80' lang='lat' dir='ltr'><strong>CE;</strong></span> <span class='ocrx_word' id='word_1_813' title='bbox 1091 5622 1135 5677; x_wconf 86' lang='lat' dir='ltr'><strong>A</strong></span> <span class='ocrx_word' id='word_1_814' title='bbox 1181 5621 1498 5686; x_wconf 76' lang='lat' dir='ltr'><strong>impossibile</strong></span> <span class='ocrx_word' id='word_1_815' title='bbox 1532 5632 1636 5689; x_wconf 89' lang='lat' dir='ltr'><strong>est,</strong></span> <span class='ocrx_word' id='word_1_816' title='bbox 1671 5621 1712 5692; x_wconf 79' lang='grc' dir='ltr'>ι)</span> <span class='ocrx_word' id='word_1_817' title='bbox 1745 5638 1850 5676; x_wconf 81' lang='lat' dir='ltr'><strong>non</strong></span> <span class='ocrx_word' id='word_1_818' title='bbox 1891 5620 2133 5692; x_wconf 78' lang='lat' dir='ltr'><strong>possibile</strong></span> <span class='ocrx_word' id='word_1_819' title='bbox 2170 5622 2273 5692; x_wconf 78' lang='lat' dir='ltr'><strong>(est</strong></span> <span class='ocrx_word' id='word_1_820' title='bbox 2300 5622 2436 5691; x_wconf 91' lang='lat' dir='ltr'><strong>om.)</strong></span> 
     </span>
    </p>
   </div>
   <div class='ocr_carea' id='block_1_103' title="bbox 432 5689 2180 5761">
    <p class='ocr_par' dir='ltr' id='par_1_103' title="bbox 432 5689 2180 5761">
     <span class='ocr_line' id='line_1_103' title="bbox 432 5689 2180 5761; baseline 0.002 -18"><span class='ocrx_word' id='word_1_821' title='bbox 432 5689 476 5761; x_wconf 67' lang='grc' dir='ltr'><strong>’ξ</strong></span> <span class='ocrx_word' id='word_1_822' title='bbox 505 5689 569 5745; x_wconf 72' lang='grc' dir='ltr'><strong>Δ</strong></span> <span class='ocrx_word' id='word_1_823' title='bbox 599 5689 1053 5761; x_wconf 73' lang='lat' dir='ltr'><strong>comprobabitur.</strong></span> <span class='ocrx_word' id='word_1_824' title='bbox 1120 5693 1165 5726; x_wconf 78' lang='lat'>&quot;</span> <span class='ocrx_word' id='word_1_825' title='bbox 1204 5709 1312 5749; x_wconf 81' lang='lat' dir='ltr'><strong>esse</strong></span> <span class='ocrx_word' id='word_1_826' title='bbox 1357 5708 1467 5748; x_wconf 87' lang='lat' dir='ltr'><strong>om.</strong></span> <span class='ocrx_word' id='word_1_827' title='bbox 1498 5692 1566 5748; x_wconf 78' lang='grc' dir='ltr'><strong>Ι).</strong></span> <span class='ocrx_word' id='word_1_828' title='bbox 1644 5690 1689 5724; x_wconf 58' lang='grc'><strong>⁸³</strong></span> <span class='ocrx_word' id='word_1_829' title='bbox 1729 5692 1819 5747; x_wconf 81' lang='lat' dir='ltr'><strong>sed</strong></span> <span class='ocrx_word' id='word_1_830' title='bbox 1859 5689 1968 5748; x_wconf 80' lang='lat' dir='ltr'><strong>om.</strong></span> <span class='ocrx_word' id='word_1_831' title='bbox 2019 5691 2080 5746; x_wconf 90' lang='lat' dir='ltr'><strong>D.</strong></span> <span class='ocrx_word' id='word_1_832' title='bbox 2164 5691 2180 5723; x_wconf 78' lang='grc'>⁸</span> 
     </span>
    </p>
   </div>
   <div class='ocr_carea' id='block_1_104' title="bbox 432 5759 2516 5833">
    <p class='ocr_par' dir='ltr' id='par_1_104' title="bbox 432 5759 2516 5833">
     <span class='ocr_line' id='line_1_104' title="bbox 432 5759 2516 5833; baseline 0 -19"><span class='ocrx_word' id='word_1_833' title='bbox 432 5759 473 5790; x_wconf 69' lang='grc' dir='ltr'>ι’</span> <span class='ocrx_word' id='word_1_834' title='bbox 513 5761 562 5814; x_wconf 78' lang='grc' dir='ltr'><strong>Δ</strong></span> <span class='ocrx_word' id='word_1_835' title='bbox 587 5759 733 5829; x_wconf 74' lang='lat' dir='ltr'><strong>ergo.</strong></span> <span class='ocrx_word' id='word_1_836' title='bbox 809 5761 854 5833; x_wconf 57' lang='grc' dir='ltr'><strong>η</strong></span> <span class='ocrx_word' id='word_1_837' title='bbox 895 5762 988 5818; x_wconf 86' lang='lat' dir='ltr'><strong>Sic</strong></span> <span class='ocrx_word' id='word_1_838' title='bbox 1032 5761 1151 5833; x_wconf 80' lang='lat' dir='ltr'><strong>CE;</strong></span> <span class='ocrx_word' id='word_1_839' title='bbox 1203 5764 1250 5816; x_wconf 78' lang='grc' dir='ltr'><strong>Α</strong></span> <span class='ocrx_word' id='word_1_840' title='bbox 1287 5763 1482 5833; x_wconf 82' lang='lat' dir='ltr'><strong>accepit</strong></span> <span class='ocrx_word' id='word_1_841' title='bbox 1527 5778 1668 5833; x_wconf 78' lang='lat' dir='ltr'><strong>esse,</strong></span> <span class='ocrx_word' id='word_1_842' title='bbox 1704 5763 1748 5821; x_wconf 88' lang='lat' dir='ltr'>D</span> <span class='ocrx_word' id='word_1_843' title='bbox 1778 5779 1887 5824; x_wconf 75' lang='lat' dir='ltr'><strong>esse</strong></span> <span class='ocrx_word' id='word_1_844' title='bbox 1917 5762 2136 5832; x_wconf 80' lang='lat' dir='ltr'><strong>accepit.</strong></span> <span class='ocrx_word' id='word_1_845' title='bbox 2213 5761 2257 5795; x_wconf 78' lang='grc'><strong>⁸⁹</strong></span> <span class='ocrx_word' id='word_1_846' title='bbox 2288 5760 2334 5818; x_wconf 84' lang='grc' dir='ltr'>Α</span> <span class='ocrx_word' id='word_1_847' title='bbox 2363 5761 2516 5816; x_wconf 85' lang='lat' dir='ltr'><strong>adeo.</strong></span> 
     </span>
    </p>
   </div>
   <div class='ocr_carea' id='block_1_105' title="bbox 433 5831 1268 5902">
    <p class='ocr_par' dir='ltr' id='par_1_105' title="bbox 433 5831 1268 5902">
     <span class='ocr_line' id='line_1_105' title="bbox 433 5831 1268 5902; baseline 0.004 -20"><span class='ocrx_word' id='word_1_848' title='bbox 433 5845 660 5899; x_wconf 66' lang='lat' dir='ltr'><strong>tempore</strong></span> <span class='ocrx_word' id='word_1_849' title='bbox 688 5847 799 5887; x_wconf 87' lang='lat' dir='ltr'><strong>om.</strong></span> <span class='ocrx_word' id='word_1_850' title='bbox 829 5832 896 5886; x_wconf 77' lang='grc' dir='ltr'><strong>Α.</strong></span> <span class='ocrx_word' id='word_1_851' title='bbox 972 5833 1018 5864; x_wconf 71' lang='grc'>⁸*</span> <span class='ocrx_word' id='word_1_852' title='bbox 1054 5831 1101 5888; x_wconf 76' lang='grc' dir='ltr'><strong>Α</strong></span> <span class='ocrx_word' id='word_1_853' title='bbox 1125 5848 1268 5902; x_wconf 83' lang='lat' dir='ltr'><strong>ergo.</strong></span> 
     </span>
    </p>
   </div>
   <div class='ocr_carea' id='block_1_106' title="bbox 716 5919 3329 5984">
    <p class='ocr_par' dir='ltr' id='par_1_106' title="bbox 716 5919 3329 5984">
     <span class='ocr_line' id='line_1_106' title="bbox 716 5919 3329 5984; baseline -0.002 -2"><span class='ocrx_word' id='word_1_854' title='bbox 716 5923 989 5984; x_wconf 74' lang='grc' dir='ltr'><strong>Ρηιιοι..</strong></span> <span class='ocrx_word' id='word_1_855' title='bbox 1035 5921 1290 5984; x_wconf 81' lang='lat' dir='ltr'><strong>CXXII.</strong></span> <span class='ocrx_word' id='word_1_856' title='bbox 1967 5940 1970 5943; x_wconf 92' lang='grc'><strong>·</strong></span> <span class='ocrx_word' id='word_1_857' title='bbox 2043 5946 2074 5970; x_wconf 85' lang='grc'><strong>-·</strong></span> <span class='ocrx_word' id='word_1_858' title='bbox 2112 5956 2142 5973; x_wconf 70' lang='grc'><strong><em>.‹</em></strong></span> <span class='ocrx_word' id='word_1_859' title='bbox 2290 5939 2296 5942; x_wconf 73' lang='grc'><strong>’</strong></span> <span class='ocrx_word' id='word_1_860' title='bbox 2413 5942 2432 5950; x_wconf 57' lang='grc'><strong>·’</strong></span> <span class='ocrx_word' id='word_1_861' title='bbox 2580 5931 2643 5942; x_wconf 70' lang='grc'><strong>·”’</strong></span> <span class='ocrx_word' id='word_1_862' title='bbox 3255 5919 3329 5976; x_wconf 77' lang='grc'>16</span> 
     </span>
    </p>
   </div>
   <div class='ocr_carea' id='block_1_107' title="bbox 2651 5547 3682 5621">
    <p class='ocr_par' dir='ltr' id='par_1_107' title="bbox 2651 5547 3682 5621">
     <span class='ocr_line' id='line_1_107' title="bbox 2651 5547 3682 5621; baseline 0.002 -15"><span class='ocrx_word' id='word_1_863' title='bbox 2651 5550 2674 5584; x_wconf 87' lang='grc'><strong><em>⁸</em></strong></span> <span class='ocrx_word' id='word_1_864' title='bbox 2721 5549 2812 5606; x_wconf 91' lang='lat' dir='ltr'><strong>Sic</strong></span> <span class='ocrx_word' id='word_1_865' title='bbox 2851 5547 3024 5621; x_wconf 81' lang='lat' dir='ltr'><strong>CDE;</strong></span> <span class='ocrx_word' id='word_1_866' title='bbox 3082 5548 3129 5604; x_wconf 79' lang='grc' dir='ltr'>Α</span> <span class='ocrx_word' id='word_1_867' title='bbox 3169 5557 3338 5621; x_wconf 58' lang='lat' dir='ltr'><strong>uocat.</strong></span> <span class='ocrx_word' id='word_1_868' title='bbox 3389 5547 3434 5621; x_wconf 52' lang='lat' dir='ltr'><strong><em>f</em></strong></span> <span class='ocrx_word' id='word_1_869' title='bbox 3467 5548 3513 5605; x_wconf 78' lang='grc' dir='ltr'><strong>Α</strong></span> <span class='ocrx_word' id='word_1_870' title='bbox 3538 5567 3682 5621; x_wconf 82' lang='lat' dir='ltr'><strong>ergo.</strong></span> 
     </span>
    </p>
   </div>
   <div class='ocr_carea' id='block_1_108' title="bbox 2508 5618 3684 5677">
    <p class='ocr_par' dir='ltr' id='par_1_108' title="bbox 2508 5618 3684 5677">
     <span class='ocr_line' id='line_1_108' title="bbox 2508 5618 3684 5677; baseline 0.001 -2"><span class='ocrx_word' id='word_1_871' title='bbox 2508 5622 2532 5656; x_wconf 81' lang='grc'><strong><em>⁸</em></strong></span> <span class='ocrx_word' id='word_1_872' title='bbox 2565 5621 2606 5675; x_wconf 84' lang='grc' dir='ltr'>Α</span> <span class='ocrx_word' id='word_1_873' title='bbox 2636 5629 2813 5674; x_wconf 82' lang='lat' dir='ltr'><strong>semet.</strong></span> <span class='ocrx_word' id='word_1_874' title='bbox 2891 5618 2932 5649; x_wconf 81' lang='lat'><strong>&quot;‘</strong></span> <span class='ocrx_word' id='word_1_875' title='bbox 2952 5635 3061 5673; x_wconf 83' lang='lat' dir='ltr'><strong>esse</strong></span> <span class='ocrx_word' id='word_1_876' title='bbox 3087 5633 3196 5673; x_wconf 88' lang='lat' dir='ltr'><strong>om.</strong></span> <span class='ocrx_word' id='word_1_877' title='bbox 3242 5618 3304 5673; x_wconf 92' lang='lat' dir='ltr'><strong>D.</strong></span> <span class='ocrx_word' id='word_1_878' title='bbox 3384 5619 3425 5652; x_wconf 81' lang='grc'>¹¹</span> <span class='ocrx_word' id='word_1_879' title='bbox 3465 5621 3506 5674; x_wconf 84' lang='grc' dir='ltr'>Α</span> <span class='ocrx_word' id='word_1_880' title='bbox 3551 5618 3684 5677; x_wconf 70' lang='lat' dir='ltr'><strong>esse.</strong></span> 
     </span>
    </p>
   </div>
   <div class='ocr_carea' id='block_1_109' title="bbox 2251 5688 3685 5755">
    <p class='ocr_par' dir='ltr' id='par_1_109' title="bbox 2251 5688 3685 5755">
     <span class='ocr_line' id='line_1_109' title="bbox 2251 5688 3685 5755; baseline -0.001 -9"><span class='ocrx_word' id='word_1_881' title='bbox 2251 5692 2293 5746; x_wconf 86' lang='grc' dir='ltr'><strong>Ι)</strong></span> <span class='ocrx_word' id='word_1_882' title='bbox 2331 5700 2387 5745; x_wconf 88' lang='lat' dir='ltr'><strong>et</strong></span> <span class='ocrx_word' id='word_1_883' title='bbox 2417 5688 2483 5746; x_wconf 70' lang='lat' dir='ltr'><strong>iu</strong></span> <span class='ocrx_word' id='word_1_884' title='bbox 2519 5691 2702 5746; x_wconf 83' lang='lat' dir='ltr'><strong>ﬁnem.</strong></span> <span class='ocrx_word' id='word_1_885' title='bbox 2803 5689 2846 5720; x_wconf 83' lang='lat'>“</span> <span class='ocrx_word' id='word_1_886' title='bbox 2884 5688 2976 5743; x_wconf 87' lang='lat' dir='ltr'><strong>Sic</strong></span> <span class='ocrx_word' id='word_1_887' title='bbox 3027 5689 3191 5755; x_wconf 73' lang='lat' dir='ltr'><strong>ACE;</strong></span> <span class='ocrx_word' id='word_1_888' title='bbox 3237 5689 3279 5742; x_wconf 88' lang='grc' dir='ltr'><strong>Ι)</strong></span> <span class='ocrx_word' id='word_1_889' title='bbox 3323 5691 3685 5745; x_wconf 77' lang='lat' dir='ltr'><strong>ostenduntur.</strong></span> 
     </span>
    </p>
   </div>
   <div class='ocr_carea' id='block_1_110' title="bbox 2617 5758 3688 5832">
    <p class='ocr_par' dir='ltr' id='par_1_110' title="bbox 2617 5758 3688 5832">
     <span class='ocr_line' id='line_1_110' title="bbox 2617 5758 3688 5832; baseline -0.002 -14"><span class='ocrx_word' id='word_1_890' title='bbox 2617 5759 2664 5795; x_wconf 83' lang='grc'><strong><em>²⁹</em></strong></span> <span class='ocrx_word' id='word_1_891' title='bbox 2715 5758 2762 5818; x_wconf 77' lang='grc' dir='ltr'>Α</span> <span class='ocrx_word' id='word_1_892' title='bbox 2796 5759 3120 5832; x_wconf 78' lang='lat' dir='ltr'><strong>permissam.</strong></span> <span class='ocrx_word' id='word_1_893' title='bbox 3197 5761 3238 5790; x_wconf 85' lang='grc'><strong>²¹</strong></span> <span class='ocrx_word' id='word_1_894' title='bbox 3280 5759 3373 5816; x_wconf 89' lang='lat' dir='ltr'><strong>Sic</strong></span> <span class='ocrx_word' id='word_1_895' title='bbox 3425 5758 3590 5826; x_wconf 83' lang='lat' dir='ltr'><strong>ADE;</strong></span> <span class='ocrx_word' id='word_1_896' title='bbox 3636 5767 3688 5816; x_wconf 71' lang='lat' dir='ltr'><strong>et</strong></span> 
     </span>
    </p>
   </div>
  </div>
