4194 6276
500 523 608 578 485

1882 511 2165 570 JOANNIS
2200 509 2400 570 εοοτι

3663 517 3768 577 184

497 636 753 706 temporis
794 632 1066 694 balmisse,
1120 631 1495 686 universaliter
1532 631 1597 684 de
1620 628 1894 692 omnibus,
1924 628 2014 696 qui
2052 629 2069 660 ¹
2101 629 2152 690 Α
2176 624 2372 694 majus,
2399 622 2532 678 nihil
2555 622 2726 678 minus
2768 631 2923 687 tenet,
2943 638 3101 692 quam
3130 623 3185 677 id
3210 624 3276 688 ",
3304 627 3446 695 quod
3474 639 3767 696 susceptum

498 726 715 780 futurae
773 720 1121 775 beatitudinis
1166 720 1460 788 participes
1509 726 1708 785 erunt,
1772 716 2073 787 intelligen-

498 821 624 870 dum
672 814 925 866 arbitror.
987 810 1187 865 Omnes
1241 809 1527 878 siquidem,
1574 809 1665 878 qui
1719 809 1785 862 ad
1830 815 2078 862 aeternas

496 921 625 961 suas
655 904 675 933 '
712 901 967 964 rationes,
1007 913 1146 968 quac
1192 913 1366 965 neque
1415 898 1623 951 initium
1682 896 1939 967 temporis
1981 909 2080 966 per

496 993 894 1065 generationem
944 990 997 1043 in
1054 987 1170 1042 loco
1211 995 1538 1056 temporeve,
1590 994 1764 1055 neque
1794 985 1953 1041 ﬁnem
1981 999 2080 1054 per

498 1081 885 1140 resolutionem
937 1078 1177 1142 habent,
1229 1090 1405 1145 neque
1454 1073 1562 1128 ulla
1615 1073 1769 1128 locali
1812 1074 2079 1143 positione

496 1170 1035 1232 circumscribuntur,
1089 1165 1359 1220 reversuri
1388 1172 1532 1225 sunt,
1572 1172 1632 1217 ut
1676 1163 1821 1223 solae
1843 1163 1864 1193 ⁸
1892 1163 1944 1217 in
1975 1164 2078 1229 eis,

496 1272 551 1317 ct
574 1261 647 1315 nil
676 1258 817 1313 aliud
844 1257 983 1321 sint,
1019 1254 1264 1324 proﬁecto
1288 1253 1433 1308 omni
1460 1252 1483 1283 δ
1509 1251 1667 1307 locali
1691 1251 2080 1320 temporalique

496 1353 729 1409 termino
754 1349 1035 1405 carebunt.
1058 1346 1264 1401 Causae
1285 1345 1429 1400 enim
1453 1344 1693 1400 omnium
1716 1358 1922 1409 rerum,
1940 1357 2080 1414 quae

497 1445 644 1500 omni
699 1448 849 1497 caret
902 1436 1423 1506 circumscriptione,
1449 1437 1703 1505 quoniam
1737 1432 1945 1490 inﬁnita
1970 1442 2076 1499 est,

497 1525 694 1591 inﬁniti
721 1535 775 1589 in
800 1531 1071 1587 inﬁnitum
1093 1529 1484 1583 adhaerebunt.
1505 1525 1662 1581 Solus
1684 1541 1916 1596 namque
1936 1526 2078 1580 Deus

498 1628 551 1680 in
608 1626 738 1696 ipsis
786 1620 1083 1691 apparebit,
1123 1618 1339 1689 quando
1380 1617 1638 1672 terminos
1684 1631 1810 1671 suae
1853 1625 2078 1671 naturae

497 1718 917 1782 transcendent;
948 1732 1054 1771 non
1087 1725 1145 1771 ut
1171 1716 1222 1771 in
1253 1716 1333 1769 eis
1363 1723 1553 1769 natura
1577 1698 1782 1793 pereat,
1808 1713 1902 1767 sed
1930 1720 1992 1766 ut
2022 1711 2078 1766 in

495 1807 578 1863 eis
601 1807 747 1863 solus
774 1814 1050 1877 appareat,
1075 1807 1165 1877 qui
1195 1806 1339 1861 solus
1367 1820 1493 1860 vere
1520 1813 1621 1859 est.
1654 1804 1718 1859 Et
1749 1805 1851 1859 boc
1878 1812 1962 1859 est
1984 1814 2080 1858 nae

495 1906 673 1953 turam
714 1900 1128 1953 transcendere:
1168 1904 1414 1951 naturam
1457 1910 1563 1949 non
1604 1907 1897 1965 apparere;
1939 1892 2079 1949 sicut

2179 716 2350 770 estad
2387 713 2776 784 explicandum.
2828 713 2995 767 Aliter
3043 714 3255 768 omnino
3285 716 3474 771 vitiosa
3500 728 3597 774 est.
3625 719 3764 777 Mss.

2180 790 2337 859 Clare
2387 803 2669 873 perspicis.
2724 801 2841 857 Non
2891 803 3039 857 enim
3087 803 3232 859 aliud
3266 806 3331 872 ",
3361 817 3577 878 praeter
3623 814 3766 882 quod

2180 894 2389 960 dixisti,
2428 894 2706 965 praedicta
2753 893 2892 949 ratio
2917 893 3123 963 appetit
3172 896 3418 952 suadere.
3473 899 3617 955 Disc.
3658 900 3766 957 Sel

2181 987 2367 1050 miror,
2400 1000 2501 1041 nec
2535 1000 2670 1056 pure
2690 985 2982 1056 perspicio,
3017 987 3288 1055 quomodo
3315 988 3557 1047 deﬁnitio
3584 992 3767 1061 cujus-

2180 1091 2393 1146 cunque
2416 1076 2685 1131 essentiae
2711 1091 2818 1131 non
2850 1075 2992 1130 intra
3020 1075 3215 1145 ipsam,
3243 1079 3339 1133 sed
3378 1090 3537 1136 extra
3570 1098 3691 1138 esse
3716 1082 3761 1116 “

2180 1163 2417 1229 dicatur,
2450 1164 2551 1219 hoc
2572 1172 2678 1229 est,
2703 1177 2880 1233 neque
2900 1170 3073 1218 totum
3098 1164 3288 1233 ipsius,
3318 1179 3491 1236 neque
3510 1183 3637 1238 pars
3657 1170 3763 1227 dici

2179 1256 2372 1311 valeat.
2413 1254 2551 1312 ch.
2584 1254 2860 1310 Attentior
2884 1252 3048 1325 igitur
3077 1255 3119 1287 ¹⁹
3146 1264 3290 1321 esto,
3316 1266 3450 1313 utet
3483 1258 3588 1314 hoc
3610 1259 3766 1330 plane

2181 1362 2497 1417 cognoscas.
2548 1347 2695 1401 Dtsc.
2756 1344 3026 1413 Quantum
3083 1346 3176 1402 lux
3228 1348 3455 1403 interior
3504 1351 3763 1405 admittit.

2182 1439 2322 1495 Mtte.
2358 1438 2474 1503 Dic,
2522 1450 2742 1506 quaeso,
2776 1451 2899 1491 cum
2935 1450 3115 1490 rerum
3162 1437 3406 1499 omnium
3434 1438 3540 1494 duo
3568 1453 3766 1510 genera

2179 1531 2317 1593 sint;
2349 1544 2513 1586 omne
2536 1529 2705 1596 enim,
2734 1528 2877 1599 quod
2913 1527 3108 1584 dicitur
3129 1542 3272 1596 esse,
3305 1538 3398 1586 aut
3418 1531 3631 1587 visibilc
3658 1543 3765 1598 est,

2179 1631 2233 1676 et
2252 1623 2297 1653 ³⁸
2328 1620 2579 1677 sensibus
2592 1621 2866 1691 corporeis
2888 1619 3202 1690 percipitur,
3226 1631 3319 1681 aut
3343 1622 3544 1693 percipi
3563 1631 3763 1693 potest,

2181 1721 2274 1765 aut
2302 1709 2593 1775 invisibile,
2636 1719 2691 1764 et
2725 1708 3109 1778 intelligentiae
3146 1709 3337 1766 obtutu
3365 1712 3760 1778 consideratur,

2180 1809 2274 1855 aut
2298 1799 2631 1856 considerari
2655 1799 2909 1871 possibile
2935 1809 3040 1867 est,
3065 1808 3159 1855 aut
3178 1815 3276 1871 per
3303 1815 3385 1869 se,
3410 1811 3508 1858 aut
3529 1817 3627 1874 per
3660 1803 3765 1858 ali.

2180 1892 2329 1962 quod
2351 1891 2454 1947 sibi
2479 1891 2778 1948 adhaerens
2812 1909 2826 1946 :
2857 1892 2912 1947 in
2935 1906 3045 1962 quo
3072 1893 3472 1964 praedictorum
3506 1909 3768 1967 generum

497 2001 612 2053 aer,
651 1997 711 2040 ut
758 2000 920 2055 saepe
966 1986 1225 2051 diximus,
1272 1984 1392 2038 luce
1441 1983 1630 2053 plenus
1680 1997 1785 2036 non
1831 1988 2075 2051 apparet,
2107 1972 2528 2037 Bdeﬁnitiones
2561 1979 2914 2050 essejudicas
2944 1982 3037 2036 “1'

499 2075 756 2145 quoniam
787 2076 898 2129 sola
930 2075 1019 2129 lux
1053 2082 1265 2143 regnat.
1296 2073 1449 2140 Quod
1476 2073 1637 2143 igitur
1664 2072 1685 2103 ⁸
1740 2072 1809 2125 de
1843 2069 2081 2140 generali

497 2164 637 2230 loco,
682 2165 1027 2234 generalique
1081 2174 1321 2233 tempore
1345 2162 1666 2218 universalis
1692 2170 1975 2216 creaturae
2005 2160 2083 2214 in-

498 2254 777 2323 telligitur,
806 2254 1115 2308 necessario
1144 2253 1208 2308 de
1229 2253 1462 2321 partium
1492 2252 1607 2319 ejus
1653 2251 1786 2306 locis
1819 2251 2079 2321 tempori-

497 2346 706 2415 busque
745 2344 1069 2417 specialibus
1097 2353 1151 2399 et
1178 2345 1413 2415 propriis
1436 2360 1466 2399 a
1495 2358 1709 2399 summo
1738 2359 1907 2414 usque
1932 2342 2082 2398 deor-

501 2451 620 2491 sum
677 2434 1005 2505 intelligetur
1025 2433 1067 2488 ⁶.
1096 2433 1379 2489 Praecedit
1405 2442 1586 2489 autem
1612 2432 1764 2488 locus
1809 2432 2079 2504 generalis

497 2535 815 2596 tempusque
841 2524 1092 2593 generale
1118 2526 1413 2580 secundum
1443 2523 1850 2595 intelligentiam
1871 2524 2076 2589 omnia,

500 2632 641 2687 quae
667 2618 721 2672 in
754 2616 835 2672 eis
866 2626 1010 2672 sunt.
1042 2615 1325 2671 Praecedit
1373 2616 1539 2687 igitur
1562 2617 1585 2648 "
1613 2615 1927 2687 specialium
1955 2629 2081 2686 pro-

494 2710 850 2782 priorumque
899 2709 921 2740 ⁸
984 2708 1222 2764 locorum
1267 2717 1678 2779 temporumque
1729 2707 1964 2777 cognitio
1989 2720 2075 2771 ea,

495 2816 636 2873 quae
679 2802 731 2856 in
779 2801 857 2856 eis
887 2800 1195 2872 specialiter
1223 2802 1548 2872 proprieque
1578 2798 1970 2870 intelllguntur.
1999 2797 2079 2852 Ac

495 2909 593 2967 per
614 2895 717 2950 hoc
743 2892 1102 2959 concluditur,
1129 2890 1212 2946 nil-
1250 2889 1393 2945 aliud
1422 2903 1541 2946 esse
1570 2888 1768 2956 locum,
1794 2889 1900 2943 nisi
1921 2895 2080 2942 natu-

495 2984 662 3040 ralem
695 2983 1100 3049 deﬁnitionem,
1154 2982 1480 3052 modumque
1540 2984 1585 3047 ’,
1646 2980 2078 3051 positionemque

493 3075 917 3147 uniuscujusque
936 3076 1050 3132 sive
1067 3074 1334 3144 generalis
1354 3073 1471 3127 sive
1493 3072 1739 3143 specialis
1763 3079 2073 3136 creaturae;

495 3168 948 3238 quemadmodum
993 3165 1067 3220 nil
1109 3164 1252 3218 aliud
1290 3172 1373 3218 est
1406 3163 1450 3195 ¹⁰
1482 3173 1713 3233 tempus,
1744 3162 1848 3217 nisi
1895 3176 2076 3217 rerum

494 3272 594 3329 per
618 3257 1018 3328 generationem
1042 3254 1309 3309 motiones
1339 3254 1380 3284 “
1412 3268 1479 3307 ex
1510 3267 1617 3307 non
1646 3267 1767 3307 esse
1790 3253 1842 3307 in
1858 3264 1980 3308 esse
2001 3252 2079 3305 in-

2253 2070 2344 2124 42.
2383 2070 2534 2126 Dtse.
2566 2068 2872 2125 Ridiculum
2902 2071 3062 2127 istuc.
3089 2070 3221 2139 Quis
3248 2072 3393 2128 enim
3427 2072 3627 2140 locum,
3669 2089 3765 2131 seu

2182 2162 2366 2229 ﬁnem,
2396 2176 2491 2216 seu
2518 2161 2906 2229 deﬁnitionem,
2946 2176 3039 2219 seu
3065 2162 3497 2235 qualemcunque
3524 2166 3761 2223 cireum—

2181 2253 2491 2323 scriptionis
2530 2254 2787 2322 speciem,
2838 2268 2943 2323 qua
2989 2253 3410 2326 uniuscujusque
3456 2256 3761 2315 substantia

2181 2342 2433 2407 ambitur,
2467 2342 2605 2396 inter
2628 2356 2715 2407 ea,
2745 2357 2888 2412 quae
2928 2343 3179 2399 sensibus
3205 2345 3484 2414 corporeis
3512 2359 3763 2401 succum-

2181 2435 2336 2499 bunt,
2348 2443 2494 2489 recte
2506 2433 2830 2503 sapientium
2843 2434 3105 2504 posuerit,
3126 2448 3249 2489 cum
3265 2435 3468 2499 videat,
3493 2434 3759 2490 terminos

2181 2523 2380 2589 lineae,
2424 2538 2517 2579 seu
2564 2522 2837 2593 trianguli,
2880 2538 2975 2579 seu
3005 2522 3231 2593 alicujus
3273 2523 3469 2594 planae
3494 2524 3766 2583 solidaeve

2183 2615 2386 2685 ﬁgurae
2430 2615 2772 2684 incorporeos
2825 2615 2980 2671 esse?
3014 2613 3279 2671 Punctum
3304 2614 3350 2647 “
3380 2614 3668 2685 siquidem,
3694 2631 3765 2673 ex

2181 2720 2290 2775 quo
2328 2706 2467 2761 linea
2504 2706 2714 2776 incipit,
2752 2706 2880 2763 etin
2913 2721 3019 2777 quo
3049 2706 3384 2770 terminatur,
3415 2721 3513 2763 nec
3534 2707 3676 2763 linea
3690 2707 3757 2769 ".

2176 2810 2284 2852 nec
2310 2812 2438 2868 pars
2485 2796 2601 2866 ejus
2638 2805 2744 2861 est,
2779 2798 2873 2853 sed
2916 2798 3177 2853 terminus
3205 2796 3395 2852 lineae.
3429 2795 3509 2851 Ac
3534 2812 3633 2868 per
3657 2798 3762 2854 hoc

2180 2885 2331 2941 locus
2358 2886 2474 2955 ejus
2502 2901 2601 2942 nec
2628 2900 2789 2941 sensu
2818 2886 3129 2957 percipitur,
3161 2885 3255 2941 sed
3293 2884 3407 2940 sola
3431 2887 3644 2943 ratione
3670 2900 3762 2942 co-

2180 2976 2401 3047 gitatur.
2437 2976 2678 3034 Punctus
2694 2977 2840 3033 enim
2872 2976 3142 3034 sensibilis
3161 2991 3290 3048 pars
3318 2976 3495 3032 lineae
3516 2985 3622 3043 est,
3655 2992 3762 3033 non

2125 3086 2129 3091 '
2180 3079 2360 3124 autem
2386 3067 2503 3137 ejus
2542 3068 2886 3141 principium,
2930 3083 3023 3125 seu
3072 3066 3214 3124 ﬁnis.
3264 3067 3526 3124 Similiter
3551 3077 3606 3125 et
3647 3069 3762 3139 ipsa

2180 3161 2321 3218 linea
2348 3162 2558 3217 ratione
2582 3160 2830 3217 consulta
2855 3162 3173 3232 incorporea
3220 3169 3324 3227 est,
3358 3168 3415 3215 et
3452 3169 3535 3217 est
3563 3161 3795 3237 princi-r

2187 3254 2334 3325 pium
2389 3253 2714 3323 superﬁciei.
2754 3254 2885 3309 ltem
2934 3253 3248 3325 superﬁcies
3293 3254 3609 3325 incorporea
3654 3265 3757 3322 est,

497 3324 865 3413 choa'tione“,
890 3346 1169 3418 ipsiusque
1184 3339 1361 3399 motus
1384 3358 1567 3398 rerum
1589 3342 1926 3397 mutabilium
1953 3357 2077 3397 cer-
2106 3324 2151 3387 Ο
2182 3324 2240 3399 et
2284 3352 2371 3397 est
2415 3343 2539 3399 ﬁnis
2570 3344 2768 3409 lineae,
2825 3344 3148 3415 principium
3187 3360 3317 3402 vero
3360 3346 3406 3378 ”
3450 3324 3754 3403 soliditatis.

496 3449 587 3495 tae
627 3437 1007 3502 dimensiones,
1039 3436 1210 3490 donec
1254 3435 1435 3491 veniat
1479 3435 1689 3491 stabilis
1719 3435 1859 3503 ﬁnis,
1888 3436 1943 3490 in
1969 3450 2078 3506 quo

494 3527 908 3583 immutabiliter
932 3527 1114 3582 omnia
1130 3526 1368 3613 stabunt.
1405 3527 1550 3583 Dtsc.
1577 3520 1842 3584 Clarescit
1885 3528 2077 3599 paulu-

495 3614 630 3679 lum,
654 3621 714 3668 ut
742 3627 887 3680 reor,
916 3613 1075 3684 lmjus
1099 3616 1528 3673 ratiocinationis
1563 3618 1811 3673 intentio.
1842 3618 1971 3674 Nam
2000 3618 2077 3673 nil

496 3703 644 3759 aliud
670 3704 891 3774 appetit,
931 3713 1193 3774 quantum
1231 3706 1362 3761 mibi
1388 3707 1548 3762 datur
1567 3707 1888 3780 intelligere,
1914 3722 2076 3777 quam

498 3803 557 3849 ut
599 3794 732 3849 nibil
787 3794 833 3829 ⁸⁸
866 3810 987 3851 εεεε
1032 3796 1212 3852 locum
1259 3797 1480 3853 suadeat
1531 3799 1597 3863 ⁸⁸,
1629 3798 1730 3853 nisi
1777 3798 2074 3854 naturalem

493 3884 1219 3957 uniuscujusque'creaturae
1238 3887 1624 3953 deﬁnitionem,
1656 3887 1796 3941 intra
1817 3903 1980 3958 quam
1997 3897 2074 3943 to-

496 3982 552 4029 ta
575 3975 903 4043 continetur,
932 3984 986 4031 et
1010 3984 1162 4031 extra
1184 3978 1346 4048 quam
1378 3976 1526 4033 nullo
1556 3977 1716 4033 modo
1745 3977 2074 4033 extenditur.

495 4066 574 4122 Ae
595 4080 694 4136 per
719 4069 821 4122 boc
844 4067 1002 4122 datur
1028 4067 1270 4139 intelligi,
1308 4068 1421 4123 sive
1463 4068 1642 4124 locum
1686 4068 1808 4138 quis
1854 4069 2075 4134 dixerit,

495 4157 610 4212 sive
658 4157 841 4222 ﬁnem,
892 4158 1007 4213 sive
1044 4159 1357 4225 terminum,
1388 4160 1503 4215 sive
1544 4159 1933 4225 deﬁnitionem,
1962 4158 2076 4217 sive

494 4246 1056 4319 circumscriptionem
1080 4287 1097 4315 ,
1145 4263 1312 4304 unum
1362 4249 1703 4320 idipsumque
1727 4249 2034 4321 signiﬁcare
2057 4288 2076 4317 ,

495 4341 755 4396 ambitum
784 4342 1036 4412 videlicet
1072 4341 1258 4399 ﬁnitae
1283 4352 1529 4397 naturae.

565 4429 677 4483 41..
700 4430 1061 4501 Quamvisque
1099 4433 1301 4488 multae
1328 4432 1699 4487 deﬁnitionum
1727 4431 1936 4500 species
1954 4432 2077 4502 quis

492 4518 721 4573 busdam
770 4533 890 4580 esse
926 4522 1243 4589 videantur,
1286 4521 1400 4577 sola
1441 4536 1505 4577 ac
1547 4536 1672 4577 vere
1708 4521 1823 4590 ipsa
1846 4522 2073 4577 dicenda

496 4617 581 4661 est
608 4606 872 4673 deﬁnitio,
900 4623 1039 4678 quae
1061 4624 1093 4663 a
1118 4611 1341 4667 Graecis
1366 4611 1634 4680 οὐσιὼδης,
1663 4627 1693 4667 a
1725 4612 1924 4668 nostris
1941 4628 2072 4668 vero

494 4694 797 4750 essentialis
824 4699 1003 4759 vocari
1035 4700 1330 4753 consuevit.
1364 4701 1516 4756 Aliae
1531 4703 1797 4772 siquidem
1825 4713 1919 4758 aut
1938 4719 2072 4759 con-

493 4786 902 4843 numeratioues
960 4788 1373 4859 intelligibilium
1422 4791 1659 4858 partium
1712 4796 1933 4860 οὐσίας,
1977 4803 2075 4850 aut

495 4878 985 4949 argumentationes
1013 4879 1276 4947 quaedam
1306 4880 1645 4935 extrinsecus
1687 4896 1784 4950 per
1823 4885 2070 4939 acciden-

495 4970 591 5035 tia,
625 4978 713 5025 aut
749 4969 1139 5040 qualiscunque
1169 4970 1211 5003 ¹⁸
1255 4969 1643 5026 sententiarum
1680 4970 1887 5040 species
1922 4982 2068 5027 sunt.

497 5060 627 5117 Sola
654 5079 783 5119 vero
835 5066 1083 5127 οὐσιώδης
1107 5065 1160 5120 id
1186 5064 1357 5121 solum
1390 5064 1579 5137 recipit
1599 5067 1665 5122 ad
1685 5066 2071 5133 deﬁniendum,

496 5156 639 5226 quod
677 5157 1062 5227 perfectionem
1112 5165 1357 5225 naturae,”
1401 5172 1562 5227 quam
1598 5157 1804 5224 deﬁnit,
1840 5159 2075 5230 complet

493 5263 561 5306 se
590 5251 824 5319 perlicit.
853 5250 1100 5320 Deﬁnitio
1149 5252 1313 5317 enim,
1356 5251 1512 5306 utait
1557 5250 1909 5322 Augustinus,
1940 5252 2073 5307 nihil

2182 3432 2438 3489 Soliditas
2472 3444 2686 3504 quoque
2723 3435 3041 3505 incorporea
3085 3445 3185 3498 est,
3231 3445 3287 3491 et
3311 3445 3396 3491 est
3438 3435 3557 3491 ﬁnis
3588 3437 3755 3491 totius

2178 3523 2543 3594 perfectionis.
2582 3524 2849 3596 Quicquid
2879 3526 3024 3582 enim
3050 3528 3104 3582 in
3126 3527 3241 3595 bis,
3269 3529 3322 3584 id
3349 3537 3454 3594 est,
3491 3530 3602 3585 sive
3627 3546 3760 3602 pun-

2178 3624 2346 3682 ctum,
2376 3616 2491 3672 sive
2507 3616 2724 3683 lineam,
2754 3617 2869 3673 sive
2900 3618 3264 3690 superﬁciem,
3294 3621 3408 3677 sive
3431 3621 3761 3679 soliditatem

2177 3707 2442 3765 visibilem
2470 3724 2763 3781 corporeus
2782 3725 2971 3772 sensus
3000 3715 3238 3785 attigerit
3267 3715 3336 3781 ³⁵,
3358 3714 3602 3786 profecto
3624 3714 3759 3784 ﬁgu-

2180 3812 2273 3854 rae
2303 3799 2720 3869 incorporalinm
2750 3815 2934 3861 rerum
2960 3812 3105 3870 sunt,
3138 3820 3245 3861 non
3275 3820 3463 3863 earum
3485 3805 3599 3876 ipsa
3629 3817 3759 3858 vera

2180 3889 2503 3958 substantia,
2532 3906 2673 3962 quae
2704 3894 3021 3965 incorporea
3059 3904 3161 3951 est.
3195 3896 3563 3967 Similiterque
3602 3906 3761 3952 natu-

2178 3981 2370 4037 ralium
2397 3998 2704 4055 corporum,
2738 3986 2854 4042 sive
2882 3986 3157 4043 sensibilia
3183 3989 3293 4043 sint
3316 4002 3414 4058 per
3448 3996 3761 4059 contempe-

2177 4076 2407 4131 rantiam
2434 4076 2843 4145 elementorum,
2873 4078 3068 4150 quibus
3095 4079 3414 4146 subsistunt,
3443 4081 3559 4138 sire
3584 4081 3757 4137 subti-

2176 4168 2328 4224 litate
2355 4169 2438 4223 sui
2461 4170 2714 4225 mortales
2742 4169 2967 4242 fugitant
2987 4172 3285 4240 contuitus,
3329 4172 3446 4228 solo
3481 4172 3759 4229 intellectu

2176 4267 2402 4313 naturae
2440 4257 2577 4314 ﬁnes
2611 4259 3028 4330 perspiciuntur.
3075 4260 3273 4318 Forma
3301 4260 3590 4333 siquidem,
3618 4273 3762 4335 quae

2175 4362 2390 4402 omnem
2434 4348 2714 4403 materiam
2749 4364 3037 4419 corporum
3060 4351 3106 4383 “
3140 4352 3400 4418 continet,
3440 4352 3760 4425 incorporea

2174 4447 2278 4494 est.
2304 4440 2421 4509 Ipsa
2441 4440 2604 4495 etiam
2623 4440 2670 4477 "
2694 4442 2967 4509 materies,
2992 4443 3037 4498 si
3062 4443 3185 4513 quis
3206 4444 3443 4499 intentus
3464 4446 3757 4516 aspexerit,

2175 4543 2243 4583 ex
2268 4531 2600 4600 incorporeis
2625 4531 2973 4601 qualitatibus
2992 4534 3291 4605 cepulatur.
3331 4534 3471 4591 Mm.
3496 4536 3682 4604 itaque
3702 4537 3755 4592 in

2177 4632 2374 4689 genere
2400 4619 2752 4675 invisibilium
2776 4620 2823 4652 "
2852 4621 3208 4689 deﬁnitiones,
3239 4638 3373 4694 quas
3397 4623 3545 4678 locos
3571 4638 3754 4678 rerum

2177 4707 2972 4777 circumscriptarumdixintus,
2995 4713 3243 4768 concludi
3256 4711 3581 4768 arbitraris?
3601 4710 3750 4785 Dleo.

2176 4795 2255 4852 ita
2283 4797 2497 4866 quidem
2520 4798 2760 4854 arbitror
2782 4808 2837 4855 et
2863 4801 2938 4856 nil
2959 4801 3162 4857 certius
3186 4801 3357 4856 video.

2243 4887 2335 4943 4'5.
2367 4887 2504 4945 Illac.
2552 4887 2719 4946 Recte
2747 4891 3021 4947 aestimas.
3058 4890 3163 4948 Sed
3208 4891 3333 4962 quia
3356 4891 3755 4963 iterumgenus

2178 4978 2524 5035 invisibilium
2554 4978 2609 5035 in
2651 4980 2848 5035 multas
2876 4980 3084 5049 species
3120 4979 3287 5039 dividi
3321 4980 3557 5051 patitur;
3585 4997 3755 5052 quae-

2176 5068 2303 5125 dam
2330 5070 2474 5126 enim
2506 5068 2858 5126 invisibilium
2908 5077 3053 5136 sum,
3096 5083 3234 5140 quae
3280 5069 3658 5141 intelliguntur
3696 5080 3756 5129 et

2178 5160 2501 5232 intelligunt,
2532 5160 3202 5233 quaedamintelliguntur
3226 5171 3413 5223 etnon
3426 5163 3755 5235 intelligunt,

2175 5254 2439 5323 quaedam
2488 5254 2532 5287 ⁸⁹
2556 5268 2732 5325 neque
2757 5253 3153 5326 intelliguntur,
3193 5270 3370 5327 neque
3410 5256 3750 5328 intelligunt:

1797 5405 2053 5462 VARIAE
2088 5405 2487 5467 LECTIONES.

573 5554 706 5635 [εἰς
724 5558 812 5613 Al)
828 5560 1041 5635 ;_Cqua,
1064 5559 1107 5615 E
1131 5577 1275 5635 quia.
1342 5542 1379 5590 λ’
1410 5576 1533 5635 suas
1559 5558 1762 5635 om.‘A_.
1833 5558 1854 5589 ³
1876 5557 1967 5635 Sic
1997 5558 2196 5635 ACDE.
2276 5560 2297 5592 δ
2318 5559 2601 5635 Sic_ADE;
2628 5561 2849 5635 genius.
2923 5562 2949 5597 ⁸
2975 5564 3019 5618 Δ
3040 5580 3184 5635 ergo.
3258 5565 3282 5598 ⁸
3304 5563 3397 5619 Sic
3415 5563 3585 5635 ABE;
3610 5564 3650 5618 (Σ
3673 5566 3753 5619 iu-

499 5623 804 5700 tglligimr;
823 5632 861 5700 ,ξ
881 5623 1091 5700 Α’γρνῄο.
1143 5623 1241 5685 ’⁸0
1260 5631 1608 5700 propriorum.
1636 5699 1646 5700 ί
1683 5629 1704 5658 ³
1729 5629 1773 5700 Α
1797 5630 2037 5700 modum.
2063 5698 2068 5700 _
2116 5631 2160 5662 ¹⁹
2181 5641 2256 5685 est
2288 5647 2376 5686 om
2407 5631 2468 5686 ι).
2553 5623 2596 5666 ’ί
2624 5631 2715 5687 Sic
2742 5632 2860 5700 DE;
2889 5623 3142 5689 motiones
3170 5650 3285 5689 om.
3311 5636 3385 5699 A;
3412 5633 3452 5688 C
3482 5623 3748 5689 morionis.

498 5694 1277 5774 “HSic_(}|)E;Ai31clt_ontio.
1324 5694 1400 5774 ,η
1449 5700 1538 5754 Sic
1567 5699 1704 5774 es;
1745 5697 1836 5752 AD
1862 5698 1963 5774 ηξι.Δ
2020 5698 2398 5774 3631mm.
2477 5694 3017 5774 ξιᾼσααιιεοιξηςυε.
3084 5704 3143 5774 is"
3172 5706 3228 5758 id
3250 5694 3429 5774 ωειλ.
3510 5702 3746 5774 "Dali-

532 5764 639 5813 m'd.
721 5765 764 5796 ¹⁸
808 5782 917 5817 case
956 5782 1063 5818 Olli.
1098 5770 1157 5818 Λ.

1236 5768 1282 5803 ⁸³
1306 5768 1522 5841 mergo.
1599 5769 1705 5841 νϐ
1737 5778 1845 5841 aut.
1879 5769 2276 5841 _A“LSic_CDE
2310 5787 2325 5835 ;
2372 5772 2417 5823 A
2461 5768 2689 5841 judicés.
2767 5775 2812 5807 ³³
2844 5768 2934 5829 Sic
2989 5773 3152 5839 CDE;
3209 5775 3255 5829 Α
3294 5773 3550 5827 Puncta...

3626 5774 3674 5805 κ
3707 5771 3749 5825 ἐς.

520 5830 636 5904 inea
683 5834 899 5913 cst-3m“
928 5834 1248 5913 SjanCpE.
1318 5837 1371 5869 ⁸⁵
1398 5825 1485 5890 ΠΕ
1515 5839 1798 5913 attingerit.
1876 5836 2229 5913 "_Sic_t2DE;
2260 5825 2654 5913 A'corpdream.
2724 5842 2769 5873 ’⁷
2798 5825 3062 5900 είέὐιὶε
3508 5825 3746 5898 ίῖιεὶεὶὺέρ

497 5897 643 5952 lium.
722 5898 887 5955 il“Sic
922 5901 1083 5967 CDE;
1128 5903 1171 5957 A
1194 5914 1337 5972 sunt,
1369 5921 1501 5975 quae
1522 5897 1811 5979 intelligant
1847 5916 1894 5964 et
1917 5897 2307 5983 intelliguntur,
2342 5897 2599 5995 quaedam
2624 5926 2777 5989 quae.
