4194 6276
404 569 512 625 ιὸὕ

1304 563 1364 619 Ἐ
1402 560 1743 618 DIVISIONE
1782 560 2132 617 NATUllAE.
2174 591 2242 600 -κ
2281 560 2483 615 LIBER
2519 560 2797 618 PRIMUS.

3585 567 3691 624 486

407 685 462 739 in
487 697 593 752 qua
616 680 1000 751 specieborum
1020 675 1358 732 deﬁnitiones
1378 675 1846 732 connumerandas
1869 690 1988 730 esse
2016 679 2061 736 Α
2092 685 2147 730 ει
2191 674 2334 728 aliud
2375 672 2492 742 ejus
2543 675 2803 730 deﬁnitio.
2856 674 3002 730 DISC.
3036 675 3195 731 Aliud
3220 691 3340 732 esse
3372 679 3558 734 video.
3573 679 3684 737 Sed

408 773 630 828 censes?
666 771 813 825 Disc.
843 768 898 823 ln
927 782 990 822 ea
1018 766 1282 837 profecto,
1313 781 1452 837 quae
1480 765 1729 836 intelligit
1753 774 1808 819 et
1837 764 1996 819 intel-

409 864 608 934 ligitur.
641 861 799 915 Actio
824 858 1095 928 siquidem
1125 857 1458 912 deﬁnitionis
1515 855 1891 911 ratiocinantis
1919 856 2001 910 in-

408 952 804 1024 telligentisque
830 961 1059 1005 naturae
1086 949 1230 1005 actio
1265 960 1369 1004 est.
1400 947 1538 1003 MAG.
1591 946 1700 1002 Nec
1725 946 1882 1001 aliter
1915 947 1996 999 vi-

405 1047 560 1101 detur
587 1060 711 1100 esse
734 1058 917 1114 posse.
948 1041 1106 1096 Nulla
1155 1029 1300 1096 enim
1350 1049 1568 1105 natura,
1598 1054 1737 1110 quae
1763 1039 1997 1108 seipsam

405 1128 514 1192 non
556 1135 811 1206 intelligit
838 1149 979 1199 esse,
1017 1141 1112 1186 aut
1137 1132 1219 1187 sui
1244 1131 1546 1201 aequalem,
1570 1138 1664 1184 aut
1690 1145 1749 1186 se
1783 1127 2001 1184 inferio-

407 1243 525 1284 rem
541 1233 723 1298 potest
743 1224 992 1280 deﬁnire.
1023 1223 1158 1279 Nam
1181 1225 1324 1293 quod
1349 1237 1510 1292 supra
1533 1237 1591 1278 se
1611 1231 1713 1288 εει,
1732 1221 2001 1292 quomodo

411 1328 593 1393 potest
639 1331 1009 1389 cognoscere,
1053 1317 1180 1371 dum
1228 1316 1344 1386 ejus
1384 1315 1630 1370 notitiam
1675 1330 1778 1370 non
1828 1315 2004 1370 valeat

417 1409 746 1481 superare‘?
771 1407 920 1463 Disc.
953 1406 1136 1463 Solius
1162 1421 1307 1485 ergo.
1337 1404 1716 1461 intellectualis
1755 1413 2000 1470 naturae,

418 1515 559 1572 quae
600 1501 654 1555 in
682 1500 900 1555 homine
944 1498 1242 1568 angeloque
1271 1497 1644 1562 constituitur,
1678 1496 2006 1552 deﬁnitionis

419 1593 726 1665 peritiaest.
774 1589 880 1646 Sed
928 1599 1108 1645 utrum
1151 1589 1380 1660 angelus
1415 1597 1509 1643 aut
1553 1589 1716 1645 homo
1745 1589 2008 1657 seipsum,

417 1691 510 1737 aut
536 1683 698 1736 homo
725 1679 999 1752 angelum,
1025 1688 1119 1735 aut
1143 1679 1369 1748 angelus
1403 1678 1676 1733 hominem
1709 1677 1881 1746 possit
1916 1678 2009 1732 de-

415 1773 592 1839 ﬁnire,
617 1787 722 1828 non
749 1786 918 1840 parva
949 1770 1198 1843 quaestio
1230 1779 1333 1826 est.
1367 1772 1443 1826 De
1471 1785 1598 1841 qua,
1629 1770 1759 1840 quid
1788 1769 1882 1824 tibi
1923 1770 2007 1824 vi-

416 1867 590 1929 detur,
624 1879 787 1919 nosse
817 1863 996 1935 cupio.
1019 1862 1162 1920 MAG.
1193 1863 1422 1919 Videtur
1471 1862 1602 1917 mihi
1645 1876 1821 1931 neque
1870 1863 2012 1930 seip-

415 1968 525 2019 ωε,
565 1967 742 2022 neque
779 1953 927 2007 inter
972 1967 1032 2009 se
1061 1953 1294 2008 invicem
1322 1950 1551 2007 deﬁnire
1592 1964 1752 2021 posse
1794 1953 1834 2005 ².
1872 1938 2009 2005 Nam

419 2145 502 2192 est
547 2146 602 2190 et
626 2135 836 2206 angelo.
868 2133 1040 2203 Majas
1063 2135 1210 2190 enim
1238 2141 1324 2189 est
1354 2134 1374 2164 ³
1422 2132 1568 2203 quod
1601 2133 1808 2199 deﬁnit,
1842 2149 2007 2202 quam

419 2224 563 2296 quod
589 2225 861 2280 deﬁnitur.
903 2224 1099 2278 Eadem
1131 2223 1198 2278 de
1233 2223 1426 2294 angelo
1447 2233 1532 2278 est
1557 2223 1716 2278 ratio.
1762 2222 1873 2279 Hos
1902 2224 2009 2278 ita-

420 2333 527 2387 que
551 2319 620 2372 ah
649 2317 765 2388 ipso
805 2316 942 2383 solo,
972 2317 1064 2386 qui
1094 2330 1190 2371 eos
1221 2315 1290 2371 ad
1318 2315 1610 2386 imaginem
1641 2329 1793 2372 suam
1823 2316 2012 2371 condi-

425 2409 524 2472 dit,
561 2407 774 2463 deﬁniri
821 2421 980 2476 posse
1028 2408 1284 2462 arbitror.
1325 2405 1469 2462 Dlsc.
1502 2405 1727 2462 Videtur
1755 2406 2011 2462 mihihac

428 2499 639 2558 ratione
660 2497 927 2561 concludi,
959 2511 1065 2552 non
1089 2497 1222 2552 alias
1249 2507 1475 2552 naturas
1503 2497 1810 2551 rationabili
1833 2497 2012 2553 animo

427 2587 665 2652 deﬁniri,
695 2587 800 2642 nisi
833 2585 1119 2642 inferiores
1146 2601 1204 2641 se
1230 2586 1274 2651 δ,
1328 2586 1443 2640 sive
1471 2586 1716 2642 visibiles
1737 2587 1864 2652 sint,
1901 2587 2014 2642 sive

425 2676 744 2732 invisibiles.
772 2675 912 2732 Meo.
939 2676 1195 2746 Quisquis
1226 2676 1338 2753 hoc
1359 2677 1578 2743 dixerit,
1612 2676 1841 2734 veritate
1862 2677 1883 2710 ⁵
1908 2691 2014 2732 non

422 2778 593 2826 errat.
626 2768 861 2839 Ideoque
888 2769 978 2824 ubi
1008 2767 1354 2825 deﬁnitiones
1411 2777 1536 2824 sunt
1560 2769 1586 2802 θ
1619 2784 1828 2836 eorum,
1877 2783 2016 2839 quae

427 2860 776 2928 deﬁniuntur,
809 2860 882 2915 ibi
911 2859 1153 2929 profecto
1173 2870 1229 2916 et
1258 2860 1364 2917 loci
1391 2876 1600 2927 eorum,
1623 2877 1761 2933 quae
1782 2861 2016 2918 circum-

430 2955 761 3010 scribuntur.
807 2952 1108 3010 Praedictis
1150 2955 1297 3010 enim
1360 2953 1657 3010 rationibus
1709 2952 2014 3012 confectum

430 3054 537 3111 est,
563 3045 740 3100 locum
768 3043 1140 3101 deﬁnitionem
1169 3060 1312 3111 esse,
1337 3054 1393 3102 et
1427 3044 1788 3109 deﬁnitionem
1813 3045 2012 3105 locum.

433 3137 584 3192 Dlsc.
635 3135 950 3192 Confectum
1001 3137 1227 3192 scilicet.
1282 3136 1424 3192 MAG.
1467 3136 1628 3207 Atqui
1675 3136 2019 3194 deﬁnitiones

432 3241 744 3297 corporum,
797 3239 1086 3294 rerumque
1134 3226 1342 3280 ratione
1393 3225 1718 3292 carentium,
1757 3241 1865 3282 non
1891 3227 2018 3282 alibi

431 3316 535 3371 nisi
570 3316 625 3370 in
658 3316 835 3370 anima
883 3314 1185 3371 rationabili
1227 3324 1371 3371 sunt.
1421 3317 1478 3370 In
1526 3332 1586 3372 ea
1616 3316 1800 3386 itaque
1833 3326 1888 3372 et
1917 3317 2019 3372 loci

424 3406 675 3462 omnium
703 3406 748 3472 ⁷,
785 3422 926 3477 quae
983 3405 1226 3462 localiter
1263 3409 1819 3478 coniurehenduntur.
1868 3407 1940 3462 At
1975 3409 2021 3466 si

426 3495 710 3552 rationalis
731 3496 914 3550 anima
944 3496 1260 3567 incorporea
1295 3507 1402 3565 est,
1424 3499 1567 3554 unde
1597 3498 1779 3555 nullus
1807 3499 2022 3570 sapiens

429 3593 658 3658 dubitat,
707 3591 1044 3659 necessario,
1074 3592 1329 3662 quicquid
1375 3593 1430 3648 in
1460 3607 1525 3648 ea
1560 3591 1898 3663 intelligitur,
1937 3593 2022 3656 in-_

430 3699 751 3757 corporeum
779 3698 905 3740 esse
935 3682 1282 3740 manifestum
1320 3693 1426 3752 est.
1465 3685 1532 3740 Et
1566 3685 1716 3740 locus
1744 3685 1800 3740 in
1841 3685 2022 3741 animo

431 3774 773 3845 intelligitur,
802 3775 946 3831 sicut
975 3775 1126 3844 prius
1149 3776 1332 3830 datum
1375 3785 1459 3831 est
1487 3776 1530 3830 ⁸.
1557 3775 1916 3846 lncorporalis
1939 3783 2022 3831 est

436 3865 604 3936 igitur
633 3865 678 3917 '.
727 3865 872 3921 Dtsc.
909 3856 978 3920 Et
1011 3867 1115 3921 hoc
1147 3865 1273 3934 jure
1329 3865 1644 3921 conclusum
1680 3866 1860 3922 video.
1897 3865 2023 3922 Sive

437 3956 582 4010 enim
617 3955 856 4026 angelica
882 3963 1073 4010 natura
1106 3971 1287 4010 rerum
1321 3956 1633 4032 inferiorum
1663 3972 1721 4012 se
1753 3956 2024 4012 deﬁnitio-

435 4062 536 4102 nes
563 4047 861 4112 contineat,
889 4056 946 4101 ut
981 4049 1281 4118 Augustino
1317 4048 1530 4103 videtur
1556 4047 1787 4118 placere,
1820 4061 1944 4101 nam
1967 4055 2023 4101 et

432 4137 609 4208 angeli
640 4136 897 4192 inferiora
944 4153 1004 4194 se
1030 4140 1324 4194 creduntur
1351 4138 1756 4204 administrare,
1797 4136 1910 4192 sive
1953 4137 2022 4192 ad

431 4231 787 4303 superiorase
807 4231 1298 4300 semperintendat,
1324 4231 1379 4287 id
1401 4239 1505 4296 est,
1533 4229 1601 4284 ad
1622 4243 1815 4284 causas
1839 4243 2021 4283 rerum

433 4329 709 4388 aeternas,
737 4321 862 4378 huic
900 4321 1098 4376 rationi
1137 4336 1244 4376 non
1269 4322 1469 4376 obstat.
1501 4319 1617 4375 Non
1648 4319 1792 4376 enim
1819 4333 1849 4372 a
1875 4319 2018 4373 veri-

436 4419 548 4467 tate
571 4411 756 4478 distat,
785 4419 847 4466 ut
867 4412 1042 4480 video,
1065 4413 1111 4470 si
1131 4413 1254 4484 quis
1293 4411 1680 4477 aestimaverit,
1724 4411 2018 4467 humanum

437 4500 704 4568 animum,
737 4503 964 4559 terrenis
995 4503 1172 4560 adhuc
1199 4503 1500 4574 plnntasiis
1526 4502 1860 4573 depressum,
1895 4512 2021 4556 cau-

435 4605 528 4647 sas
555 4600 771 4648 creatas
799 4594 1115 4650 inferiorum
1144 4609 1205 4652 se
1237 4602 1553 4649 naturarum
1583 4609 1740 4664 posse
1769 4605 2018 4662 compre-

433 4685 688 4754 hendere,
741 4689 791 4744 si
834 4704 970 4759 pure
1011 4689 1229 4756 vixerit,
1269 4687 1570 4760 angelicum
1605 4703 1736 4743 vero
1777 4685 2020 4742 omnium

433 4791 613 4834 rerum
643 4787 899 4838 aeternas
923 4789 1177 4853 appetere
1206 4781 1464 4847 rationes,
1492 4789 1546 4836 et
1583 4781 1649 4836 ad
1680 4782 1784 4836 hoc
1811 4795 2024 4852 semper

432 4872 660 4928 caritate
698 4879 883 4928 motus
909 4873 1206 4930 humanam
1250 4881 1498 4929 naturam
1529 4875 1825 4929 attrahere.
1879 4871 2015 4928 MAG.

437 4963 601 5021 [tecte
633 4966 805 5022 vides.
835 4966 1072 5023 Videsne
1108 4967 1306 5037 itaque,
1359 4983 1466 5022 non
1495 4967 1639 5022 aliud
1671 4981 1792 5022 esse
1821 4966 2031 5033 locum,

435 5057 539 5112 nisi
592 5059 862 5115 actionem
905 5059 1255 5130 intelligentis
1305 5068 1472 5128 atque
1500 5057 2024 5128 .comprehendentis

435 5147 634 5204 virtute
653 5149 1045 5220 intelligentiae
1067 5165 1152 5216 ea,
1171 5165 1312 5220 quae
1337 5147 1796 5220 comprehendere
1821 5156 2019 5218 potest,

430 5237 546 5294 sive
595 5240 872 5296 sensibilia
929 5243 1079 5306 sint,
1135 5242 1248 5297 sive
1282 5240 1556 5296 intellectu
1602 5239 2024 5310 comprehensa?

429 5327 596 5399 Atqui
620 5330 664 5361 "
684 5332 732 5386 si
760 5331 833 5387 ita
865 5341 970 5399 est,
993 5332 1139 5388 aliud
1167 5332 1332 5403 igitur
1369 5331 1411 5362 ¹¹
1443 5339 1527 5388 εει
1571 5329 1713 5388 ouod
1741 5330 2022 5394 deﬁnitur,

2109 766 2439 830 intellectus,
2465 767 2556 835 qui
2592 767 2828 836 seipsum
2865 767 3132 836 intelligit,
3170 769 3425 838 quoniam
3456 771 3696 840 seipsum

2103 856 2313 920 deﬁnit,
2338 859 2538 911 suimet
2568 855 2718 912 locus
2744 871 2864 911 esse
2894 857 3125 911 videtur.
3164 857 3304 913 MAG.
3337 858 3448 914 Nec
3474 862 3574 916 hoc
3603 862 3696 916 ab-

2103 949 2265 1001 surde
2295 947 2417 1016 quis
2449 947 2669 1011 dixerit,
2707 948 2751 1000 si
2783 946 2923 1002 ullus
2953 947 3261 1003 intellectus
3287 961 3410 1018 post
3436 951 3476 982 "
3503 953 3691 1016 Deum,

2104 1040 2193 1107 qui
2221 1039 2524 1095 intellectus
2548 1040 2791 1093 omnium
2833 1040 3050 1106 dicitur,
3081 1041 3316 1111 seipsum
3343 1052 3521 1111 potest
3548 1045 3700 1100 intel-

2105 1129 2296 1199 ligere.
2337 1129 2394 1184 Si
2424 1138 2605 1184 autem
2630 1131 2807 1184 omnis
2830 1129 3138 1184 intellectus
3160 1140 3376 1199 praeter
3401 1132 3568 1186 Deum
3593 1148 3699 1188 non

2107 1237 2136 1274 a
2167 1220 2366 1290 seipso,
2394 1221 2489 1275 sed
2541 1236 2570 1274 a
2615 1221 2879 1290 superiori
2907 1237 2965 1276 se
2997 1222 3483 1290 circumscribitur,
3523 1225 3704 1280 nullus

2108 1311 2411 1368 intellectus
2437 1313 2638 1367 suimet
2665 1314 2814 1369 locus
2836 1315 2960 1380 erit,
2985 1316 3078 1370 sed
3107 1315 3247 1370 intra
3278 1318 3614 1385 superiorem
3643 1335 3704 1386 se

2108 1405 2478 1459 collocabitur.
2506 1405 2575 1459 Et
2605 1407 2709 1460 hoc
2750 1405 2912 1476 paulo
2950 1407 3198 1477 superius
3234 1423 3414 1463 nonne
3437 1424 3706 1465 convene-

2112 1505 2195 1549 rat
2222 1481 2425 1561 “,non
2455 1496 2613 1550 aliter
2649 1498 2804 1552 esse?
2844 1498 2989 1553 Disc.
3024 1497 3098 1554 De
3128 1500 3232 1555 hoc
3259 1499 3386 1554 alibi
3413 1500 3573 1556 latius
3596 1501 3706 1556 dis-

2114 1585 2414 1655 putandum
2445 1585 2693 1640 aestimo.

2181 1675 2273 1747 44..
2331 1674 2486 1730 Nunc
2537 1684 2716 1730 autem
2765 1676 2810 1706 ’δ
2853 1677 3013 1731 velim
3038 1678 3200 1744 scire,
3249 1687 3431 1734 utrum
3460 1678 3604 1734 aliud
3625 1688 3710 1735 est

2112 1775 2305 1821 natura
2336 1767 2503 1821 animi
2539 1767 2865 1834 deﬁnientis,
2924 1769 2979 1822 id
3016 1780 3120 1834 est,
3165 1783 3347 1835 omne,
3376 1771 3521 1840 quod
3546 1772 3615 1825 ab
3643 1786 3709 1826 eo

2113 1857 2448 1928 intelligitur,
2472 1859 2797 1927 cognitionis
2813 1859 2931 1915 loco
2945 1861 3480 1930 comprehendentis,
3494 1871 3550 1916 et
3563 1861 3709 1916 aliud

2079 1948 2266 2020 ,locus
2291 1947 2427 2017 ipse,
2450 1962 2544 2002 seu
2570 1947 2810 2003 deﬁnitio
2852 1950 3011 2005 locati
3035 1951 3119 2005 vel
3159 1950 3387 2005 deﬁniti.
3429 1949 3570 2005 MAG.
3598 1949 3712 2006 Nec

417 2045 462 2101 si
503 2045 662 2099 homo
687 2043 928 2114 seipsum
951 2043 1034 2098 vel
1057 2043 1307 2114 angelum
1336 2041 1546 2106 deﬁnit,
1601 2042 1776 2111 major
1825 2042 2007 2113 seipso
2037 2035 2084 2096 Ι
2112 2041 2217 2096 hoc
2253 2041 2603 2112 inquisitione
2631 2042 2910 2114 indignum
2965 2058 3086 2100 esse
3131 2044 3310 2099 video.
3368 2043 3518 2098 Multi
3561 2043 3710 2099 enim
3796 2078 3804 2086 ο

2111 2134 2179 2189 (Ιε
2207 2134 2310 2189 hoc
2340 2133 2604 2188 dubitant.
2661 2133 2770 2190 Sed
2817 2135 3074 2204 quoniam
3114 2135 3378 2199 videmus,
3420 2134 3568 2189 aliud
3589 2148 3712 2189 esse
3774 2172 3786 2184 .

2114 2225 2436 2280 constitutas
2460 2224 2514 2279 in
2547 2225 2726 2304 anima
2753 2224 3006 2281 liberales
3030 2235 3198 2292 artes,
3224 2225 3370 2280 aliud
3392 2225 3568 2296 ipsam
3601 2225 3713 2280 ani-

2114 2334 2279 2384 mam,
2301 2333 2441 2389 quae
2461 2319 2616 2389 quasi
2640 2319 2970 2389 "quoddam
2997 2320 3044 2352 ¹⁶
3063 2320 3366 2391 subjectum
3391 2328 3475 2377 est
3491 2321 3711 2386 artium,

2119 2419 2264 2467 artes
2303 2426 2436 2467 vero
2484 2411 2648 2467 veluti
2681 2412 3064 2484 inseparabilia
3092 2413 3469 2485 naturaliaque
3494 2413 3712 2468 animae

2116 2501 2414 2558 accidentia
2439 2501 2689 2557 videntur
2709 2517 2848 2567 esse,
2867 2504 2997 2572 quid
3011 2517 3109 2559 nos
3129 2504 3398 2574 prohibet,
3420 2503 3711 2559 deﬁniendi

2117 2593 2453 2665 disciplinam
2502 2595 2644 2650 inter
2693 2604 2838 2651 artes
2882 2611 3102 2666 ponere,
3133 2597 3492 2666 adjungentes
3537 2595 3708 2651 diale-

2117 2685 2307 2748 cticae,
2365 2683 2520 2754 cujus
2569 2686 2875 2755 proprietas
2908 2693 3010 2751 est,
3059 2699 3241 2740 rerum
3267 2685 3529 2752 omnium,
3571 2699 3712 2755 quae

2119 2775 2341 2847 intelligi
2369 2783 2616 2847 possunt,
2653 2785 2878 2831 naturas
2919 2776 3177 2841 dividere,
3208 2775 3556 2844 conjungere,
3605 2775 3718 2830 dis-

2120 2884 2365 2934 cernere,
2407 2869 2763 2939 preprlosque
2816 2869 2965 2925 locos
3017 2869 3311 2938 unicuique
3343 2867 3715 2923 distribuere?

2119 2960 2294 3029 Atque
2333 2960 2452 3015 ideo
2495 2975 2526 3012 a
2557 2960 2892 3029 sapientibus
2936 2973 3062 3014 vera
3111 2973 3294 3014 rerum
3323 2957 3711 3029 contemplatio

2121 3053 2257 3108 solet
2292 3052 2569 3122 appellari.
2612 3051 2748 3107 Nam
2793 3066 2916 3108 cum
2946 3052 2999 3106 in
3043 3050 3194 3107 omni
3222 3048 3526 3105 rationabili
3558 3049 3723 3105 intel-

2123 3143 2458 3214 lectualique
2486 3152 2680 3198 natura
2713 3143 2816 3205 tria
2846 3138 3228 3213 inseparabilia
3270 3152 3590 3210 semperque
3637 3139 3722 3193 in.

2123 3233 2659 3304 eorruptibiliterque
2733 3234 2775 3266 "
2833 3232 3108 3288 manentia
3178 3232 3592 3287 considerentur
3629 3229 3716 3297 ³⁸,

2126 3328 2306 3382 οὐσίαν
2329 3325 2474 3390 dico,
2502 3332 2556 3380 et
2601 3325 2836 3398 δύναμιν,
2861 3325 3238 3400 ἐνέργειανιιιιε,
3262 3322 3366 3378 hoc
3389 3329 3494 3387 est,
3521 3334 3716 3376 essen-

2128 3417 2280 3482 tiam,
2296 3417 2573 3484 virtutem,
2596 3417 3005 3487 operationem;
3038 3416 3172 3471 haec
3192 3414 3336 3471 enim
3361 3422 3502 3469 teste
3524 3422 3720 3469 sancto

2127 3505 2380 3578 Dionysio
2427 3505 2470 3538 ¹⁹
2523 3505 2958 3576 inseparabiliter
3006 3505 3225 3561 sibimet
3270 3505 3598 3570 adhaerent,
3651 3519 3718 3560 ac

2125 3593 2289 3648 veluti
2311 3601 2457 3660 sunt,
2498 3603 2555 3648 et
2585 3610 2684 3650 nec
2721 3595 2905 3664 augeri
2934 3603 3038 3650 nec
3090 3595 3260 3649 minui
3304 3602 3555 3665 possunt,
3591 3607 3723 3664 quo-

2124 3685 2271 3740 niam
2321 3686 2649 3741 immortalia
2705 3695 2828 3741 sunt
2868 3694 3032 3756 atque
3063 3685 3424 3742 immutabilis
3453 3703 3466 3739 :
3493 3700 3621 3741 num
3672 3683 3722 3715 “

2127 3776 2220 3831 tibi
2246 3776 2539 3833 verisimile
2561 3777 2795 3842 videtur,
2814 3784 3106 3846 certaeque
3133 3777 3330 3831 rationi
3365 3775 3717 3839 conveniens,

2125 3884 2316 3924 omnes
2344 3869 2595 3924 liberales
2617 3869 2930 3939 disciplinas
2956 3869 3010 3922 in
3033 3882 3096 3923 ea
3114 3879 3290 3937 parte,
3314 3881 3453 3937 quae
3475 3867 3718 3942 ἓνᾶργεια,

2128 3959 2180 4015 id
2209 3967 2314 4025 est,
2338 3960 2584 4028 operatio
2604 3959 2816 4014 animae
2843 3959 3059 4024 dicitur,
3084 3957 3400 4012 aestimari?
3437 3956 3720 4026 Siquidem

2127 4067 2158 4106 a
2191 4048 2532 4120 philos0phis
2562 4050 2831 4106 veraciter
2860 4048 3166 4118 quaesitum
3199 4053 3584 4114 repertumque
3613 4050 3718 4109 est,

2126 4149 2270 4198 artes
2300 4154 2420 4195 esse
2443 4148 2720 4206 aeternas,
2746 4150 2803 4195 et
2831 4152 3046 4207 semper
3076 4134 3488 4191 immutabiliter
3507 4133 3722 4188 animae

2126 4233 2443 4296 adhaerere,
2476 4232 2551 4286 ita
2580 4240 2638 4285 ut
2664 4246 2776 4287 non
2822 4229 2977 4300 quasi
3007 4227 3308 4282 accidentia
3343 4225 3610 4293 quaedam
3647 4225 3722 4295 ip-

2125 4325 2236 4380 sius
2266 4338 2384 4379 esse
2417 4323 2723 4390 videantur,
2757 4323 2850 4378 sed
2880 4320 3154 4375 naturales
3183 4322 3415 4374 virtutes
3451 4316 3721 4370 actiones-

2122 4429 2248 4485 que,
2281 4413 2428 4467 nullo
2451 4412 2611 4467 modo
2638 4411 2707 4479 ab
2746 4427 2811 4467 ea
2841 4409 3175 4474 recedentes,
3211 4421 3310 4463 nec
3341 4405 3600 4462 recedere
3621 4421 3715 4462 va-

2123 4503 2315 4569 lentes,
2354 4519 2454 4560 nec
2479 4503 2694 4558 aliunde
2739 4501 3039 4564 venientes,
3067 4499 3160 4554 sed
3201 4487 3520 4552 naturafiter
3551 4497 3602 4551 ei
3629 4497 3720 4551 in-

2124 4598 2276 4662 sitas,
2302 4597 2376 4651 ita
2413 4604 2472 4650 ut
2501 4595 2809 4665 ambiguum
2833 4593 2926 4657 sit,
2949 4600 3135 4645 utrum
3161 4591 3312 4660 ipsae
3337 4587 3718 4644 aeternitatem

2126 4690 2174 4744 ei
2199 4696 2475 4758 praestent
2499 4688 2569 4751 ἰ,
2592 4687 2847 4756 quoniam
2879 4691 3131 4738 aeternae
3176 4682 3282 4736 sint
3299 4681 3366 4746 ³⁸,
3391 4680 3548 4752 eique
3575 4696 3720 4736 sem-

2125 4796 2223 4852 per
2248 4780 2578 4835 adhaereant
2607 4778 2672 4845 ³³,
2691 4785 2749 4833 ιιι
2778 4785 2999 4832 aeterna
3023 4776 3115 4842 sit,
3141 4791 3206 4830 an
3234 4777 3442 4830 ratione
3470 4771 3744 4843 subjecti,

2127 4875 2268 4944 quod
2319 4881 2402 4928 est
2437 4873 2638 4937 anima,
2671 4871 2880 4926 artibus
2921 4869 3218 4924 aeternitas
3269 4867 3740 4944 administratur;_

2125 4967 2270 5021 οὐσία
2302 4965 2446 5020 enim
2497 4963 2710 5018 animae
2737 4971 2791 5016 et
2812 4961 2986 5018 virtus
3012 4969 3066 5014 et
3095 4959 3236 5014 actio
3265 4967 3519 5011 aeternae
3558 4963 3715 5018 sunt;

2128 5074 2194 5112 an
2224 5058 2299 5111 ita
2337 5055 2438 5111 sibi
2466 5056 2692 5110 invicem
2728 5053 3126 5109 coadhaereant
3155 5047 3225 5114 “,
3252 5048 3378 5102 dum
3410 5058 3600 5099 omnes
3623 5058 3718 5096 ae-

2129 5158 2317 5206 ternae
2363 5148 2490 5213 sint,
2521 5154 2578 5200 ut
2606 5161 2635 5200 a
2667 5160 2724 5200 se
2750 5145 2979 5200 invicem
3029 5137 3302 5207 segregari
3348 5151 3455 5189 non
3488 5127 3733 5202 possint.

2200 5240 2290 5294 45.
2334 5239 2477 5293 Dise.
2508 5237 2640 5292 Huic
2667 5234 2880 5296 rationi,
2914 5229 3169 5302 quoniam
3213 5240 3338 5310 vera
3381 5232 3486 5287 est,
3531 5222 3716 5274 nescio

2132 5332 2253 5402 quis
2277 5332 2474 5386 audeat
2497 5327 2768 5384 reluctari.
2800 5324 2936 5380 Nam
2978 5321 3334 5394 quodcunque
3363 5315 3558 5370 horum
3598 5313 3720 5383 quis

1715 5485 1971 5542 VARIAE
2017 5483 2418 5543 LECTIONES.

503 5627 522 5658 ⁸
543 5626 633 5680 Sic
663 5621 877 5692 BCDE;
911 5625 955 5678 A
979 5641 1199 5680 sumere.
1280 5625 1300 5655 ‘
1349 5625 1389 5678 D
1416 5634 1602 5694 potest.

431 5763 576 5836 DAt.
658 5767 701 5798 ¹¹
729 5765 940 5836 Aergo.
1021 5767 1064 5798 “
1093 5765 1132 5819 Α
1155 5776 1339 5836 potest.

433 5835 477 5868 “
505 5837 776 5907 quoddam
805 5827 915 5907 om.
954 5836 1017 5891 Ι).
1097 5827 1264 5892 ’τ’δίε
1301 5836 1372 5902 Ε;
1400 5835 1442 5888 Α
1480 5827 1920 5905 incorruptibilia,
1953 5838 1995 5891 (Ζ
2033 5831 2517 5907 ἰηρρτνιιριίὺῇῇεγ,
2551 5831 2592 5884 D
2616 5827 3036 5907 incon-porpli‘ter.

429 5897 761 5978 tidérantur.
836 5905 879 5978 ξ’
906 5908 953 5962 D
973 5915 1152 5962 sancto
1184 5897 1432 5978 Dionyaio
1453 5915 1602 5962 teste.
1675 5897 1779 5962 ίδΛ
1801 5897 1924 5963 non.
2002 5908 2046 5939 ²¹
2075 5904 2168 5962 Sic
2192 5903 2319 5971 AE;
2353 5901 2441 5956 CD
2468 5897 2772 5972 praestant.
2832 5897 3043 5964 “.CDE
3073 5909 3216 5968 sunt.

430 5977 470 6008 '-
515 5976 609 6036 Sic
629 5977 795 6048 CDE;
823 5976 870 6035 Α
899 5979 1229 6038 cohaereant.

1682 5625 1704 5656 ³
1732 5624 1820 5678 AD
1884 5633 1958 5679 est
1985 5624 2144 5677 enim.
2221 5621 2242 5652 ⁸
2278 5620 2370 5676 Sic
2399 5620 2570 5684 ADE;
2617 5617 2658 5672 C
2703 5617 2803 5670 nisi
2832 5614 3056 5684 inferior
3082 5629 3211 5666 esse.
3291 5612 3312 5643 ⁸
3341 5610 3432 5667 Sic
3474 5611 3638 5684 CDE;
3667 5613 3712 5666 A

429 5695 732 5766 nveritate.
811 5696 832 5726 ⁸
854 5687 974 5749 sunt
1000 5711 1110 5750 om.
1135 5697 1199 5750 Α.
1275 5696 1297 5729 ⁷
1328 5687 1424 5750 Sic
1451 5694 1614 5766 CDE;
1644 5696 1686 5750 A
1726 5695 1829 5751 loci
1877 5704 1997 5749 sunt
2024 5693 2285 5748 omnium.
2363 5691 2384 5722 ⁸
2413 5701 2484 5744 est
2509 5705 2614 5744 om.
2648 5687 2707 5739 Ι).
2784 5688 2806 5721 ⁸
2826 5687 3041 5766 Auergo.

1422 5765 1465 5797 “
1495 5755 1772 5828 Sic-CDE;
1823 5769 1866 5818 A
1895 5780 2072 5820 nonne
2110 5765 2248 5818 inter
2296 5777 2386 5815 nos
2437 5766 2786 5814 convenerat.
2865 5755 2911 5828 "ﬁ
2947 5755 2987 5808 D
3017 5772 3150 5808 νει-ο.

3123 5684 3164 5714 ιο
3186 5684 3275 5736 su:
3303 5684 3422 5747 ea;
3457 5683 3499 5734 A
3525 5683 3712 5752 Αιίμιιι,

3235 5755 3276 5786 ¹⁵
3321 5754 3471 5828 quasi
3503 5767 3610 5828 oin.
3647 5755 3710 5804 Α.

3119 5827 3161 5858 ¹⁸
3194 5825 3287 5881 Sic
3315 5822 3479 5887 CDI‘I;
3509 5823 3554 5875 Α
3593 5839 3719 5878 con.

3119 5909 3216 5950 ιω.
3320 5895 3364 5926 ³³
3392 5893 3484 5950 Sic
3511 5891 3712 5947 ACDE.
