4194 6276
489 462 593 522 18⁸1

1865 458 2146 517 JOANNIS
2183 458 2381 517 SCOTI

3649 464 3761 522 486

492 578 809 646 ﬁrmaverlt,
830 578 1155 649 rationijnon
1172 576 1674 634 resistit.Ultimum
1700 586 1900 645 tamen,
1921 578 2065 648 quod
2094 582 2140 641 Λ
2168 576 2339 649 possit
2373 576 2573 643 dicere,
2606 591 2665 633 se
2687 577 2726 609 “
2758 559 2964 633 certum
2995 580 3169 636 locum
3191 550 3429 638 ﬂuminis
3456 585 3755 655 possidere,

491 687 524 727 a
550 680 604 726 te
630 658 880 740 ‘posit'um
929 676 1035 732 est,
1083 669 1432 724 verisimilius
1477 685 1597 726 esse
1643 669 1842 727 ceteris
1867 669 2064 726 elucet.

490 761 600 817 Sed
618 768 679 815 ut
699 759 766 815 ad
800 758 994 814 eadem
1018 760 1036 791 ί
1060 760 1364 826 redeamus,
1408 775 1515 815 non
1552 761 1684 815 mihi
1699 761 1855 830 plane
1880 768 2065 832 patet,

486 851 758 924 quomodo
802 847 957 908 οὒσὶα
982 850 1096 906 sive
1118 851 1173 905 in
1198 851 1507 921 generibus,
1531 851 1645 907 sive
1672 852 1726 905 in
1758 853 2067 921 speciebus,

488 945 603 1000 sive
621 944 675 998 in
696 932 894 999 atomis
919 942 1127 998 deﬁniri
1149 943 1341 1013 possit,
1356 958 1477 999 cum
1503 944 1556 999 in
1579 946 1874 1015 praedictis
1896 947 2063 1002 ratio-

487 1034 648 1090 nibus
679 1034 837 1105 hujus
876 1033 1039 1089 libelli
1077 1033 1388 1090 conclusum
1418 1034 1510 1099 sit,
1535 1050 1654 1090 eam
1676 1036 1806 1091 nulli
1836 1038 1858 1068 ³
1885 1039 2066 1094 sensui

487 1138 769 1195 corporeo,
802 1124 932 1180 nulli
961 1123 1304 1180 ‘intellectui
1335 1127 1874 1194 comprehensibilem
1920 1143 2065 1184 esse.

484 1217 626 1275 MAG.
654 1221 847 1276 Οὐσίαν
869 1231 969 1288 per
991 1217 1226 1288 seipsam
1251 1216 1495 1283 deﬁnire,
1524 1224 1578 1273 et
1598 1219 1799 1286 dicere,
1820 1220 1949 1289 quid
1973 1220 2065 1287 sit,
2116 1205 2128 1221 ’

485 1320 647 1363 nemo
673 1316 870 1379 potest.
903 1307 983 1362 Ex
1009 1307 1096 1364 his
1137 1315 1348 1375 autem,
1382 1320 1521 1378 quae
1560 1308 1995 1379 inseparabiliter
2017 1311 2068 1366 ei

492 1401 801 1467 libaerent,
827 1409 883 1456 et
909 1399 1027 1456 sine
1059 1399 1254 1470 quibus
1300 1413 1421 1456 esse
1447 1414 1554 1457 non
1602 1408 1817 1471 potest,
1844 1400 2070 1473 ex_loco

485 1492 607 1548 dico
628 1500 684 1548 et
705 1490 1219 1563 tempore—omnis
1244 1492 1386 1548 enim
1408 1493 1561 1550 οὐσία
1579 1491 1647 1547 de
1667 1491 1836 1547 nihilo
1859 1500 2065 1559 creata,

484 1581 674 1639 lecalis
706 1582 1126 1652 temporalisque
1165 1591 1277 1649 est;
1315 1582 1501 1639 lecalis
1531 1583 1769 1654 quidem,
1799 1584 1924 1655 quia
1971 1585 2070 1640 ali-

481 1682 591 1742 quo
612 1672 772 1728 modo
801 1679 906 1739 est,
934 1672 1191 1742 quoniam
1220 1671 1429 1728 inﬁnita
1459 1687 1567 1729 non
1610 1683 1724 1740 est;
1757 1674 2068 1745 temporalis

484 1774 639 1828 vero,
664 1762 922 1833 quoniam
949 1762 1168 1819 inchoat
1187 1775 1337 1829 esse,
1351 1762 1497 1833 quod
1518 1776 1624 1819 non
1652 1764 2071 1820 erat—solum:-

480 1851 642 1925 mede
664 1851 881 1909 deﬁniri
910 1862 1106 1924 petest.
1153 1855 1316 1913 οὐσία
1343 1854 1529 1925 itaque
1567 1854 1717 1911 nullo
1745 1856 1905 1911 modo
1935 1855 2067 1911 deﬁ-

2173 683 2296 723 cum
2322 675 2534 723 constet
2564 668 2640 735 “,
2686 669 2805 724 sine
2834 669 2941 724 ulla
2969 668 3371 728 intermissione
3414 673 3545 730 illud
3582 685 3760 734 trans-

2172 758 2256 814 ire
2283 776 2296 814 :
2325 760 2401 814 ita
2429 773 2589 815 nemo
2613 760 2774 817 debet
2812 760 2994 817 dicere
3028 763 3205 818 locum
3234 766 3477 835 corporis
3502 769 3586 823 sui
3613 770 3755 827 hunc

2171 865 2351 906 aerem
2374 890 2391 917 ,
2422 851 2538 907 sine
2565 851 2675 906 ulla
2718 852 3122 909 intermissione
3168 855 3454 924 mobilem,
3502 859 3757 930 nulloque

2115 925 2134 951 ⁸
2172 944 2432 1014 temporis
2481 952 2757 999 memento
2801 952 3059 1001 stantem.
3113 944 3171 1002 Si
3218 959 3396 1003 autem
3452 950 3575 1021 quis
3625 925 3754 1007 huic

2171 1034 2369 1089 rationi
2422 1033 2681 1103 obiecerit
2740 1042 2980 1101 terram,
3039 1037 3309 1107 quoniam
3351 1053 3563 1110 semper
3604 1048 3749 1107 stat,

2171 1140 2456 1195 corporum
2476 1123 2599 1193 jure
2625 1125 2883 1195 appellari
2908 1126 3110 1194 locum,
3136 1128 3316 1183 videat
3342 1129 3612 1195 similiter,
3642 1139 3773 1186 ter-t

2172 1230 2286 1268 ram
2318 1216 2599 1271 materiem
2632 1229 2919 1286 corporum
2958 1232 3101 1284 esse,
3130 1233 3241 1274 non
3263 1218 3459 1275 locum.
3490 1220 3625 1288 Quis
3657 1236 3754 1276 au-

2173 1316 2280 1361 tem
2317 1306 2602 1361 materiam
2639 1321 2929 1377 corporum
2971 1310 3269 1366 eorundem
3299 1324 3421 1367 esse
3446 1310 3622 1367 locum
3670 1327 3757 1367 ra-

2172 1396 2317 1451 tione
2346 1404 2508 1452 utens
2537 1395 2736 1452 audeat
2761 1398 2961 1465 dicere,
2989 1401 3311 1470 praesertim
3349 1417 3477 1458 cum
3504 1403 3753 1470 materia,

2171 1500 2269 1557 per
2298 1488 2529 1558 seipsam
2566 1490 2782 1545 ratione
2814 1491 3177 1559 considerata,
3213 1507 3317 1549 nec
3350 1493 3405 1548 in
3445 1501 3624 1561 metu,
3652 1508 3760 1554 nec

2171 1578 2227 1633 in
2253 1587 2396 1634 statu
2436 1580 2548 1635 sit!
2578 1581 2638 1636 In
2667 1591 2817 1639 motu
2845 1583 3109 1654 siquidem
3151 1600 3259 1640 non
3292 1595 3408 1652 est,
3443 1588 3589 1656 quod
3610 1603 3754 1645 nom

2171 1669 2300 1724 dum
2322 1670 2702 1729 inchoatcerta
2728 1666 2903 1729 forma
2928 1674 3215 1731 contineri.
3237 1675 3373 1731 Nam
3396 1691 3497 1748 per
3519 1676 3752 1734 formam

2170 1767 2417 1814 movetur
2449 1762 2708 1828 materia;
2739 1762 2857 1818 sine
2897 1762 3071 1819 forma
3113 1764 3158 1796 ι’
3198 1765 3489 1822 immobilis
3523 1779 3645 1835 est,
3690 1775 3755 1824 ut

2158 1847 2364 1907 ‘Graeci
2392 1851 2596 1908 velunt.
2623 1853 2739 1920 Quo
2760 1854 2904 1909 enim
2927 1855 3249 1923 movebitur,
3275 1857 3417 1927 quod
3442 1858 3588 1913 nullo
3608 1858 3751 1926 loco,

477 1942 628 1999 nitur
652 1943 781 2014 quid
801 1952 902 2009 est,
936 1943 1032 1999 sed
1055 1941 1329 2011 delinitur,
1357 1946 1483 2014 quia
1514 1953 1615 2001 est.
1658 1944 1738 2000 Ex
1770 1946 1888 2002 loco
1912 1961 2071 2001 nam-
2099 1958 2146 2018 Β
2177 1929 2323 1997 nullo
2352 1951 2595 2015 tempore
2623 1954 2774 2000 certe
2807 1944 2984 2000 adhuc
3026 1949 3339 2002 coartatur?
3368 1946 3561 2004 Nec‘in
3609 1956 3754 2004 statu

477 2051 608 2109 que,
631 2044 692 2091 ut
714 2035 950 2093 diximus
970 2077 985 2103 ,
1016 2044 1071 2092 et
1114 2046 1374 2107 tempore,
1403 2036 1879 2107 accidentibusque
1920 2038 2060 2105 aliis,

480 2142 622 2202 quae
660 2129 777 2186 sive
804 2130 860 2185 in
888 2129 1025 2200 ipsa,
1052 2144 1147 2186 seu
1178 2138 1333 2186 extra
1368 2129 1740 2202 intelliguntur
1765 2145 1916 2197 esse,
1944 2140 2063 2187 tan-

480 2220 762 2276 tummodo
790 2218 969 2287 datur,
998 2233 1104 2275 non
1130 2218 1259 2290 quid
1293 2220 1383 2286 sit,
1415 2219 1510 2275 sed
1549 2219 1674 2290 quia
1718 2227 1820 2275 est.
1850 2220 1918 2275 Et
1960 2221 2064 2278 hoc

479 2309 805 2381 generaliter
845 2309 912 2364 de
957 2309 1104 2364 omni
1131 2311 1284 2367 οὐσία
1332 2309 1446 2365 sive
1490 2308 1919 2380 generalissima,
1949 2310 2064 2367 sive

478 2403 891 2474 specialissima,
918 2403 1032 2459 sive
1058 2401 1256 2470 media,
1281 2415 1389 2458 non
1427 2403 1720 2473 incongrue
1755 2402 1877 2473 quis
1914 2402 2063 2458 dixe-

480 2495 574 2551 rit.
628 2494 763 2549 Nam
797 2503 854 2550 et
900 2508 1064 2550 causa
1098 2492 1420 2561 emnium‘,
1463 2506 1603 2565 quae
1645 2492 1789 2549 Deus
1827 2501 1943 2559 est,
1992 2508 2060 2550 ex

480 2588 583 2655 his,
616 2603 759 2659 quae
783 2588 850 2644 ab
875 2601 939 2643 ea
960 2587 982 2620 '
1003 2586 1219 2643 condita
1234 2595 1384 2654 sunt,
1411 2584 1748 2642 solummodo
1774 2586 2061 2653 cognosci-

478 2687 572 2736 tur
597 2695 746 2747 esse;
776 2678 923 2736 nullo
948 2692 1079 2736 vero
1105 2687 1477 2735 creaturarum
1521 2688 1842 2749 argumento
1877 2693 2065 2749 possu-

478 2787 603 2829 mus
632 2770 954 2843 intelligere,
975 2770 1108 2841 quid
1132 2769 1206 2825 sit
1232 2788 1246 2825 :
1278 2778 1439 2841 atque
1469 2770 1591 2825 ideo
1619 2769 1730 2825 sola
1774 2769 1909 2824 haec
1931 2769 2064 2826 deﬁ-

476 2861 617 2917 nitio
641 2860 709 2916 de
737 2862 848 2917 Deo
883 2860 1244 2931 praedicatur,
1293 2861 1422 2932 quia
1467 2867 1574 2926 est,
1617 2860 1711 2930 qui
1749 2859 1871 2930 plus
1896 2873 2063 2930 quam

476 2964 600 3008 esse
618 2959 721 3009 est.
750 2951 896 3008 Dlsc.
923 2950 1063 3008 Huic
1079 2943 1295 3023 quoque
1315 2950 1510 3007 rationi
1542 2963 1702 3008 nemo
1730 2964 1863 3006 sane
1905 2949 2062 3007 intel~

478 3045 781 3119 ligentium,
811 3053 874 3101 ut
900 3044 1113 3116 opinor,
1141 3044 1398 3101 obstabit.

546 3159 639 3216 46.
679 3157 820 3214 MAG.
858 3155 1013 3213 Nunc
1043 3147 1207 3227 igitur
1235 3153 1349 3211 sole
1386 3151 1615 3209 lucidius
1655 3152 1938 3223 perspicis,
1968 3165 2063 3208 eos

475 3268 597 3311 esse
623 3249 967 3316 deridendes,
994 3248 1103 3303 imo
1149 3246 1314 3301 etiam
1340 3245 1362 3277 '
1402 3243 1683 3310 delendas,
1729 3258 1792 3298 ac
1819 3258 1920 3314 per
1953 3243 2059 3298 hoc

2167 2041 2273 2098 est,
2304 2034 2427 2103 quia
2463 2034 2697 2089 nondum
2742 2033 2906 2091 ﬁnem
2944 2051 3076 2094 suae
3114 2038 3161 2069 "*
3201 2038 3552 2107 perfectionis
3578 2043 3756 2112 possi-

2164 2124 2274 2179 det.
2305 2122 2492 2179 Status
2533 2125 2798 2195 siquidem
2844 2127 2968 2183 ﬁnis
3013 2130 3273 2187 motionis
3317 2140 3421 2188 est.
3471 2132 3753 2199 Quomodo

2164 2226 2342 2270 autem
2372 2224 2555 2286 potest
2600 2217 2655 2272 in
2694 2224 2839 2273 statu
2880 2220 3021 2287 ﬁeri,
3070 2221 3213 2290 quod
3261 2236 3371 2277 non
3418 2225 3597 2294 coepit
3631 2222 3748 2294 jam

2161 2307 2363 2361 moveri
2376 2307 2399 2360 7
2414 2307 2693 2374 Quomodo
2711 2308 2934 2377 igitur“
2949 2312 3175 2367 materia
3197 2314 3444 2383 corporis
3455 2314 3607 2373 locus
3620 2330 3748 2372 cor-

2161 2399 2330 2470 poris,
2364 2402 2507 2471 quod
2541 2415 2609 2456 ex
2652 2414 2717 2456 ea
2758 2404 3073 2471 cmﬁcitur,
3106 2414 3287 2475 potest
3334 2422 3473 2475 esse,
3525 2422 3649 2465 cum
3695 2420 3751 2467 et

2162 2489 2277 2561 ipsa
2312 2490 2367 2545 in
2398 2491 2575 2560 seipse
2602 2491 2750 2548 nullo
2773 2502 2929 2550 certe
2956 2494 3094 2561 loco,
3120 2510 3217 2551 seu
3242 2498 3419 2563 modo,
3453 2512 3548 2555 seu
3574 2498 3749 2556 forma

2163 2583 2659 2651 circumscribatur,
2689 2584 2836 2639 nulla
2876 2595 3025 2642 certa
3071 2587 3283 2643 ratione
3316 2588 3605 2656 deﬁnitur,
3644 2592 3749 2649 nisi

2163 2689 2260 2745 per
2307 2674 2650 2745 negationem
2696 2675 2782 2731 ὀἳ
2833 2675 3071 2747 Negatur
3131 2678 3311 2746 enim,
3374 2678 3576 2750 aliquid
3624 2694 3747 2737 esse

2157 2779 2350 2821 eorqu
2384 2765 2449 2832 ",
2478 2779 2618 2836 quae
2646 2772 2792 2833 sunt,
2825 2781 2945 2822 cum
2973 2781 3039 2822 ex
3059 2782 3131 2849 ea
3159 2769 3361 2835 omnia,
3394 2782 3533 2840 quae
3558 2778 3743 2826 creata

2164 2864 2311 2923 sunt,
2342 2858 2560 2913 condita
2584 2871 2704 2913 esse
2731 2859 3015 2914 credantur
3037 2859 3100 2913 ³⁸.
3132 2858 3272 2914 ltem‘
3294 2861 3340 2915 si
3374 2868 3557 2930 partes
3584 2858 3747 2932 hujus

2164 2945 2392 3003 visibilis
2438 2947 2624 3003 mundi
2671 2954 2983 3004 nostrorum
3030 2958 3318 3018 corporum
3366 2963 3464 3006 seu
3512 2950 3746 3006 aliorum

2162 3037 2281 3095 loca
2305 3049 2452 3106 sunt,
2485 3041 2602 3097 loca
2621 3050 2807 3098 nostra
2833 3054 3046 3111 semper
3066 3054 3187 3098 esse
3211 3055 3319 3096 non
3339 3049 3586 3112 possunt.
3609 3044 3746 3099 Dum

2164 3130 2311 3187 enim
2336 3146 2533 3202 corpus
2561 3130 2841 3201 cujusdam
2867 3133 3116 3190 animalis
3145 3133 3379 3189 solutum
3405 3134 3591 3203 fuerit,
3621 3148 3747 3205 par-

2166 3230 2354 3293 tesque
2384 3222 2526 3279 illius
2558 3223 2628 3278 ad
2653 3224 2810 3279 sedes
2838 3238 2968 3280 suas
2996 3225 3397 3306 naturales,’ex
3435 3228 3632 3296 quibus
3658 3242 3749 3285 as-

478 3346 548 3404 ad
575 3359 762 3402 veram
794 3356 978 3417 rerum
1006 3338 1388 3396 discretionem
1418 3335 1772 3403 revocandos,
1798 3335 1845 3391 si
1865 3333 2053 3403 velint,

2165 3322 2433 3385 sumptum
2461 3322 2566 3380 est,
2597 3315 2891 3385 separatim
2931 3325 3277 3372 revertuntur
3309 3317 3376 3386 ",
3416 3317 3565 3375 locus
3602 3319 3743 3392 ejus,

479 3444 574 3492 aut
607 3434 826 3506 penitus
872 3429 1277 3500 relinquendos,
1326 3427 1372 3489 si
1415 3442 1571 3483 suam
1613 3425 2062 3506 consuetudinem

478 3504 697 3587 veritati
726 3524 1158 3582 inimicissimam
1182 3522 1335 3603 sequi
1378 3504 1716 3591 malintﬁqui
1750 3526 1932 3592 partes
1962 3519 2061 3574 bu-

361 3669 364 3672 .
470 3622 563 3695 jus
611 3618 798 3675 mundi
855 3614 1083 3673 visibilis
1123 3624 1428 3671 ceterorum
1476 3628 1765 3684 corporum
1814 3613 1960 3666 intra
2004 3624 2064 3667 se

478 3710 896 3771 constitutorum
920 3706 1187 3763 naturalia
1205 3706 1322 3763 loca
1343 3720 1463 3762 esse
1486 3705 1793 3774 opinantur.
1822 3701 1959 3758 Nam
1981 3708 2059 3772 ut,

478 3804 633 3860 verbi
658 3801 857 3874 gratia,
884 3801 952 3856 de
977 3815 1100 3859 meo
1119 3813 1346 3871 corpore
1367 3798 1579 3865 dicam;
1605 3796 1840 3852 animam
1866 3798 2064 3868 quippe

479 3892 852 3966 corporalibus
888 3890 1048 3963 hujus
1095 3885 1283 3946 mundi
1327 3889 1518 3969 spatiis
1561 3897 1755 3958 putare
1799 3885 2062 3943 contineri

470 3972 1008 4058 impatientissimum
1032 3990 1143 4050 est;
1175 3979 1223 4038 si
1253 3968 1348 4038 aer
1379 3981 1481 4037 iste
1519 3979 1671 4036 locus
1704 3978 1820 4048 ejus
1843 3986 1949 4046 est,
1979 3992 2064 4063 se-

480 4081 691 4154 quitur,
714 4089 777 4158 ut
799 4085 994 4157 quarta
1018 4091 1148 4148 pars
1170 4076 1256 4133 sui
1279 4064 1589 4158 locus‘suus
1618 4072 1706 4129 sit.
1740 4070 1877 4127 Nam
1902 4086 2065 4128 omne

478 4190 681 4257 corpus
700 4154 915 4241 visibile
943 4179 1199 4245 quattuor
1242 4154 1486 4241 partibus
1517 4175 1770 4224 constare
1817 4166 2066 4221 omnibus

479 4276 670 4326 notum
710 4275 823 4336 est,
868 4281 938 4324 ex
976 4265 1099 4336 igne
1136 4262 1411 4333 videlicet,
1441 4278 1589 4331 aere,
1633 4270 1799 4341 terra,
1851 4276 1991 4332 aqua
2016 4261 2063 4314 ⁷.

482 4358 570 4417 Nil
595 4367 778 4417 autem
802 4354 1263 4423 irrationabilitati
1290 4354 1669 4427 propinquius,
1692 4367 1855 4424 quam
1890 4360 1951 4405 ut
1988 4358 2067 4406 to-

481 4458 605 4507 tum
620 4460 818 4520 corpus
839 4448 923 4505 sui
946 4456 1101 4519 parte
1122 4447 1290 4504 locari
1320 4455 1554 4518 putetur.
1578 4446 1770 4501 Totum
1800 4443 2064 4514 siquidem

483 4553 678 4599 omnes
702 4551 831 4595 suas
856 4546 1040 4609 partes
1062 4536 1539 4608 comprehendere,
1586 4552 1694 4592 non
1732 4543 1910 4590 autem
1942 4548 2066 4604 pars

485 4623 658 4687 totum
688 4634 835 4683 recte
850 4625 1174 4682 aestimatur
1195 4627 1423 4683 ambire.
1444 4626 1578 4683 Item
1600 4625 1645 4689 si
1667 4638 1863 4696 corpus
1886 4637 2075 4680 meum»

2163 3417 2259 3462 aer
2286 3403 2434 3460 verbi
2483 3403 2693 3474 gratia,-
2706 3416 2801 3458 seu
2829 3418 2990 3474 aqua,
3022 3420 3116 3461 seu
3155 3413 3321 3475 terra,
3350 3421 3446 3465 seu
3467 3406 3606 3478 ignis
3631 3424 3743 3465 non

2163 3498 2299 3565 erit;
2329 3496 2424 3554 sed
2452 3495 2693 3571 singulae
2709 3511 2892 3570 partes
2915 3499 3075 3555 unius
3098 3502 3343 3571 corporis
3359 3501 3582 3573 singulis
3613 3518 3746 3558 con-

2162 3588 2500 3646 naturalibus
2512 3588 2615 3645 sibi
2641 3590 2923 3647 elementis
2942 3591 3020 3647 ita
3042 3593 3480 3660 commiscentur,
3498 3603 3557 3649 ut
3579 3608 3748 3649 unum

2162 3700 2284 3740 cum
2313 3684 2393 3739 eis
2425 3685 2559 3752 sint,
2587 3700 2695 3742 non
2724 3695 2785 3741 ut
2812 3688 2868 3742 in
2895 3686 2976 3742 eis
3003 3687 3114 3743 sint
3138 3687 3305 3743 veluti
3335 3686 3535 3757 aliquid
3566 3688 3621 3742 in
3647 3688 3749 3742 ali-

2162 3792 2291 3848 quo.
2320 3775 2474 3844 Quod
2497 3777 2643 3832 enim
2674 3777 2931 3833 reddetur
2955 3778 3088 3845 aeri,
3113 3792 3208 3833 aer
3234 3778 3358 3845 erit,
3388 3786 3443 3833 et
3462 3792 3570 3833 non
3591 3777 3745 3849 quasi

2165 3870 2221 3925 in
2256 3870 2488 3945 quodam
2514 3869 2635 3926 loco
2662 3869 2805 3924 aeris
2843 3877 3112 3925 statuetur
3134 3870 3212 3936 ²⁶;
3245 3884 3375 3937 non,
3416 3878 3477 3924 ut
3502 3869 3748 3925 centusio

2164 3963 2433 4034 quaedam
2457 3977 2746 4034 corporum
2787 3962 2894 4029 sit,
2936 3963 3031 4018 sed
3069 3962 3303 4017 mirabili
3331 3971 3559 4018 naturae
3588 3962 3748 4018 modo

2164 4058 2536 4128 unusquisque
2563 4063 2770 4127 partem
2800 4068 2957 4109 suam
3000 4053 3275 4124 propriam
3314 4053 3370 4109 in
3401 4053 3627 4125 singulis
3652 4054 3748 4109 ha-

2164 4147 2314 4204 bebit
2337 4149 2641 4213 clementis,
2671 4154 2839 4202 totum
2872 4160 2971 4216 per
2994 4153 3186 4214 totum,
3213 4161 3319 4202 non
3344 4145 3399 4200 in
3435 4154 3589 4216 parte
3625 4160 3745 4215 par-

2166 4250 2305 4310 tem;
2339 4244 2411 4297 ita
2450 4251 2510 4297 ut
2537 4241 2952 4298 resurrectionis
2992 4248 3232 4310 tempore
3273 4239 3453 4296 nullus
3494 4240 3743 4310 accipiat,

2166 4335 2271 4390 nisi
2297 4335 2441 4405 quod
2468 4346 2624 4389 suum
2652 4341 2757 4399 est,
2788 4331 2929 4388 sicut
2957 4331 3250 4388 multorum
3276 4330 3625 4386 luminarinm
3656 4330 3748 4385 lux

2164 4426 2325 4484 simul
2351 4432 2435 4481 est
2473 4424 2795 4496 conjuncta,
2825 4431 2887 4479 ut
2928 4420 3075 4478 nulla
3106 4422 3162 4478 in
3204 4432 3268 4479 ea
3314 4422 3389 4483 sit
3412 4420 3740 4487 commixtio,

2167 4517 2310 4573 nulla
2340 4516 2662 4589 segregatio.
2694 4514 2832 4570 Dum
2876 4515 3019 4569 enim
3056 4528 3165 4569 una
3205 4513 3504 4581 eademque
3546 4513 3639 4566 lux
3665 4512 3750 4565 vi-

2167 4609 2361 4664 deatur
2401 4621 2554 4674 esse,
2599 4605 3020 4675 unumquodque
3068 4614 3244 4660 tamen
3286 4603 3551 4657 luminare
3590 4614 3744 4657 suam

483 4719 542 4776 in
571 4718 677 4776 isto
704 4731 833 4777 aere
860 4716 1027 4775 veluti
1062 4716 1118 4772 in
1149 4731 1248 4772 suo
1277 4716 1396 4771 loco
1424 4732 1545 4773 esse
1569 4691 1782 4784 dicam,
1796 4714 2060 4785 sequitur,

2165 4699 2442 4772 propriam
2467 4697 2706 4770 possidet
2725 4697 2924 4763 lucem,
2955 4694 3179 4751 alterius
3199 4693 3306 4749 luci
3330 4706 3442 4748 non
3482 4691 3746 4748 ceme-

484 4806 691 4866 nullum
709 4814 919 4863 certum
949 4804 1125 4862 locum
1154 4804 1225 4861 ibi
1246 4817 1407 4876 posse
1431 4803 1655 4861 habere.
1678 4806 1784 4860 Iste
1827 4804 2025 4860 etenim
2042 4803 2066 4835 ⁸

487 4916 583 4959 aer
604 4913 820 4973 semper
860 4898 1008 4956 circa
1035 4906 1238 4955 terram
1264 4893 1498 4951 volvitur
1519 4935 1535 4962 ,
1584 4911 1645 4950 ac
1695 4911 1793 4965 per
1831 4897 1932 4951 hoc
1959 4910 2066 4952 uno

482 4993 783 5063 eodemque
818 4988 1078 5061 temporis
1116 4987 1291 5061 spatio
1321 4985 1740 5043 innumerabiles
1780 4985 1928 5043 loces
1971 4986 2067 5042 ha-

484 5083 618 5145 bere
645 5097 842 5155 corpus
868 5083 926 5141 in
954 5081 976 5114 ⁹
1015 5096 1082 5138 eo
1123 5079 1476 5139 constitutum
1508 5093 1729 5137 necesse
1763 5086 1866 5135 est.
1913 5077 2069 5146 Quod

406 5156 425 5173 ³
487 5174 634 5232 nulla
662 5173 873 5233 ratione
895 5171 1229 5231 conceditur.
1269 5169 1570 5228 Praedictis
1609 5170 1874 5241 siquidem
1900 5169 2067 5226 ratio-

485 5266 649 5329 nibus
672 5280 892 5324 suasum
911 5272 1014 5332 est,
1036 5262 1215 5319 locum
1241 5263 1296 5318 in
1317 5268 1459 5318 statu
1481 5276 1621 5329 esse,
1642 5260 1897 5331 nulloque
1917 5268 2069 5317 metu

488 5357 708 5413 variari.
740 5358 894 5413 Sicut
927 5370 1075 5426 ergo,
1105 5353 1198 5423 qui
1223 5353 1278 5408 in
1304 5351 1529 5409 ﬂumine
1552 5358 1682 5417 stat,
1707 5350 1949 5416 sedetve,
1972 5364 2070 5406 seu

489 5452 663 5510 natat,
690 5444 837 5501 illam
864 5451 1074 5515 partem
1092 5441 1330 5499 ﬂuminis
1349 5455 1459 5498 non
1477 5447 1656 5512 potest
1672 5439 1909 5497 retinere
1923 5439 1988 5506 ιθ,
2009 5446 2070 5496 ut

2167 4799 2301 4857 tam,
2345 4790 2441 4845 sed
2479 4788 2795 4845 mirabiliter
2820 4795 2965 4843 tntae
3002 4787 3062 4841 in
3106 4785 3232 4840 totis
3273 4782 3438 4850 ﬁunt,
3478 4791 3534 4839 et
3574 4796 3744 4836 unum

2165 4880 2347 4937 lumen
2372 4875 2685 4935 conﬁciunt.
2738 4876 2899 4933 Aliud
2947 4876 3110 4949 igitur
3152 4874 3199 4907 “
3234 4880 3321 4929 est
3356 4885 3476 4941 aer,
3503 4880 3560 4929 et
3601 4868 3746 4927 aliud

2164 4970 2315 5028 locus
2340 4970 2476 5043 ejus.
2508 4969 2710 5025 Eodem
2750 4968 2911 5025 modo
2950 4969 3020 5024 de
3055 4965 3253 5022 ceteris
3285 4962 3590 5031 eletnentis,
3622 4977 3781 5052 par-x

2169 5064 2416 5135 tibusque
2440 5061 2738 5118 solutorum
2781 5074 3072 5130 corporum
3112 5057 3217 5115 sibi
3260 5056 3507 5125 redditis,
3552 5055 3750 5113 intelli-

2166 5160 2397 5231 gendum
2421 5171 2541 5215 esse
2566 5169 2783 5212 censeo.
2824 5154 2893 5209 Et
2930 5155 2979 5209 si
3008 5153 3084 5209 ita
3123 5162 3229 5220 est,
3271 5151 3580 5209 necessario
3600 5148 3750 5206 dabi-

2169 5261 2278 5319 tur,
2312 5260 2405 5306 aut
2430 5251 2566 5307 istas
2591 5258 2772 5319 partes
2795 5247 2981 5305 mundi
3004 5246 3286 5319 generales
3315 5246 3434 5302 loca
3460 5256 3748 5316 corporum

2173 5343 2242 5402 ab
2269 5344 2347 5402 eis
2374 5332 2715 5413 perfu'sorum
2761 5340 3291 5411 compesitorumque
3331 5330 3439 5395 non
3480 5351 3619 5402 esse,
3657 5342 3751 5389 aut

2173 5451 2400 5508 corpora
2424 5435 2538 5506 ipsa
2562 5445 2772 5492 certum
2805 5433 2982 5491 locum
3013 5447 3120 5489 non
3148 5432 3372 5499 habere,
3407 5439 3499 5485 aut
3534 5428 3750 5499 penitus

1760 5568 2012 5627 VARIAE
2047 5567 2448 5626 LECTIONES.

495 5686 513 5718 '
544 5685 635 5741 Sic
658 5683 824 5748 CDE;
848 5680 894 5734 A
917 5682 1156 5738 eandem.
1229 5683 1252 5716 ⁸
1272 5681 1450 5747 ϐοὶ-τη
1479 5679 1661 5738 ACDE
1708 5680 1875 5737 nullo.
1952 5680 1974 5713 ³
2008 5679 2189 5747 Corn,
2219 5680 2400 5735 ACDE
2428 5678 2593 5733 nullo.
2668 5680 2691 5710 ⁸
2712 5679 2943 5734 omnium
2965 5692 3076 5735 om.
3100 5678 3164 5733 Ι).
3245 5672 3377 5748 {Sic
3398 5670 3561 5736 CDE;
3594 5668 3635 5723 Δ
3664 5685 3745 5748 eo.

498 5754 522 5787 ⁸
554 5756 599 5809 Α
640 5763 708 5808 et.
783 5745 1043 5822 "SiCGE;
1070 5745 1547 5822 gpmqttntterra.
1586 5752 1612 5786 ⁸
1640 5750 1862 5822 SieCE;
1891 5750 1984 5806 AD
2006 5745 2182 5822 enim.»
2234 5750 2262 5822 λέ
2286 5750 2648 5822 inein.CDE._
2708 5750 2752 5783 ⁸⁸
2771 5750 2831 5806 C.
2861 5745 3383 5822 ﬂuminispossiderc
3428 5757 3532 5797 non
3572 5747 3751 5822 potest

440 5822 449 5833 ⁷
482 5824 750 5877 "linere-
806 5819 1252 5891 "“.9m-CD_E-"
1279 5821 1323 5854 “
1355 5821 1398 5874 ι)
1421 5830 1663 5891 φριέξιαιοί
1697 5821 1742 5853 ¹³
1769 5821 1939 5891 forma
1965 5836 2075 5875 om.
2104 5819 2274 5891 Β.)
2301 5821 2344 5874 D
2374 5821 2476 5876 sui.
2557 5821 2603 5853 ιι
2623 5820 2831 5891 Aergo-

2912 5820 2957 5851 ⁸⁸
2979 5808 3585 5886 CDE'generatienem.
3637 5810 3675 5841 ¹⁷
3704 5808 3749 5863 D

496 5906 677 5945 eorum
705 5905 835 5943 ene.
916 5886 961 5920 “
980 5887 1341 5942 Aere-duntur.
1421 5889 1466 5920 ι’
1479 5886 1574 5945 Sic
1596 5890 1721 5955 AD;
1742 5884 1785 5946 C
1812 5899 2151 5952 reuertantur,
2182 5889 2227 5946 E
2252 5900 2590 5946 reuertentur.
2666 5890 2712 5923 '°
3000 5887 3090 5943 CD
3114 5884 3386 5943 statuitur.
3467 5885 3508 5914 ¹¹
3533 5884 3577 5941 Δ
3603 5895 3744 5952 ergo.
