4194 6276
465 360 573 417 489

1355 358 1446 414 DE
1485 357 1825 416 DIVISIONE
1859 356 2209 415 NATURAE.
2249 384 2323 400 --
2353 356 2557 414 LIBER
2594 356 2876 413 PRIMUS.

3642 355 3756 418 490

471 472 620 531 omni
645 471 770 528 loco
790 484 1007 528 vacare.
1048 468 1203 538 Quod
1228 478 1421 525 natura
1465 485 1669 538 rerum,
1708 485 1946 543 veraque
1970 471 2054 542 ip-
2081 472 2136 534 Α
2160 471 2306 528 ditur
2323 485 2467 537 esse,
2496 469 2843 527 essentialcm
2863 468 3222 526 differentiam
3241 468 3436 540 recipit
3451 471 3480 535 ;'
3496 478 3582 525 est
3606 471 3756 528 enim

478 566 592 622 sius
633 564 1015 634 contemplatio
1052 577 1161 617 non
1208 562 1341 617 sinit
1385 563 1705 618 concedere.
1751 562 1870 618 Non
1913 564 2057 619 enim

477 657 583 713 ulla
613 664 864 714 creatura
889 664 1039 711 certo
1065 668 1162 710 suo
1201 653 1324 710 loco
1349 663 1512 724 atque
1554 653 1876 710 immutabili
1896 693 1914 720 ,
1940 669 2063 711 cer-

478 749 653 819 tisque
682 755 980 816 temporum
1023 746 1216 816 spatiis
1257 745 1600 816 finibusque,
1633 745 1748 801 sive
1798 759 2059 815 corporea

477 839 566 903 sit,
594 839 707 894 sive
728 838 1070 908 incorporea,
1093 845 1274 908 potest
1289 852 1501 894 carere.
1528 838 1788 910 Ideoque,
1814 848 1878 895 ut
1898 854 2063 910 saepe

474 927 727 993 diximus,
755 926 862 982 duo
889 928 1049 993 haec,
1076 927 1228 984 locus
1262 926 1506 998 profecto
1536 937 1591 984 et
1629 937 1863 999 tempus,
1890 945 1921 984 a
1941 928 2063 1001 phi-

474 1018 717 1088 losophis
746 1014 814 1074 ὖν
843 1016 964 1075 ἄνευ
1009 1018 1370 1089 appellantur,
1403 1020 1508 1078 hoc
1534 1029 1639 1087 est,
1685 1021 1883 1092 quibus
1923 1021 2060 1078 sine.

472 1107 610 1164 Nam
640 1109 760 1165 sine
779 1109 868 1164 his
890 1109 1036 1165 nulla
1059 1118 1310 1166 creatura
1334 1112 1686 1182 generatione
1712 1113 1732 1144 ί
1779 1112 2042 1171 inchoans

477 1211 535 1256 et
565 1200 748 1271 aliquo
779 1202 942 1256 modo
983 1203 1284 1259 subsistens
1323 1212 1502 1274 potest
1529 1205 1846 1262 consistere.
1894 1205 2068 1276 thue

479 1291 735 1362 proximo
760 1305 946 1347 rerum
968 1301 1550 1364 utamur—argumento,
1579 1297 1626 1352 si
1653 1296 1801 1362 locus
1823 1298 2070 1370 corporis

482 1392 569 1439 est
598 1398 759 1440 omne
777 1425 792 1451 ,
816 1385 1174 1456 quodcunque
1198 1386 1248 1442 ei
1277 1387 1728 1446 circumfunditur
1747 1430 1763 1456 ,
1792 1389 1940 1446 color
1967 1391 2073 1448 erit

485 1474 640 1531 locus
661 1477 921 1546 corporis.
951 1477 1166 1533 Nullum
1208 1481 1411 1537 etenim
1457 1482 1668 1538 visibile
1707 1498 1906 1554 corpus
1944 1494 2029 1541 est
2054 1524 2072 1552 ,

484 1565 631 1635 quod
659 1564 780 1621 luce
805 1566 1003 1623 coloris
1031 1583 1141 1624 non
1165 1569 1653 1628 circumfundatur.
1692 1571 1749 1630 Si
1777 1584 1960 1632 autem
1982 1589 2073 1631 co-

483 1653 569 1711 lor
609 1655 832 1713 colorati
874 1661 1120 1730 corporis
1139 1661 1291 1718 locus
1335 1671 1438 1730 est,
1486 1667 1792 1722 necessario
1834 1667 2072 1734 dabitur,

479 1747 718 1816 qualitas
741 1748 895 1806 locus
923 1753 1170 1822 corporis
1195 1769 1335 1811 esse.
1363 1755 1470 1811 Sed
1495 1757 1620 1827 quis
1658 1766 1768 1814 tam
1796 1759 1917 1816 dira
1942 1760 2072 1817 stul-

2163 567 2221 623 in
2263 581 2328 623 ea
2371 565 2635 636 ingenita,
2666 565 2872 634 genita,
2901 563 3202 633 procedens
3227 561 3756 632 substantia—ipsa

2165 655 2347 712 tamen
2387 654 2724 724 compositio,
2773 667 2916 723 quae
2956 652 3072 709 sola
3119 653 3329 708 ratione
3383 651 3752 722 cognoscitur,

2165 749 2421 818 nulloque
2444 756 2566 804 actu
2589 757 2646 804 ct
2675 746 2991 817 operatione
3015 744 3134 801 fieri
3161 744 3567 814 comprobatur,
3590 744 3760 801 ratio-

2167 840 2420 897 nabiliter
2447 838 2768 909 simplicitas
2799 853 2921 895 esse
2944 838 2969 870 ⁸
2992 836 3284 906 iudicanda
3335 845 3438 892 est.
3467 836 3538 894 Ut
3578 845 3760 894 autem

2167 929 2377 988 firmius
2405 943 2724 1000 cognoscas,
2754 930 2950 995 οὐσίαν,
2999 928 3054 984 id
3081 926 3478 984 estessentiam
3507 926 3552 992 ’,
3579 927 3762 984 incora-

2167 1020 2480 1090 ruptibilcm
2519 1035 2676 1086 esse,
2713 1018 2832 1092 lege
2862 1020 3061 1075 librum
3090 1017 3265 1076 sancti
3305 1017 3549 1089 Dionysii
3591 1020 3764 1075 Areo-

2168 1112 2386 1184 pagitae
2410 1113 2476 1167 de
2508 1112 2704 1168 divinis
2735 1111 3054 1168 Nominibus
3093 1125 3159 1167 eo
3183 1110 3310 1178 loci,
3339 1125 3448 1180 quo
3470 1112 3540 1168 de
3567 1120 3764 1168 natura

2170 1205 2495 1263 daemonum
2528 1206 2700 1274 deque
2727 1218 2918 1259 eorum
2943 1202 3150 1258 mali-tia
3174 1201 3218 1235 ¹⁶
3248 1202 3491 1272 disputat
3517 1203 3584 1270 “,
3617 1201 3764 1275 quod

2171 1299 2376 1357 nullam
2399 1299 2716 1365 essentiam,
2748 1314 2923 1369 neque
2954 1313 3165 1366 eorum,
3188 1314 3364 1369 neque
3393 1298 3623 1355 aliorum
3645 1314 3767 1357 cor"-

2172 1407 2425 1464 rumpere
2447 1391 2641 1462 possit,
2671 1400 2729 1448 ει
2757 1392 3015 1464 reperies,
3062 1408 3188 1449 eum
3211 1392 3493 1463 disputare
3519 1392 3760 1448 subtilis-

2173 1488 2331 1553 sime,
2358 1485 2567 1541 nullum
2595 1500 2809 1552 eorum,
2835 1501 2975 1556 quae
3003 1495 3167 1554 sunt,
3195 1487 3251 1542 in
3281 1494 3547 1558 quantum
3575 1500 3765 1542 essen-

2175 1577 2253 1634 tia
2283 1586 2340 1634 et
2365 1586 2561 1633 natura
2581 1585 2688 1645 est,
2716 1577 2829 1633 ullo
2852 1582 3016 1637 modo
3043 1579 3316 1650 corrumpi
3343 1591 3522 1649 posse.

2246 1671 2337 1728 ιε.
2375 1671 2522 1734 Haec
2552 1672 2700 1727 enim
2733 1673 2837 1728 tria
2858 1672 2912 1728 in
2941 1673 3089 1730 omni
3117 1682 3390 1739 creatura,
3432 1674 3548 1729 sive
3571 1685 3766 1742 oorpo-

2178 1779 2272 1820 rea
2300 1765 2416 1822 sive
2451 1765 2788 1834 incorporea,
2829 1772 2892 1820 ut
2929 1765 3047 1836 ipse
3073 1764 3395 1820 certissimis
3423 1771 3772 1835 argumenta-

482 1836 602 1892 titia
652 1838 1011 1910 opprimitur,
1070 1852 1130 1898 ut
1177 1846 1495 1915 qualitatem
1545 1849 1788 1920 corporis
1829 1851 1850 1882 ³
1896 1849 2073 1908 locum
2103 1859 2152 1920 Β
2180 1855 2419 1911 tionibus
2439 1855 2652 1922 edocet,
2674 1850 3102 1925 incorruptibilia
3129 1863 3336 1912 suntet
3363 1852 3766 1924 inseparabilia,

483 1929 729 2000 corporis
753 1946 876 1988 esse
909 1931 1182 1990 fateatur?
1205 1935 1277 1991 At
1304 1938 1349 1992 si
1389 1938 1542 1995 color
1570 1941 1816 2011 corporis
1841 1942 2076 2013 qualitas

483 2029 568 2078 est
592 2022 940 2092 incorporea,
967 2034 1022 2081 et
1043 2035 1196 2082 extra
1234 2042 1433 2099 corpus
1465 2032 1702 2102 undique
1726 2036 1944 2105 corpori
1971 2037 2080 2092 cir-

486 2113 873 2183 cumfunditur,
908 2133 1015 2174 non
1047 2129 1228 2176 tamen
1256 2122 1408 2178 locus
1434 2123 1552 2193 ejus
1582 2140 1702 2182 esse
1728 2126 1823 2182 ulli
1865 2130 2080 2199 sapien-

487 2215 602 2260 tum
623 2204 648 2238 ⁸
669 2207 905 2264 videtur.
930 2208 1046 2278 Qua
1070 2213 1280 2270 ratione
1313 2228 1409 2270 aer
1430 2216 1560 2283 iste,
1582 2232 1678 2274 seu
1695 2219 1914 2290 aliquod
1935 2221 2080 2276 aliud

488 2296 674 2354 mundi
699 2297 1046 2367 elementum,
1075 2304 1323 2372 quamvis
1343 2307 1666 2377 corporibus
1688 2310 1826 2366 intra
1853 2325 1913 2367 se
1935 2313 2082 2384 posi-

493 2384 565 2439 tis
605 2385 934 2445 circumfusa
986 2391 1118 2458 sint,
1151 2406 1344 2451 eorum
1389 2404 1571 2454 tamen
1615 2398 1724 2457 ullo
1763 2403 1925 2459 modo
1960 2417 2082 2462 csse

495 2489 656 2546 posse
682 2476 818 2544 loca,
851 2493 958 2536 non
987 2483 1325 2540 conceditur.

568 2568 656 2622 47.
699 2568 845 2628 Dtsc.
872 2571 1019 2630 Satis
1045 2574 1113 2631 de
1153 2575 1240 2632 his
1278 2577 1634 2650 disputatum.
1676 2583 1787 2640 Sed
1825 2586 2085 2646 adversus

492 2672 610 2726 eos,
658 2661 750 2732 qui
796 2677 903 2718 non
939 2664 1087 2722 aliud
1133 2681 1258 2724 esse
1299 2685 1518 2742 corpus,
1565 2683 1620 2728 et
1662 2675 1805 2731 aliud
1846 2681 2088 2750 corporis

491 2753 787 2808 essentiam
827 2763 1046 2826 putant,
1079 2758 1133 2814 in
1159 2767 1373 2818 tantum
1414 2765 1644 2832 seducti,
1675 2775 1733 2822 ut
1766 2767 1936 2837 ipsam
1961 2771 2087 2826 sub-

494 2845 750 2902 stantiam
776 2861 1096 2918 corpoream
1117 2864 1263 2920 esse,
1292 2853 1672 2927 visibilemque
1691 2867 1854 2929 atque
1882 2871 2086 2919 tracta-

497 2936 662 2992 bilem
693 2953 800 2996 non
828 2940 1099 3009 dubitent,
1139 2946 1406 3016 quaedam
1438 2947 1675 3006 breviter
1712 2950 1937 3008 dicenda
1967 2967 2090 3010 esse

501 3026 758 3111 arbitror.
783 3028 920 3086 Nam
947 3032 1104 3088 multi
1129 3049 1195 3090 ac
1222 3050 1398 3105 paene
1418 3053 1607 3099 omnes
1631 3040 1721 3096 tali
1744 3057 1931 3099 errore
1964 3042 2089 3099 fati-

500 3129 722 3190 gantur,
746 3125 1022 3182 naturales
1046 3143 1227 3184 rerum
1247 3128 1581 3187 differentias
1595 3133 1926 3204 ignorantes.
1941 3133 2084 3193 Mne.

2181 1947 2350 2009 οὐσία,
2373 1953 2436 2000 ιιι
2453 1959 2614 2015 saepe
2636 1946 2895 2013 diximus,
2913 1945 3152 2019 δύναμις,
3171 1949 3414 2022 iuncta,
3443 1946 3547 2001 hoc
3564 1953 3666 2011 est,
3688 1959 3774 2000 es-

2181 2039 2377 2105 sentia,
2399 2038 2598 2104 virtus,
2620 2038 2864 2109 operatio
2884 2039 3169 2094 naturalis.
3197 2039 3345 2094 Disc.
3373 2037 3579 2093 ﬂorum
3603 2037 3772 2091 trium

2182 2130 2488 2201 exemplum
2517 2147 2702 2201 posco.
2735 2130 2880 2187 ΜΑε.
2906 2130 3064 2187 Nulla
3091 2141 3309 2199 natura,
3344 2131 3460 2188 sive
3489 2131 3774 2188 rationalis

2183 2222 2297 2278 sive
2319 2221 2722 2288 intellectualis,
2751 2231 2857 2290 est,
2883 2237 3024 2294 quae
3059 2224 3275 2294 ignoret
3301 2236 3362 2280 se
3389 2236 3544 2290 esse,
3575 2237 3772 2294 quam-

2183 2312 2267 2367 vis
2308 2311 2545 2378 nesciat,
2592 2313 2720 2384 quid
2744 2315 2836 2370 sit.
2880 2313 3028 2371 Dtsc.
3055 2313 3171 2372 Hoc
3206 2330 3313 2371 non
3345 2314 3579 2384 ambigo.
3625 2313 3770 2370 Mss.

2185 2404 2325 2461 Dum
2349 2419 2480 2475 ergo
2503 2405 2647 2474 dico,
2679 2406 2922 2479 intelligo
2945 2423 3035 2464 me
3064 2423 3208 2476 esse,
3238 2424 3420 2465 nonne
3449 2408 3504 2464 in
3537 2408 3642 2463 hoc
3665 2419 3776 2463 uno

2183 2497 2352 2553 verbo
2374 2497 2438 2564 “,
2467 2499 2610 2569 quod
2640 2509 2723 2554 est
2757 2498 2999 2570 intelligo
3021 2539 3038 2566 ,
3068 2501 3171 2556 tria
3214 2499 3460 2572 significo
3485 2513 3516 2554 a
3545 2513 3606 2555 se
3631 2498 3777 2554 inso-

2186 2587 2486 2657 parabilia?
2513 2587 2647 2643 Nam
2675 2597 2730 2644 et
2771 2605 2860 2644 me
2887 2604 3029 2655 esse,
3065 2598 3120 2645 et
3159 2603 3321 2660 posse
3342 2589 3644 2661 intelligere
3687 2599 3777 2645 me

2187 2693 2328 2745 esse,
2367 2687 2423 2734 et
2464 2679 2764 2750 intelligere
2789 2695 2876 2735 me
2915 2693 3036 2736 esse
3079 2680 3413 2736 demonstro.
3441 2678 3583 2735 Num
3621 2678 3777 2734 vides

2186 2781 2296 2823 uno
2321 2769 2488 2824 verbo
2504 2768 2550 2800 ¹³
2568 2777 2625 2824 ει
2645 2783 2820 2824 meam
2848 2771 3031 2826 οὐσίαν
3051 2809 3068 2837 ,
3090 2783 3375 2840 meamque
3401 2770 3680 2835 virtutem,
3720 2775 3778 2823 et

2188 2860 2463 2915 actionem
2489 2859 2820 2930 significari?
2845 2859 2964 2915 Non
3005 2861 3150 2916 enim
3176 2861 3552 2933 intelligerem,
3580 2859 3628 2914 si
3661 2863 3780 2913 non

2189 2964 2400 3016 essem;
2449 2965 2622 3020 neque
2656 2950 3037 3022 intelligerem,
3065 2951 3113 3006 si
3153 2951 3354 3007 virtute
3389 2948 3780 3022 intelligentiae

2190 3054 2466 3108 carerem;
2503 3056 2605 3098 nec
2633 3041 2724 3096 illa
2747 3043 2795 3074 ν’
2821 3042 2994 3098 virtus
3021 3041 3077 3097 in
3106 3055 3196 3098 me
3223 3042 3366 3108 silet,
3395 3042 3488 3098 sed
3514 3041 3569 3097 in
3593 3055 3781 3112 opera-

2192 3133 2396 3188 tionem
2427 3132 2759 3204 intelligendi
2788 3134 3112 3204 prorumpit.
3145 3133 3292 3190 Dlsc.
3324 3133 3526 3190 Verum
3554 3140 3609 3188 et
3631 3131 3778 3188 veri-

500 3209 780 3288 Adversus
833 3214 1116 3273 stultitiam
1170 3233 1413 3291 pugnare
1465 3221 1541 3277 nil
1600 3232 1685 3279 est
1740 3224 2084 3283 laboriosius.
2114 3211 2160 3275 C
2191 3222 2385 3278 simile.
2414 3222 2556 3279 MAG.
2588 3222 2726 3277 Num
2755 3223 2922 3294 igitur
2948 3237 3171 3281 necesse
3190 3231 3292 3292 est,
3315 3237 3434 3289 eos,
3453 3223 3546 3294 qui
3567 3222 3777 3290 dicunt,

499 3298 657 3356 Nulla
697 3303 843 3359 enim
887 3307 1209 3365 auctoritate
1251 3309 1393 3366 vinci
1431 3311 1652 3378 fatetur,
1683 3313 1826 3372 nulla
1878 3319 2089 3375 ratione

493 3391 770 3449 suadetur.
815 3395 924 3452 Sed
966 3401 1222 3469 quoniam
1265 3419 1373 3458 non
1399 3413 1485 3461 εει
1525 3407 1767 3476 aequalis
1809 3410 2089 3467 hominum

494 3483 743 3553 stultitia,
770 3502 873 3544 nec
917 3492 1106 3546 eadem
1147 3495 1352 3550 erroris
1388 3495 1618 3568 caligine
1659 3506 1870 3556 mentes
1901 3515 2091 3558 eorum

495 3580 880 3648 obscurantur,
909 3585 1099 3656 paucis
1121 3590 1684 3670 argumentationibus
1708 3593 1969 3652 adversus
1995 3607 2090 3653 eos

495 3676 760 3730 utendum
802 3677 980 3734 video.
1023 3679 1172 3737 DISC.
1217 3680 1486 3739 Utendum
1526 3699 1677 3742 sane.
1723 3684 1782 3742 Si
1821 3687 1965 3742 enim
2011 3689 2092 3743 eis

498 3767 758 3835 proderit,
790 3768 1001 3826 lucrum
1042 3773 1178 3839 erit;
1225 3775 1308 3829 sin
1351 3773 1376 3806 ⁸
1420 3789 1580 3843 vero,
1631 3777 1991 3848 nosmetipsos
2025 3778 2094 3834 de

506 3857 700 3914 talibus
727 3871 1043 3920 naturarum
1073 3867 1489 3924 discretionibus
1509 3870 1888 3940 disputationis
1913 3872 2092 3928 studio

508 3951 766 4010 certiores
817 3955 1130 4015 efﬁciemus.
1185 3959 1326 4019 Mss.
1385 3961 1497 4018 Has
1550 3964 1732 4034 itaque
1782 3980 1982 4036 paucas
2027 3967 2094 4021 de

505 4041 751 4112 pluribus
777 4046 1088 4110 dialecticas
1129 4052 1480 4112 collectiones
1514 4055 1758 4112 intentus
1785 4059 2088 4114 considera.

506 4132 679 4193 Omne
701 4153 924 4210 corpus,
952 4143 1096 4213 quod
1142 4144 1372 4201 materia
1398 4145 1683 4217 formaque
1729 4149 2092 4218 componitur,

503 4229 761 4298 quoniam
807 4230 946 4289 solvi
985 4242 1182 4304 potest,
1213 4237 1565 4308 eorruptibile
1608 4246 1711 4293 est.
1752 4237 1974 4294 Mortale
1999 4255 2095 4294 au-

506 4324 617 4374 tem
658 4335 857 4392 corpus
895 4324 1123 4381 materia
1163 4326 1446 4398 formaque
1482 4328 1846 4398 componitur.
1889 4329 2094 4384 Corru-

510 4410 701 4480 ptibile
730 4422 817 4470 est
857 4415 1024 4487 igitur
1045 4417 1089 4472 ³.
1137 4418 1301 4484 Item,
1335 4421 1513 4477 omnis
1540 4423 1695 4478 οὐσία
1722 4421 1948 4492 simplex
1988 4430 2094 4487 cst,

2191 3329 2388 3385 corpus
2417 3313 2697 3370 materiale
2738 3317 2916 3372 οὐσίαν
2959 3330 3100 3384 εεεε,
3138 3325 3232 3372 aut
3268 3329 3466 3387 corpus
3505 3329 3665 3376 suum
3709 3325 3778 3370 ex

2190 3406 2364 3464 forma
2391 3408 2726 3477 materieque
2768 3407 3130 3479 compositum
3173 3422 3280 3464 non
3319 3421 3442 3482 esse
3474 3405 3656 3472 fateri,
3683 3409 3781 3460 sed

2187 3502 2367 3580 οὒᾳίαν
2396 3499 2860 3570 incorruptibilem
2899 3513 3051 3569 esse,
3090 3509 3183 3556 aut
3225 3515 3424 3571 corpus
3466 3509 3768 3556 suum.cor-

2190 3590 2446 3660 ruptibile
2473 3598 2529 3646 et
2556 3589 2838 3646 materiale
2866 3590 2911 3622 ι’
2939 3605 3080 3656 esse,
3105 3605 3172 3646 ac
3196 3604 3296 3662 per
3321 3591 3426 3646 hoc
3457 3591 3638 3646 οὐσίαν
3669 3602 3778 3644 non

2191 3695 2332 3747 esse,
2359 3681 2590 3736 veritate
2614 3679 2660 3712 ¹⁶
2686 3689 2904 3737 coactos
2927 3680 2972 3714 ⁸⁷
3000 3681 3334 3738 concedere?
3365 3681 3513 3738 DISC.
3548 3680 3786 3736 Necesse

2193 3756 2343 3826 sane.
2373 3769 2482 3826 Sed
2525 3770 2660 3826 mihi
2701 3771 2903 3827 videris
2946 3771 3128 3828 dicere
3157 3773 3222 3839 η,
3261 3786 3370 3826 non
3396 3785 3558 3829 omne
3587 3779 3786 3841 corpus

2192 3862 2366 3917 οὐσίαν
2435 3875 2558 3918 esse
2641 3861 3018 3917 univcrsaliter
3052 3861 3096 3894 ¹⁹
3122 3899 3138 3928 ,
3202 3862 3301 3916 sed
3359 3875 3520 3917 omne
3584 3873 3786 3930 corpus

2193 3953 2423 4008 materia
2471 3938 2753 4021 formaque
2790 3961 3131 4022 compactum
3183 3951 3520 4007 solummodo
3559 3963 3781 4022 negare.

2194 4039 2335 4095 MAG.
2363 4041 2606 4097 Intentus
2640 4041 2822 4110 itaque
2855 4043 2988 4096 haec
3023 4041 3254 4096 intuere.
3285 4039 3400 4096 Nec
3428 4041 3473 4073 '°
3502 4054 3590 4096 me
3623 4040 3786 4096 acsti-

2196 4147 2333 4200 mes,
2361 4148 2468 4188 non
2499 4131 2567 4186 dc
2595 4134 2775 4201 specie
2795 4135 3029 4203 quadam
3053 4145 3361 4202 corporum,
3389 4131 3486 4187 sed
3505 4130 3789 4187 universa-

2195 4227 2320 4284 liter
2355 4229 2422 4284 de
2443 4229 2591 4283 omni
2615 4242 2842 4298 corpore
2868 4227 3090 4294 dixisse,
3115 4227 3363 4296 quamvis
3392 4225 3700 4296 specialiter
3719 4225 3787 4282 de

2196 4336 2424 4392 corpore
2463 4322 2761 4391 composito
2805 4333 2868 4374 ex
2919 4319 3091 4374 forma
3136 4318 3475 4387 materiaque
3517 4317 3785 4385 dixerim,

2198 4429 2296 4483 pro
2330 4411 2634 4481 praesentis
2675 4411 3006 4480 quaestionis
3043 4409 3273 4464 utilitate
3296 4449 3310 4475 ,
3358 4408 3618 4463 adversus
3659 4421 3784 4472 eos.

515 4499 824 4572 nullamque
854 4520 922 4562 ex
948 4509 1178 4565 materia
1220 4509 1502 4581 formaque
1531 4511 1972 4581 compositionem
2012 4527 2097 4566 re-
2126 4577 2155 4581 Δ
2200 4505 2293 4574 qui
2333 4503 2581 4560 mortalia
2625 4517 2722 4558 sua
2763 4517 2991 4572 corpora
3031 4501 3449 4570 transitoriaque
3486 4513 3594 4555 non
3643 4499 3789 4554 aliud

510 4590 663 4662 cipit,
687 4598 946 4666 quoniam
975 4615 1143 4657 unum
1172 4577 1534 4673 inseparabile
1569 4577 1672 4661 est:
1702 4603 1858 4659 Nulla
1884 4603 2082 4672 igitur‘

2201 4609 2342 4662 esse,
2381 4594 2486 4649 nisi
2512 4609 2665 4648 suam
2693 4595 2900 4659 οὐσίαν,
2943 4606 3206 4664 suamque
3249 4594 3428 4650 οὐσίαν
3468 4591 3604 4647 nihil
3641 4589 3789 4646 aliud

507 4685 656 4742 οὐσία
681 4701 880 4759 corpus
903 4692 1134 4748 mortale
1171 4694 1564 4750 rationabiliter
1590 4696 1906 4752 conceditur
1946 4707 2086 4751 esse.

512 4777 624 4835 Hoc
638 4789 820 4838 autem
833 4783 1038 4841 dictum
1063 4795 1168 4855 est,
1184 4788 1311 4860 quia
1340 4789 1517 4846 omnis
1539 4792 1690 4848 οὐσία
1709 4791 1730 4823 ⁷
1751 4832 1766 4856 ,
1789 4803 2096 4860 quanquam

510 4867 842 4942 intelligatur
865 4887 933 4930 ex
963 4879 1202 4935 essentia
1231 4887 1285 4935 ct
1305 4879 1584 4936 essentiali
1611 4879 1911 4936 differentia
1944 4893 2098 4936 com-

513 4964 686 5032 posita
707 4967 1010 5027 csse—hac
1031 4973 1178 5028 enim
1197 4973 1589 5044 compositione
1604 4971 1752 5031 nulla
1780 4973 2096 5040 incorporea

514 5055 744 5113 essentia
771 5068 952 5131 potest
978 5077 1184 5131 carere,
1213 5064 1478 5134 siquidem
1494 5071 1549 5118 ct
1577 5064 1692 5134 ipsa
1718 5064 1898 5119 divina
1919 5065 2097 5129 οὐσία,

511 5157 653 5217 Quae
677 5164 789 5208 non
817 5153 994 5211 solum
1023 5155 1272 5226 simplex,
1300 5155 1393 5213 sed
1423 5155 1705 5227 plusquam
1726 5153 1951 5225 simplex
1975 5167 2095 5210 crc-

2200 4701 2344 4750 esse,
2395 4685 2500 4740 nisi
2533 4697 2731 4755 corpus
2770 4684 3050 4740 materiale
3089 4698 3248 4740 suum
3285 4685 3620 4754 diversisque
3666 4695 3790 4752 spe-

2205 4777 2390 4835 ciebus
2410 4777 2453 4810 ²¹
2483 4778 2863 4848 compositum,
2893 4776 3064 4833 forma
3094 4775 3344 4833 videlicet
3374 4785 3536 4832 atoue
3563 4773 3791 4830 materia

2205 4870 2480 4940 variisque
2507 4869 2896 4936 accidentibus,
2929 4869 3117 4925 dicunt
3143 4867 3210 4923 ".

2275 4962 2364 5021 49.
2393 4964 2461 5020 Ut
2484 4972 2664 5020 autem
2685 4963 2845 5033 plane
2871 4975 3192 5033 cognoscas,
3214 4957 3594 5015 univcrsaliter
3609 4952 3792 5010 οὐσίαν

2207 5058 2410 5112 nullum
2458 5071 2656 5126 corpus
2699 5070 2856 5120 esse,
2896 5054 3038 5108 hanc
3080 5047 3564 5122 argumentationis
3607 5043 3793 5112 accipe

2208 5150 2466 5221 Speciem.
2490 5146 2638 5206 Disc.
2664 5145 2975 5216 Accipiam;
2998 5143 3091 5200 sed
3117 5141 3268 5212 prius
3287 5139 3558 5212 quandam
3582 5134 3790 5190 formu—

1857 5351 2116 5413 VARJAE
2148 5329 2550 5442 I.I§CTIONES.

584 5516 604 5551 ί
644 5509 739 5572 Sic
799 5513 922 5582 CD;
975 5517 1018 5572 A
1049 5515 1455 5587 generationem,
1493 5513 1537 5570 E
1583 5495 2004 5587 generationes.“—
2046 5513 2067 5587 ξ
2108 5511 2199 5587 Sic
2255 5508 2442 5587 CDE_;_
2467 5506 2698 5587 corporis
2733 5519 2855 5587 ‘om.
2982 5571 3002 5587 ο
3026 5500 3046 5533 ³
3074 5499 3168 5557 Sic
3379 5497 3429 5587 ρ
3452 5494 3788 5587 sapientium:

515 5583 540 5619 ⁸
588 5564 737 5643 Amavi
795 5564 922 5644 rictu:
1496 5564 2238 5660 Sic“igCUEviénacoluticc,
2267 5564 2326 5636 ut
2346 5564 2678 5660 “ι’ἰἰ1ειιιιξ-;“[ζ
2696 5574 2910 5660 οὐσίᾳςῖ
2981 5571 3013 5660 ⁸.
3041 5564 3793 5660 εεεειοεῐξξὶιξῆιξηβιίέωὶεξ

515 5659 796 5714 essentiam
826 5673 938 5714 om.
967 5657 1032 5713 A.
1110 5658 1153 5689 ²⁹
1192 5657 1234 5714 C
1260 5654 1468 5713 militia.
1547 5658 1589 5691 ¹¹
1630 5657 1721 5711 Sic
1775 5656 1940 5721 ACE;
1975 5655 2017 5708 D
2068 5654 2353 5722 disputant.

521 5745 646 5782 uno.
727 5728 771 5759 “
811 5729 857 5782 Λ
893 5728 1028 5784 ulla.
1105 5728 1152 5762 ’³
1188 5740 1234 5782 ει
1266 5728 1538 5782 materiale
1561 5743 1647 5782 om
1678 5727 1741 5779 D.
1819 5727 1864 5756 ¹⁶
1893 5727 1934 5779 D
1982 5727 2266 5778 veritatem.

2141 5802 2183 5834 ’9
2226 5799 2401 5852 dicunt
2433 5806 2541 5847 om.
2570 5787 2721 5844 CDE.

2627 5890 2648 5909 1

524 5798 567 5853 Δ
598 5798 964 5858 universalitcr
989 5815 1117 5856 csse.
1196 5795 1242 5832 '°
1265 5797 1306 5854 C
1331 5813 1411 5855 ne.
1478 5799 1520 5830 ³¹
1562 5797 1822 5867 speciebus
1855 5811 1962 5854 om.
2002 5800 2042 5854 (εἰ

2465 5651 2507 5680 ¹¹
2549 5647 2680 5704 CDE
2732 5646 2884 5700 verbo
2913 5658 3038 5697 uno.

2347 5724 2390 5757 εει
2417 5721 2548 5776 CDE
2588 5719 2775 5779 εορειὶ,
2857 5714 2897 5746 ¹⁸
2933 5714 3106 5768 dicere
3139 5728 3248 5770 om.
3292 5709 3355 5769 C.

2960 5881 2986 5906 δ
