4194 6276
450 249 548 305 491

1831 237 2115 302 JOANNIS
2155 241 2352 301 SCOTl

3615 250 3721 307 ωε

448 360 556 413 lam
598 358 906 429 praedictae
951 360 1434 431 argumentationis
1479 358 1597 416 fieri
1641 358 2028 415 necessarimm
2056 358 2103 421 ο
2134 365 2188 412 ει
2215 358 2425 426 species
2446 357 2732 425 dividitur;
2769 371 2964 429 corpus
2990 371 3120 415 vero
3149 357 3315 414 veluti
3354 366 3524 415 totum
3554 364 3716 431 quod-

447 451 624 507 video.
651 451 784 507 Nam
827 453 1100 524 praedicta
1138 455 1482 511 ratiocinatio
1505 453 1624 524 plus
1654 460 2027 524 argumentum

445 555 478 598 ε
501 550 775 598 contrario
804 542 1020 598 videtur
1058 557 1200 610 esse,
1235 561 1398 617 quam
1427 544 1697 601 dialectici
1733 541 2026 615 syllogismi

446 637 640 709 imago.
709 637 844 693 Mss.
896 636 1019 692 Fiat
1066 639 1230 710 igitur
1266 639 1500 695 maxima
1548 637 1844 710 propositio
1892 635 1971 694 sic
2009 653 2022 691 :

446 735 625 783 utrum
653 729 802 784 οὐσία
823 741 1020 798 corpus
1043 730 1392 800 corruptibile
1414 731 1533 787 est?
1565 729 1754 787 Omnis
1778 731 1922 786 οὐσία
1946 729 2027 784 in-

445 817 808 888 corruptibilis
840 820 856 850 ¹
907 828 1009 875 εει.
1043 819 1216 877 Omne
1248 821 1654 892 incorruptibile
1679 836 1878 892 corpus
1907 835 2024 876 ma—

444 908 634 964 teriale
663 923 770 964 non
799 917 902 966 εει.
933 910 1124 966 Omnis
1143 911 1307 980 igitur
1334 914 1482 969 οὐσία
1513 926 1710 982 corpus
1749 911 2028 968 materiale

443 1016 551 1055 non
595 1010 699 1056 est.
737 1001 808 1057 Et
845 1001 1085 1058 reﬂexim
1125 1020 1136 1056 :
1178 1003 1351 1058 Omne
1389 1003 1555 1073 igitur
1609 1017 1806 1073 corpus
1855 1012 2024 1058 mate-

442 1092 578 1147 riale
614 1095 765 1151 οὐσία
795 1109 903 1149 non
930 1101 1032 1148 est.
1065 1092 1195 1148 ltem
1228 1110 1242 1148 :
1271 1091 1443 1147 Omne
1483 1108 1678 1162 corpus
1707 1095 1750 1160 ³,
1787 1094 1929 1163 quod
1959 1108 2028 1148 ex

441 1182 618 1238 forma
663 1192 827 1254 atque
855 1185 1084 1239 materia
1114 1185 1478 1254 componitur;
1515 1184 1742 1255 simplex
1785 1193 2022 1242 nonest.

442 1272 629 1333 Omnis
654 1287 836 1334 autem
855 1279 1008 1334 οὐσία
1027 1277 1255 1348 simplex
1278 1287 1380 1333 est.
1404 1277 1618 1332 Nullum
1647 1277 1810 1346 igitur
1832 1292 2028 1348 corpus

440 1364 618 1423 ferina
645 1369 981 1439 materiaque
1000 1369 1356 1440 compositum
1400 1369 1550 1425 οὐσία
1581 1378 1687 1424 εει.
1715 1367 1847 1424 ltem
1871 1385 1883 1421 :
1906 1365 2030 1422 Om-

441 1459 592 1517 nium
615 1463 897 1518 hominum
919 1478 1026 1518 una
1047 1461 1344 1533 eademque
1365 1464 1518 1520 οὐσία
1537 1470 1638 1518 εει.
1664 1460 1864 1518 Omnes
1880 1461 2027 1516 enim

441 1563 602 1604 unam
625 1551 954 1623 participant
972 1551 1286 1618 essentiam,
1312 1566 1382 1606 ac
1411 1566 1510 1620 per
1540 1552 1660 1614 hoc,
1692 1549 1818 1621 quia
1847 1549 2026 1606 omni-

436 1635 543 1694 bus
567 1640 870 1695 communis
893 1649 994 1707 est,
1027 1641 1224 1697 nullius
1243 1641 1460 1712 proprie
1482 1650 1584 1696 est.
1607 1641 1815 1712 Corpus
1843 1648 2024 1696 autem

438 1745 724 1786 commune
741 1733 984 1787 omnium
1018 1734 1294 1790 hominum
1317 1749 1422 1794 non
1447 1743 1549 1790 est.
1573 1733 1707 1788 Nam
1731 1730 2022 1804 unusquis-
2051 1707 2100 1769 Β

436 1835 543 1890 que
571 1835 724 1875 suum
754 1823 1030 1894 proprium
1070 1824 1308 1894 possidet
1349 1840 1564 1894 corpus,
1591 1841 1698 1882 non
1737 1836 1791 1880 ct
1817 1829 2018 1884 οὐσίαν.

434 1909 602 1983 Igitur
629 1915 931 1971 communis
959 1923 1062 1981 est,
1094 1925 1148 1972 et
1172 1931 1370 1987 corpus
1398 1934 1681 1974 commune
1709 1935 1817 1973 non
1845 1919 1865 1950 ³
1915 1929 2018 1974 εει.

435 2003 532 2060 Est
559 2013 738 2060 autem
771 2008 921 2064 οὐσία
947 2006 970 2037 δ
1024 2009 1346 2065 communis.
1381 2007 1497 2062 Non
1533 2008 1803 2078 estigitur
1829 2010 1851 2040 ⁸
1902 2025 2022 2064 cor-

434 2109 556 2166 pus.
583 2095 786 2150 Eadem
813 2098 952 2151 ratio
981 2099 1033 2151 in
1058 2100 1253 2154 ceteris
1274 2099 2021 2156 animalibusinanimalibus-

434 2203 543 2255 quo
582 2187 601 2218 °
633 2188 914 2258 perspicue
949 2187 1212 2259 splendet.
1238 2191 1380 2245 DISC.
1408 2189 1551 2246 llaec
1576 2190 1801 2246 formula
1829 2191 2017 2246 idenea

434 2287 539 2332 est.
585 2277 739 2345 ltedi,
779 2294 991 2350 precor,
1034 2282 1100 2336 ad
1136 2282 1458 2350 promissam
1485 2284 1509 2314 τ
1543 2285 1844 2354 argumenti
1892 2285 2016 2340 nni-

435 2367 700 2422 vcrsalem
729 2371 981 2440 speciem,
1028 2386 1133 2441 qua
1171 2371 1528 2438 concluditur,
1575 2373 1778 2428 nullum
1825 2390 2018 2445 corpus

432 2461 616 2516 οὐσίαν
641 2474 779 2517 εεεε.
807 2462 948 2518 Mss.
981 2463 1152 2520 Omne
1172 2465 1314 2535 quod
1339 2465 2017 2537 longitudine,latitudine,

431 2549 718 2608 altitudine
751 2555 1242 2625 comprehenditur,
1273 2558 1528 2628 quoniam
1563 2559 1788 2616 diversis
1827 2563 2018 2630 spatiis

433 2642 798 2711 concluditur,
821 2661 1018 2717 corpus
1040 2657 1146 2705 est.
1176 2648 1331 2717 Quod
1363 2659 1544 2706 autem
1574 2651 1776 2708 nullum
1805 2653 2020 2722 praedi-

425 2740 646 2793 ctorum
686 2738 985 2806 spatiorhm
1016 2741 1236 2812 recipit,
1266 2743 1522 2813 quoniam
1546 2758 1712 2800 unum
1739 2754 1824 2802 est
1857 2754 2019 2816 atque

432 2826 684 2895 simplex,
725 2829 1037 2902 nullumque
1073 2841 1279 2889 motum
1311 2840 1540 2892 naturae
1559 2849 1687 2892 suae
1726 2850 1824 2906 per
1849 2838 2020 2908 spatia

431 2926 610 2987 potest
655 2920 916 2990 recipere,
971 2925 1280 2981 necessario
1325 2926 1661 2996 incorporale
1709 2936 1810 2983 est.
1855 2930 2020 2984 οὐσία

433 3017 614 3062 autem
645 3024 745 3066 nec
767 3011 1118 3083 longitudine,
1153 3030 1256 3069 nec
1278 3014 1586 3082 latitudine,
1617 3032 1716 3072 nec
1738 3017 2018 3072 altitudine

431 3099 792 3167 protenditur,
821 3110 878 3157 et
904 3103 1155 3172 quoniam
1187 3105 1239 3159 in
1271 3119 1400 3160 suae
1425 3115 1651 3161 naturae
1675 3107 2018 3178 simplicitate

433 3186 708 3244 individua
738 3200 1039 3260 permanet,
1087 3193 1440 3262 incorporalis
1488 3205 1590 3251 est.
1640 3196 1792 3251 Nulla
1837 3198 2021 3267 itaque

431 3279 602 3345 οὐσία,
643 3282 896 3349 quoniam
927 3292 1075 3338 caret
1123 3286 1320 3354 spatio,
1370 3287 1669 3355 corporalis
1717 3297 1830 3354 est;
1880 3291 2021 3345 sicut

430 3367 636 3422 nullum
662 3385 878 3440 corpus,
901 3374 1156 3441 quoniam
1178 3376 1368 3443 spatiis
1389 3379 1717 3447 extenditur,
1745 3384 1896 3439 οὗσὶα
1915 3391 2016 3438 εει.

430 3457 574 3516 Duc.
604 3461 718 3516 Hoc
738 3453 902 3519 etiam
925 3467 946 3496 ⁸
1001 3474 1147 3520 certa
1182 3467 1458 3524 dialectica
1485 3469 1710 3526 formula
1737 3473 2020 3544 imaginari

431 3550 574 3606 volo.
598 3552 740 3608 ΜΑε.
773 3555 1089 3626 Fiatitaque
1113 3559 1342 3614 formula
1367 3561 1662 3633 syllogismi
1687 3565 2019 3621 conditiona.

429 3641 520 3698 lis.
552 3642 628 3697 Ita
670 3645 906 3704 maxima
951 3650 1248 3718 propositio
1278 3650 1345 3705 ἐ
1393 3661 1572 3708 utrum
1617 3657 1775 3712 οὐσία
1824 3672 2020 3727 corpus

428 3731 554 3790 est?
581 3731 637 3788 Si
669 3734 824 3790 οὐσία
867 3750 1064 3806 corpus
1102 3749 1204 3807 est,
1252 3741 1622 3811 longitudinis,
1651 3745 1948 3803 latitudinis
1975 3749 2019 3780 ¹⁰

433 3822 845 3896 altitudinisque
876 3829 1048 3898 spatia
1081 3832 1293 3903 recipit.
1332 3838 1500 3890 Οὐσία
1523 3843 1701 3891 autem
1730 3837 2021 3909 longitudi-

353 3927 360 3933 ·
427 3927 573 3978 nem,
606 3913 1428 3994 latitudinem,altitudinemque
1448 3925 1610 3980 “non
1643 3928 1854 3996 recipit.
1887 3930 2020 3985 Cor-

425 4018 528 4074 pus
555 4005 720 4075 igitur
757 4025 864 4066 non
907 4021 1012 4066 est.
1046 4012 1100 4068 Si
1133 4023 1314 4070 autem
1348 4019 1718 4091 ἐνθυμήματος,
1764 4021 1868 4076 hoc‘
1911 4039 2015 4096 est,

425 4100 799 4170 conceptiouis
824 4105 1127 4160 communis
1157 4107 1322 4162 animi
1357 4109 1743 4182 syllogismum,
1777 4115 1867 4183 qui
1895 4131 2018 4171 om~

425 4185 574 4243 nium
594 4193 999 4249 conclusionum
1024 4197 1386 4269 principatum
1405 4202 1635 4268 obtinet,
1657 4206 1780 4273 quia
1807 4221 1874 4260 ex
1911 4208 2015 4276 his,

425 4289 569 4345 quae
591 4282 754 4337 simul
779 4300 901 4340 esse
930 4302 1036 4342 non
1063 4302 1307 4357 possunt,
1341 4295 1666 4361 assumitur,
1705 4298 1894 4353 audire
1918 4301 2014 4355 de-

2131 449 2254 504 dam
2292 451 2344 504 in
2372 457 2556 519 partes
2582 459 2882 520 separatur.
2908 450 3038 506 ltem
3071 451 3114 483 ’τ
3153 466 3349 520 corpus
3384 450 3437 507 in
3472 453 3718 522 partibus

2131 541 2243 596 suis
2273 548 2444 595 totum
2481 554 2587 595 non
2627 551 2728 604 est.
2777 541 2834 595 ln
2875 542 3056 611 capite
3091 541 3268 605 enim,
3307 554 3402 596 seu
3447 542 3714 610 manibus,

2127 629 2441 701 pedibusve,
2475 637 2644 686 totum
2666 644 2863 701 corpus
2887 645 2992 686 non
3013 631 3508 700 comprehenditur.
3542 631 3609 686 Et
3630 639 3713 686 est

2129 722 2304 793 majus
2333 724 2386 779 in
2417 723 2669 780 omnibus
2697 723 2811 778 suis
2848 721 3094 793 partibus
3141 723 3330 788 simul;
3366 723 3543 779 minus
3587 737 3714 778 vero

2129 816 2184 872 in
2207 815 2432 887 singulis
2464 832 2570 872 non
2596 813 2777 872 simul.
2810 812 2853 869 E
2879 816 3154 869 contrario
3179 821 3356 870 autem
3401 817 3557 872 οὐσία
3601 823 3713 871 tota

2129 906 2183 961 in
2214 905 2440 977 singulis
2463 905 2577 960 suis
2611 903 2797 959 formis
2841 902 3230 973 speciebusque
3258 912 3372 971 est;
3411 919 3510 959 nec
3540 905 3714 975 major

2129 999 2182 1053 in
2212 997 2462 1054 omnibus
2491 995 2649 1052 simul
2680 995 2940 1061 collectis,
2971 1010 3070 1052 nec
3108 995 3287 1052 minor
3323 995 3376 1055 in
3425 997 3648 1068 singulis
3677 1012 3706 1050 a

2128 1107 2186 1148 se
2208 1093 2436 1148 invicem
2469 1092 2674 1148 divisis.
2708 1090 2823 1146 Non
2852 1092 2997 1146 enim
3035 1091 3262 1162 amplior
3289 1101 3371 1149 est
3408 1092 3461 1147 in
3489 1107 3710 1164 genera-

2127 1183 2332 1241 lissimo
2370 1199 2586 1255 genere,
2625 1197 2788 1254 quam
2837 1183 2890 1238 in
2935 1183 3322 1253 specialissima
3371 1185 3580 1254 specie;
3613 1199 3712 1240 nec

2127 1275 2304 1330 minor
2323 1274 2380 1329 in
2402 1274 2791 1345 specialissima
2814 1275 3017 1344 specie,
3041 1285 3201 1345 quam
3229 1275 3280 1330 in
3304 1275 3713 1346 generalissimo

2128 1380 2346 1436 genere.
2371 1367 2440 1422 Et
2467 1374 2524 1420 ut
2549 1367 2813 1438 exemplis
2837 1374 3056 1422 utamur
3086 1384 3099 1420 :
3133 1370 3286 1425 οὐσία
3307 1382 3412 1424 non
3434 1377 3520 1426 est
3541 1369 3714 1440 major

2128 1459 2184 1514 in
2221 1459 2472 1516 omnibus
2501 1459 2828 1529 hominibus,
2876 1475 3037 1530 quam
3077 1461 3130 1515 in
3166 1477 3275 1517 uno
3302 1461 3521 1518 homine
3544 1503 3560 1529 ,
3610 1476 3712 1519 nec

2128 1549 2309 1605 minor
2333 1550 2386 1605 in
2418 1565 2529 1606 uno
2555 1551 2793 1618 homine,
2833 1553 3004 1622 Quam
3025 1553 3080 1607 in
3107 1553 3358 1608 omnibus
3378 1553 3704 1610 hominibus.

2127 1643 2244 1701 Non
2273 1654 2356 1701 est
2380 1647 2550 1717 major
2588 1647 2640 1701 in
2667 1661 2883 1718 genere,
2921 1646 2973 1701 in
2997 1662 3103 1717 quo
3141 1661 3327 1703 omnes
3349 1647 3554 1717 species
3586 1646 3705 1700 ani-

2127 1734 2348 1790 malium
2379 1751 2544 1790 unum
2571 1744 2716 1801 sunt,
2745 1748 2904 1808 quam
2930 1736 2982 1791 in
3022 1736 3237 1792 homine
3264 1735 3378 1792 solo
3398 1777 3413 1802 ,
3440 1737 3524 1792 vel
3547 1739 3704 1804 hove,

2127 1824 2212 1880 vel
2236 1840 2394 1894 equo.
2426 1823 2536 1880 Nec
2565 1827 2741 1882 minor
2763 1827 2816 1882 in
2847 1827 2928 1882 his
2951 1827 3175 1897 singulis
3202 1829 3512 1898 speciebus,
3541 1842 3704 1898 quam

2125 1918 2283 1974 simul
2304 1920 2353 1973 in
2375 1919 2643 1974 omnibus.
2669 1918 2799 1972 item
2821 1935 3016 1989 corpus
3035 1919 3087 1974 in
3110 1929 3290 1990 partes
3313 1928 3492 1990 potest
3511 1920 3704 1986 secari,

2125 2019 2184 2064 ut
2211 2019 2380 2065 totum
2403 2026 2557 2064 suum
2585 2017 2790 2078 pereat.
2819 2009 2977 2064 Verbi
3010 2010 3180 2080 gratia
3205 2051 3219 2076 ,
3251 2012 3377 2064 dum
3402 2012 3628 2066 solvitur
3651 2013 3704 2066 in

2123 2100 2234 2168 ipsa
2283 2099 2572 2165 elementa,
2623 2115 2690 2153 ex
2742 2099 2937 2168 quibus
2987 2101 3304 2156 coeuntibus
3357 2103 3701 2170 superaddita

2122 2191 2295 2246 forma
2323 2192 2626 2257 conficitur,
2661 2199 2830 2245 totum
2851 2192 3012 2262 perit.
3041 2191 3138 2248 Ubi
3167 2194 3309 2247 enim
3335 2202 3519 2262 partes
3542 2191 3703 2248 simul

2121 2299 2225 2338 non
2257 2294 2400 2349 sunt,
2439 2299 2613 2353 neque
2641 2283 2859 2354 propria
2905 2283 3078 2338 forma
3121 2285 3486 2350 continentur,
3532 2293 3702 2339 totum

2121 2378 2281 2432 simul
2321 2391 2438 2432 esse
2473 2391 2582 2431 non
2624 2383 2800 2446 potest
2827 2374 2880 2428 in
2910 2374 3084 2444 aliqua
3132 2389 3192 2428 re
3235 2384 3356 2430 actu
3397 2385 3452 2430 et
3499 2391 3703 2445 opere;

2119 2469 2364 2538 quamvis
2390 2466 2550 2522 simul
2569 2466 2851 2520 videantur
2869 2479 2988 2519 esse
3016 2472 3238 2520 naturas
3259 2479 3441 2520 rerum
3467 2466 3709 2522 conside-

2119 2562 2290 2618 rantis
2311 2558 2660 2631 cogitatione.
2687 2556 2792 2611 Sed
2824 2555 2966 2610 aliud
2997 2565 3100 2622 est,
3126 2555 3287 2612 simul
3311 2571 3430 2612 esse
3456 2559 3703 2614 rationa-

2119 2653 2212 2708 bili
2253 2661 2477 2707 naturae
2521 2639 2956 2705 consideratione
3019 2648 3083 2714 ",
3141 2662 3281 2717 quae
3325 2648 3503 2704 omnia
3543 2647 3704 2704 simul

2121 2760 2334 2817 semper
2361 2742 2638 2799 intellectu
2663 2739 2888 2810 colligit,
2915 2748 2970 2794 et
3000 2738 3430 2808 inseparabiliter
3457 2752 3704 2808 compre-

2121 2835 2309 2891 hendit
2368 2832 2779 2888 universitatem
2836 2829 2911 2895 "7;
2971 2827 3143 2896 aliud,
3199 2826 3344 2897 quod
3389 2827 3707 2896 operatione

2120 2928 2352 3001 agentis,
2375 2935 2469 2982 aut
2497 2925 2748 2996 passione
2777 2922 3060 2994 patientis,
3088 2920 3374 2976 visibiliter
3404 2921 3457 2976 in
3489 2935 3711 2990 separa-

2123 3018 2268 3073 tione
2290 3031 2383 3072 seu
2416 3016 2733 3072 collectione
2762 3011 3095 3069 sensibilium
3134 3011 3368 3081 partium
3411 3011 3706 3082 peragitur.

2123 3108 2284 3164 Ratio
2321 3107 2586 3177 siquidem
2616 3106 2856 3161 omnium
2909 3117 3254 3160 numerorum
3305 3103 3352 3134 ὀ
3399 3101 3456 3158 in
3504 3101 3711 3158 unitate

2125 3200 2445 3255 inconcussa
2476 3205 2577 3263 εει,
2605 3211 2706 3252 nec
2732 3195 2912 3266 augeri
2944 3201 3140 3264 potest,
3166 3207 3266 3249 nec
3288 3194 3477 3248 minui.
3507 3192 3710 3261 Corpo-

2124 3292 2267 3348 rales
2291 3305 2421 3346 vero
2460 3289 2674 3343 numeri
2703 3302 2798 3342 seu
2831 3286 3165 3357 pliantastici
3199 3295 3253 3340 et
3279 3286 3464 3358 augeri
3497 3285 3549 3340 in
3578 3285 3704 3339 infi-

2124 3387 2293 3439 nitum
2325 3391 2569 3452 possunt,
2599 3391 2653 3437 ct
2682 3382 2874 3446 minui,
2914 3382 2989 3437 ita
3018 3392 3074 3436 ut
3108 3381 3324 3451 penitus
3350 3396 3454 3435 non
3482 3379 3606 3434 sint.
3635 3378 3707 3433 At

2124 3489 2254 3530 vero
2281 3473 2455 3547 εὖσῖα,
2491 3472 2740 3542 quamvis
2775 3471 2889 3526 sola
2917 3471 3128 3526 ratione
3151 3471 3204 3526 in
3239 3484 3432 3540 genera
3463 3485 3559 3526 sua
3589 3486 3707 3539 spe-

2123 3565 2341 3634 ciesque
2363 3572 2418 3618 et
2451 3577 2708 3619 numeros
2731 3563 2773 3593 ¹¹
2800 3561 3102 3628 dividatur,
3135 3577 3231 3618 sua
3265 3569 3444 3616 tamen
3473 3559 3707 3615 naturali

2122 3657 2322 3712 virtute
2341 3656 2617 3711 individua
2645 3663 2948 3726 permanet,
2987 3671 3050 3711 ac
3084 3655 3229 3710 nullo
3257 3663 3379 3709 actu
3404 3670 3498 3710 seu
3523 3667 3707 3725 opera-

2122 3750 2266 3804 tione
2289 3747 2484 3804 visibili
2509 3758 2843 3819 segregatur.
2879 3747 3015 3803 Tota
3047 3747 3189 3802 enim
3215 3746 3374 3802 simul
3405 3757 3460 3803 et
3493 3761 3707 3817 semper

2121 3841 2176 3895 in
2199 3841 2313 3896 suis
2335 3839 2791 3896 subdivisionibus
2824 3838 3170 3895 aeternaliter
3203 3847 3258 3893 et
3289 3835 3706 3893 incommutabi-

2121 3932 2245 3987 liter
2276 3930 2543 3997 subsistit,
2573 3946 2871 4002 omnesque
2924 3930 3320 3986 subdivisiones
3347 3930 3430 3984 sui
3458 3927 3615 3984 simul
3639 3943 3703 3981 ac

2121 4039 2336 4095 semper
2379 4024 2432 4078 in
2483 4024 2662 4094 seipse
2695 4039 2862 4078 unum
2911 4021 3272 4091 inseparabile
3319 4030 3464 4076 sunt.
3526 4020 3706 4089 Atque

2123 4115 2264 4181 ideo,
2283 4114 2384 4169 etsi
2407 4114 2785 4185 corpus,quod
2799 4113 2930 4168 nihil
2959 4112 3105 4167 aliud
3128 4120 3211 4168 est
3223 4113 3267 4145 ¹²
3286 4119 3447 4182 quam
3470 4111 3704 4173 οὕσίας¹³

2120 4205 2478 4276 quantitas,et
2533 4213 2594 4260 ut
2643 4205 2826 4261 verius
2870 4206 3069 4273 dicam,
3111 4219 3218 4260 non
3266 4203 3563 4274 quantitas,
3609 4203 3704 4256 sed

2119 4308 2403 4368 quantum,
2432 4307 2554 4354 actu
2580 4308 2635 4355 et
2661 4300 3006 4370 operatione,
3039 4298 3123 4354 vel
3146 4304 3327 4354 certae
3351 4312 3482 4354 suae
3500 4294 3705 4365 fragili-

423 4365 650 4471 oidcras,
680 4374 864 4443 accipe
903 4376 1508 4446 hujusmodiformulam
1540 4400 1552 4436 :
1587 4383 1700 4438 Non
1735 4387 2016 4446 "ouem
2041 4411 2093 4471 ι)
2122 4365 2248 4446 tatis
2294 4391 2566 4468 passione,
2607 4391 2662 4446 in
2704 4391 2947 4448 diversas
2991 4398 3302 4463 segregetur
3336 4400 3536 4460 partes,
3583 4388 3701 4457 ipsa

350 4497 374 4526 ἣ
425 4466 529 4519 εει,
554 4467 609 4512 ει
633 4460 992 4531 incorporalis
1022 4483 1127 4522 non
1157 4478 1257 4523 est.
1290 4470 1382 4525 Est
1418 4483 1597 4528 autem
1625 4478 1796 4532 οὐσία.
1833 4478 2014 4534 lucor-

425 4549 622 4637 poralis
652 4551 834 4620 igitur.
862 4554 976 4609 Non
1001 4560 1144 4614 enim
1169 4563 1325 4616 simul
1367 4581 1485 4620 esse
1519 4577 1728 4637 potest,
1764 4580 1822 4624 ut
1850 4583 1903 4626 et
1929 4577 2013 4628 οὐ·

418 4636 510 4689 σία
556 4638 646 4702 sit,
687 4650 742 4694 et
790 4643 1105 4712 incorporea
1133 4666 1238 4705 non
1267 4652 1356 4706 sit.
1390 4636 1530 4710 item
1560 4675 1574 4712 :
1606 4659 1721 4716 Non
1761 4661 1805 4694 ¹³
1841 4671 1894 4718 ει
1925 4669 2011 4719 οὗ·

418 4726 510 4782 σία
540 4736 623 4781 εει
648 4727 714 4795 ίδ,
747 4739 801 4785 ει
827 4747 1022 4800 corpus
1055 4746 1157 4792 est.
1195 4740 1291 4795 Est
1328 4754 1508 4799 autem
1551 4752 1718 4806 οὐσία.
1767 4753 1882 4808 Νοη
1924 4765 2009 4811 εει

421 4814 586 4913 igitur
611 4834 825 4890 corpus.
851 4823 982 4878 ltem
1003 4839 1016 4878 :
1034 4827 1152 4883 Non
1182 4830 1227 4863 ¹⁸
1249 4840 1302 4887 ει
1323 4837 1469 4892 οὐσία
1489 4849 1588 4903 εει,
1615 4851 1669 4895 ει
1695 4843 2007 4913 incorpora-

419 4906 484 4964 lis
508 4907 552 4942 “
575 4922 676 4968 est.
705 4913 800 4970 Est
827 4924 1008 4971 autem
1037 4923 1206 4977 οὐσία.
1239 4922 1598 4996 incorporalis
1627 4931 1806 5000 igitur.
1836 4906 2005 4990 illaxi-

415 5005 779 5095 mumitaque
823 5022 1200 5080 argumentum
1241 5026 1346 5082 est,
1389 5035 1455 5074 ex
1501 5037 1606 5090 quo
1646 5021 2000 5095 dignoscitur,

415 5090 564 5152 aliud
591 5110 714 5156 esse
740 5115 970 5175 corpus,
1002 5106 1144 5163 aliud
1172 5111 1372 5169 οὓσὶαν.
1399 5109 1531 5168 Nam
1553 5090 1776 5172 accierit)
1804 5090 2000 5187 genera

2119 4497 2216 4551 per
2238 4497 2318 4547 se,
2351 4482 2403 4536 id
2435 4490 2518 4536 est
2546 4482 2718 4548 οὐσία,
2749 4483 2904 4554 cujus
2926 4491 3010 4538 est
3053 4489 3315 4552 quantum
3351 4493 3566 4550 corpus,
3593 4479 3698 4532 im-

2119 4577 2366 4632 mortalis
2409 4575 2900 4648 mseparabilisque
2942 4591 3038 4632 sua
3082 4577 3301 4646 propria
3356 4570 3697 4639 naturalique

2115 4669 2316 4724 virtute
2353 4669 2630 4738 perdurat.

2184 4761 2274 4815 50.
2327 4759 2454 4816 ideo
2482 4767 2661 4815 autem
2705 4759 2904 4826 addidi,
2957 4759 3156 4814 rectius
3199 4755 3392 4826 corpus
3431 4760 3691 4824 quantum

2114 4851 2298 4908 vocari
2357 4865 2518 4920 quam
2575 4849 2867 4921 quantitas,
2927 4849 3179 4920 quoniam
3223 4846 3315 4902 illa
3373 4843 3694 4908 accidentia,

2115 4957 2253 5013 quae
2300 4941 2562 4997 naturalia
2593 4942 2866 5006 dicuntur,
2900 4943 3026 4997 dum
3059 4943 3111 4996 in
3143 4939 3333 5010 seipsis
3377 4934 3698 4992 naturaliter
3737 5009 3742 5019 ι

2110 5033 2528 5103 perspiciuntur,
2588 5033 2940 5102 incorporalia
2999 5041 3123 5088 sunt
3179 5040 3236 5086 et
3282 5029 3594 5094 invisibilia,
3643 5026 3751 5081 et“-

2112 5125 2256 5179 circa
2283 5124 2454 5192 ipsam
2483 5125 2683 5190 οὐσίαν,
2716 5138 2810 5178 εευ
2847 5124 2900 5176 in
2929 5123 3042 5193 ipsa
3076 5122 3187 5178 sola
3218 5123 3263 5153 "
3297 5121 3524 5177 rationis
3571 5132 3700 5175 con-

1749 5250 1997 5308 VARlAE
2032 5249 2438 5311 LECTIONES.

608 5348 1020 5433 incorruptibile.
1099 5355 1119 5385 '
1151 5355 1192 5410 D
1222 5372 1628 5433 corpus__omue.
1707 5363 1728 5394 ³
1752 5383 2023 5423 commune
2058 5387 2160 5425 non
2213 5389 2322 5426 om.
2355 5370 2509 5428 CDE.
2590 5372 2611 5403 ⁸
2643 5376 2799 5428 οὐσία
2836 5388 2944 5428 om.
2969 5372 3100 5427 CDE

411 5411 1075 5506 Eli-ElLignaniindtie‘usque
1101 5441 1208 5506 0_t_n.
1239 5411 1324 5480 Δί
1727 5411 2160 5506 Av
2213 5411 2409 5498 3"}?

2065 5511 2106 5541 ¹²
2133 5513 2175 5566 Α
2206 5529 2350 5567 num.

1741 5578 1783 5609 ³³
1821 5580 1860 5633 Α
1896 5582 2309 5638 consideratione
2349 5595 2587 5638 naturae.

413 5481 682 5538 titutlinis.

761 5491 817 5571 ’ξ’
835 5493 926 5546 AD
947 5491 1307 5571 altitudinem.
1353 5569 1360 5571 _
1387 5501 1430 5531 ¹²
1457 5501 1549 5556 Sic
1571 5491 1735 5571 CDE;
1765 5491 1810 5560 Α
1839 5491 1982 5562 num.

413 5566 519 5622 gron
558 5559 862 5622 corporalis.

945 5565 984 5593 "
1018 5564 1108 5641 S_ic
1130 5567 1293 5641 CDE;
1320 5569 1376 5641 ΔΑ
1406 5571 1658 5641 Itemque.

2587 5372 2611 5455 ξ
2643 5376 2799 5455 ορδερ(
2836 5388 2944 5455 om.
2969 5372 3121 5454 CDE.
3155 5443 3164 5452 ι
3199 5371 3220 5402 ⁸
3257 5370 3300 5424 Λ
3339 5389 3497 5455 αρε..
3560 5374 3580 5405 ⁸
3606 5371 3697 5455 S_ic

2504 5531 2577 5568 est
2617 5531 2723 5567 om.
2753 5531 2817 5568 υ.
2899 5531 2942 5544 ιν
2980 5531 3020 5565 Α
3054 5531 3197 5568 num.
3276 5531 3321 5544 ι·
3346 5531 3434 5570 διε
3455 5531 3620 5577 cura;
3650 5531 3692 5566 Λ

2504 5602 2587 5638 ἀε.
2670 5586 2712 5614 ¹⁹
2753 5584 2844 5639 Sic
2882 5585 3045 5646 CDE;
3085 5586 3214 5639 Ain
3267 5583 3692 5638 universitatem.

411 5617 461 5651 κ
487 5621 534 5678 υ
555 5638 891 5691 murorum
911 5635 1167 5693 om...
1316 5637 1407 5696 εί.
1431 5643 1522 5700 An
1543 5617 1566 5710 ς’
1587 5644 1671 5701 cr:
1699 5617 2587 5721 ...ιινεξςῑέῖυτέεῑςῑάίῑάῖιιξξῖ·
2639 5653 2686 5686 υ
2712 5617 3067 5740 nissime
3233 5617 3619 5723 magis};
