  <div class='ocr_page' id='page_1' title='image "/cluster/home/n/w/nwhite01/storage/ocr_20150623/122/pst.000018028355/284.png"; bbox 0 0 2097 3138; ppageno 0'>
   <div class='ocr_carea' id='block_1_1' title="bbox 223 138 277 168">
    <p class='ocr_par' dir='ltr' id='par_1_1' title="bbox 223 138 277 168">
     <span class='ocr_line' id='line_1_1' title="bbox 223 138 277 168; baseline 0.019 -1"><span class='ocrx_word' id='word_1_1' title='bbox 223 138 277 168; x_wconf 64' lang='grc'><strong>493</strong></span> 
     </span>
    </p>
   </div>
   <div class='ocr_carea' id='block_1_2' title="bbox 679 138 1435 169">
    <p class='ocr_par' dir='ltr' id='par_1_2' title="bbox 679 138 1435 169">
     <span class='ocr_line' id='line_1_2' title="bbox 679 138 1435 169; baseline -0.001 -2"><span class='ocrx_word' id='word_1_2' title='bbox 679 139 724 167; x_wconf 84' lang='lat' dir='ltr'><strong>DE</strong></span> <span class='ocrx_word' id='word_1_3' title='bbox 743 139 913 169; x_wconf 83' lang='lat' dir='ltr'><strong>DlVlSlONE</strong></span> <span class='ocrx_word' id='word_1_4' title='bbox 931 138 1106 169; x_wconf 78' lang='lat' dir='ltr'><strong>NATURAE.</strong></span> <span class='ocrx_word' id='word_1_5' title='bbox 1127 153 1162 160; x_wconf 90' lang='lat'>—</span> <span class='ocrx_word' id='word_1_6' title='bbox 1179 138 1279 167; x_wconf 83' lang='lat' dir='ltr'><strong>LIBER</strong></span> <span class='ocrx_word' id='word_1_7' title='bbox 1297 138 1435 167; x_wconf 81' lang='lat' dir='ltr'><strong>PRIMUS.</strong></span> 
     </span>
    </p>
   </div>
   <div class='ocr_carea' id='block_1_3' title="bbox 1810 138 1862 166">
    <p class='ocr_par' dir='ltr' id='par_1_3' title="bbox 1810 138 1862 166">
     <span class='ocr_line' id='line_1_3' title="bbox 1810 138 1862 166; baseline 0 -1"><span class='ocrx_word' id='word_1_8' title='bbox 1810 138 1862 166; x_wconf 61' lang='lat' dir='ltr'><strong>49A</strong></span> 
     </span>
    </p>
   </div>
   <div class='ocr_carea' id='block_1_4' title="bbox 221 193 1860 231">
    <p class='ocr_par' dir='ltr' id='par_1_4' title="bbox 221 193 1860 231">
     <span class='ocr_line' id='line_1_4' title="bbox 221 193 1860 231; baseline 0.001 -10"><span class='ocrx_word' id='word_1_9' title='bbox 221 194 292 221; x_wconf 84' lang='lat' dir='ltr'><strong>tuitu</strong></span> <span class='ocrx_word' id='word_1_10' title='bbox 310 193 528 227; x_wconf 74' lang='lat' dir='ltr'><strong>considerantur,</strong></span> <span class='ocrx_word' id='word_1_11' title='bbox 541 197 570 221; x_wconf 88' lang='lat' dir='ltr'><strong>et</strong></span> <span class='ocrx_word' id='word_1_12' title='bbox 582 194 664 221; x_wconf 88' lang='lat' dir='ltr'><strong>veluti</strong></span> <span class='ocrx_word' id='word_1_13' title='bbox 679 195 810 229; x_wconf 80' lang='lat' dir='ltr'><strong>quaedam</strong></span> <span class='ocrx_word' id='word_1_14' title='bbox 831 203 929 223; x_wconf 83' lang='lat' dir='ltr'><strong>causae</strong></span> <span class='ocrx_word' id='word_1_15' title='bbox 950 204 1013 224; x_wconf 76' lang='lat' dir='ltr'><strong>suo-</strong></span> <span class='ocrx_word' id='word_1_16' title='bbox 1026 200 1050 228; x_wconf 87' lang='grc' dir='ltr'><strong>Λ</strong></span> <span class='ocrx_word' id='word_1_17' title='bbox 1065 203 1173 231; x_wconf 86' lang='lat' dir='ltr'><strong>corpus,</strong></span> <span class='ocrx_word' id='word_1_18' title='bbox 1189 195 1260 223; x_wconf 77' lang='lat' dir='ltr'><strong>aliud</strong></span> <span class='ocrx_word' id='word_1_19' title='bbox 1281 196 1377 228; x_wconf 81' lang='grc' dir='ltr'><strong>οὐσίαν,</strong></span> <span class='ocrx_word' id='word_1_20' title='bbox 1399 195 1526 229; x_wconf 86' lang='lat' dir='ltr'><strong>quoniam</strong></span> <span class='ocrx_word' id='word_1_21' title='bbox 1542 202 1641 230; x_wconf 88' lang='lat' dir='ltr'><strong>corpus</strong></span> <span class='ocrx_word' id='word_1_22' title='bbox 1655 195 1800 230; x_wconf 77' lang='lat' dir='ltr'><strong>aliquando</strong></span> <span class='ocrx_word' id='word_1_23' title='bbox 1813 203 1860 223; x_wconf 87' lang='lat' dir='ltr'><strong>ea-</strong></span> 
     </span>
    </p>
   </div>
   <div class='ocr_carea' id='block_1_5' title="bbox 223 237 1014 278">
    <p class='ocr_par' dir='ltr' id='par_1_5' title="bbox 223 237 1014 278">
     <span class='ocr_line' id='line_1_5' title="bbox 223 237 1014 278; baseline 0.004 -13"><span class='ocrx_word' id='word_1_24' title='bbox 223 246 284 265; x_wconf 87' lang='lat' dir='ltr'><strong>rum</strong></span> <span class='ocrx_word' id='word_1_25' title='bbox 294 237 438 266; x_wconf 76' lang='lat' dir='ltr'><strong>ell‘ectuum</strong></span> <span class='ocrx_word' id='word_1_26' title='bbox 451 242 524 271; x_wconf 84' lang='lat' dir='ltr'><strong>sunt,</strong></span> <span class='ocrx_word' id='word_1_27' title='bbox 538 242 566 265; x_wconf 90' lang='lat' dir='ltr'><strong>ut</strong></span> <span class='ocrx_word' id='word_1_28' title='bbox 578 243 620 266; x_wconf 84' lang='lat' dir='ltr'><strong>est</strong></span> <span class='ocrx_word' id='word_1_29' title='bbox 633 238 690 273; x_wconf 90' lang='lat' dir='ltr'><strong>ipsa</strong></span> <span class='ocrx_word' id='word_1_30' title='bbox 703 240 840 278; x_wconf 82' lang='lat' dir='ltr'><strong>quantitas</strong></span> <span class='ocrx_word' id='word_1_31' title='bbox 854 245 882 268; x_wconf 87' lang='lat' dir='ltr'><strong>et</strong></span> <span class='ocrx_word' id='word_1_32' title='bbox 895 241 1014 275; x_wconf 80' lang='lat' dir='ltr'><strong>qualitas</strong></span> 
     </span>
    </p>
   </div>
   <div class='ocr_carea' id='block_1_6' title="bbox 223 284 1014 321">
    <p class='ocr_par' dir='ltr' id='par_1_6' title="bbox 223 284 1014 321">
     <span class='ocr_line' id='line_1_6' title="bbox 223 284 1014 321; baseline 0.003 -9"><span class='ocrx_word' id='word_1_33' title='bbox 223 292 303 312; x_wconf 88' lang='lat' dir='ltr'><strong>causa</strong></span> <span class='ocrx_word' id='word_1_34' title='bbox 316 285 409 320; x_wconf 90' lang='lat' dir='ltr'><strong>quanti</strong></span> <span class='ocrx_word' id='word_1_35' title='bbox 422 289 449 312; x_wconf 87' lang='lat' dir='ltr'><strong>et</strong></span> <span class='ocrx_word' id='word_1_36' title='bbox 463 284 561 319; x_wconf 81' lang='lat' dir='ltr'><strong>qualis,</strong></span> <span class='ocrx_word' id='word_1_37' title='bbox 578 288 723 320; x_wconf 84' lang='lat' dir='ltr'><strong>ceteraque</strong></span> <span class='ocrx_word' id='word_1_38' title='bbox 740 285 919 314; x_wconf 84' lang='lat' dir='ltr'><strong>accidentium</strong></span> <span class='ocrx_word' id='word_1_39' title='bbox 932 294 1014 321; x_wconf 85' lang='lat' dir='ltr'><strong>gene-</strong></span> 
     </span>
    </p>
   </div>
   <div class='ocr_carea' id='block_1_7' title="bbox 224 329 1013 366">
    <p class='ocr_par' dir='ltr' id='par_1_7' title="bbox 224 329 1013 366">
     <span class='ocr_line' id='line_1_7' title="bbox 224 329 1013 366; baseline 0.001 -10"><span class='ocrx_word' id='word_1_40' title='bbox 224 337 263 362; x_wconf 83' lang='lat' dir='ltr'><strong>ra,</strong></span> <span class='ocrx_word' id='word_1_41' title='bbox 281 330 315 358; x_wconf 80' lang='lat' dir='ltr'><strong>de</strong></span> <span class='ocrx_word' id='word_1_42' title='bbox 327 329 424 364; x_wconf 87' lang='lat' dir='ltr'><strong>quibus</strong></span> <span class='ocrx_word' id='word_1_43' title='bbox 441 329 517 361; x_wconf 88' lang='lat' dir='ltr'><strong>satis,</strong></span> <span class='ocrx_word' id='word_1_44' title='bbox 533 332 564 355; x_wconf 88' lang='lat' dir='ltr'><strong>ut</strong></span> <span class='ocrx_word' id='word_1_45' title='bbox 581 329 708 362; x_wconf 74' lang='lat' dir='ltr'><strong>arbitror,</strong></span> <span class='ocrx_word' id='word_1_46' title='bbox 730 330 865 364; x_wconf 74' lang='lat' dir='ltr'><strong>diximus,</strong></span> <span class='ocrx_word' id='word_1_47' title='bbox 885 331 1013 366; x_wconf 91' lang='lat' dir='ltr'><strong>quoniam</strong></span> 
     </span>
    </p>
   </div>
   <div class='ocr_carea' id='block_1_8' title="bbox 224 374 1014 411">
    <p class='ocr_par' dir='ltr' id='par_1_8' title="bbox 224 374 1014 411">
     <span class='ocr_line' id='line_1_8' title="bbox 224 374 1014 411; baseline 0.003 -10"><span class='ocrx_word' id='word_1_48' title='bbox 224 374 369 402; x_wconf 78' lang='lat' dir='ltr'><strong>invisibiles</strong></span> <span class='ocrx_word' id='word_1_49' title='bbox 382 378 452 406; x_wconf 83' lang='lat' dir='ltr'><strong>sunt,</strong></span> <span class='ocrx_word' id='word_1_50' title='bbox 464 381 529 401; x_wconf 80' lang='lat' dir='ltr'><strong>suos</strong></span> <span class='ocrx_word' id='word_1_51' title='bbox 542 374 662 402; x_wconf 79' lang='lat' dir='ltr'><strong>visibiles</strong></span> <span class='ocrx_word' id='word_1_52' title='bbox 675 374 787 405; x_wconf 73' lang='lat' dir='ltr'><strong>eﬂ&#39;ectus</strong></span> <span class='ocrx_word' id='word_1_53' title='bbox 801 376 923 411; x_wconf 83' lang='lat' dir='ltr'><strong>gignunt.</strong></span> <span class='ocrx_word' id='word_1_54' title='bbox 948 376 1014 403; x_wconf 83' lang='lat' dir='ltr'><strong>Cor-</strong></span> 
     </span>
    </p>
   </div>
   <div class='ocr_carea' id='block_1_9' title="bbox 222 418 1012 455">
    <p class='ocr_par' dir='ltr' id='par_1_9' title="bbox 222 418 1012 455">
     <span class='ocr_line' id='line_1_9' title="bbox 222 418 1012 455; baseline 0.005 -11"><span class='ocrx_word' id='word_1_55' title='bbox 222 426 271 452; x_wconf 86' lang='lat' dir='ltr'><strong>pus</strong></span> <span class='ocrx_word' id='word_1_56' title='bbox 288 418 369 452; x_wconf 79' lang='lat' dir='ltr'><strong>igitur</strong></span> <span class='ocrx_word' id='word_1_57' title='bbox 393 425 445 446; x_wconf 91' lang='lat' dir='ltr'><strong>non</strong></span> <span class='ocrx_word' id='word_1_58' title='bbox 464 422 505 447; x_wconf 84' lang='lat' dir='ltr'><strong>est</strong></span> <span class='ocrx_word' id='word_1_59' title='bbox 528 419 618 450; x_wconf 78' lang='grc' dir='ltr'><strong>οὐσίας</strong></span> <span class='ocrx_word' id='word_1_60' title='bbox 639 420 785 454; x_wconf 83' lang='lat' dir='ltr'><strong>quantitas,</strong></span> <span class='ocrx_word' id='word_1_61' title='bbox 804 421 851 448; x_wconf 83' lang='lat' dir='ltr'><strong>sed</strong></span> <span class='ocrx_word' id='word_1_62' title='bbox 864 425 1012 455; x_wconf 89' lang='lat' dir='ltr'><strong>quantum;</strong></span> 
     </span>
    </p>
   </div>
   <div class='ocr_carea' id='block_1_10' title="bbox 220 463 1014 500">
    <p class='ocr_par' dir='ltr' id='par_1_10' title="bbox 220 463 1014 500">
     <span class='ocr_line' id='line_1_10' title="bbox 220 463 1014 500; baseline 0.005 -10"><span class='ocrx_word' id='word_1_63' title='bbox 220 463 290 491; x_wconf 83' lang='lat' dir='ltr'><strong>sicut</strong></span> <span class='ocrx_word' id='word_1_64' title='bbox 302 463 377 491; x_wconf 80' lang='lat' dir='ltr'><strong>color</strong></span> <span class='ocrx_word' id='word_1_65' title='bbox 390 463 514 497; x_wconf 85' lang='lat' dir='ltr'><strong>visibilis,</strong></span> <span class='ocrx_word' id='word_1_66' title='bbox 535 464 581 499; x_wconf 85' lang='lat' dir='ltr'><strong>qui</strong></span> <span class='ocrx_word' id='word_1_67' title='bbox 598 464 670 492; x_wconf 88' lang='lat' dir='ltr'><strong>circa</strong></span> <span class='ocrx_word' id='word_1_68' title='bbox 690 472 788 500; x_wconf 89' lang='lat' dir='ltr'><strong>corpus</strong></span> <span class='ocrx_word' id='word_1_69' title='bbox 811 466 935 499; x_wconf 82' lang='lat' dir='ltr'><strong>sentitur,</strong></span> <span class='ocrx_word' id='word_1_70' title='bbox 959 473 1014 495; x_wconf 88' lang='lat' dir='ltr'><strong>non</strong></span> 
     </span>
    </p>
   </div>
   <div class='ocr_carea' id='block_1_11' title="bbox 218 508 1012 545">
    <p class='ocr_par' dir='ltr' id='par_1_11' title="bbox 218 508 1012 545">
     <span class='ocr_line' id='line_1_11' title="bbox 218 508 1012 545; baseline 0.006 -11"><span class='ocrx_word' id='word_1_71' title='bbox 218 511 260 534; x_wconf 85' lang='lat' dir='ltr'><strong>cst</strong></span> <span class='ocrx_word' id='word_1_72' title='bbox 273 508 362 539; x_wconf 67' lang='lat' dir='ltr'><strong>aucta:</strong></span> <span class='ocrx_word' id='word_1_73' title='bbox 375 509 504 543; x_wconf 85' lang='lat' dir='ltr'><strong>qualitas,</strong></span> <span class='ocrx_word' id='word_1_74' title='bbox 517 510 564 536; x_wconf 87' lang='lat' dir='ltr'><strong>sed</strong></span> <span class='ocrx_word' id='word_1_75' title='bbox 575 509 654 545; x_wconf 82' lang='lat' dir='ltr'><strong>quale</strong></span> <span class='ocrx_word' id='word_1_76' title='bbox 665 509 693 537; x_wconf 93' lang='lat' dir='ltr'><strong>in</strong></span> <span class='ocrx_word' id='word_1_77' title='bbox 704 515 806 545; x_wconf 81' lang='lat' dir='ltr'><strong>quanto</strong></span> <span class='ocrx_word' id='word_1_78' title='bbox 819 511 994 540; x_wconf 86' lang='lat' dir='ltr'><strong>constitutum</strong></span> <span class='ocrx_word' id='word_1_79' title='bbox 1004 531 1012 545; x_wconf 90' lang='lat'><strong>,</strong></span> 
     </span>
    </p>
   </div>
   <div class='ocr_carea' id='block_1_12' title="bbox 218 553 1015 588">
    <p class='ocr_par' dir='ltr' id='par_1_12' title="bbox 218 553 1015 588">
     <span class='ocr_line' id='line_1_12' title="bbox 218 553 1015 588; baseline 0.004 -7"><span class='ocrx_word' id='word_1_80' title='bbox 218 557 364 588; x_wconf 82' lang='lat' dir='ltr'><strong>ceteraque</strong></span> <span class='ocrx_word' id='word_1_81' title='bbox 377 554 403 580; x_wconf 90' lang='lat' dir='ltr'><strong>id</strong></span> <span class='ocrx_word' id='word_1_82' title='bbox 414 561 509 588; x_wconf 83' lang='lat' dir='ltr'><strong>genus.</strong></span> <span class='ocrx_word' id='word_1_83' title='bbox 528 553 632 581; x_wconf 85' lang='lat' dir='ltr'><strong>Placuit</strong></span> <span class='ocrx_word' id='word_1_84' title='bbox 642 554 725 582; x_wconf 86' lang='lat' dir='ltr'><strong>etiam</strong></span> <span class='ocrx_word' id='word_1_85' title='bbox 740 555 748 570; x_wconf 80' lang='grc'>¹</span> <span class='ocrx_word' id='word_1_86' title='bbox 776 556 938 584; x_wconf 85' lang='lat' dir='ltr'><strong>sententiam</strong></span> <span class='ocrx_word' id='word_1_87' title='bbox 952 563 1015 584; x_wconf 87' lang='lat' dir='ltr'><strong>san-</strong></span> 
     </span>
    </p>
   </div>
   <div class='ocr_carea' id='block_1_13' title="bbox 218 598 1017 637">
    <p class='ocr_par' dir='ltr' id='par_1_13' title="bbox 218 598 1017 637">
     <span class='ocr_line' id='line_1_13' title="bbox 218 598 1017 637; baseline 0.006 -12"><span class='ocrx_word' id='word_1_88' title='bbox 218 599 255 625; x_wconf 87' lang='lat' dir='ltr'><strong>cti</strong></span> <span class='ocrx_word' id='word_1_89' title='bbox 269 598 355 633; x_wconf 82' lang='lat' dir='ltr'><strong>patris</strong></span> <span class='ocrx_word' id='word_1_90' title='bbox 367 598 508 634; x_wconf 74' lang='lat' dir='ltr'><strong>Augustini</strong></span> <span class='ocrx_word' id='word_1_91' title='bbox 522 606 555 627; x_wconf 83' lang='lat' dir='ltr'><strong>cx</strong></span> <span class='ocrx_word' id='word_1_92' title='bbox 566 599 645 632; x_wconf 91' lang='lat' dir='ltr'><strong>libro,</strong></span> <span class='ocrx_word' id='word_1_93' title='bbox 663 608 742 635; x_wconf 82' lang='lat' dir='ltr'><strong>quem</strong></span> <span class='ocrx_word' id='word_1_94' title='bbox 755 601 790 632; x_wconf 62' lang='lat' dir='ltr'><strong>de,</strong></span> <span class='ocrx_word' id='word_1_95' title='bbox 799 601 941 637; x_wconf 81' lang='lat' dir='ltr'><strong>categoriis</strong></span> <span class='ocrx_word' id='word_1_96' title='bbox 954 601 1017 630; x_wconf 82' lang='lat' dir='ltr'><strong>Ari-</strong></span> 
     </span>
    </p>
   </div>
   <div class='ocr_carea' id='block_1_14' title="bbox 220 642 978 679">
    <p class='ocr_par' dir='ltr' id='par_1_14' title="bbox 220 642 978 679">
     <span class='ocr_line' id='line_1_14' title="bbox 220 642 978 679; baseline 0.005 -10"><span class='ocrx_word' id='word_1_97' title='bbox 220 642 325 670; x_wconf 83' lang='lat' dir='ltr'><strong>stotelis</strong></span> <span class='ocrx_word' id='word_1_98' title='bbox 340 642 457 678; x_wconf 78' lang='lat' dir='ltr'><strong>scripsit,</strong></span> <span class='ocrx_word' id='word_1_99' title='bbox 474 643 573 671; x_wconf 85' lang='lat' dir='ltr'><strong>nostris</strong></span> <span class='ocrx_word' id='word_1_100' title='bbox 585 644 834 679; x_wconf 86' lang='lat' dir='ltr'><strong>disceptatiuuculis</strong></span> <span class='ocrx_word' id='word_1_101' title='bbox 849 646 978 674; x_wconf 80' lang='lat' dir='ltr'><strong>inserere.</strong></span> 
     </span>
    </p>
   </div>
   <div class='ocr_carea' id='block_1_15' title="bbox 256 688 1013 727">
    <p class='ocr_par' dir='ltr' id='par_1_15' title="bbox 256 688 1013 727">
     <span class='ocr_line' id='line_1_15' title="bbox 256 688 1013 727; baseline 0.007 -13"><span class='ocrx_word' id='word_1_102' title='bbox 256 688 301 715; x_wconf 79' lang='grc'><strong>51.</strong></span> <span class='ocrx_word' id='word_1_103' title='bbox 322 688 458 723; x_wconf 73' lang='lat' dir='ltr'><strong>Descripta</strong></span> <span class='ocrx_word' id='word_1_104' title='bbox 471 689 562 724; x_wconf 82' lang='lat' dir='ltr'><strong>igitur,</strong></span> <span class='ocrx_word' id='word_1_105' title='bbox 577 690 674 725; x_wconf 80' lang='lat' dir='ltr'><strong>inquit,</strong></span> <span class='ocrx_word' id='word_1_106' title='bbox 693 691 777 724; x_wconf 64' lang='lat' dir='ltr'><strong>eiulat,</strong></span> <span class='ocrx_word' id='word_1_107' title='bbox 798 692 924 727; x_wconf 83' lang='lat' dir='ltr'><strong>quoniam</strong></span> <span class='ocrx_word' id='word_1_108' title='bbox 946 692 1013 726; x_wconf 78' lang='lat' dir='ltr'><strong>deﬁ-</strong></span> 
     </span>
    </p>
   </div>
   <div class='ocr_carea' id='block_1_16' title="bbox 222 737 1014 775">
    <p class='ocr_par' dir='ltr' id='par_1_16' title="bbox 222 737 1014 775">
     <span class='ocr_line' id='line_1_16' title="bbox 222 737 1014 775; baseline 0.005 -12"><span class='ocrx_word' id='word_1_109' title='bbox 222 737 273 763; x_wconf 88' lang='lat' dir='ltr'><strong>niri</strong></span> <span class='ocrx_word' id='word_1_110' title='bbox 295 745 347 763; x_wconf 84' lang='lat' dir='ltr'><strong>non</strong></span> <span class='ocrx_word' id='word_1_111' title='bbox 367 737 452 772; x_wconf 88' lang='lat' dir='ltr'><strong>potuit</strong></span> <span class='ocrx_word' id='word_1_112' title='bbox 470 742 575 772; x_wconf 86' lang='lat' dir='ltr'><strong>propter</strong></span> <span class='ocrx_word' id='word_1_113' title='bbox 595 746 639 765; x_wconf 77' lang='lat' dir='ltr'><strong>eas</strong></span> <span class='ocrx_word' id='word_1_114' title='bbox 663 747 756 766; x_wconf 71' lang='lat' dir='ltr'><strong>causas</strong></span> <span class='ocrx_word' id='word_1_115' title='bbox 772 759 780 772; x_wconf 89' lang='lat'><strong>,</strong></span> <span class='ocrx_word' id='word_1_116' title='bbox 806 748 872 775; x_wconf 72' lang='lat' dir='ltr'><strong>quas</strong></span> <span class='ocrx_word' id='word_1_117' title='bbox 895 740 1014 774; x_wconf 74' lang='lat' dir='ltr'><strong>superius</strong></span> 
     </span>
    </p>
   </div>
   <div class='ocr_carea' id='block_1_17' title="bbox 221 781 1014 817">
    <p class='ocr_par' dir='ltr' id='par_1_17' title="bbox 221 781 1014 817">
     <span class='ocr_line' id='line_1_17' title="bbox 221 781 1014 817; baseline 0.008 -10"><span class='ocrx_word' id='word_1_118' title='bbox 221 781 373 813; x_wconf 74' lang='lat' dir='ltr'><strong>memoravi,</strong></span> <span class='ocrx_word' id='word_1_119' title='bbox 387 781 561 809; x_wconf 76' lang='lat' dir='ltr'><strong>accidentium</strong></span> <span class='ocrx_word' id='word_1_120' title='bbox 577 783 759 817; x_wconf 79' lang='lat' dir='ltr'><strong>deﬁnitionem</strong></span> <span class='ocrx_word' id='word_1_121' title='bbox 775 786 937 812; x_wconf 67' lang='lat' dir='ltr'><strong>necessarius</strong></span> <span class='ocrx_word' id='word_1_122' title='bbox 950 786 1014 812; x_wconf 80' lang='lat' dir='ltr'><strong>ordo</strong></span> 
     </span>
    </p>
   </div>
   <div class='ocr_carea' id='block_1_18' title="bbox 219 826 1014 865">
    <p class='ocr_par' dir='ltr' id='par_1_18' title="bbox 219 826 1014 865">
     <span class='ocr_line' id='line_1_18' title="bbox 219 826 1014 865; baseline 0.009 -14"><span class='ocrx_word' id='word_1_123' title='bbox 219 826 347 859; x_wconf 76' lang='lat' dir='ltr'><strong>poscebat.</strong></span> <span class='ocrx_word' id='word_1_124' title='bbox 378 826 495 858; x_wconf 77' lang='lat' dir='ltr'><strong>Quorum</strong></span> <span class='ocrx_word' id='word_1_125' title='bbox 518 828 632 862; x_wconf 76' lang='lat' dir='ltr'><strong>primunt</strong></span> <span class='ocrx_word' id='word_1_126' title='bbox 653 834 690 856; x_wconf 69' lang='lat' dir='ltr'><strong>est</strong></span> <span class='ocrx_word' id='word_1_127' title='bbox 714 835 851 865; x_wconf 82' lang='lat' dir='ltr'><strong>quantum.</strong></span> <span class='ocrx_word' id='word_1_128' title='bbox 881 829 937 857; x_wconf 81' lang='lat' dir='ltr'><strong>Nec</strong></span> <span class='ocrx_word' id='word_1_129' title='bbox 957 830 1014 858; x_wconf 62' lang='lat' dir='ltr'><strong>sine</strong></span> 
     </span>
    </p>
   </div>
   <div class='ocr_carea' id='block_1_19' title="bbox 1067 241 1859 276">
    <p class='ocr_par' dir='ltr' id='par_1_19' title="bbox 1067 241 1859 276">
     <span class='ocr_line' id='line_1_19' title="bbox 1067 241 1859 276; baseline 0 -8"><span class='ocrx_word' id='word_1_130' title='bbox 1067 246 1107 269; x_wconf 86' lang='lat' dir='ltr'><strong>ret</strong></span> <span class='ocrx_word' id='word_1_131' title='bbox 1128 243 1211 273; x_wconf 62' lang='grc' dir='ltr'><strong>οὐσία»,</strong></span> <span class='ocrx_word' id='word_1_132' title='bbox 1233 241 1378 276; x_wconf 84' lang='lat' dir='ltr'><strong>aliquando</strong></span> <span class='ocrx_word' id='word_1_133' title='bbox 1397 241 1524 268; x_wconf 83' lang='lat' dir='ltr'><strong>adhaeret</strong></span> <span class='ocrx_word' id='word_1_134' title='bbox 1539 242 1638 273; x_wconf 82' lang='lat' dir='ltr'><strong>ousiae,</strong></span> <span class='ocrx_word' id='word_1_135' title='bbox 1655 246 1683 267; x_wconf 90' lang='lat' dir='ltr'><strong>ut</strong></span> <span class='ocrx_word' id='word_1_136' title='bbox 1697 249 1790 268; x_wconf 85' lang='lat' dir='ltr'><strong>verum</strong></span> <span class='ocrx_word' id='word_1_137' title='bbox 1814 242 1859 274; x_wconf 88' lang='lat' dir='ltr'><strong>sit,</strong></span> 
     </span>
    </p>
   </div>
   <div class='ocr_carea' id='block_1_20' title="bbox 1065 286 1861 321">
    <p class='ocr_par' dir='ltr' id='par_1_20' title="bbox 1065 286 1861 321">
     <span class='ocr_line' id='line_1_20' title="bbox 1065 286 1861 321; baseline -0.004 -7"><span class='ocrx_word' id='word_1_138' title='bbox 1065 287 1124 314; x_wconf 87' lang='lat' dir='ltr'><strong>sine</strong></span> <span class='ocrx_word' id='word_1_139' title='bbox 1135 294 1188 321; x_wconf 87' lang='lat' dir='ltr'><strong>qua</strong></span> <span class='ocrx_word' id='word_1_140' title='bbox 1207 293 1300 313; x_wconf 86' lang='lat' dir='ltr'><strong>verum</strong></span> <span class='ocrx_word' id='word_1_141' title='bbox 1316 286 1374 313; x_wconf 87' lang='lat' dir='ltr'><strong>ﬁeri</strong></span> <span class='ocrx_word' id='word_1_142' title='bbox 1389 293 1443 313; x_wconf 92' lang='lat' dir='ltr'><strong>non</strong></span> <span class='ocrx_word' id='word_1_143' title='bbox 1461 290 1560 320; x_wconf 82' lang='lat' dir='ltr'><strong>potest,</strong></span> <span class='ocrx_word' id='word_1_144' title='bbox 1576 287 1623 313; x_wconf 87' lang='lat' dir='ltr'><strong>sed</strong></span> <span class='ocrx_word' id='word_1_145' title='bbox 1638 286 1752 320; x_wconf 86' lang='lat' dir='ltr'><strong>quadam</strong></span> <span class='ocrx_word' id='word_1_146' title='bbox 1767 286 1861 319; x_wconf 76' lang='lat' dir='ltr'><strong>imagi-</strong></span> 
     </span>
    </p>
   </div>
   <div class='ocr_carea' id='block_1_21' title="bbox 1066 331 1862 367">
    <p class='ocr_par' dir='ltr' id='par_1_21' title="bbox 1066 331 1862 367">
     <span class='ocr_line' id='line_1_21' title="bbox 1066 331 1862 367; baseline -0.003 -8"><span class='ocrx_word' id='word_1_147' title='bbox 1066 333 1176 360; x_wconf 86' lang='lat' dir='ltr'><strong>natione</strong></span> <span class='ocrx_word' id='word_1_148' title='bbox 1190 332 1352 367; x_wconf 81' lang='lat' dir='ltr'><strong>ﬁguratum;</strong></span> <span class='ocrx_word' id='word_1_149' title='bbox 1371 332 1447 359; x_wconf 79' lang='grc' dir='ltr'><strong>οὐσία</strong></span> <span class='ocrx_word' id='word_1_150' title='bbox 1460 338 1524 358; x_wconf 86' lang='lat' dir='ltr'><strong>vero</strong></span> <span class='ocrx_word' id='word_1_151' title='bbox 1545 331 1617 358; x_wconf 91' lang='lat' dir='ltr'><strong>nullo</strong></span> <span class='ocrx_word' id='word_1_152' title='bbox 1637 331 1717 357; x_wconf 90' lang='lat' dir='ltr'><strong>modo</strong></span> <span class='ocrx_word' id='word_1_153' title='bbox 1740 332 1862 364; x_wconf 77' lang='lat' dir='ltr'><strong>corporis</strong></span> 
     </span>
    </p>
   </div>
   <div class='ocr_carea' id='block_1_22' title="bbox 1066 376 1858 413">
    <p class='ocr_par' dir='ltr' id='par_1_22' title="bbox 1066 376 1858 413">
     <span class='ocr_line' id='line_1_22' title="bbox 1066 376 1858 413; baseline -0.004 -8"><span class='ocrx_word' id='word_1_154' title='bbox 1066 378 1179 413; x_wconf 81' lang='lat' dir='ltr'><strong>indiget,</strong></span> <span class='ocrx_word' id='word_1_155' title='bbox 1205 382 1234 405; x_wconf 91' lang='lat' dir='ltr'><strong>ut</strong></span> <span class='ocrx_word' id='word_1_156' title='bbox 1258 378 1311 410; x_wconf 88' lang='lat' dir='ltr'><strong>sit,</strong></span> <span class='ocrx_word' id='word_1_157' title='bbox 1338 376 1466 412; x_wconf 89' lang='lat' dir='ltr'><strong>quoniam</strong></span> <span class='ocrx_word' id='word_1_158' title='bbox 1491 384 1539 411; x_wconf 86' lang='lat' dir='ltr'><strong>per</strong></span> <span class='ocrx_word' id='word_1_159' title='bbox 1561 384 1591 403; x_wconf 88' lang='lat' dir='ltr'><strong>se</strong></span> <span class='ocrx_word' id='word_1_160' title='bbox 1616 377 1700 411; x_wconf 84' lang='lat' dir='ltr'><strong>ipsam</strong></span> <span class='ocrx_word' id='word_1_161' title='bbox 1726 376 1858 403; x_wconf 76' lang='lat' dir='ltr'><strong>subsistit.</strong></span> 
     </span>
    </p>
   </div>
   <div class='ocr_carea' id='block_1_23' title="bbox 1066 421 1862 456">
    <p class='ocr_par' dir='ltr' id='par_1_23' title="bbox 1066 421 1862 456">
     <span class='ocr_line' id='line_1_23' title="bbox 1066 421 1862 456; baseline -0.005 -4"><span class='ocrx_word' id='word_1_162' title='bbox 1066 424 1140 452; x_wconf 89' lang='lat' dir='ltr'><strong>Satis</strong></span> <span class='ocrx_word' id='word_1_163' title='bbox 1152 424 1185 452; x_wconf 88' lang='lat' dir='ltr'><strong>de</strong></span> <span class='ocrx_word' id='word_1_164' title='bbox 1195 424 1237 452; x_wconf 91' lang='lat' dir='ltr'><strong>his</strong></span> <span class='ocrx_word' id='word_1_165' title='bbox 1252 424 1352 451; x_wconf 89' lang='lat' dir='ltr'><strong>dictum</strong></span> <span class='ocrx_word' id='word_1_166' title='bbox 1362 431 1422 451; x_wconf 86' lang='lat' dir='ltr'><strong>esse</strong></span> <span class='ocrx_word' id='word_1_167' title='bbox 1433 431 1503 451; x_wconf 88' lang='lat' dir='ltr'><strong>reor.</strong></span> <span class='ocrx_word' id='word_1_168' title='bbox 1520 423 1551 450; x_wconf 84' lang='grc' dir='ltr'><strong>Ι).</strong></span> <span class='ocrx_word' id='word_1_169' title='bbox 1565 422 1637 449; x_wconf 88' lang='lat' dir='ltr'><strong>Satis</strong></span> <span class='ocrx_word' id='word_1_170' title='bbox 1649 421 1726 456; x_wconf 82' lang='lat' dir='ltr'><strong>plane</strong></span> <span class='ocrx_word' id='word_1_171' title='bbox 1740 431 1746 448; x_wconf 89' lang='lat'><strong><em>:</em></strong></span> <span class='ocrx_word' id='word_1_172' title='bbox 1761 423 1807 449; x_wconf 85' lang='lat' dir='ltr'><strong>sed</strong></span> <span class='ocrx_word' id='word_1_173' title='bbox 1820 429 1862 449; x_wconf 84' lang='lat' dir='ltr'><strong>rc-</strong></span> 
     </span>
    </p>
   </div>
   <div class='ocr_carea' id='block_1_24' title="bbox 1066 469 1862 506">
    <p class='ocr_par' dir='ltr' id='par_1_24' title="bbox 1066 469 1862 506">
     <span class='ocr_line' id='line_1_24' title="bbox 1066 469 1862 506; baseline -0.004 -7"><span class='ocrx_word' id='word_1_174' title='bbox 1066 476 1130 505; x_wconf 87' lang='lat' dir='ltr'><strong>stat,</strong></span> <span class='ocrx_word' id='word_1_175' title='bbox 1139 471 1315 504; x_wconf 88' lang='lat' dir='ltr'><strong>sicutivideo,</strong></span> <span class='ocrx_word' id='word_1_176' title='bbox 1327 475 1358 498; x_wconf 89' lang='lat' dir='ltr'><strong>ut</strong></span> <span class='ocrx_word' id='word_1_177' title='bbox 1368 472 1400 499; x_wconf 90' lang='lat' dir='ltr'><strong>de</strong></span> <span class='ocrx_word' id='word_1_178' title='bbox 1412 471 1468 506; x_wconf 88' lang='lat' dir='ltr'><strong>ipsa</strong></span> <span class='ocrx_word' id='word_1_179' title='bbox 1479 471 1591 498; x_wconf 86' lang='lat' dir='ltr'><strong>materia</strong></span> <span class='ocrx_word' id='word_1_180' title='bbox 1604 469 1754 504; x_wconf 84' lang='lat' dir='ltr'><strong>formaque,</strong></span> <span class='ocrx_word' id='word_1_181' title='bbox 1764 470 1862 505; x_wconf 83' lang='lat' dir='ltr'><strong>quibus</strong></span> 
     </span>
    </p>
   </div>
   <div class='ocr_carea' id='block_1_25' title="bbox 1066 515 1861 552">
    <p class='ocr_par' dir='ltr' id='par_1_25' title="bbox 1066 515 1861 552">
     <span class='ocr_line' id='line_1_25' title="bbox 1066 515 1861 552; baseline -0.004 -8"><span class='ocrx_word' id='word_1_182' title='bbox 1066 518 1216 545; x_wconf 85' lang='lat' dir='ltr'><strong>materialia</strong></span> <span class='ocrx_word' id='word_1_183' title='bbox 1224 517 1348 552; x_wconf 90' lang='lat' dir='ltr'><strong>componi</strong></span> <span class='ocrx_word' id='word_1_184' title='bbox 1361 517 1470 549; x_wconf 82' lang='lat' dir='ltr'><strong>asscris,</strong></span> <span class='ocrx_word' id='word_1_185' title='bbox 1478 523 1563 551; x_wconf 85' lang='lat' dir='ltr'><strong>pauca</strong></span> <span class='ocrx_word' id='word_1_186' title='bbox 1573 516 1714 543; x_wconf 83' lang='lat' dir='ltr'><strong>edisseras.</strong></span> <span class='ocrx_word' id='word_1_187' title='bbox 1723 515 1781 542; x_wconf 89' lang='lat' dir='ltr'><strong>Non</strong></span> <span class='ocrx_word' id='word_1_188' title='bbox 1790 516 1861 542; x_wconf 87' lang='lat' dir='ltr'><strong>enim</strong></span> 
     </span>
    </p>
   </div>
   <div class='ocr_carea' id='block_1_26' title="bbox 1065 560 1861 599">
    <p class='ocr_par' dir='ltr' id='par_1_26' title="bbox 1065 560 1861 599">
     <span class='ocr_line' id='line_1_26' title="bbox 1065 560 1861 599; baseline -0.006 -8"><span class='ocrx_word' id='word_1_189' title='bbox 1065 564 1291 599; x_wconf 88' lang='lat' dir='ltr'><strong>praetereundum</strong></span> <span class='ocrx_word' id='word_1_190' title='bbox 1303 567 1355 596; x_wconf 86' lang='lat' dir='ltr'><strong>est,</strong></span> <span class='ocrx_word' id='word_1_191' title='bbox 1369 567 1400 592; x_wconf 88' lang='lat' dir='ltr'><strong>ut</strong></span> <span class='ocrx_word' id='word_1_192' title='bbox 1413 562 1548 594; x_wconf 85' lang='lat' dir='ltr'><strong>arbitror;</strong></span> <span class='ocrx_word' id='word_1_193' title='bbox 1565 561 1698 596; x_wconf 88' lang='lat' dir='ltr'><strong>siquidem</strong></span> <span class='ocrx_word' id='word_1_194' title='bbox 1723 568 1774 588; x_wconf 93' lang='lat' dir='ltr'><strong>non</strong></span> <span class='ocrx_word' id='word_1_195' title='bbox 1796 560 1861 587; x_wconf 90' lang='lat' dir='ltr'><strong>mihi</strong></span> 
     </span>
    </p>
   </div>
   <div class='ocr_carea' id='block_1_27' title="bbox 1065 605 1861 641">
    <p class='ocr_par' dir='ltr' id='par_1_27' title="bbox 1065 605 1861 641">
     <span class='ocr_line' id='line_1_27' title="bbox 1065 605 1861 641; baseline -0.005 -5"><span class='ocrx_word' id='word_1_196' title='bbox 1065 609 1133 637; x_wconf 88' lang='lat' dir='ltr'><strong>satis</strong></span> <span class='ocrx_word' id='word_1_197' title='bbox 1145 609 1242 640; x_wconf 85' lang='lat' dir='ltr'><strong>elucet,</strong></span> <span class='ocrx_word' id='word_1_198' title='bbox 1255 613 1345 636; x_wconf 88' lang='lat' dir='ltr'><strong>utrum</strong></span> <span class='ocrx_word' id='word_1_199' title='bbox 1360 608 1453 636; x_wconf 87' lang='lat' dir='ltr'><strong>eadem</strong></span> <span class='ocrx_word' id='word_1_200' title='bbox 1464 607 1550 635; x_wconf 81' lang='lat' dir='ltr'><strong>forma</strong></span> <span class='ocrx_word' id='word_1_201' title='bbox 1561 611 1602 634; x_wconf 87' lang='lat' dir='ltr'><strong>est</strong></span> <span class='ocrx_word' id='word_1_202' title='bbox 1615 611 1642 634; x_wconf 87' lang='lat' dir='ltr'><strong>et</strong></span> <span class='ocrx_word' id='word_1_203' title='bbox 1654 614 1723 641; x_wconf 90' lang='lat' dir='ltr'><strong>quae</strong></span> <span class='ocrx_word' id='word_1_204' title='bbox 1736 605 1828 641; x_wconf 86' lang='lat' dir='ltr'><strong>gcncri</strong></span> <span class='ocrx_word' id='word_1_205' title='bbox 1841 605 1861 622; x_wconf 79' lang='lat'>&quot;</span> 
     </span>
    </p>
   </div>
   <div class='ocr_carea' id='block_1_28' title="bbox 1066 650 1858 688">
    <p class='ocr_par' dir='ltr' id='par_1_28' title="bbox 1066 650 1858 688">
     <span class='ocr_line' id='line_1_28' title="bbox 1066 650 1858 688; baseline -0.008 -6"><span class='ocrx_word' id='word_1_206' title='bbox 1066 655 1200 687; x_wconf 84' lang='lat' dir='ltr'><strong>subditur,</strong></span> <span class='ocrx_word' id='word_1_207' title='bbox 1214 659 1240 681; x_wconf 85' lang='lat' dir='ltr'><strong>et</strong></span> <span class='ocrx_word' id='word_1_208' title='bbox 1254 661 1323 688; x_wconf 87' lang='lat' dir='ltr'><strong>quae</strong></span> <span class='ocrx_word' id='word_1_209' title='bbox 1337 653 1479 685; x_wconf 87' lang='lat' dir='ltr'><strong>materiae,</strong></span> <span class='ocrx_word' id='word_1_210' title='bbox 1493 657 1523 680; x_wconf 87' lang='lat' dir='ltr'><strong>ut</strong></span> <span class='ocrx_word' id='word_1_211' title='bbox 1535 660 1632 687; x_wconf 88' lang='lat' dir='ltr'><strong>corpus</strong></span> <span class='ocrx_word' id='word_1_212' title='bbox 1646 652 1692 684; x_wconf 79' lang='lat' dir='ltr'><strong>sit,</strong></span> <span class='ocrx_word' id='word_1_213' title='bbox 1706 650 1858 685; x_wconf 84' lang='lat' dir='ltr'><strong>copulatur.</strong></span> 
     </span>
    </p>
   </div>
   <div class='ocr_carea' id='block_1_29' title="bbox 1102 696 1861 732">
    <p class='ocr_par' dir='ltr' id='par_1_29' title="bbox 1102 696 1861 732">
     <span class='ocr_line' id='line_1_29' title="bbox 1102 696 1861 732; baseline -0.005 -5"><span class='ocrx_word' id='word_1_214' title='bbox 1102 700 1147 728; x_wconf 72' lang='grc'><strong>52.</strong></span> <span class='ocrx_word' id='word_1_215' title='bbox 1172 700 1207 727; x_wconf 82' lang='grc' dir='ltr'><strong>Μ.</strong></span> <span class='ocrx_word' id='word_1_216' title='bbox 1226 700 1385 727; x_wconf 85' lang='lat' dir='ltr'><strong>Formarum</strong></span> <span class='ocrx_word' id='word_1_217' title='bbox 1406 699 1475 727; x_wconf 85' lang='lat' dir='ltr'><strong>aliae</strong></span> <span class='ocrx_word' id='word_1_218' title='bbox 1490 699 1517 725; x_wconf 94' lang='lat' dir='ltr'><strong>in</strong></span> <span class='ocrx_word' id='word_1_219' title='bbox 1533 700 1615 730; x_wconf 72' lang='grc' dir='ltr'><strong>οὐσία,</strong></span> <span class='ocrx_word' id='word_1_220' title='bbox 1635 697 1703 725; x_wconf 90' lang='lat' dir='ltr'><strong>aliae</strong></span> <span class='ocrx_word' id='word_1_221' title='bbox 1727 697 1753 724; x_wconf 93' lang='lat' dir='ltr'><strong>in</strong></span> <span class='ocrx_word' id='word_1_222' title='bbox 1775 696 1861 732; x_wconf 86' lang='lat' dir='ltr'><strong>quali-</strong></span> 
     </span>
    </p>
   </div>
   <div class='ocr_carea' id='block_1_30' title="bbox 1067 743 1860 780">
    <p class='ocr_par' dir='ltr' id='par_1_30' title="bbox 1067 743 1860 780">
     <span class='ocr_line' id='line_1_30' title="bbox 1067 743 1860 780; baseline -0.005 -7"><span class='ocrx_word' id='word_1_223' title='bbox 1067 750 1121 773; x_wconf 83' lang='lat' dir='ltr'><strong>tate</strong></span> <span class='ocrx_word' id='word_1_224' title='bbox 1135 745 1335 780; x_wconf 86' lang='lat' dir='ltr'><strong>intelliguntur;</strong></span> <span class='ocrx_word' id='word_1_225' title='bbox 1354 745 1401 772; x_wconf 84' lang='lat' dir='ltr'><strong>sed</strong></span> <span class='ocrx_word' id='word_1_226' title='bbox 1414 752 1483 779; x_wconf 88' lang='lat' dir='ltr'><strong>quae</strong></span> <span class='ocrx_word' id='word_1_227' title='bbox 1503 745 1530 771; x_wconf 89' lang='lat' dir='ltr'><strong>in</strong></span> <span class='ocrx_word' id='word_1_228' title='bbox 1547 745 1622 772; x_wconf 75' lang='grc' dir='ltr'><strong>οὐσία</strong></span> <span class='ocrx_word' id='word_1_229' title='bbox 1639 747 1713 775; x_wconf 89' lang='lat' dir='ltr'><strong>sunt,</strong></span> <span class='ocrx_word' id='word_1_230' title='bbox 1736 743 1860 770; x_wconf 85' lang='lat' dir='ltr'><strong>substan-</strong></span> 
     </span>
    </p>
   </div>
   <div class='ocr_carea' id='block_1_31' title="bbox 1068 788 1860 825">
    <p class='ocr_par' dir='ltr' id='par_1_31' title="bbox 1068 788 1860 825">
     <span class='ocr_line' id='line_1_31' title="bbox 1068 788 1860 825; baseline -0.003 -8"><span class='ocrx_word' id='word_1_231' title='bbox 1068 791 1145 818; x_wconf 89' lang='lat' dir='ltr'><strong>tiales</strong></span> <span class='ocrx_word' id='word_1_232' title='bbox 1171 791 1274 825; x_wconf 87' lang='lat' dir='ltr'><strong>species</strong></span> <span class='ocrx_word' id='word_1_233' title='bbox 1302 790 1408 825; x_wconf 82' lang='lat' dir='ltr'><strong>generis</strong></span> <span class='ocrx_word' id='word_1_234' title='bbox 1432 794 1503 817; x_wconf 87' lang='lat' dir='ltr'><strong>sunt.</strong></span> <span class='ocrx_word' id='word_1_235' title='bbox 1535 789 1601 816; x_wconf 93' lang='lat' dir='ltr'><strong>Nam</strong></span> <span class='ocrx_word' id='word_1_236' title='bbox 1632 789 1665 816; x_wconf 85' lang='lat' dir='ltr'><strong>de</strong></span> <span class='ocrx_word' id='word_1_237' title='bbox 1688 788 1753 823; x_wconf 81' lang='lat' dir='ltr'><strong>ipsis</strong></span> <span class='ocrx_word' id='word_1_238' title='bbox 1776 796 1860 824; x_wconf 85' lang='lat' dir='ltr'><strong>genus</strong></span> 
     </span>
    </p>
   </div>
   <div class='ocr_carea' id='block_1_32' title="bbox 1067 835 1858 872">
    <p class='ocr_par' dir='ltr' id='par_1_32' title="bbox 1067 835 1858 872">
     <span class='ocr_line' id='line_1_32' title="bbox 1067 835 1858 872; baseline -0.004 -8"><span class='ocrx_word' id='word_1_239' title='bbox 1067 837 1250 872; x_wconf 83' lang='lat' dir='ltr'><strong>praedicatur,</strong></span> <span class='ocrx_word' id='word_1_240' title='bbox 1262 837 1325 871; x_wconf 86' lang='lat' dir='ltr'><strong>quia</strong></span> <span class='ocrx_word' id='word_1_241' title='bbox 1337 837 1365 863; x_wconf 88' lang='lat' dir='ltr'><strong>in</strong></span> <span class='ocrx_word' id='word_1_242' title='bbox 1383 836 1447 871; x_wconf 90' lang='lat' dir='ltr'><strong>ipsis</strong></span> <span class='ocrx_word' id='word_1_243' title='bbox 1460 836 1592 864; x_wconf 79' lang='lat' dir='ltr'><strong>subsistit.</strong></span> <span class='ocrx_word' id='word_1_244' title='bbox 1619 835 1710 868; x_wconf 80' lang='lat' dir='ltr'><strong>Genus</strong></span> <span class='ocrx_word' id='word_1_245' title='bbox 1732 842 1858 870; x_wconf 82' lang='lat' dir='ltr'><strong>namque,</strong></span> 
     </span>
    </p>
   </div>
   <div class='ocr_carea' id='block_1_33' title="bbox 217 869 1011 918">
    <p class='ocr_par' dir='ltr' id='par_1_33' title="bbox 217 869 1011 908">
     <span class='ocr_line' id='line_1_33' title="bbox 217 869 1011 908; baseline 0.009 -12"><span class='ocrx_word' id='word_1_246' title='bbox 217 877 308 897; x_wconf 77' lang='lat' dir='ltr'><strong>causa.</strong></span> <span class='ocrx_word' id='word_1_247' title='bbox 338 869 410 897; x_wconf 87' lang='lat' dir='ltr'><strong>Nam</strong></span> <span class='ocrx_word' id='word_1_248' title='bbox 425 879 484 899; x_wconf 85' lang='lat' dir='ltr'><strong>cum</strong></span> <span class='ocrx_word' id='word_1_249' title='bbox 496 872 598 907; x_wconf 86' lang='lat' dir='ltr'><strong>aliquid</strong></span> <span class='ocrx_word' id='word_1_250' title='bbox 618 874 772 907; x_wconf 75' lang='lat' dir='ltr'><strong>viderimus,</strong></span> <span class='ocrx_word' id='word_1_251' title='bbox 792 875 819 902; x_wconf 88' lang='lat' dir='ltr'><strong>id</strong></span> <span class='ocrx_word' id='word_1_252' title='bbox 844 884 945 903; x_wconf 74' lang='lat' dir='ltr'><strong>necesse</strong></span> <span class='ocrx_word' id='word_1_253' title='bbox 963 880 1011 908; x_wconf 79' lang='lat' dir='ltr'><strong>est,</strong></span> 
     </span>
    </p>
   </div>
   <div class='ocr_carea' id='block_1_34' title="bbox 1063 869 1857 918">
    <p class='ocr_par' dir='ltr' id='par_1_34' title="bbox 1066 869 1857 918">
     <span class='ocr_line' id='line_1_34' title="bbox 1066 869 1857 918; baseline -0.005 -8"><span class='ocrx_word' id='word_1_254' title='bbox 1066 887 1097 910; x_wconf 85' lang='lat' dir='ltr'><strong>ut</strong></span> <span class='ocrx_word' id='word_1_255' title='bbox 1107 890 1188 918; x_wconf 89' lang='lat' dir='ltr'><strong>saepe</strong></span> <span class='ocrx_word' id='word_1_256' title='bbox 1195 882 1319 915; x_wconf 74' lang='lat' dir='ltr'><strong>diximus,</strong></span> <span class='ocrx_word' id='word_1_257' title='bbox 1336 886 1422 910; x_wconf 87' lang='lat' dir='ltr'><strong>totum</strong></span> <span class='ocrx_word' id='word_1_258' title='bbox 1436 882 1463 909; x_wconf 94' lang='lat' dir='ltr'><strong>in</strong></span> <span class='ocrx_word' id='word_1_259' title='bbox 1479 881 1590 916; x_wconf 83' lang='lat' dir='ltr'><strong>singulis</strong></span> <span class='ocrx_word' id='word_1_260' title='bbox 1602 881 1658 908; x_wconf 89' lang='lat' dir='ltr'><strong>suis</strong></span> <span class='ocrx_word' id='word_1_261' title='bbox 1668 880 1689 895; x_wconf 81' lang='lat'>”</span> <span class='ocrx_word' id='word_1_262' title='bbox 1699 880 1793 907; x_wconf 83' lang='lat' dir='ltr'><strong>formis</strong></span> <span class='ocrx_word' id='word_1_263' title='bbox 1806 869 1857 912; x_wconf 85' lang='lat' dir='ltr'><strong>est,</strong></span> 
     </span>
    </p>
   </div>
   <div class='ocr_carea' id='block_1_35' title="bbox 216 916 1014 954">
    <p class='ocr_par' dir='ltr' id='par_1_35' title="bbox 216 916 1014 954">
     <span class='ocr_line' id='line_1_35' title="bbox 216 916 1014 954; baseline 0.01 -14"><span class='ocrx_word' id='word_1_264' title='bbox 216 920 343 949; x_wconf 85' lang='lat' dir='ltr'><strong>quantum</strong></span> <span class='ocrx_word' id='word_1_265' title='bbox 364 916 411 948; x_wconf 78' lang='lat' dir='ltr'><strong>sit,</strong></span> <span class='ocrx_word' id='word_1_266' title='bbox 429 918 579 946; x_wconf 77' lang='lat' dir='ltr'><strong>aestimare.</strong></span> <span class='ocrx_word' id='word_1_267' title='bbox 604 918 738 951; x_wconf 80' lang='lat' dir='ltr'><strong>Quantum</strong></span> <span class='ocrx_word' id='word_1_268' title='bbox 757 928 815 947; x_wconf 80' lang='lat' dir='ltr'><strong>vero</strong></span> <span class='ocrx_word' id='word_1_269' title='bbox 835 921 881 954; x_wconf 74' lang='lat' dir='ltr'><strong>sit,</strong></span> <span class='ocrx_word' id='word_1_270' title='bbox 905 921 1014 949; x_wconf 79' lang='lat' dir='ltr'><strong>inveniri</strong></span> 
     </span>
    </p>
   </div>
   <div class='ocr_carea' id='block_1_36' title="bbox 217 961 1009 996">
    <p class='ocr_par' dir='ltr' id='par_1_36' title="bbox 217 961 1009 996">
     <span class='ocr_line' id='line_1_36' title="bbox 217 961 1009 996; baseline 0.008 -10"><span class='ocrx_word' id='word_1_271' title='bbox 217 968 268 986; x_wconf 87' lang='lat' dir='ltr'><strong>non</strong></span> <span class='ocrx_word' id='word_1_272' title='bbox 281 965 376 995; x_wconf 73' lang='lat' dir='ltr'><strong>potest,</strong></span> <span class='ocrx_word' id='word_1_273' title='bbox 398 961 450 988; x_wconf 80' lang='lat' dir='ltr'><strong>nisi</strong></span> <span class='ocrx_word' id='word_1_274' title='bbox 471 962 552 996; x_wconf 84' lang='lat' dir='ltr'><strong>fuerit</strong></span> <span class='ocrx_word' id='word_1_275' title='bbox 574 963 694 991; x_wconf 80' lang='lat' dir='ltr'><strong>adhibita</strong></span> <span class='ocrx_word' id='word_1_276' title='bbox 716 973 840 992; x_wconf 71' lang='lat' dir='ltr'><strong>mensura</strong></span> <span class='ocrx_word' id='word_1_277' title='bbox 864 965 1009 993; x_wconf 85' lang='lat' dir='ltr'><strong>collectum.</strong></span> 
     </span>
    </p>
   </div>
   <div class='ocr_carea' id='block_1_37' title="bbox 218 1005 1013 1046">
    <p class='ocr_par' dir='ltr' id='par_1_37' title="bbox 218 1005 1013 1046">
     <span class='ocr_line' id='line_1_37' title="bbox 218 1005 1013 1046; baseline 0.008 -14"><span class='ocrx_word' id='word_1_278' title='bbox 218 1005 246 1033; x_wconf 87' lang='lat' dir='ltr'><strong>Si</strong></span> <span class='ocrx_word' id='word_1_279' title='bbox 261 1014 320 1042; x_wconf 88' lang='lat' dir='ltr'><strong>ergo</strong></span> <span class='ocrx_word' id='word_1_280' title='bbox 338 1007 434 1034; x_wconf 74' lang='lat' dir='ltr'><strong>omissa</strong></span> <span class='ocrx_word' id='word_1_281' title='bbox 450 1006 589 1036; x_wconf 81' lang='lat' dir='ltr'><strong>latitudine</strong></span> <span class='ocrx_word' id='word_1_282' title='bbox 601 1009 684 1036; x_wconf 71' lang='lat' dir='ltr'><strong>solum</strong></span> <span class='ocrx_word' id='word_1_283' title='bbox 696 1010 754 1045; x_wconf 78' lang='lat' dir='ltr'><strong>quis</strong></span> <span class='ocrx_word' id='word_1_284' title='bbox 767 1010 958 1046; x_wconf 81' lang='lat' dir='ltr'><strong>longitudinem</strong></span> <span class='ocrx_word' id='word_1_285' title='bbox 968 1020 1013 1040; x_wconf 80' lang='lat' dir='ltr'><strong>vo-</strong></span> 
     </span>
    </p>
   </div>
   <div class='ocr_carea' id='block_1_38' title="bbox 218 1050 1013 1089">
    <p class='ocr_par' dir='ltr' id='par_1_38' title="bbox 218 1050 1013 1089">
     <span class='ocr_line' id='line_1_38' title="bbox 218 1050 1013 1089; baseline 0.009 -12"><span class='ocrx_word' id='word_1_286' title='bbox 218 1050 293 1079; x_wconf 82' lang='lat' dir='ltr'><strong>luerit</strong></span> <span class='ocrx_word' id='word_1_287' title='bbox 312 1053 412 1080; x_wconf 73' lang='lat' dir='ltr'><strong>emoliri</strong></span> <span class='ocrx_word' id='word_1_288' title='bbox 430 1053 450 1085; x_wconf 82' lang='grc'><em>³,</em></span> <span class='ocrx_word' id='word_1_289' title='bbox 478 1053 613 1089; x_wconf 81' lang='lat' dir='ltr'><strong>longitudo</strong></span> <span class='ocrx_word' id='word_1_290' title='bbox 634 1055 691 1082; x_wconf 77' lang='lat' dir='ltr'><strong>sine</strong></span> <span class='ocrx_word' id='word_1_291' title='bbox 712 1056 851 1083; x_wconf 80' lang='lat' dir='ltr'><strong>latitudine</strong></span> <span class='ocrx_word' id='word_1_292' title='bbox 874 1066 1013 1085; x_wconf 74' lang='lat' dir='ltr'><strong>metuurae</strong></span> 
     </span>
    </p>
   </div>
   <div class='ocr_carea' id='block_1_39' title="bbox 216 1098 1011 1138">
    <p class='ocr_par' dir='ltr' id='par_1_39' title="bbox 216 1098 1011 1138">
     <span class='ocr_line' id='line_1_39' title="bbox 216 1098 1011 1138; baseline 0.008 -14"><span class='ocrx_word' id='word_1_293' title='bbox 216 1098 331 1133; x_wconf 73' lang='lat' dir='ltr'><strong>subjecta</strong></span> <span class='ocrx_word' id='word_1_294' title='bbox 342 1101 448 1136; x_wconf 68' lang='grc' dir='ltr'><strong>γραμμή</strong></span> <span class='ocrx_word' id='word_1_295' title='bbox 458 1099 573 1132; x_wconf 84' lang='lat' dir='ltr'><strong>dicitur;</strong></span> <span class='ocrx_word' id='word_1_296' title='bbox 582 1109 634 1127; x_wconf 86' lang='lat' dir='ltr'><strong>non</strong></span> <span class='ocrx_word' id='word_1_297' title='bbox 643 1101 711 1136; x_wconf 84' lang='lat' dir='ltr'><strong>quod</strong></span> <span class='ocrx_word' id='word_1_298' title='bbox 721 1102 754 1129; x_wconf 75' lang='lat' dir='ltr'><strong>sit</strong></span> <span class='ocrx_word' id='word_1_299' title='bbox 766 1102 901 1138; x_wconf 78' lang='lat' dir='ltr'><strong>longitudo</strong></span> <span class='ocrx_word' id='word_1_300' title='bbox 909 1103 1011 1138; x_wconf 84' lang='lat' dir='ltr'><strong>aliqua,</strong></span> 
     </span>
    </p>
   </div>
   <div class='ocr_carea' id='block_1_40' title="bbox 216 1145 1012 1184">
    <p class='ocr_par' dir='ltr' id='par_1_40' title="bbox 216 1145 1012 1184">
     <span class='ocr_line' id='line_1_40' title="bbox 216 1145 1012 1184; baseline 0.005 -13"><span class='ocrx_word' id='word_1_301' title='bbox 216 1152 282 1179; x_wconf 82' lang='lat' dir='ltr'><strong>quae</strong></span> <span class='ocrx_word' id='word_1_302' title='bbox 297 1150 383 1172; x_wconf 83' lang='lat' dir='ltr'><strong>careat</strong></span> <span class='ocrx_word' id='word_1_303' title='bbox 398 1145 548 1179; x_wconf 70' lang='lat' dir='ltr'><strong>latitudine,</strong></span> <span class='ocrx_word' id='word_1_304' title='bbox 564 1148 608 1174; x_wconf 84' lang='lat' dir='ltr'><strong>sed</strong></span> <span class='ocrx_word' id='word_1_305' title='bbox 627 1148 696 1182; x_wconf 84' lang='lat' dir='ltr'><strong>quod</strong></span> <span class='ocrx_word' id='word_1_306' title='bbox 717 1147 800 1175; x_wconf 70' lang='lat' dir='ltr'><strong>solum</strong></span> <span class='ocrx_word' id='word_1_307' title='bbox 822 1149 880 1184; x_wconf 69' lang='lat' dir='ltr'><strong>quis</strong></span> <span class='ocrx_word' id='word_1_308' title='bbox 903 1149 1012 1176; x_wconf 85' lang='lat' dir='ltr'><strong>metiens</strong></span> 
     </span>
    </p>
   </div>
   <div class='ocr_carea' id='block_1_41' title="bbox 218 1189 1012 1228">
    <p class='ocr_par' dir='ltr' id='par_1_41' title="bbox 218 1189 1012 1228">
     <span class='ocr_line' id='line_1_41' title="bbox 218 1189 1012 1228; baseline 0.006 -12"><span class='ocrx_word' id='word_1_309' title='bbox 218 1189 407 1224; x_wconf 83' lang='lat' dir='ltr'><strong>longitudinem</strong></span> <span class='ocrx_word' id='word_1_310' title='bbox 430 1194 534 1228; x_wconf 72' lang='grc' dir='ltr'>γραμμή</span> <span class='ocrx_word' id='word_1_311' title='bbox 548 1191 558 1207; x_wconf 83' lang='grc'><em>³</em></span> <span class='ocrx_word' id='word_1_312' title='bbox 573 1193 660 1219; x_wconf 86' lang='lat' dir='ltr'><strong>metiri</strong></span> <span class='ocrx_word' id='word_1_313' title='bbox 686 1193 791 1220; x_wconf 73' lang='lat' dir='ltr'><strong>dicitur.</strong></span> <span class='ocrx_word' id='word_1_314' title='bbox 824 1194 935 1222; x_wconf 69' lang='lat' dir='ltr'><strong>Emenso</strong></span> <span class='ocrx_word' id='word_1_315' title='bbox 951 1202 1012 1221; x_wconf 81' lang='lat' dir='ltr'><strong>vero</strong></span> 
     </span>
    </p>
   </div>
   <div class='ocr_carea' id='block_1_42' title="bbox 219 1236 1012 1277">
    <p class='ocr_par' dir='ltr' id='par_1_42' title="bbox 219 1236 1012 1277">
     <span class='ocr_line' id='line_1_42' title="bbox 219 1236 1012 1277; baseline 0.008 -15"><span class='ocrx_word' id='word_1_316' title='bbox 219 1243 279 1263; x_wconf 87' lang='lat' dir='ltr'><strong>cum</strong></span> <span class='ocrx_word' id='word_1_317' title='bbox 310 1236 474 1271; x_wconf 82' lang='lat' dir='ltr'><strong>longitudine</strong></span> <span class='ocrx_word' id='word_1_318' title='bbox 500 1238 612 1265; x_wconf 87' lang='lat' dir='ltr'><strong>latitudo</strong></span> <span class='ocrx_word' id='word_1_319' title='bbox 643 1239 739 1267; x_wconf 84' lang='lat' dir='ltr'><strong>dicitur</strong></span> <span class='ocrx_word' id='word_1_320' title='bbox 765 1241 896 1277; x_wconf 70' lang='grc' dir='ltr'><strong>ἐπιφάνειαι</strong></span> <span class='ocrx_word' id='word_1_321' title='bbox 919 1241 938 1268; x_wconf 70' lang='grc'><strong>⁵.</strong></span> <span class='ocrx_word' id='word_1_322' title='bbox 963 1241 1012 1269; x_wconf 88' lang='lat' dir='ltr'><strong>Sin</strong></span> 
     </span>
    </p>
   </div>
   <div class='ocr_carea' id='block_1_43' title="bbox 217 1283 1011 1323">
    <p class='ocr_par' dir='ltr' id='par_1_43' title="bbox 217 1283 1011 1323">
     <span class='ocr_line' id='line_1_43' title="bbox 217 1283 1011 1323; baseline 0.01 -15"><span class='ocrx_word' id='word_1_323' title='bbox 217 1287 306 1310; x_wconf 87' lang='lat' dir='ltr'><strong>autem</strong></span> <span class='ocrx_word' id='word_1_324' title='bbox 329 1288 352 1310; x_wconf 90' lang='lat' dir='ltr'><strong>et</strong></span> <span class='ocrx_word' id='word_1_325' title='bbox 377 1283 487 1310; x_wconf 84' lang='lat' dir='ltr'><strong>altitudo</strong></span> <span class='ocrx_word' id='word_1_326' title='bbox 509 1284 590 1319; x_wconf 76' lang='lat' dir='ltr'><strong>fuerit</strong></span> <span class='ocrx_word' id='word_1_327' title='bbox 612 1294 749 1314; x_wconf 79' lang='lat' dir='ltr'><strong>mensurae</strong></span> <span class='ocrx_word' id='word_1_328' title='bbox 773 1288 872 1315; x_wconf 74' lang='lat' dir='ltr'><strong>sociata</strong></span> <span class='ocrx_word' id='word_1_329' title='bbox 886 1308 894 1321; x_wconf 92' lang='lat'><strong>,</strong></span> <span class='ocrx_word' id='word_1_330' title='bbox 919 1297 1011 1323; x_wconf 73' lang='lat' dir='ltr'><strong>corpus</strong></span> 
     </span>
    </p>
   </div>
   <div class='ocr_carea' id='block_1_44' title="bbox 216 1330 1011 1368">
    <p class='ocr_par' dir='ltr' id='par_1_44' title="bbox 216 1330 1011 1368">
     <span class='ocr_line' id='line_1_44' title="bbox 216 1330 1011 1368; baseline 0.008 -12"><span class='ocrx_word' id='word_1_331' title='bbox 216 1335 311 1357; x_wconf 84' lang='lat' dir='ltr'><strong>cuncta</strong></span> <span class='ocrx_word' id='word_1_332' title='bbox 333 1330 481 1364; x_wconf 81' lang='lat' dir='ltr'><strong>perﬁciunt.</strong></span> <span class='ocrx_word' id='word_1_333' title='bbox 505 1331 581 1364; x_wconf 82' lang='lat' dir='ltr'><strong>Quod</strong></span> <span class='ocrx_word' id='word_1_334' title='bbox 602 1336 689 1360; x_wconf 87' lang='lat' dir='ltr'><strong>tamen</strong></span> <span class='ocrx_word' id='word_1_335' title='bbox 711 1341 763 1361; x_wconf 87' lang='lat' dir='ltr'><strong>non</strong></span> <span class='ocrx_word' id='word_1_336' title='bbox 779 1333 817 1362; x_wconf 83' lang='lat' dir='ltr'><strong>ita</strong></span> <span class='ocrx_word' id='word_1_337' title='bbox 835 1335 975 1368; x_wconf 76' lang='lat' dir='ltr'><strong>accipimus</strong></span> <span class='ocrx_word' id='word_1_338' title='bbox 991 1335 1011 1367; x_wconf 85' lang='grc'><strong>⁸,</strong></span> 
     </span>
    </p>
   </div>
   <div class='ocr_carea' id='block_1_45' title="bbox 214 1376 1011 1414">
    <p class='ocr_par' dir='ltr' id='par_1_45' title="bbox 214 1376 1011 1414">
     <span class='ocr_line' id='line_1_45' title="bbox 214 1376 1011 1414; baseline 0.006 -12"><span class='ocrx_word' id='word_1_339' title='bbox 214 1376 435 1411; x_wconf 73' lang='lat' dir='ltr'><strong>quantadmodum</strong></span> <span class='ocrx_word' id='word_1_340' title='bbox 444 1377 558 1405; x_wconf 74' lang='lat' dir='ltr'><strong>solemus</strong></span> <span class='ocrx_word' id='word_1_341' title='bbox 568 1379 686 1414; x_wconf 81' lang='lat' dir='ltr'><strong>accipere</strong></span> <span class='ocrx_word' id='word_1_342' title='bbox 697 1379 826 1413; x_wconf 82' lang='lat' dir='ltr'><strong>naturale,</strong></span> <span class='ocrx_word' id='word_1_343' title='bbox 839 1389 871 1407; x_wconf 86' lang='lat' dir='ltr'><strong>ne</strong></span> <span class='ocrx_word' id='word_1_344' title='bbox 880 1381 914 1407; x_wconf 82' lang='lat' dir='ltr'><strong>ad</strong></span> <span class='ocrx_word' id='word_1_345' title='bbox 925 1381 1011 1409; x_wconf 80' lang='grc' dir='ltr'><strong>οὐσίαν</strong></span> 
     </span>
    </p>
   </div>
   <div class='ocr_carea' id='block_1_46' title="bbox 216 1421 1012 1460">
    <p class='ocr_par' dir='ltr' id='par_1_46' title="bbox 216 1421 1012 1460">
     <span class='ocr_line' id='line_1_46' title="bbox 216 1421 1012 1460; baseline 0.008 -13"><span class='ocrx_word' id='word_1_346' title='bbox 216 1421 306 1449; x_wconf 77' lang='lat' dir='ltr'><strong>reuerti</strong></span> <span class='ocrx_word' id='word_1_347' title='bbox 320 1422 465 1450; x_wconf 75' lang='lat' dir='ltr'><strong>videamur.</strong></span> <span class='ocrx_word' id='word_1_348' title='bbox 483 1423 541 1451; x_wconf 89' lang='lat' dir='ltr'><strong>lloc</strong></span> <span class='ocrx_word' id='word_1_349' title='bbox 555 1424 616 1452; x_wconf 83' lang='lat' dir='ltr'><strong>ideo</strong></span> <span class='ocrx_word' id='word_1_350' title='bbox 631 1425 732 1452; x_wconf 89' lang='lat' dir='ltr'><strong>dictum</strong></span> <span class='ocrx_word' id='word_1_351' title='bbox 746 1430 796 1458; x_wconf 86' lang='lat' dir='ltr'><strong>est,</strong></span> <span class='ocrx_word' id='word_1_352' title='bbox 813 1430 842 1453; x_wconf 88' lang='lat' dir='ltr'><strong>ut</strong></span> <span class='ocrx_word' id='word_1_353' title='bbox 857 1426 905 1453; x_wconf 85' lang='lat' dir='ltr'><strong>has</strong></span> <span class='ocrx_word' id='word_1_354' title='bbox 919 1426 1012 1460; x_wconf 77' lang='lat' dir='ltr'><strong>singu-</strong></span> 
     </span>
    </p>
   </div>
   <div class='ocr_carea' id='block_1_47' title="bbox 217 1469 1009 1507">
    <p class='ocr_par' dir='ltr' id='par_1_47' title="bbox 217 1469 1009 1507">
     <span class='ocr_line' id='line_1_47' title="bbox 217 1469 1009 1507; baseline 0.006 -12"><span class='ocrx_word' id='word_1_355' title='bbox 217 1469 257 1497; x_wconf 88' lang='lat' dir='ltr'><strong>las</strong></span> <span class='ocrx_word' id='word_1_356' title='bbox 272 1469 378 1504; x_wconf 81' lang='lat' dir='ltr'><strong>regulas</strong></span> <span class='ocrx_word' id='word_1_357' title='bbox 396 1471 423 1498; x_wconf 93' lang='lat' dir='ltr'><strong>in</strong></span> <span class='ocrx_word' id='word_1_358' title='bbox 441 1472 615 1506; x_wconf 77' lang='lat' dir='ltr'><strong>geometricis</strong></span> <span class='ocrx_word' id='word_1_359' title='bbox 636 1473 794 1507; x_wconf 87' lang='lat' dir='ltr'><strong>corporibus</strong></span> <span class='ocrx_word' id='word_1_360' title='bbox 814 1473 930 1501; x_wconf 87' lang='lat' dir='ltr'><strong>sciamus</strong></span> <span class='ocrx_word' id='word_1_361' title='bbox 950 1481 1009 1502; x_wconf 76' lang='lat' dir='ltr'><strong>eSSc</strong></span> 
     </span>
    </p>
   </div>
   <div class='ocr_carea' id='block_1_48' title="bbox 217 1514 1008 1552">
    <p class='ocr_par' dir='ltr' id='par_1_48' title="bbox 217 1514 1008 1552">
     <span class='ocr_line' id='line_1_48' title="bbox 217 1514 1008 1552; baseline 0.005 -10"><span class='ocrx_word' id='word_1_362' title='bbox 217 1514 391 1549; x_wconf 82' lang='lat' dir='ltr'><strong>constitutas,</strong></span> <span class='ocrx_word' id='word_1_363' title='bbox 407 1515 434 1543; x_wconf 93' lang='lat' dir='ltr'><strong>in</strong></span> <span class='ocrx_word' id='word_1_364' title='bbox 455 1516 553 1551; x_wconf 87' lang='lat' dir='ltr'><strong>quibus</strong></span> <span class='ocrx_word' id='word_1_365' title='bbox 567 1517 635 1545; x_wconf 88' lang='lat' dir='ltr'><strong>haec</strong></span> <span class='ocrx_word' id='word_1_366' title='bbox 656 1518 707 1545; x_wconf 85' lang='lat' dir='ltr'><strong>tria</strong></span> <span class='ocrx_word' id='word_1_367' title='bbox 728 1518 872 1552; x_wconf 82' lang='lat' dir='ltr'><strong>separatim</strong></span> <span class='ocrx_word' id='word_1_368' title='bbox 892 1518 1008 1546; x_wconf 86' lang='lat' dir='ltr'><strong>discreta</strong></span> 
     </span>
    </p>
   </div>
   <div class='ocr_carea' id='block_1_49' title="bbox 217 1559 1045 1600">
    <p class='ocr_par' dir='ltr' id='par_1_49' title="bbox 217 1559 1045 1600">
     <span class='ocr_line' id='line_1_49' title="bbox 217 1559 1045 1600; baseline 0.005 -12"><span class='ocrx_word' id='word_1_369' title='bbox 217 1566 280 1588; x_wconf 74' lang='lat' dir='ltr'><strong>esse</strong></span> <span class='ocrx_word' id='word_1_370' title='bbox 289 1566 411 1596; x_wconf 81' lang='lat' dir='ltr'><strong>possunt.</strong></span> <span class='ocrx_word' id='word_1_371' title='bbox 435 1562 464 1590; x_wconf 90' lang='lat' dir='ltr'><strong>ln</strong></span> <span class='ocrx_word' id='word_1_372' title='bbox 479 1563 644 1591; x_wconf 85' lang='lat' dir='ltr'><strong>naturalibus</strong></span> <span class='ocrx_word' id='word_1_373' title='bbox 661 1569 749 1592; x_wconf 90' lang='lat' dir='ltr'><strong>autem</strong></span> <span class='ocrx_word' id='word_1_374' title='bbox 774 1564 987 1600; x_wconf 84' lang='lat' dir='ltr'><strong>inseparabiliter</strong></span> <span class='ocrx_word' id='word_1_375' title='bbox 999 1566 1009 1581; x_wconf 83' lang='grc'><strong>⁶</strong></span> <span class='ocrx_word' id='word_1_376' title='bbox 1025 1559 1045 1589; x_wconf 86' lang='lat' dir='ltr'><strong>C</strong></span> 
     </span>
    </p>
   </div>
   <div class='ocr_carea' id='block_1_50' title="bbox 218 1607 1010 1647">
    <p class='ocr_par' dir='ltr' id='par_1_50' title="bbox 218 1607 1010 1647">
     <span class='ocr_line' id='line_1_50' title="bbox 218 1607 1010 1647; baseline 0.008 -13"><span class='ocrx_word' id='word_1_377' title='bbox 218 1607 382 1641; x_wconf 80' lang='lat' dir='ltr'><strong>cohaerent,</strong></span> <span class='ocrx_word' id='word_1_378' title='bbox 405 1610 432 1636; x_wconf 92' lang='lat' dir='ltr'><strong>in</strong></span> <span class='ocrx_word' id='word_1_379' title='bbox 454 1610 552 1644; x_wconf 88' lang='lat' dir='ltr'><strong>quibus</strong></span> <span class='ocrx_word' id='word_1_380' title='bbox 574 1610 632 1638; x_wconf 85' lang='lat' dir='ltr'><strong>solo</strong></span> <span class='ocrx_word' id='word_1_381' title='bbox 654 1611 789 1639; x_wconf 86' lang='lat' dir='ltr'><strong>intellectu</strong></span> <span class='ocrx_word' id='word_1_382' title='bbox 812 1612 949 1647; x_wconf 86' lang='lat' dir='ltr'><strong>quantitas</strong></span> <span class='ocrx_word' id='word_1_383' title='bbox 976 1613 1010 1639; x_wconf 86' lang='lat' dir='ltr'><strong>ab</strong></span> 
     </span>
    </p>
   </div>
   <div class='ocr_carea' id='block_1_51' title="bbox 216 1654 1011 1692">
    <p class='ocr_par' dir='ltr' id='par_1_51' title="bbox 216 1654 1011 1692">
     <span class='ocr_line' id='line_1_51' title="bbox 216 1654 1011 1692; baseline 0.004 -11"><span class='ocrx_word' id='word_1_384' title='bbox 216 1654 292 1682; x_wconf 78' lang='grc' dir='ltr'><strong>οὐσία</strong></span> <span class='ocrx_word' id='word_1_385' title='bbox 313 1659 461 1689; x_wconf 81' lang='lat' dir='ltr'><strong>separatur.</strong></span> <span class='ocrx_word' id='word_1_386' title='bbox 490 1655 556 1683; x_wconf 84' lang='lat' dir='ltr'><strong>Nam</strong></span> <span class='ocrx_word' id='word_1_387' title='bbox 576 1664 637 1684; x_wconf 90' lang='lat' dir='ltr'><strong>cum</strong></span> <span class='ocrx_word' id='word_1_388' title='bbox 656 1657 763 1684; x_wconf 82' lang='lat' dir='ltr'><strong>videtur</strong></span> <span class='ocrx_word' id='word_1_389' title='bbox 781 1658 841 1692; x_wconf 91' lang='lat' dir='ltr'><strong>quis</strong></span> <span class='ocrx_word' id='word_1_390' title='bbox 857 1658 889 1685; x_wconf 89' lang='lat' dir='ltr'><strong>de</strong></span> <span class='ocrx_word' id='word_1_391' title='bbox 904 1658 1011 1692; x_wconf 90' lang='lat' dir='ltr'><strong>quanti-</strong></span> 
     </span>
    </p>
   </div>
   <div class='ocr_carea' id='block_1_52' title="bbox 216 1700 1010 1739">
    <p class='ocr_par' dir='ltr' id='par_1_52' title="bbox 216 1700 1010 1739">
     <span class='ocr_line' id='line_1_52' title="bbox 216 1700 1010 1739; baseline 0.008 -14"><span class='ocrx_word' id='word_1_392' title='bbox 216 1702 270 1726; x_wconf 87' lang='lat' dir='ltr'><strong>tate</strong></span> <span class='ocrx_word' id='word_1_393' title='bbox 282 1700 430 1734; x_wconf 77' lang='lat' dir='ltr'><strong>disputare,</strong></span> <span class='ocrx_word' id='word_1_394' title='bbox 446 1705 573 1736; x_wconf 87' lang='lat' dir='ltr'><strong>tanquam</strong></span> <span class='ocrx_word' id='word_1_395' title='bbox 589 1702 622 1730; x_wconf 88' lang='lat' dir='ltr'><strong>de</strong></span> <span class='ocrx_word' id='word_1_396' title='bbox 639 1704 713 1731; x_wconf 76' lang='grc' dir='ltr'><strong>οὐσία</strong></span> <span class='ocrx_word' id='word_1_397' title='bbox 727 1704 791 1738; x_wconf 88' lang='lat' dir='ltr'><strong>quid</strong></span> <span class='ocrx_word' id='word_1_398' title='bbox 807 1704 918 1735; x_wconf 83' lang='lat' dir='ltr'><strong>diceret,</strong></span> <span class='ocrx_word' id='word_1_399' title='bbox 932 1708 1010 1739; x_wconf 78' lang='lat' dir='ltr'><strong>puta-</strong></span> 
     </span>
    </p>
   </div>
   <div class='ocr_carea' id='block_1_53' title="bbox 216 1745 1009 1782">
    <p class='ocr_par' dir='ltr' id='par_1_53' title="bbox 216 1745 1009 1782">
     <span class='ocr_line' id='line_1_53' title="bbox 216 1745 1009 1782; baseline 0.009 -12"><span class='ocrx_word' id='word_1_400' title='bbox 216 1748 258 1770; x_wconf 91' lang='lat' dir='ltr'><strong>tur</strong></span> <span class='ocrx_word' id='word_1_401' title='bbox 269 1745 446 1773; x_wconf 79' lang='lat' dir='ltr'><strong>coniundere.</strong></span> <span class='ocrx_word' id='word_1_402' title='bbox 471 1745 587 1774; x_wconf 86' lang='lat' dir='ltr'><strong>Videsne</strong></span> <span class='ocrx_word' id='word_1_403' title='bbox 608 1748 672 1782; x_wconf 92' lang='lat' dir='ltr'><strong>quid</strong></span> <span class='ocrx_word' id='word_1_404' title='bbox 695 1756 818 1776; x_wconf 83' lang='lat' dir='ltr'><strong>summae</strong></span> <span class='ocrx_word' id='word_1_405' title='bbox 841 1750 1009 1777; x_wconf 81' lang='lat' dir='ltr'><strong>auctoritatis</strong></span> 
     </span>
    </p>
   </div>
   <div class='ocr_carea' id='block_1_54' title="bbox 215 1789 1010 1828">
    <p class='ocr_par' dir='ltr' id='par_1_54' title="bbox 215 1789 1010 1828">
     <span class='ocr_line' id='line_1_54' title="bbox 215 1789 1010 1828; baseline 0.008 -13"><span class='ocrx_word' id='word_1_406' title='bbox 215 1789 342 1824; x_wconf 74' lang='lat' dir='ltr'><strong>magister</strong></span> <span class='ocrx_word' id='word_1_407' title='bbox 365 1791 476 1818; x_wconf 85' lang='lat' dir='ltr'><strong>edicat?</strong></span> <span class='ocrx_word' id='word_1_408' title='bbox 500 1791 566 1819; x_wconf 87' lang='lat' dir='ltr'><strong>Cum</strong></span> <span class='ocrx_word' id='word_1_409' title='bbox 586 1792 701 1826; x_wconf 80' lang='lat' dir='ltr'><strong>videtur,</strong></span> <span class='ocrx_word' id='word_1_410' title='bbox 726 1794 823 1828; x_wconf 88' lang='lat' dir='ltr'><strong>inquit,</strong></span> <span class='ocrx_word' id='word_1_411' title='bbox 851 1794 913 1828; x_wconf 80' lang='lat' dir='ltr'><strong>quis</strong></span> <span class='ocrx_word' id='word_1_412' title='bbox 937 1795 947 1810; x_wconf 96' lang='grc'><strong>⁷</strong></span> <span class='ocrx_word' id='word_1_413' title='bbox 977 1795 1010 1821; x_wconf 91' lang='lat' dir='ltr'><strong>de</strong></span> 
     </span>
    </p>
   </div>
   <div class='ocr_carea' id='block_1_55' title="bbox 216 1837 1009 1875">
    <p class='ocr_par' dir='ltr' id='par_1_55' title="bbox 216 1837 1009 1875">
     <span class='ocr_line' id='line_1_55' title="bbox 216 1837 1009 1875; baseline 0.008 -13"><span class='ocrx_word' id='word_1_414' title='bbox 216 1837 373 1870; x_wconf 88' lang='lat' dir='ltr'><strong>quantitate,</strong></span> <span class='ocrx_word' id='word_1_415' title='bbox 389 1837 441 1865; x_wconf 89' lang='lat' dir='ltr'><strong>hoc</strong></span> <span class='ocrx_word' id='word_1_416' title='bbox 453 1842 506 1869; x_wconf 86' lang='lat' dir='ltr'><strong>cst,</strong></span> <span class='ocrx_word' id='word_1_417' title='bbox 523 1838 556 1865; x_wconf 88' lang='lat' dir='ltr'><strong>de</strong></span> <span class='ocrx_word' id='word_1_418' title='bbox 573 1839 678 1874; x_wconf 86' lang='lat' dir='ltr'><strong>spatiis,</strong></span> <span class='ocrx_word' id='word_1_419' title='bbox 692 1840 789 1874; x_wconf 90' lang='lat' dir='ltr'><strong>quibus</strong></span> <span class='ocrx_word' id='word_1_420' title='bbox 806 1847 903 1875; x_wconf 89' lang='lat' dir='ltr'><strong>corpus</strong></span> <span class='ocrx_word' id='word_1_421' title='bbox 923 1842 1009 1868; x_wconf 92' lang='lat' dir='ltr'><strong>conﬁ-</strong></span> 
     </span>
    </p>
   </div>
   <div class='ocr_carea' id='block_1_56' title="bbox 215 1882 1009 1919">
    <p class='ocr_par' dir='ltr' id='par_1_56' title="bbox 215 1882 1009 1919">
     <span class='ocr_line' id='line_1_56' title="bbox 215 1882 1009 1919; baseline 0.006 -10"><span class='ocrx_word' id='word_1_422' title='bbox 215 1882 295 1915; x_wconf 84' lang='lat' dir='ltr'><strong>citur,</strong></span> <span class='ocrx_word' id='word_1_423' title='bbox 310 1882 458 1917; x_wconf 82' lang='lat' dir='ltr'><strong>disputare,</strong></span> <span class='ocrx_word' id='word_1_424' title='bbox 475 1884 509 1911; x_wconf 90' lang='lat' dir='ltr'><strong>ab</strong></span> <span class='ocrx_word' id='word_1_425' title='bbox 521 1885 574 1918; x_wconf 89' lang='lat' dir='ltr'><strong>his,</strong></span> <span class='ocrx_word' id='word_1_426' title='bbox 593 1885 641 1919; x_wconf 83' lang='lat' dir='ltr'><strong>qui</strong></span> <span class='ocrx_word' id='word_1_427' title='bbox 652 1885 718 1912; x_wconf 94' lang='lat' dir='ltr'><strong>nihil</strong></span> <span class='ocrx_word' id='word_1_428' title='bbox 738 1886 808 1913; x_wconf 88' lang='lat' dir='ltr'><strong>aliud</strong></span> <span class='ocrx_word' id='word_1_429' title='bbox 825 1894 885 1914; x_wconf 80' lang='lat' dir='ltr'><strong>esse</strong></span> <span class='ocrx_word' id='word_1_430' title='bbox 901 1888 986 1915; x_wconf 70' lang='grc' dir='ltr'><strong>οὐσίαν</strong></span> <span class='ocrx_word' id='word_1_431' title='bbox 999 1888 1009 1903; x_wconf 73' lang='grc'><strong>⁸⁵</strong></span> 
     </span>
    </p>
   </div>
   <div class='ocr_carea' id='block_1_57' title="bbox 217 1927 1009 1968">
    <p class='ocr_par' dir='ltr' id='par_1_57' title="bbox 217 1927 1009 1968">
     <span class='ocr_line' id='line_1_57' title="bbox 217 1927 1009 1968; baseline 0.01 -14"><span class='ocrx_word' id='word_1_432' title='bbox 217 1927 361 1955; x_wconf 80' lang='lat' dir='ltr'><strong>aestimant</strong></span> <span class='ocrx_word' id='word_1_433' title='bbox 384 1928 437 1956; x_wconf 92' lang='lat' dir='ltr'><strong>nisi</strong></span> <span class='ocrx_word' id='word_1_434' title='bbox 467 1937 566 1964; x_wconf 85' lang='lat' dir='ltr'><strong>corpus</strong></span> <span class='ocrx_word' id='word_1_435' title='bbox 590 1932 661 1965; x_wconf 89' lang='lat' dir='ltr'><strong>quod</strong></span> <span class='ocrx_word' id='word_1_436' title='bbox 683 1932 785 1965; x_wconf 80' lang='lat' dir='ltr'><strong>vident,</strong></span> <span class='ocrx_word' id='word_1_437' title='bbox 804 1934 835 1960; x_wconf 89' lang='lat' dir='ltr'><strong>de</strong></span> <span class='ocrx_word' id='word_1_438' title='bbox 856 1933 913 1968; x_wconf 88' lang='lat' dir='ltr'><strong>ipsa</strong></span> <span class='ocrx_word' id='word_1_439' title='bbox 937 1936 1009 1962; x_wconf 72' lang='grc' dir='ltr'><strong>οὐσία</strong></span> 
     </span>
    </p>
   </div>
   <div class='ocr_carea' id='block_1_58' title="bbox 217 1972 1007 2014">
    <p class='ocr_par' dir='ltr' id='par_1_58' title="bbox 217 1972 1007 2014">
     <span class='ocr_line' id='line_1_58' title="bbox 217 1972 1007 2014; baseline 0.01 -16"><span class='ocrx_word' id='word_1_440' title='bbox 217 1975 329 2006; x_wconf 83' lang='lat' dir='ltr'><strong>putatur</strong></span> <span class='ocrx_word' id='word_1_441' title='bbox 342 1972 407 2008; x_wconf 87' lang='lat' dir='ltr'><strong>quid</strong></span> <span class='ocrx_word' id='word_1_442' title='bbox 420 1973 430 1988; x_wconf 89' lang='lat'>&#39;</span> <span class='ocrx_word' id='word_1_443' title='bbox 443 1973 542 2009; x_wconf 84' lang='lat' dir='ltr'><strong>dicere.</strong></span> <span class='ocrx_word' id='word_1_444' title='bbox 564 1974 593 2002; x_wconf 89' lang='lat' dir='ltr'><strong>Si</strong></span> <span class='ocrx_word' id='word_1_445' title='bbox 615 1976 697 2011; x_wconf 79' lang='lat' dir='ltr'><strong>igitur</strong></span> <span class='ocrx_word' id='word_1_446' title='bbox 708 1978 871 2012; x_wconf 85' lang='lat' dir='ltr'><strong>geometrica</strong></span> <span class='ocrx_word' id='word_1_447' title='bbox 884 1986 1007 2014; x_wconf 86' lang='lat' dir='ltr'><strong>corpora,</strong></span> 
     </span>
    </p>
   </div>
   <div class='ocr_carea' id='block_1_59' title="bbox 216 2017 1010 2058">
    <p class='ocr_par' dir='ltr' id='par_1_59' title="bbox 216 2017 1010 2058">
     <span class='ocr_line' id='line_1_59' title="bbox 216 2017 1010 2058; baseline 0.01 -14"><span class='ocrx_word' id='word_1_448' title='bbox 216 2024 287 2052; x_wconf 86' lang='lat' dir='ltr'><strong>quae</strong></span> <span class='ocrx_word' id='word_1_449' title='bbox 301 2017 358 2045; x_wconf 86' lang='lat' dir='ltr'><strong>sola</strong></span> <span class='ocrx_word' id='word_1_450' title='bbox 378 2018 400 2034; x_wconf 85' lang='lat'><strong>&#39;°</strong></span> <span class='ocrx_word' id='word_1_451' title='bbox 420 2019 502 2047; x_wconf 88' lang='lat' dir='ltr'><strong>animi</strong></span> <span class='ocrx_word' id='word_1_452' title='bbox 514 2021 635 2048; x_wconf 89' lang='lat' dir='ltr'><strong>contuitu</strong></span> <span class='ocrx_word' id='word_1_453' title='bbox 654 2023 866 2058; x_wconf 87' lang='lat' dir='ltr'><strong>contemplamur</strong></span> <span class='ocrx_word' id='word_1_454' title='bbox 885 2025 917 2057; x_wconf 79' lang='lat'><strong>“,</strong></span> <span class='ocrx_word' id='word_1_455' title='bbox 934 2024 1010 2052; x_wconf 84' lang='lat' dir='ltr'><strong>solis-</strong></span> 
     </span>
    </p>
   </div>
   <div class='ocr_carea' id='block_1_60' title="bbox 215 2067 1009 2105">
    <p class='ocr_par' dir='ltr' id='par_1_60' title="bbox 215 2067 1009 2105">
     <span class='ocr_line' id='line_1_60' title="bbox 215 2067 1009 2105; baseline 0.008 -13"><span class='ocrx_word' id='word_1_456' title='bbox 215 2067 430 2100; x_wconf 81' lang='lat' dir='ltr'><strong>quernemoriae</strong></span> <span class='ocrx_word' id='word_1_457' title='bbox 445 2068 681 2102; x_wconf 71' lang='lat' dir='ltr'><strong>imaginationibus</strong></span> <span class='ocrx_word' id='word_1_458' title='bbox 702 2069 802 2105; x_wconf 78' lang='lat' dir='ltr'><strong>ﬁngere</strong></span> <span class='ocrx_word' id='word_1_459' title='bbox 822 2078 1009 2105; x_wconf 86' lang='lat' dir='ltr'><strong>procuramus,</strong></span> 
     </span>
    </p>
   </div>
   <div class='ocr_carea' id='block_1_61' title="bbox 215 2111 1010 2151">
    <p class='ocr_par' dir='ltr' id='par_1_61' title="bbox 215 2111 1010 2151">
     <span class='ocr_line' id='line_1_61' title="bbox 215 2111 1010 2151; baseline 0.006 -13"><span class='ocrx_word' id='word_1_460' title='bbox 215 2111 243 2138; x_wconf 92' lang='lat' dir='ltr'><strong>in</strong></span> <span class='ocrx_word' id='word_1_461' title='bbox 260 2112 350 2147; x_wconf 86' lang='lat' dir='ltr'><strong>aliqua</strong></span> <span class='ocrx_word' id='word_1_462' title='bbox 369 2114 450 2142; x_wconf 78' lang='grc' dir='ltr'><strong>οὐσία</strong></span> <span class='ocrx_word' id='word_1_463' title='bbox 464 2115 624 2148; x_wconf 77' lang='lat' dir='ltr'><strong>Subsistunt,</strong></span> <span class='ocrx_word' id='word_1_464' title='bbox 648 2116 768 2151; x_wconf 84' lang='lat' dir='ltr'><strong>profecto</strong></span> <span class='ocrx_word' id='word_1_465' title='bbox 791 2117 923 2143; x_wconf 82' lang='lat' dir='ltr'><strong>naturalia</strong></span> <span class='ocrx_word' id='word_1_466' title='bbox 938 2122 1010 2149; x_wconf 90' lang='lat' dir='ltr'><strong>sunt,</strong></span> 
     </span>
    </p>
   </div>
   <div class='ocr_carea' id='block_1_62' title="bbox 214 2157 1009 2197">
    <p class='ocr_par' dir='ltr' id='par_1_62' title="bbox 214 2157 1009 2197">
     <span class='ocr_line' id='line_1_62' title="bbox 214 2157 1009 2197; baseline 0.009 -14"><span class='ocrx_word' id='word_1_467' title='bbox 214 2157 341 2192; x_wconf 88' lang='lat' dir='ltr'><strong>nullaque</strong></span> <span class='ocrx_word' id='word_1_468' title='bbox 353 2158 424 2186; x_wconf 88' lang='lat' dir='ltr'><strong>inter</strong></span> <span class='ocrx_word' id='word_1_469' title='bbox 437 2161 599 2195; x_wconf 81' lang='lat' dir='ltr'><strong>geometrica</strong></span> <span class='ocrx_word' id='word_1_470' title='bbox 614 2166 642 2189; x_wconf 90' lang='lat' dir='ltr'><strong>et</strong></span> <span class='ocrx_word' id='word_1_471' title='bbox 657 2163 788 2190; x_wconf 89' lang='lat' dir='ltr'><strong>naturalia</strong></span> <span class='ocrx_word' id='word_1_472' title='bbox 804 2170 916 2197; x_wconf 86' lang='lat' dir='ltr'><strong>corpora</strong></span> <span class='ocrx_word' id='word_1_473' title='bbox 931 2162 1009 2190; x_wconf 81' lang='lat' dir='ltr'><strong>diﬁ‘c-</strong></span> 
     </span>
    </p>
   </div>
   <div class='ocr_carea' id='block_1_63' title="bbox 216 2203 1007 2244">
    <p class='ocr_par' dir='ltr' id='par_1_63' title="bbox 216 2203 1007 2244">
     <span class='ocr_line' id='line_1_63' title="bbox 216 2203 1007 2244; baseline 0.01 -15"><span class='ocrx_word' id='word_1_474' title='bbox 216 2203 303 2230; x_wconf 85' lang='lat' dir='ltr'><strong>rentia</strong></span> <span class='ocrx_word' id='word_1_475' title='bbox 315 2208 366 2232; x_wconf 84' lang='lat' dir='ltr'><strong>est.</strong></span> <span class='ocrx_word' id='word_1_476' title='bbox 391 2205 468 2234; x_wconf 86' lang='lat' dir='ltr'><strong>Nune</strong></span> <span class='ocrx_word' id='word_1_477' title='bbox 488 2214 562 2240; x_wconf 88' lang='lat' dir='ltr'><strong>vero,</strong></span> <span class='ocrx_word' id='word_1_478' title='bbox 578 2208 704 2243; x_wconf 89' lang='lat' dir='ltr'><strong>quoniam</strong></span> <span class='ocrx_word' id='word_1_479' title='bbox 716 2209 879 2244; x_wconf 80' lang='lat' dir='ltr'><strong>geometrica</strong></span> <span class='ocrx_word' id='word_1_480' title='bbox 892 2217 1007 2243; x_wconf 86' lang='lat' dir='ltr'><strong>corpora</strong></span> 
     </span>
    </p>
   </div>
   <div class='ocr_carea' id='block_1_64' title="bbox 216 2247 1008 2288">
    <p class='ocr_par' dir='ltr' id='par_1_64' title="bbox 216 2247 1008 2288">
     <span class='ocr_line' id='line_1_64' title="bbox 216 2247 1008 2288; baseline 0.008 -13"><span class='ocrx_word' id='word_1_481' title='bbox 216 2247 276 2276; x_wconf 84' lang='lat' dir='ltr'><strong>solo</strong></span> <span class='ocrx_word' id='word_1_482' title='bbox 299 2249 389 2278; x_wconf 88' lang='lat' dir='ltr'><strong>animo</strong></span> <span class='ocrx_word' id='word_1_483' title='bbox 411 2252 633 2287; x_wconf 78' lang='lat' dir='ltr'><strong>consideramus,</strong></span> <span class='ocrx_word' id='word_1_484' title='bbox 658 2254 684 2280; x_wconf 88' lang='lat' dir='ltr'><strong>in</strong></span> <span class='ocrx_word' id='word_1_485' title='bbox 707 2254 832 2288; x_wconf 86' lang='lat' dir='ltr'><strong>nullaque</strong></span> <span class='ocrx_word' id='word_1_486' title='bbox 855 2256 927 2282; x_wconf 76' lang='grc' dir='ltr'><strong>οὐσία</strong></span> <span class='ocrx_word' id='word_1_487' title='bbox 944 2254 1008 2281; x_wconf 88' lang='lat' dir='ltr'><strong>sub-</strong></span> 
     </span>
    </p>
   </div>
   <div class='ocr_carea' id='block_1_65' title="bbox 215 2293 1009 2333">
    <p class='ocr_par' dir='ltr' id='par_1_65' title="bbox 215 2293 1009 2333">
     <span class='ocr_line' id='line_1_65' title="bbox 215 2293 1009 2333; baseline 0.009 -13"><span class='ocrx_word' id='word_1_488' title='bbox 215 2293 324 2328; x_wconf 79' lang='lat' dir='ltr'><strong>sistunt,</strong></span> <span class='ocrx_word' id='word_1_489' title='bbox 342 2300 421 2331; x_wconf 88' lang='lat' dir='ltr'><strong>atque</strong></span> <span class='ocrx_word' id='word_1_490' title='bbox 434 2297 494 2325; x_wconf 87' lang='lat' dir='ltr'><strong>idco</strong></span> <span class='ocrx_word' id='word_1_491' title='bbox 510 2298 679 2332; x_wconf 85' lang='lat' dir='ltr'><strong>phantastica</strong></span> <span class='ocrx_word' id='word_1_492' title='bbox 696 2299 757 2333; x_wconf 85' lang='lat' dir='ltr'><strong>jure</strong></span> <span class='ocrx_word' id='word_1_493' title='bbox 774 2304 913 2332; x_wconf 87' lang='lat' dir='ltr'><strong>vocantur,</strong></span> <span class='ocrx_word' id='word_1_494' title='bbox 932 2304 1009 2327; x_wconf 88' lang='lat' dir='ltr'><strong>natu—</strong></span> 
     </span>
    </p>
   </div>
   <div class='ocr_carea' id='block_1_66' title="bbox 215 2338 1006 2379">
    <p class='ocr_par' dir='ltr' id='par_1_66' title="bbox 215 2338 1006 2379">
     <span class='ocr_line' id='line_1_66' title="bbox 215 2338 1006 2379; baseline 0.009 -15"><span class='ocrx_word' id='word_1_495' title='bbox 215 2338 279 2366; x_wconf 89' lang='lat' dir='ltr'><strong>ralia</strong></span> <span class='ocrx_word' id='word_1_496' title='bbox 295 2347 358 2367; x_wconf 86' lang='lat' dir='ltr'><strong>vero</strong></span> <span class='ocrx_word' id='word_1_497' title='bbox 369 2349 482 2376; x_wconf 86' lang='lat' dir='ltr'><strong>corpora</strong></span> <span class='ocrx_word' id='word_1_498' title='bbox 492 2348 634 2378; x_wconf 85' lang='lat' dir='ltr'><strong>propterea</strong></span> <span class='ocrx_word' id='word_1_499' title='bbox 645 2344 778 2371; x_wconf 87' lang='lat' dir='ltr'><strong>naturalia</strong></span> <span class='ocrx_word' id='word_1_500' title='bbox 793 2349 865 2378; x_wconf 91' lang='lat' dir='ltr'><strong>sunt,</strong></span> <span class='ocrx_word' id='word_1_501' title='bbox 881 2345 1006 2379; x_wconf 89' lang='lat' dir='ltr'><strong>quoniam</strong></span> 
     </span>
    </p>
   </div>
   <div class='ocr_carea' id='block_1_67' title="bbox 215 2383 1005 2423">
    <p class='ocr_par' dir='ltr' id='par_1_67' title="bbox 215 2383 1005 2423">
     <span class='ocr_line' id='line_1_67' title="bbox 215 2383 1005 2423; baseline 0.008 -13"><span class='ocrx_word' id='word_1_502' title='bbox 215 2383 242 2410; x_wconf 87' lang='lat' dir='ltr'><strong>in</strong></span> <span class='ocrx_word' id='word_1_503' title='bbox 256 2385 426 2414; x_wconf 85' lang='lat' dir='ltr'><strong>naturalibus</strong></span> <span class='ocrx_word' id='word_1_504' title='bbox 439 2388 495 2416; x_wconf 81' lang='lat' dir='ltr'><strong>suis</strong></span> <span class='ocrx_word' id='word_1_505' title='bbox 509 2389 598 2421; x_wconf 73' lang='lat' dir='ltr'><strong>ousiis,</strong></span> <span class='ocrx_word' id='word_1_506' title='bbox 615 2389 640 2416; x_wconf 91' lang='lat' dir='ltr'><strong>id</strong></span> <span class='ocrx_word' id='word_1_507' title='bbox 652 2394 693 2417; x_wconf 91' lang='lat' dir='ltr'><strong>cst</strong></span> <span class='ocrx_word' id='word_1_508' title='bbox 703 2390 836 2423; x_wconf 86' lang='lat' dir='ltr'><strong>essentiis,</strong></span> <span class='ocrx_word' id='word_1_509' title='bbox 847 2391 1005 2422; x_wconf 83' lang='lat' dir='ltr'><strong>subsistunt,</strong></span> 
     </span>
    </p>
   </div>
   <div class='ocr_carea' id='block_1_68' title="bbox 214 2429 1005 2470">
    <p class='ocr_par' dir='ltr' id='par_1_68' title="bbox 214 2429 1005 2470">
     <span class='ocr_line' id='line_1_68' title="bbox 214 2429 1005 2470; baseline 0.009 -16"><span class='ocrx_word' id='word_1_510' title='bbox 214 2432 241 2454; x_wconf 86' lang='lat' dir='ltr'><strong>et</strong></span> <span class='ocrx_word' id='word_1_511' title='bbox 255 2429 313 2456; x_wconf 84' lang='lat' dir='ltr'><strong>sine</strong></span> <span class='ocrx_word' id='word_1_512' title='bbox 328 2430 428 2465; x_wconf 87' lang='lat' dir='ltr'><strong>quibus</strong></span> <span class='ocrx_word' id='word_1_513' title='bbox 439 2439 500 2460; x_wconf 85' lang='lat' dir='ltr'><strong>esse</strong></span> <span class='ocrx_word' id='word_1_514' title='bbox 514 2441 566 2461; x_wconf 93' lang='lat' dir='ltr'><strong>non</strong></span> <span class='ocrx_word' id='word_1_515' title='bbox 582 2438 710 2468; x_wconf 86' lang='lat' dir='ltr'><strong>possunt,</strong></span> <span class='ocrx_word' id='word_1_516' title='bbox 725 2435 837 2470; x_wconf 85' lang='lat' dir='ltr'><strong>ideoque</strong></span> <span class='ocrx_word' id='word_1_517' title='bbox 851 2443 913 2463; x_wconf 80' lang='lat' dir='ltr'><strong>vera</strong></span> <span class='ocrx_word' id='word_1_518' title='bbox 927 2439 1005 2466; x_wconf 86' lang='lat' dir='ltr'><strong>sunt;</strong></span> 
     </span>
    </p>
   </div>
   <div class='ocr_carea' id='block_1_69' title="bbox 214 2471 1006 2511">
    <p class='ocr_par' dir='ltr' id='par_1_69' title="bbox 214 2471 1006 2511">
     <span class='ocr_line' id='line_1_69' title="bbox 214 2471 1006 2511; baseline 0.009 -11"><span class='ocrx_word' id='word_1_519' title='bbox 214 2471 333 2509; x_wconf 74' lang='lat' dir='ltr'><strong>alioquin</strong></span> <span class='ocrx_word' id='word_1_520' title='bbox 349 2483 404 2504; x_wconf 85' lang='lat' dir='ltr'><strong>non</strong></span> <span class='ocrx_word' id='word_1_521' title='bbox 424 2476 450 2504; x_wconf 87' lang='lat' dir='ltr'><strong>in</strong></span> <span class='ocrx_word' id='word_1_522' title='bbox 470 2478 550 2506; x_wconf 88' lang='lat' dir='ltr'><strong>rebus</strong></span> <span class='ocrx_word' id='word_1_523' title='bbox 565 2479 744 2511; x_wconf 83' lang='lat' dir='ltr'><strong>naturalibus,</strong></span> <span class='ocrx_word' id='word_1_524' title='bbox 761 2480 806 2507; x_wconf 83' lang='lat' dir='ltr'><strong>seti</strong></span> <span class='ocrx_word' id='word_1_525' title='bbox 825 2479 881 2507; x_wconf 82' lang='lat' dir='ltr'><strong>Sola</strong></span> <span class='ocrx_word' id='word_1_526' title='bbox 903 2480 1006 2507; x_wconf 87' lang='lat' dir='ltr'><strong>ratione</strong></span> 
     </span>
    </p>
   </div>
   <div class='ocr_carea' id='block_1_70' title="bbox 213 2518 1006 2559">
    <p class='ocr_par' dir='ltr' id='par_1_70' title="bbox 213 2518 1006 2559">
     <span class='ocr_line' id='line_1_70' title="bbox 213 2518 1006 2559; baseline 0.006 -13"><span class='ocrx_word' id='word_1_527' title='bbox 213 2518 398 2552; x_wconf 69' lang='lat' dir='ltr'><strong>cogitarentur</strong></span> <span class='ocrx_word' id='word_1_528' title='bbox 419 2531 425 2550; x_wconf 94' lang='lat'>:</span> <span class='ocrx_word' id='word_1_529' title='bbox 447 2523 567 2558; x_wconf 77' lang='lat' dir='ltr'><strong>profecto</strong></span> <span class='ocrx_word' id='word_1_530' title='bbox 593 2524 673 2552; x_wconf 87' lang='lat' dir='ltr'><strong>datur</strong></span> <span class='ocrx_word' id='word_1_531' title='bbox 693 2524 822 2559; x_wconf 76' lang='lat' dir='ltr'><strong>intelligi,</strong></span> <span class='ocrx_word' id='word_1_532' title='bbox 848 2524 919 2551; x_wconf 84' lang='lat' dir='ltr'><strong>aliud</strong></span> <span class='ocrx_word' id='word_1_533' title='bbox 947 2532 1006 2552; x_wconf 84' lang='lat' dir='ltr'><strong>esse</strong></span> 
     </span>
    </p>
   </div>
   <div class='ocr_carea' id='block_1_71' title="bbox 1065 927 1857 964">
    <p class='ocr_par' dir='ltr' id='par_1_71' title="bbox 1065 927 1857 964">
     <span class='ocr_line' id='line_1_71' title="bbox 1065 927 1857 964; baseline -0.005 -8"><span class='ocrx_word' id='word_1_534' title='bbox 1065 929 1291 964; x_wconf 86' lang='lat' dir='ltr'><strong>quemadmodum</strong></span> <span class='ocrx_word' id='word_1_535' title='bbox 1307 932 1335 955; x_wconf 88' lang='lat' dir='ltr'><strong>et</strong></span> <span class='ocrx_word' id='word_1_536' title='bbox 1349 928 1469 963; x_wconf 83' lang='lat' dir='ltr'><strong>singulae</strong></span> <span class='ocrx_word' id='word_1_537' title='bbox 1486 927 1588 954; x_wconf 80' lang='lat' dir='ltr'><strong>foratae</strong></span> <span class='ocrx_word' id='word_1_538' title='bbox 1604 934 1692 953; x_wconf 79' lang='lat' dir='ltr'><strong>unum</strong></span> <span class='ocrx_word' id='word_1_539' title='bbox 1709 927 1735 953; x_wconf 94' lang='lat' dir='ltr'><strong>in</strong></span> <span class='ocrx_word' id='word_1_540' title='bbox 1750 934 1798 953; x_wconf 90' lang='lat' dir='ltr'><strong>suo</strong></span> <span class='ocrx_word' id='word_1_541' title='bbox 1813 933 1857 961; x_wconf 83' lang='lat' dir='ltr'><strong>ge—</strong></span> 
     </span>
    </p>
   </div>
   <div class='ocr_carea' id='block_1_72' title="bbox 1065 970 1858 1006">
    <p class='ocr_par' dir='ltr' id='par_1_72' title="bbox 1065 970 1858 1006">
     <span class='ocr_line' id='line_1_72' title="bbox 1065 970 1858 1006; baseline -0.006 -5"><span class='ocrx_word' id='word_1_542' title='bbox 1065 980 1130 1001; x_wconf 83' lang='lat' dir='ltr'><strong>nere</strong></span> <span class='ocrx_word' id='word_1_543' title='bbox 1140 977 1211 1000; x_wconf 83' lang='lat' dir='ltr'><strong>sunt.</strong></span> <span class='ocrx_word' id='word_1_544' title='bbox 1237 972 1270 1000; x_wconf 87' lang='lat' dir='ltr'><strong>Et</strong></span> <span class='ocrx_word' id='word_1_545' title='bbox 1279 973 1346 1000; x_wconf 92' lang='lat' dir='ltr'><strong>haec</strong></span> <span class='ocrx_word' id='word_1_546' title='bbox 1355 972 1457 1004; x_wconf 89' lang='lat' dir='ltr'><strong>omnia,</strong></span> <span class='ocrx_word' id='word_1_547' title='bbox 1469 972 1495 999; x_wconf 92' lang='lat' dir='ltr'><strong>id</strong></span> <span class='ocrx_word' id='word_1_548' title='bbox 1506 975 1554 1003; x_wconf 87' lang='lat' dir='ltr'><strong>est,</strong></span> <span class='ocrx_word' id='word_1_549' title='bbox 1571 978 1669 1006; x_wconf 85' lang='lat' dir='ltr'><strong>genera</strong></span> <span class='ocrx_word' id='word_1_550' title='bbox 1679 975 1707 997; x_wconf 87' lang='lat' dir='ltr'><strong>et</strong></span> <span class='ocrx_word' id='word_1_551' title='bbox 1718 970 1820 997; x_wconf 77' lang='lat' dir='ltr'><strong>formae</strong></span> <span class='ocrx_word' id='word_1_552' title='bbox 1835 970 1858 986; x_wconf 78' lang='lat'>&quot;</span> 
     </span>
    </p>
   </div>
   <div class='ocr_carea' id='block_1_73' title="bbox 1063 1018 1857 1053">
    <p class='ocr_par' dir='ltr' id='par_1_73' title="bbox 1063 1018 1857 1053">
     <span class='ocr_line' id='line_1_73' title="bbox 1063 1018 1857 1053; baseline -0.006 -5"><span class='ocrx_word' id='word_1_553' title='bbox 1063 1029 1097 1049; x_wconf 79' lang='lat' dir='ltr'><strong>ex</strong></span> <span class='ocrx_word' id='word_1_554' title='bbox 1121 1029 1174 1048; x_wconf 92' lang='lat' dir='ltr'><strong>uno</strong></span> <span class='ocrx_word' id='word_1_555' title='bbox 1199 1020 1273 1048; x_wconf 80' lang='lat' dir='ltr'><strong>fonte</strong></span> <span class='ocrx_word' id='word_1_556' title='bbox 1294 1020 1383 1047; x_wconf 68' lang='lat' dir='ltr'><strong>anxiae</strong></span> <span class='ocrx_word' id='word_1_557' title='bbox 1413 1023 1532 1051; x_wconf 82' lang='lat' dir='ltr'><strong>manant,</strong></span> <span class='ocrx_word' id='word_1_558' title='bbox 1554 1019 1635 1053; x_wconf 88' lang='lat' dir='ltr'><strong>inque</strong></span> <span class='ocrx_word' id='word_1_559' title='bbox 1655 1026 1715 1045; x_wconf 89' lang='lat' dir='ltr'><strong>eam</strong></span> <span class='ocrx_word' id='word_1_560' title='bbox 1742 1018 1857 1044; x_wconf 86' lang='lat' dir='ltr'><strong>naturali</strong></span> 
     </span>
    </p>
   </div>
   <div class='ocr_carea' id='block_1_74' title="bbox 1064 1062 1860 1098">
    <p class='ocr_par' dir='ltr' id='par_1_74' title="bbox 1064 1062 1860 1098">
     <span class='ocr_line' id='line_1_74' title="bbox 1064 1062 1860 1098; baseline -0.005 -6"><span class='ocrx_word' id='word_1_561' title='bbox 1064 1064 1166 1092; x_wconf 89' lang='lat' dir='ltr'><strong>ambitu</strong></span> <span class='ocrx_word' id='word_1_562' title='bbox 1180 1065 1304 1092; x_wconf 87' lang='lat' dir='ltr'><strong>redeunt.</strong></span> <span class='ocrx_word' id='word_1_563' title='bbox 1332 1063 1446 1091; x_wconf 85' lang='lat' dir='ltr'><strong>Formae</strong></span> <span class='ocrx_word' id='word_1_564' title='bbox 1459 1071 1534 1096; x_wconf 85' lang='lat' dir='ltr'><strong>vero,</strong></span> <span class='ocrx_word' id='word_1_565' title='bbox 1549 1070 1618 1098; x_wconf 90' lang='lat' dir='ltr'><strong>quae</strong></span> <span class='ocrx_word' id='word_1_566' title='bbox 1637 1062 1759 1097; x_wconf 89' lang='lat' dir='ltr'><strong>qualitati</strong></span> <span class='ocrx_word' id='word_1_567' title='bbox 1781 1063 1860 1089; x_wconf 89' lang='lat' dir='ltr'><strong>attri-</strong></span> 
     </span>
    </p>
   </div>
   <div class='ocr_carea' id='block_1_75' title="bbox 1063 1108 1856 1145">
    <p class='ocr_par' dir='ltr' id='par_1_75' title="bbox 1063 1108 1856 1145">
     <span class='ocr_line' id='line_1_75' title="bbox 1063 1108 1856 1145; baseline -0.006 -6"><span class='ocrx_word' id='word_1_568' title='bbox 1063 1113 1194 1143; x_wconf 86' lang='lat' dir='ltr'><strong>buuntur,</strong></span> <span class='ocrx_word' id='word_1_569' title='bbox 1208 1111 1234 1138; x_wconf 89' lang='lat' dir='ltr'><strong>in</strong></span> <span class='ocrx_word' id='word_1_570' title='bbox 1253 1110 1421 1138; x_wconf 86' lang='lat' dir='ltr'><strong>naturalibus</strong></span> <span class='ocrx_word' id='word_1_571' title='bbox 1442 1110 1600 1145; x_wconf 82' lang='lat' dir='ltr'><strong>corporibus</strong></span> <span class='ocrx_word' id='word_1_572' title='bbox 1619 1109 1725 1143; x_wconf 87' lang='lat' dir='ltr'><strong>proprie</strong></span> <span class='ocrx_word' id='word_1_573' title='bbox 1745 1108 1856 1140; x_wconf 82' lang='lat' dir='ltr'><strong>formae,</strong></span> 
     </span>
    </p>
   </div>
   <div class='ocr_carea' id='block_1_76' title="bbox 1064 1155 1856 1193">
    <p class='ocr_par' dir='ltr' id='par_1_76' title="bbox 1064 1155 1856 1193">
     <span class='ocr_line' id='line_1_76' title="bbox 1064 1155 1856 1193; baseline -0.006 -8"><span class='ocrx_word' id='word_1_574' title='bbox 1064 1158 1090 1185; x_wconf 91' lang='lat' dir='ltr'><strong>in</strong></span> <span class='ocrx_word' id='word_1_575' title='bbox 1108 1156 1277 1193; x_wconf 80' lang='lat' dir='ltr'><strong>geometricis</strong></span> <span class='ocrx_word' id='word_1_576' title='bbox 1292 1161 1380 1183; x_wconf 90' lang='lat' dir='ltr'><strong>autem</strong></span> <span class='ocrx_word' id='word_1_577' title='bbox 1395 1156 1497 1191; x_wconf 82' lang='lat' dir='ltr'><strong>ﬁgurae</strong></span> <span class='ocrx_word' id='word_1_578' title='bbox 1514 1159 1652 1186; x_wconf 86' lang='lat' dir='ltr'><strong>vocantur.</strong></span> <span class='ocrx_word' id='word_1_579' title='bbox 1678 1155 1763 1182; x_wconf 89' lang='lat' dir='ltr'><strong>Omne</strong></span> <span class='ocrx_word' id='word_1_580' title='bbox 1785 1155 1856 1180; x_wconf 92' lang='lat' dir='ltr'><strong>enim</strong></span> 
     </span>
    </p>
   </div>
   <div class='ocr_carea' id='block_1_77' title="bbox 1063 1200 1855 1239">
    <p class='ocr_par' dir='ltr' id='par_1_77' title="bbox 1063 1200 1855 1239">
     <span class='ocr_line' id='line_1_77' title="bbox 1063 1200 1855 1239; baseline -0.009 -7"><span class='ocrx_word' id='word_1_581' title='bbox 1063 1204 1255 1239; x_wconf 77' lang='lat' dir='ltr'><strong>geometricum</strong></span> <span class='ocrx_word' id='word_1_582' title='bbox 1271 1209 1369 1237; x_wconf 89' lang='lat' dir='ltr'><strong>corpus</strong></span> <span class='ocrx_word' id='word_1_583' title='bbox 1382 1202 1476 1237; x_wconf 78' lang='lat' dir='ltr'><strong>spatiis</strong></span> <span class='ocrx_word' id='word_1_584' title='bbox 1488 1200 1657 1229; x_wconf 90' lang='lat' dir='ltr'><strong>solummodo</strong></span> <span class='ocrx_word' id='word_1_585' title='bbox 1667 1204 1748 1234; x_wconf 83' lang='lat' dir='ltr'><strong>atque</strong></span> <span class='ocrx_word' id='word_1_586' title='bbox 1759 1200 1855 1234; x_wconf 88' lang='lat' dir='ltr'><strong>ﬁgura,</strong></span> 
     </span>
    </p>
   </div>
   <div class='ocr_carea' id='block_1_78' title="bbox 1064 1245 1857 1279">
    <p class='ocr_par' dir='ltr' id='par_1_78' title="bbox 1064 1245 1857 1279">
     <span class='ocr_line' id='line_1_78' title="bbox 1064 1245 1857 1279; baseline -0.008 -2"><span class='ocrx_word' id='word_1_587' title='bbox 1064 1250 1136 1278; x_wconf 88' lang='lat' dir='ltr'><strong>nulla</strong></span> <span class='ocrx_word' id='word_1_588' title='bbox 1161 1256 1227 1277; x_wconf 82' lang='lat' dir='ltr'><strong>vero</strong></span> <span class='ocrx_word' id='word_1_589' title='bbox 1250 1248 1399 1276; x_wconf 85' lang='lat' dir='ltr'><strong>substantia</strong></span> <span class='ocrx_word' id='word_1_590' title='bbox 1424 1248 1587 1275; x_wconf 88' lang='lat' dir='ltr'><strong>continetur.</strong></span> <span class='ocrx_word' id='word_1_591' title='bbox 1617 1246 1701 1274; x_wconf 89' lang='lat' dir='ltr'><strong>Omne</strong></span> <span class='ocrx_word' id='word_1_592' title='bbox 1726 1245 1857 1279; x_wconf 85' lang='lat' dir='ltr'><strong>siquidem</strong></span> 
     </span>
    </p>
   </div>
   <div class='ocr_carea' id='block_1_79' title="bbox 1063 1291 1858 1331">
    <p class='ocr_par' dir='ltr' id='par_1_79' title="bbox 1063 1291 1858 1331">
     <span class='ocr_line' id='line_1_79' title="bbox 1063 1291 1858 1331; baseline -0.008 -8"><span class='ocrx_word' id='word_1_593' title='bbox 1063 1295 1262 1331; x_wconf 87' lang='lat' dir='ltr'><strong>phantasticum</strong></span> <span class='ocrx_word' id='word_1_594' title='bbox 1276 1301 1373 1329; x_wconf 89' lang='lat' dir='ltr'><strong>corpus</strong></span> <span class='ocrx_word' id='word_1_595' title='bbox 1394 1294 1416 1308; x_wconf 79' lang='lat'><strong>“’</strong></span> <span class='ocrx_word' id='word_1_596' title='bbox 1436 1293 1630 1321; x_wconf 87' lang='lat' dir='ltr'><strong>universalihus</strong></span> <span class='ocrx_word' id='word_1_597' title='bbox 1654 1292 1740 1319; x_wconf 88' lang='lat' dir='ltr'><strong>tribus</strong></span> <span class='ocrx_word' id='word_1_598' title='bbox 1764 1291 1858 1325; x_wconf 86' lang='lat' dir='ltr'><strong>spatiis</strong></span> 
     </span>
    </p>
   </div>
   <div class='ocr_carea' id='block_1_80' title="bbox 1063 1337 1858 1377">
    <p class='ocr_par' dir='ltr' id='par_1_80' title="bbox 1063 1337 1858 1377">
     <span class='ocr_line' id='line_1_80' title="bbox 1063 1337 1858 1377; baseline -0.009 -8"><span class='ocrx_word' id='word_1_599' title='bbox 1063 1341 1211 1377; x_wconf 87' lang='lat' dir='ltr'><strong>perﬁcitur,</strong></span> <span class='ocrx_word' id='word_1_600' title='bbox 1231 1340 1396 1375; x_wconf 87' lang='lat' dir='ltr'><strong>longitudine</strong></span> <span class='ocrx_word' id='word_1_601' title='bbox 1409 1339 1543 1370; x_wconf 83' lang='lat' dir='ltr'><strong>videlicet,</strong></span> <span class='ocrx_word' id='word_1_602' title='bbox 1562 1338 1711 1368; x_wconf 85' lang='lat' dir='ltr'><strong>latitudine,</strong></span> <span class='ocrx_word' id='word_1_603' title='bbox 1738 1337 1858 1364; x_wconf 88' lang='lat' dir='ltr'><strong>altitudi-</strong></span> 
     </span>
    </p>
   </div>
   <div class='ocr_carea' id='block_1_81' title="bbox 1063 1385 1856 1423">
    <p class='ocr_par' dir='ltr' id='par_1_81' title="bbox 1063 1385 1856 1423">
     <span class='ocr_line' id='line_1_81' title="bbox 1063 1385 1856 1423; baseline -0.008 -8"><span class='ocrx_word' id='word_1_604' title='bbox 1063 1395 1160 1423; x_wconf 87' lang='lat' dir='ltr'><strong>neque.</strong></span> <span class='ocrx_word' id='word_1_605' title='bbox 1177 1387 1234 1414; x_wconf 88' lang='lat' dir='ltr'><strong>Non</strong></span> <span class='ocrx_word' id='word_1_606' title='bbox 1251 1391 1340 1414; x_wconf 88' lang='lat' dir='ltr'><strong>autem</strong></span> <span class='ocrx_word' id='word_1_607' title='bbox 1360 1385 1547 1413; x_wconf 80' lang='lat' dir='ltr'><strong>univcrsalitcr</strong></span> <span class='ocrx_word' id='word_1_608' title='bbox 1560 1385 1649 1411; x_wconf 89' lang='lat' dir='ltr'><strong>omnia</strong></span> <span class='ocrx_word' id='word_1_609' title='bbox 1665 1392 1778 1418; x_wconf 81' lang='lat' dir='ltr'><strong>corpora</strong></span> <span class='ocrx_word' id='word_1_610' title='bbox 1793 1392 1856 1418; x_wconf 82' lang='lat' dir='ltr'><strong>gen—</strong></span> 
     </span>
    </p>
   </div>
   <div class='ocr_carea' id='block_1_82' title="bbox 1063 1429 1856 1467">
    <p class='ocr_par' dir='ltr' id='par_1_82' title="bbox 1063 1429 1856 1467">
     <span class='ocr_line' id='line_1_82' title="bbox 1063 1429 1856 1467; baseline -0.006 -7"><span class='ocrx_word' id='word_1_611' title='bbox 1063 1433 1174 1460; x_wconf 89' lang='lat' dir='ltr'><strong>metrica</strong></span> <span class='ocrx_word' id='word_1_612' title='bbox 1191 1440 1243 1459; x_wconf 85' lang='lat' dir='ltr'><strong>una</strong></span> <span class='ocrx_word' id='word_1_613' title='bbox 1264 1432 1349 1467; x_wconf 86' lang='lat' dir='ltr'><strong>ﬁgura</strong></span> <span class='ocrx_word' id='word_1_614' title='bbox 1364 1430 1631 1458; x_wconf 85' lang='lat' dir='ltr'><strong>circumscribuntur.</strong></span> <span class='ocrx_word' id='word_1_615' title='bbox 1662 1429 1762 1456; x_wconf 82' lang='lat' dir='ltr'><strong>Eorum</strong></span> <span class='ocrx_word' id='word_1_616' title='bbox 1780 1437 1856 1455; x_wconf 91' lang='lat' dir='ltr'><strong>nam-</strong></span> 
     </span>
    </p>
   </div>
   <div class='ocr_carea' id='block_1_83' title="bbox 1063 1475 1856 1513">
    <p class='ocr_par' dir='ltr' id='par_1_83' title="bbox 1063 1475 1856 1513">
     <span class='ocr_line' id='line_1_83' title="bbox 1063 1475 1856 1513; baseline -0.006 -7"><span class='ocrx_word' id='word_1_617' title='bbox 1063 1486 1115 1513; x_wconf 88' lang='lat' dir='ltr'><strong>que</strong></span> <span class='ocrx_word' id='word_1_618' title='bbox 1128 1479 1179 1505; x_wconf 89' lang='lat' dir='ltr'><strong>alia</strong></span> <span class='ocrx_word' id='word_1_619' title='bbox 1193 1486 1226 1506; x_wconf 82' lang='lat' dir='ltr'><strong>cx</strong></span> <span class='ocrx_word' id='word_1_620' title='bbox 1244 1477 1376 1511; x_wconf 76' lang='lat' dir='ltr'><strong>triangula</strong></span> <span class='ocrx_word' id='word_1_621' title='bbox 1392 1480 1506 1511; x_wconf 76' lang='lat' dir='ltr'><strong>surgunt</strong></span> <span class='ocrx_word' id='word_1_622' title='bbox 1521 1476 1616 1511; x_wconf 83' lang='lat' dir='ltr'><strong>ﬁgura,</strong></span> <span class='ocrx_word' id='word_1_623' title='bbox 1641 1475 1693 1502; x_wconf 90' lang='lat' dir='ltr'><strong>alia</strong></span> <span class='ocrx_word' id='word_1_624' title='bbox 1717 1483 1750 1502; x_wconf 77' lang='lat' dir='ltr'><strong>ex</strong></span> <span class='ocrx_word' id='word_1_625' title='bbox 1773 1479 1856 1501; x_wconf 86' lang='lat' dir='ltr'><strong>tetra-</strong></span> 
     </span>
    </p>
   </div>
   <div class='ocr_carea' id='block_1_84' title="bbox 1063 1521 1855 1560">
    <p class='ocr_par' dir='ltr' id='par_1_84' title="bbox 1063 1521 1855 1560">
     <span class='ocr_line' id='line_1_84' title="bbox 1063 1521 1855 1560; baseline -0.005 -9"><span class='ocrx_word' id='word_1_626' title='bbox 1063 1532 1141 1560; x_wconf 79' lang='lat' dir='ltr'><strong>gona,</strong></span> <span class='ocrx_word' id='word_1_627' title='bbox 1170 1525 1220 1551; x_wconf 87' lang='lat' dir='ltr'><strong>alia</strong></span> <span class='ocrx_word' id='word_1_628' title='bbox 1244 1532 1276 1550; x_wconf 82' lang='lat' dir='ltr'><strong>ex</strong></span> <span class='ocrx_word' id='word_1_629' title='bbox 1304 1528 1464 1559; x_wconf 83' lang='lat' dir='ltr'><strong>pentagona,</strong></span> <span class='ocrx_word' id='word_1_630' title='bbox 1495 1523 1645 1556; x_wconf 85' lang='lat' dir='ltr'><strong>ceterisque</strong></span> <span class='ocrx_word' id='word_1_631' title='bbox 1669 1522 1696 1548; x_wconf 88' lang='lat' dir='ltr'><strong>in</strong></span> <span class='ocrx_word' id='word_1_632' title='bbox 1723 1521 1855 1548; x_wconf 87' lang='lat' dir='ltr'><strong>inﬁnitum</strong></span> 
     </span>
    </p>
   </div>
   <div class='ocr_carea' id='block_1_85' title="bbox 1062 1565 1856 1604">
    <p class='ocr_par' dir='ltr' id='par_1_85' title="bbox 1062 1565 1856 1604">
     <span class='ocr_line' id='line_1_85' title="bbox 1062 1565 1856 1604; baseline -0.005 -9"><span class='ocrx_word' id='word_1_633' title='bbox 1062 1568 1216 1604; x_wconf 84' lang='lat' dir='ltr'><strong>polygonis,</strong></span> <span class='ocrx_word' id='word_1_634' title='bbox 1231 1568 1282 1595; x_wconf 89' lang='lat' dir='ltr'><strong>alia</strong></span> <span class='ocrx_word' id='word_1_635' title='bbox 1302 1576 1334 1595; x_wconf 77' lang='lat' dir='ltr'><strong>ex</strong></span> <span class='ocrx_word' id='word_1_636' title='bbox 1350 1567 1474 1595; x_wconf 82' lang='lat' dir='ltr'><strong>circulari</strong></span> <span class='ocrx_word' id='word_1_637' title='bbox 1488 1571 1614 1594; x_wconf 83' lang='lat' dir='ltr'><strong>crescunt</strong></span> <span class='ocrx_word' id='word_1_638' title='bbox 1629 1565 1781 1600; x_wconf 83' lang='lat' dir='ltr'><strong>superﬁcie.</strong></span> <span class='ocrx_word' id='word_1_639' title='bbox 1808 1565 1856 1591; x_wconf 61' lang='lat' dir='ltr'><strong>Ah</strong></span> 
     </span>
    </p>
   </div>
   <div class='ocr_carea' id='block_1_86' title="bbox 1063 1611 1855 1650">
    <p class='ocr_par' dir='ltr' id='par_1_86' title="bbox 1063 1611 1855 1650">
     <span class='ocr_line' id='line_1_86' title="bbox 1063 1611 1855 1650; baseline -0.008 -8"><span class='ocrx_word' id='word_1_640' title='bbox 1063 1623 1115 1650; x_wconf 86' lang='lat' dir='ltr'><strong>que</strong></span> <span class='ocrx_word' id='word_1_641' title='bbox 1133 1615 1203 1648; x_wconf 85' lang='lat' dir='ltr'><strong>ideo,</strong></span> <span class='ocrx_word' id='word_1_642' title='bbox 1217 1615 1244 1642; x_wconf 91' lang='lat' dir='ltr'><strong>in</strong></span> <span class='ocrx_word' id='word_1_643' title='bbox 1258 1619 1388 1649; x_wconf 90' lang='lat' dir='ltr'><strong>quantum</strong></span> <span class='ocrx_word' id='word_1_644' title='bbox 1404 1621 1531 1641; x_wconf 84' lang='lat' dir='ltr'><strong>nutnerus</strong></span> <span class='ocrx_word' id='word_1_645' title='bbox 1544 1612 1675 1640; x_wconf 84' lang='lat' dir='ltr'><strong>linearum</strong></span> <span class='ocrx_word' id='word_1_646' title='bbox 1689 1619 1721 1638; x_wconf 87' lang='lat' dir='ltr'><strong>ex</strong></span> <span class='ocrx_word' id='word_1_647' title='bbox 1739 1611 1855 1638; x_wconf 71' lang='lat' dir='ltr'><strong>ternario</strong></span> 
     </span>
    </p>
   </div>
   <div class='ocr_carea' id='block_1_87' title="bbox 1063 1658 1855 1696">
    <p class='ocr_par' dir='ltr' id='par_1_87' title="bbox 1063 1658 1855 1696">
     <span class='ocr_line' id='line_1_87' title="bbox 1063 1658 1855 1696; baseline -0.006 -9"><span class='ocrx_word' id='word_1_648' title='bbox 1063 1661 1191 1689; x_wconf 88' lang='lat' dir='ltr'><strong>inchoans</strong></span> <span class='ocrx_word' id='word_1_649' title='bbox 1205 1660 1390 1696; x_wconf 85' lang='lat' dir='ltr'><strong>progreditur,</strong></span> <span class='ocrx_word' id='word_1_650' title='bbox 1405 1660 1432 1686; x_wconf 92' lang='lat' dir='ltr'><strong>in</strong></span> <span class='ocrx_word' id='word_1_651' title='bbox 1449 1663 1551 1686; x_wconf 88' lang='lat' dir='ltr'><strong>tantmn</strong></span> <span class='ocrx_word' id='word_1_652' title='bbox 1565 1663 1592 1685; x_wconf 86' lang='lat' dir='ltr'><strong>et</strong></span> <span class='ocrx_word' id='word_1_653' title='bbox 1605 1658 1748 1693; x_wconf 83' lang='lat' dir='ltr'><strong>ﬁgurarum</strong></span> <span class='ocrx_word' id='word_1_654' title='bbox 1769 1661 1796 1683; x_wconf 88' lang='lat' dir='ltr'><strong>ct</strong></span> <span class='ocrx_word' id='word_1_655' title='bbox 1811 1664 1855 1683; x_wconf 68' lang='lat' dir='ltr'><strong>su~</strong></span> 
     </span>
    </p>
   </div>
   <div class='ocr_carea' id='block_1_88' title="bbox 1061 1701 1855 1740">
    <p class='ocr_par' dir='ltr' id='par_1_88' title="bbox 1061 1701 1855 1740">
     <span class='ocr_line' id='line_1_88' title="bbox 1061 1701 1855 1740; baseline -0.01 -7"><span class='ocrx_word' id='word_1_656' title='bbox 1061 1705 1231 1740; x_wconf 84' lang='lat' dir='ltr'><strong>perﬁcierum</strong></span> <span class='ocrx_word' id='word_1_657' title='bbox 1243 1704 1381 1739; x_wconf 80' lang='lat' dir='ltr'><strong>multiplex</strong></span> <span class='ocrx_word' id='word_1_658' title='bbox 1396 1704 1462 1731; x_wconf 87' lang='lat' dir='ltr'><strong>ordo</strong></span> <span class='ocrx_word' id='word_1_659' title='bbox 1477 1703 1605 1730; x_wconf 75' lang='lat' dir='ltr'><strong>variatur.</strong></span> <span class='ocrx_word' id='word_1_660' title='bbox 1620 1701 1754 1729; x_wconf 86' lang='lat' dir='ltr'><strong>Numerus</strong></span> <span class='ocrx_word' id='word_1_661' title='bbox 1765 1702 1855 1734; x_wconf 85' lang='lat' dir='ltr'><strong>itaque</strong></span> 
     </span>
    </p>
   </div>
   <div class='ocr_carea' id='block_1_89' title="bbox 1061 1745 1855 1784">
    <p class='ocr_par' dir='ltr' id='par_1_89' title="bbox 1061 1745 1855 1784">
     <span class='ocr_line' id='line_1_89' title="bbox 1061 1745 1855 1784; baseline -0.008 -7"><span class='ocrx_word' id='word_1_662' title='bbox 1061 1751 1208 1784; x_wconf 82' lang='lat' dir='ltr'><strong>spatiorum</strong></span> <span class='ocrx_word' id='word_1_663' title='bbox 1231 1754 1259 1777; x_wconf 90' lang='lat' dir='ltr'><strong>ct</strong></span> <span class='ocrx_word' id='word_1_664' title='bbox 1282 1750 1414 1776; x_wconf 82' lang='lat' dir='ltr'><strong>linearum</strong></span> <span class='ocrx_word' id='word_1_665' title='bbox 1443 1749 1469 1775; x_wconf 89' lang='lat' dir='ltr'><strong>in</strong></span> <span class='ocrx_word' id='word_1_666' title='bbox 1500 1747 1672 1783; x_wconf 83' lang='lat' dir='ltr'><strong>geometricis</strong></span> <span class='ocrx_word' id='word_1_667' title='bbox 1697 1745 1855 1780; x_wconf 78' lang='lat' dir='ltr'><strong>corporibus</strong></span> 
     </span>
    </p>
   </div>
   <div class='ocr_carea' id='block_1_90' title="bbox 1061 1793 1855 1830">
    <p class='ocr_par' dir='ltr' id='par_1_90' title="bbox 1061 1793 1855 1830">
     <span class='ocr_line' id='line_1_90' title="bbox 1061 1793 1855 1830; baseline -0.008 -7"><span class='ocrx_word' id='word_1_668' title='bbox 1061 1796 1204 1830; x_wconf 85' lang='lat' dir='ltr'><strong>quantitati</strong></span> <span class='ocrx_word' id='word_1_669' title='bbox 1226 1796 1378 1830; x_wconf 88' lang='lat' dir='ltr'><strong>deputatur.</strong></span> <span class='ocrx_word' id='word_1_670' title='bbox 1405 1795 1531 1822; x_wconf 87' lang='lat' dir='ltr'><strong>Laterum</strong></span> <span class='ocrx_word' id='word_1_671' title='bbox 1556 1802 1619 1821; x_wconf 73' lang='lat' dir='ltr'><strong>vero</strong></span> <span class='ocrx_word' id='word_1_672' title='bbox 1642 1793 1855 1828; x_wconf 78' lang='lat' dir='ltr'><strong>angulorumquo</strong></span> 
     </span>
    </p>
   </div>
   <div class='ocr_carea' id='block_1_91' title="bbox 1061 1839 1854 1876">
    <p class='ocr_par' dir='ltr' id='par_1_91' title="bbox 1061 1839 1854 1876">
     <span class='ocr_line' id='line_1_91' title="bbox 1061 1839 1854 1876; baseline -0.006 -7"><span class='ocrx_word' id='word_1_673' title='bbox 1061 1842 1127 1869; x_wconf 89' lang='lat' dir='ltr'><strong>ordo</strong></span> <span class='ocrx_word' id='word_1_674' title='bbox 1149 1847 1227 1876; x_wconf 87' lang='lat' dir='ltr'><strong>atque</strong></span> <span class='ocrx_word' id='word_1_675' title='bbox 1255 1842 1362 1876; x_wconf 86' lang='lat' dir='ltr'><strong>positio,</strong></span> <span class='ocrx_word' id='word_1_676' title='bbox 1390 1841 1647 1875; x_wconf 86' lang='lat' dir='ltr'><strong>superﬁcicrmnque</strong></span> <span class='ocrx_word' id='word_1_677' title='bbox 1673 1839 1854 1871; x_wconf 82' lang='lat' dir='ltr'><strong>habitudines,</strong></span> 
     </span>
    </p>
   </div>
   <div class='ocr_carea' id='block_1_92' title="bbox 1061 1885 1853 1922">
    <p class='ocr_par' dir='ltr' id='par_1_92' title="bbox 1061 1885 1853 1922">
     <span class='ocr_line' id='line_1_92' title="bbox 1061 1885 1853 1922; baseline -0.004 -8"><span class='ocrx_word' id='word_1_678' title='bbox 1061 1887 1198 1922; x_wconf 87' lang='lat' dir='ltr'><strong>qualitatis</strong></span> <span class='ocrx_word' id='word_1_679' title='bbox 1211 1888 1349 1922; x_wconf 91' lang='lat' dir='ltr'><strong>proprium</strong></span> <span class='ocrx_word' id='word_1_680' title='bbox 1363 1893 1413 1918; x_wconf 85' lang='lat' dir='ltr'><strong>est,</strong></span> <span class='ocrx_word' id='word_1_681' title='bbox 1432 1892 1459 1914; x_wconf 84' lang='lat' dir='ltr'><strong>et</strong></span> <span class='ocrx_word' id='word_1_682' title='bbox 1470 1887 1569 1914; x_wconf 87' lang='lat' dir='ltr'><strong>dicitur</strong></span> <span class='ocrx_word' id='word_1_683' title='bbox 1583 1887 1666 1913; x_wconf 79' lang='lat' dir='ltr'><strong>forma</strong></span> <span class='ocrx_word' id='word_1_684' title='bbox 1679 1885 1853 1920; x_wconf 77' lang='lat' dir='ltr'><strong>geometrica,</strong></span> 
     </span>
    </p>
   </div>
   <div class='ocr_carea' id='block_1_93' title="bbox 1061 1931 1854 1967">
    <p class='ocr_par' dir='ltr' id='par_1_93' title="bbox 1061 1931 1854 1967">
     <span class='ocr_line' id='line_1_93' title="bbox 1061 1931 1854 1967; baseline -0.006 -7"><span class='ocrx_word' id='word_1_685' title='bbox 1061 1940 1108 1960; x_wconf 89' lang='lat' dir='ltr'><strong>seu</strong></span> <span class='ocrx_word' id='word_1_686' title='bbox 1121 1933 1228 1967; x_wconf 86' lang='lat' dir='ltr'><strong>proprie</strong></span> <span class='ocrx_word' id='word_1_687' title='bbox 1242 1933 1328 1966; x_wconf 82' lang='lat' dir='ltr'><strong>ﬁgura</strong></span> <span class='ocrx_word' id='word_1_688' title='bbox 1344 1932 1374 1958; x_wconf 81' lang='grc'><strong>¹⁶.</strong></span> <span class='ocrx_word' id='word_1_689' title='bbox 1397 1932 1464 1959; x_wconf 91' lang='lat' dir='ltr'><strong>Dum</strong></span> <span class='ocrx_word' id='word_1_690' title='bbox 1479 1939 1542 1959; x_wconf 82' lang='lat' dir='ltr'><strong>vero</strong></span> <span class='ocrx_word' id='word_1_691' title='bbox 1562 1931 1587 1958; x_wconf 89' lang='lat' dir='ltr'><strong>in</strong></span> <span class='ocrx_word' id='word_1_692' title='bbox 1606 1931 1773 1957; x_wconf 84' lang='lat' dir='ltr'><strong>naturalibus</strong></span> <span class='ocrx_word' id='word_1_693' title='bbox 1796 1937 1854 1956; x_wconf 90' lang='lat' dir='ltr'><strong>cor-</strong></span> 
     </span>
    </p>
   </div>
   <div class='ocr_carea' id='block_1_94' title="bbox 1062 1971 1854 2009">
    <p class='ocr_par' dir='ltr' id='par_1_94' title="bbox 1062 1971 1854 2009">
     <span class='ocr_line' id='line_1_94' title="bbox 1062 1971 1854 2009; baseline -0.005 -9"><span class='ocrx_word' id='word_1_694' title='bbox 1062 1974 1170 2009; x_wconf 89' lang='lat' dir='ltr'><strong>poribus</strong></span> <span class='ocrx_word' id='word_1_695' title='bbox 1186 1981 1314 2001; x_wconf 89' lang='lat' dir='ltr'><strong>numerus</strong></span> <span class='ocrx_word' id='word_1_696' title='bbox 1332 1973 1524 2004; x_wconf 81' lang='lat' dir='ltr'><strong>membrorum,</strong></span> <span class='ocrx_word' id='word_1_697' title='bbox 1539 1977 1619 2005; x_wconf 85' lang='lat' dir='ltr'><strong>atque</strong></span> <span class='ocrx_word' id='word_1_698' title='bbox 1637 1972 1783 2002; x_wconf 80' lang='lat' dir='ltr'><strong>distinctio,</strong></span> <span class='ocrx_word' id='word_1_699' title='bbox 1798 1971 1854 1997; x_wconf 84' lang='lat' dir='ltr'><strong>sive</strong></span> 
     </span>
    </p>
   </div>
   <div class='ocr_carea' id='block_1_95' title="bbox 1061 2016 1853 2052">
    <p class='ocr_par' dir='ltr' id='par_1_95' title="bbox 1061 2016 1853 2052">
     <span class='ocr_line' id='line_1_95' title="bbox 1061 2016 1853 2052; baseline -0.008 -6"><span class='ocrx_word' id='word_1_700' title='bbox 1061 2019 1230 2046; x_wconf 82' lang='lat' dir='ltr'><strong>naturalibus</strong></span> <span class='ocrx_word' id='word_1_701' title='bbox 1246 2018 1451 2046; x_wconf 83' lang='lat' dir='ltr'><strong>discretionibus</strong></span> <span class='ocrx_word' id='word_1_702' title='bbox 1466 2024 1651 2052; x_wconf 80' lang='lat' dir='ltr'><strong>scgrcgentur,</strong></span> <span class='ocrx_word' id='word_1_703' title='bbox 1672 2016 1728 2043; x_wconf 81' lang='lat' dir='ltr'><strong>sive</strong></span> <span class='ocrx_word' id='word_1_704' title='bbox 1745 2019 1853 2041; x_wconf 85' lang='lat' dir='ltr'><strong>natura-</strong></span> 
     </span>
    </p>
   </div>
   <div class='ocr_carea' id='block_1_96' title="bbox 1062 2060 1854 2096">
    <p class='ocr_par' dir='ltr' id='par_1_96' title="bbox 1062 2060 1854 2096">
     <span class='ocr_line' id='line_1_96' title="bbox 1062 2060 1854 2096; baseline -0.006 -5"><span class='ocrx_word' id='word_1_705' title='bbox 1062 2065 1123 2092; x_wconf 88' lang='lat' dir='ltr'><strong>liter</strong></span> <span class='ocrx_word' id='word_1_706' title='bbox 1136 2064 1186 2092; x_wconf 86' lang='lat' dir='ltr'><strong>sibi</strong></span> <span class='ocrx_word' id='word_1_707' title='bbox 1201 2064 1316 2090; x_wconf 87' lang='lat' dir='ltr'><strong>invicem</strong></span> <span class='ocrx_word' id='word_1_708' title='bbox 1338 2062 1479 2096; x_wconf 88' lang='lat' dir='ltr'><strong>conjuncta</strong></span> <span class='ocrx_word' id='word_1_709' title='bbox 1496 2063 1558 2093; x_wconf 84' lang='lat' dir='ltr'><strong>sint,</strong></span> <span class='ocrx_word' id='word_1_710' title='bbox 1578 2060 1749 2095; x_wconf 85' lang='lat' dir='ltr'><strong>perspicitur,</strong></span> <span class='ocrx_word' id='word_1_711' title='bbox 1770 2067 1854 2093; x_wconf 70' lang='lat' dir='ltr'><strong>quan~</strong></span> 
     </span>
    </p>
   </div>
   <div class='ocr_carea' id='block_1_97' title="bbox 1063 2105 1853 2145">
    <p class='ocr_par' dir='ltr' id='par_1_97' title="bbox 1063 2105 1853 2145">
     <span class='ocr_line' id='line_1_97' title="bbox 1063 2105 1853 2145; baseline -0.009 -7"><span class='ocrx_word' id='word_1_712' title='bbox 1063 2110 1147 2138; x_wconf 77' lang='lat' dir='ltr'><strong>litatis</strong></span> <span class='ocrx_word' id='word_1_713' title='bbox 1159 2110 1296 2145; x_wconf 89' lang='lat' dir='ltr'><strong>proprium</strong></span> <span class='ocrx_word' id='word_1_714' title='bbox 1312 2116 1372 2136; x_wconf 85' lang='lat' dir='ltr'><strong>esse</strong></span> <span class='ocrx_word' id='word_1_715' title='bbox 1387 2116 1465 2135; x_wconf 83' lang='lat' dir='ltr'><strong>nemo</strong></span> <span class='ocrx_word' id='word_1_716' title='bbox 1478 2108 1593 2141; x_wconf 83' lang='lat' dir='ltr'><strong>denegat</strong></span> <span class='ocrx_word' id='word_1_717' title='bbox 1603 2107 1621 2121; x_wconf 73' lang='grc' dir='ltr'>ιτ</span> <span class='ocrx_word' id='word_1_718' title='bbox 1633 2126 1639 2137; x_wconf 91' lang='grc'><strong>,</strong></span> <span class='ocrx_word' id='word_1_719' title='bbox 1656 2105 1777 2132; x_wconf 87' lang='lat' dir='ltr'><strong>ordinem</strong></span> <span class='ocrx_word' id='word_1_720' title='bbox 1789 2112 1853 2131; x_wconf 84' lang='lat' dir='ltr'><strong>vero</strong></span> 
     </span>
    </p>
   </div>
   <div class='ocr_carea' id='block_1_98' title="bbox 1063 2151 1851 2192">
    <p class='ocr_par' dir='ltr' id='par_1_98' title="bbox 1063 2151 1851 2192">
     <span class='ocr_line' id='line_1_98' title="bbox 1063 2151 1851 2192; baseline -0.009 -7"><span class='ocrx_word' id='word_1_721' title='bbox 1063 2162 1143 2192; x_wconf 85' lang='lat' dir='ltr'><strong>atque</strong></span> <span class='ocrx_word' id='word_1_722' title='bbox 1156 2156 1316 2192; x_wconf 86' lang='lat' dir='ltr'><strong>positionem</strong></span> <span class='ocrx_word' id='word_1_723' title='bbox 1332 2154 1493 2182; x_wconf 87' lang='lat' dir='ltr'><strong>naturalium</strong></span> <span class='ocrx_word' id='word_1_724' title='bbox 1508 2152 1624 2187; x_wconf 87' lang='lat' dir='ltr'><strong>partium</strong></span> <span class='ocrx_word' id='word_1_725' title='bbox 1640 2159 1686 2178; x_wconf 79' lang='lat' dir='ltr'><strong>seu</strong></span> <span class='ocrx_word' id='word_1_726' title='bbox 1715 2151 1851 2178; x_wconf 84' lang='lat' dir='ltr'><strong>membro-</strong></span> 
     </span>
    </p>
   </div>
   <div class='ocr_carea' id='block_1_99' title="bbox 1064 2197 1849 2238">
    <p class='ocr_par' dir='ltr' id='par_1_99' title="bbox 1064 2197 1849 2238">
     <span class='ocr_line' id='line_1_99' title="bbox 1064 2197 1849 2238; baseline -0.009 -7"><span class='ocrx_word' id='word_1_727' title='bbox 1064 2212 1124 2231; x_wconf 87' lang='lat' dir='ltr'><strong>rum</strong></span> <span class='ocrx_word' id='word_1_728' title='bbox 1137 2204 1171 2231; x_wconf 88' lang='lat' dir='ltr'><strong>ad</strong></span> <span class='ocrx_word' id='word_1_729' title='bbox 1185 2202 1340 2238; x_wconf 85' lang='lat' dir='ltr'><strong>qualitatem</strong></span> <span class='ocrx_word' id='word_1_730' title='bbox 1356 2200 1475 2233; x_wconf 75' lang='lat' dir='ltr'><strong>referrri,</strong></span> <span class='ocrx_word' id='word_1_731' title='bbox 1493 2200 1661 2233; x_wconf 82' lang='lat' dir='ltr'><strong>formamque</strong></span> <span class='ocrx_word' id='word_1_732' title='bbox 1679 2197 1788 2232; x_wconf 78' lang='lat' dir='ltr'><strong>proprie</strong></span> <span class='ocrx_word' id='word_1_733' title='bbox 1802 2205 1849 2224; x_wconf 67' lang='grc' dir='ltr'><strong>νο·</strong></span> 
     </span>
    </p>
   </div>
   <div class='ocr_carea' id='block_1_100' title="bbox 1060 2245 1851 2277">
    <p class='ocr_par' dir='ltr' id='par_1_100' title="bbox 1060 2245 1851 2277">
     <span class='ocr_line' id='line_1_100' title="bbox 1060 2245 1851 2277; baseline -0.01 0"><span class='ocrx_word' id='word_1_734' title='bbox 1060 2250 1125 2277; x_wconf 87' lang='lat' dir='ltr'><strong>cari.</strong></span> <span class='ocrx_word' id='word_1_735' title='bbox 1136 2249 1254 2276; x_wconf 91' lang='lat' dir='ltr'><strong>Dicimus</strong></span> <span class='ocrx_word' id='word_1_736' title='bbox 1262 2249 1333 2276; x_wconf 89' lang='lat' dir='ltr'><strong>cnim</strong></span> <span class='ocrx_word' id='word_1_737' title='bbox 1352 2248 1372 2262; x_wconf 65' lang='grc'><strong>¹⁸</strong></span> <span class='ocrx_word' id='word_1_738' title='bbox 1386 2247 1500 2274; x_wconf 82' lang='lat' dir='ltr'><strong>formam</strong></span> <span class='ocrx_word' id='word_1_739' title='bbox 1512 2245 1629 2273; x_wconf 83' lang='lat' dir='ltr'><strong>hominis</strong></span> <span class='ocrx_word' id='word_1_740' title='bbox 1641 2251 1747 2271; x_wconf 90' lang='lat' dir='ltr'><strong>sursum</strong></span> <span class='ocrx_word' id='word_1_741' title='bbox 1759 2250 1851 2270; x_wconf 73' lang='lat' dir='ltr'><strong>versus</strong></span> 
     </span>
    </p>
   </div>
   <div class='ocr_carea' id='block_1_101' title="bbox 1061 2292 1850 2327">
    <p class='ocr_par' dir='ltr' id='par_1_101' title="bbox 1061 2292 1850 2327">
     <span class='ocr_line' id='line_1_101' title="bbox 1061 2292 1850 2327; baseline -0.009 -4"><span class='ocrx_word' id='word_1_742' title='bbox 1061 2301 1190 2327; x_wconf 85' lang='lat' dir='ltr'><strong>erectam,</strong></span> <span class='ocrx_word' id='word_1_743' title='bbox 1207 2300 1358 2322; x_wconf 88' lang='lat' dir='ltr'><strong>ceterormn</strong></span> <span class='ocrx_word' id='word_1_744' title='bbox 1370 2301 1433 2320; x_wconf 79' lang='lat' dir='ltr'><strong>vero</strong></span> <span class='ocrx_word' id='word_1_745' title='bbox 1445 2292 1601 2320; x_wconf 87' lang='lat' dir='ltr'><strong>animalium</strong></span> <span class='ocrx_word' id='word_1_746' title='bbox 1616 2292 1739 2319; x_wconf 83' lang='lat' dir='ltr'><strong>deorsum</strong></span> <span class='ocrx_word' id='word_1_747' title='bbox 1756 2298 1850 2317; x_wconf 72' lang='lat' dir='ltr'><strong>versus</strong></span> 
     </span>
    </p>
   </div>
   <div class='ocr_carea' id='block_1_102' title="bbox 1059 2338 1849 2376">
    <p class='ocr_par' dir='ltr' id='par_1_102' title="bbox 1059 2338 1849 2376">
     <span class='ocr_line' id='line_1_102' title="bbox 1059 2338 1849 2376; baseline -0.006 -8"><span class='ocrx_word' id='word_1_748' title='bbox 1059 2349 1182 2376; x_wconf 89' lang='lat' dir='ltr'><strong>pronam.</strong></span> <span class='ocrx_word' id='word_1_749' title='bbox 1220 2341 1294 2368; x_wconf 84' lang='lat' dir='ltr'><strong>Unde</strong></span> <span class='ocrx_word' id='word_1_750' title='bbox 1333 2339 1469 2367; x_wconf 75' lang='lat' dir='ltr'><strong>deformes</strong></span> <span class='ocrx_word' id='word_1_751' title='bbox 1495 2339 1630 2371; x_wconf 90' lang='lat' dir='ltr'><strong>dicuntur,</strong></span> <span class='ocrx_word' id='word_1_752' title='bbox 1659 2338 1703 2373; x_wconf 86' lang='lat' dir='ltr'><strong>qui</strong></span> <span class='ocrx_word' id='word_1_753' title='bbox 1731 2345 1849 2371; x_wconf 79' lang='lat' dir='ltr'><strong>congrua</strong></span> 
     </span>
    </p>
   </div>
   <div class='ocr_carea' id='block_1_103' title="bbox 1059 2383 1850 2419">
    <p class='ocr_par' dir='ltr' id='par_1_103' title="bbox 1059 2383 1850 2419">
     <span class='ocr_line' id='line_1_103' title="bbox 1059 2383 1850 2419; baseline -0.008 -4"><span class='ocrx_word' id='word_1_754' title='bbox 1059 2388 1242 2415; x_wconf 87' lang='lat' dir='ltr'><strong>membrorum</strong></span> <span class='ocrx_word' id='word_1_755' title='bbox 1254 2387 1395 2416; x_wconf 87' lang='lat' dir='ltr'><strong>harmonia</strong></span> <span class='ocrx_word' id='word_1_756' title='bbox 1408 2392 1512 2419; x_wconf 85' lang='lat' dir='ltr'><strong>carent,</strong></span> <span class='ocrx_word' id='word_1_757' title='bbox 1526 2393 1572 2413; x_wconf 82' lang='lat' dir='ltr'><strong>seu</strong></span> <span class='ocrx_word' id='word_1_758' title='bbox 1588 2385 1686 2412; x_wconf 89' lang='lat' dir='ltr'><strong>coloris</strong></span> <span class='ocrx_word' id='word_1_759' title='bbox 1702 2383 1834 2419; x_wconf 83' lang='lat' dir='ltr'><strong>pulclnitu</strong></span> <span class='ocrx_word' id='word_1_760' title='bbox 1844 2399 1850 2402; x_wconf 85' lang='lat'><em>-</em></span> 
     </span>
    </p>
   </div>
   <div class='ocr_carea' id='block_1_104' title="bbox 1059 2433 1849 2469">
    <p class='ocr_par' dir='ltr' id='par_1_104' title="bbox 1059 2433 1849 2469">
     <span class='ocr_line' id='line_1_104' title="bbox 1059 2433 1849 2469; baseline -0.009 -8"><span class='ocrx_word' id='word_1_761' title='bbox 1059 2435 1121 2462; x_wconf 88' lang='lat' dir='ltr'><strong>dine</strong></span> <span class='ocrx_word' id='word_1_762' title='bbox 1143 2434 1292 2468; x_wconf 77' lang='lat' dir='ltr'><strong>privantur,</strong></span> <span class='ocrx_word' id='word_1_763' title='bbox 1320 2441 1389 2469; x_wconf 83' lang='lat' dir='ltr'><strong>quae</strong></span> <span class='ocrx_word' id='word_1_764' title='bbox 1416 2441 1449 2461; x_wconf 79' lang='lat' dir='ltr'><strong>ex</strong></span> <span class='ocrx_word' id='word_1_765' title='bbox 1463 2433 1592 2468; x_wconf 82' lang='lat' dir='ltr'><strong>qualitate</strong></span> <span class='ocrx_word' id='word_1_766' title='bbox 1608 2433 1694 2466; x_wconf 78' lang='lat' dir='ltr'><strong>ignea,</strong></span> <span class='ocrx_word' id='word_1_767' title='bbox 1720 2438 1788 2464; x_wconf 87' lang='lat' dir='ltr'><strong>quae</strong></span> <span class='ocrx_word' id='word_1_768' title='bbox 1808 2434 1849 2455; x_wconf 84' lang='lat' dir='ltr'><strong>est</strong></span> 
     </span>
    </p>
   </div>
   <div class='ocr_carea' id='block_1_105' title="bbox 1058 2474 1848 2515">
    <p class='ocr_par' dir='ltr' id='par_1_105' title="bbox 1058 2474 1848 2515">
     <span class='ocr_line' id='line_1_105' title="bbox 1058 2474 1848 2515; baseline -0.009 -8"><span class='ocrx_word' id='word_1_769' title='bbox 1058 2480 1131 2507; x_wconf 80' lang='lat' dir='ltr'><strong>calor</strong></span> <span class='ocrx_word' id='word_1_770' title='bbox 1146 2480 1165 2496; x_wconf 78' lang='lat'><strong>‘°</strong></span> <span class='ocrx_word' id='word_1_771' title='bbox 1186 2499 1194 2513; x_wconf 90' lang='lat'><strong>,</strong></span> <span class='ocrx_word' id='word_1_772' title='bbox 1221 2480 1379 2515; x_wconf 81' lang='lat' dir='ltr'><strong>corporibus</strong></span> <span class='ocrx_word' id='word_1_773' title='bbox 1403 2479 1561 2506; x_wconf 87' lang='lat' dir='ltr'><strong>innascitur.</strong></span> <span class='ocrx_word' id='word_1_774' title='bbox 1581 2477 1648 2504; x_wconf 74' lang='lat' dir='ltr'><strong>Nam</strong></span> <span class='ocrx_word' id='word_1_775' title='bbox 1665 2476 1737 2504; x_wconf 82' lang='lat' dir='ltr'><strong>color</strong></span> <span class='ocrx_word' id='word_1_776' title='bbox 1751 2474 1848 2501; x_wconf 86' lang='lat' dir='ltr'><strong>dicitur</strong></span> 
     </span>
    </p>
   </div>
   <div class='ocr_carea' id='block_1_106' title="bbox 1058 2523 1848 2560">
    <p class='ocr_par' dir='ltr' id='par_1_106' title="bbox 1058 2523 1848 2560">
     <span class='ocr_line' id='line_1_106' title="bbox 1058 2523 1848 2560; baseline -0.006 -8"><span class='ocrx_word' id='word_1_777' title='bbox 1058 2526 1134 2560; x_wconf 85' lang='lat' dir='ltr'><strong>quasi</strong></span> <span class='ocrx_word' id='word_1_778' title='bbox 1150 2525 1223 2552; x_wconf 86' lang='lat' dir='ltr'><strong>calor</strong></span> <span class='ocrx_word' id='word_1_779' title='bbox 1236 2525 1387 2553; x_wconf 87' lang='lat' dir='ltr'><strong>mutatione</strong></span> <span class='ocrx_word' id='word_1_780' title='bbox 1402 2525 1480 2552; x_wconf 88' lang='lat' dir='ltr'><strong>unius</strong></span> <span class='ocrx_word' id='word_1_781' title='bbox 1493 2524 1609 2552; x_wconf 84' lang='lat' dir='ltr'><strong>litterae.</strong></span> <span class='ocrx_word' id='word_1_782' title='bbox 1623 2523 1655 2550; x_wconf 88' lang='lat' dir='ltr'><strong>Et</strong></span> <span class='ocrx_word' id='word_1_783' title='bbox 1670 2523 1754 2550; x_wconf 80' lang='lat' dir='ltr'><strong>forma</strong></span> <span class='ocrx_word' id='word_1_784' title='bbox 1769 2527 1848 2547; x_wconf 85' lang='lat' dir='ltr'><strong>voca-</strong></span> 
     </span>
    </p>
   </div>
   <div class='ocr_carea' id='block_1_107' title="bbox 853 2620 1197 2651">
    <p class='ocr_par' dir='ltr' id='par_1_107' title="bbox 853 2620 1197 2651">
     <span class='ocr_line' id='line_1_107' title="bbox 853 2620 1197 2651; baseline 0 -1"><span class='ocrx_word' id='word_1_785' title='bbox 853 2621 978 2651; x_wconf 75' lang='lat' dir='ltr'><strong>VARIAE</strong></span> <span class='ocrx_word' id='word_1_786' title='bbox 996 2620 1197 2651; x_wconf 67' lang='lat' dir='ltr'><strong>LECTIONES.</strong></span> 
     </span>
    </p>
   </div>
   <div class='ocr_carea' id='block_1_108' title="bbox 486 2702 848 2738">
    <p class='ocr_par' dir='ltr' id='par_1_108' title="bbox 486 2702 848 2738">
     <span class='ocr_line' id='line_1_108' title="bbox 486 2702 848 2738; baseline -0.006 -6"><span class='ocrx_word' id='word_1_787' title='bbox 486 2705 496 2720; x_wconf 82' lang='lat'>&#39;</span> <span class='ocrx_word' id='word_1_788' title='bbox 522 2703 568 2733; x_wconf 86' lang='lat' dir='ltr'><strong>Sic</strong></span> <span class='ocrx_word' id='word_1_789' title='bbox 597 2702 679 2738; x_wconf 81' lang='lat' dir='ltr'><strong>ADE;</strong></span> <span class='ocrx_word' id='word_1_790' title='bbox 704 2703 724 2732; x_wconf 88' lang='lat' dir='ltr'><strong><em>C</em></strong></span> <span class='ocrx_word' id='word_1_791' title='bbox 753 2703 848 2731; x_wconf 82' lang='lat' dir='ltr'><strong>metiri.</strong></span> 
     </span>
    </p>
   </div>
   <div class='ocr_carea' id='block_1_109' title="bbox 516 2740 738 2775">
    <p class='ocr_par' dir='ltr' id='par_1_109' title="bbox 516 2740 738 2775">
     <span class='ocr_line' id='line_1_109' title="bbox 516 2740 738 2775; baseline -0.005 -8"><span class='ocrx_word' id='word_1_792' title='bbox 516 2740 526 2756; x_wconf 82' lang='grc'><strong><em>⁸</em></strong></span> <span class='ocrx_word' id='word_1_793' title='bbox 553 2740 738 2775; x_wconf 73' lang='lat' dir='ltr'><strong>seperabiliter.</strong></span> 
     </span>
    </p>
   </div>
   <div class='ocr_carea' id='block_1_110' title="bbox 318 2774 657 2805">
    <p class='ocr_par' dir='ltr' id='par_1_110' title="bbox 318 2774 657 2805">
     <span class='ocr_line' id='line_1_110' title="bbox 318 2774 657 2805; baseline 0.003 -5"><span class='ocrx_word' id='word_1_794' title='bbox 318 2774 329 2789; x_wconf 83' lang='lat'><strong>’</strong></span> <span class='ocrx_word' id='word_1_795' title='bbox 344 2774 391 2801; x_wconf 87' lang='lat' dir='ltr'><strong>Sic</strong></span> <span class='ocrx_word' id='word_1_796' title='bbox 408 2774 491 2805; x_wconf 80' lang='lat' dir='ltr'><strong>CDE:</strong></span> <span class='ocrx_word' id='word_1_797' title='bbox 507 2776 527 2801; x_wconf 87' lang='lat' dir='ltr'><strong>A</strong></span> <span class='ocrx_word' id='word_1_798' title='bbox 542 2776 657 2805; x_wconf 78' lang='lat' dir='ltr'><strong>quidem.</strong></span> 
     </span>
    </p>
   </div>
   <div class='ocr_carea' id='block_1_111' title="bbox 266 2699 434 2730">
    <p class='ocr_par' dir='ltr' id='par_1_111' title="bbox 266 2699 434 2730">
     <span class='ocr_line' id='line_1_111' title="bbox 266 2699 434 2730; baseline 0.006 -1"><span class='ocrx_word' id='word_1_799' title='bbox 266 2699 276 2717; x_wconf 83' lang='grc'>¹</span> <span class='ocrx_word' id='word_1_800' title='bbox 302 2701 326 2729; x_wconf 74' lang='grc' dir='ltr'><strong>Α</strong></span> <span class='ocrx_word' id='word_1_801' title='bbox 354 2703 434 2730; x_wconf 82' lang='lat' dir='ltr'><strong>enim.</strong></span> 
     </span>
    </p>
   </div>
   <div class='ocr_carea' id='block_1_112' title="bbox 212 2734 472 2773">
    <p class='ocr_par' dir='ltr' id='par_1_112' title="bbox 212 2734 472 2773">
     <span class='ocr_line' id='line_1_112' title="bbox 212 2734 472 2773; baseline 0.012 -10"><span class='ocrx_word' id='word_1_802' title='bbox 212 2734 225 2753; x_wconf 82' lang='grc'><strong><em>⁵</em></strong></span> <span class='ocrx_word' id='word_1_803' title='bbox 253 2735 275 2763; x_wconf 86' lang='lat' dir='ltr'><strong>D</strong></span> <span class='ocrx_word' id='word_1_804' title='bbox 304 2739 472 2773; x_wconf 73' lang='lat' dir='ltr'><strong>accipiemus.</strong></span> 
     </span>
    </p>
   </div>
   <div class='ocr_carea' id='block_1_113' title="bbox 214 2779 279 2799">
    <p class='ocr_par' dir='ltr' id='par_1_113' title="bbox 214 2779 279 2799">
     <span class='ocr_line' id='line_1_113' title="bbox 214 2779 279 2799; baseline -0.015 -1"><span class='ocrx_word' id='word_1_805' title='bbox 214 2779 279 2799; x_wconf 70' lang='grc' dir='ltr'><strong>σαι.</strong></span> 
     </span>
    </p>
   </div>
   <div class='ocr_carea' id='block_1_114' title="bbox 887 2703 1296 2738">
    <p class='ocr_par' dir='ltr' id='par_1_114' title="bbox 887 2703 1296 2738">
     <span class='ocr_line' id='line_1_114' title="bbox 887 2703 1296 2738; baseline -0.005 -7"><span class='ocrx_word' id='word_1_806' title='bbox 887 2704 897 2720; x_wconf 92' lang='grc'>³</span> <span class='ocrx_word' id='word_1_807' title='bbox 922 2703 968 2731; x_wconf 87' lang='lat' dir='ltr'><strong>Sic</strong></span> <span class='ocrx_word' id='word_1_808' title='bbox 994 2703 1082 2736; x_wconf 81' lang='lat' dir='ltr'><strong>CDE;</strong></span> <span class='ocrx_word' id='word_1_809' title='bbox 1116 2703 1135 2730; x_wconf 84' lang='lat' dir='ltr'><strong>A</strong></span> <span class='ocrx_word' id='word_1_810' title='bbox 1170 2710 1296 2738; x_wconf 82' lang='lat' dir='ltr'><strong>gramme.</strong></span> 
     </span>
    </p>
   </div>
   <div class='ocr_carea' id='block_1_115' title="bbox 775 2737 1458 2773">
    <p class='ocr_par' dir='ltr' id='par_1_115' title="bbox 775 2737 1458 2773">
     <span class='ocr_line' id='line_1_115' title="bbox 775 2737 1458 2773; baseline -0.006 -7"><span class='ocrx_word' id='word_1_811' title='bbox 775 2740 786 2755; x_wconf 86' lang='grc'><strong>⁷</strong></span> <span class='ocrx_word' id='word_1_812' title='bbox 811 2739 857 2767; x_wconf 87' lang='lat' dir='ltr'><strong>Sic</strong></span> <span class='ocrx_word' id='word_1_813' title='bbox 884 2738 967 2771; x_wconf 75' lang='lat' dir='ltr'><strong>ACE;</strong></span> <span class='ocrx_word' id='word_1_814' title='bbox 996 2739 1017 2765; x_wconf 89' lang='lat' dir='ltr'><strong>D</strong></span> <span class='ocrx_word' id='word_1_815' title='bbox 1045 2747 1103 2766; x_wconf 86' lang='lat' dir='ltr'><strong>cum</strong></span> <span class='ocrx_word' id='word_1_816' title='bbox 1129 2737 1231 2766; x_wconf 69' lang='lat' dir='ltr'><strong>ridetur</strong></span> <span class='ocrx_word' id='word_1_817' title='bbox 1259 2739 1315 2773; x_wconf 68' lang='lat' dir='ltr'><strong>quis</strong></span> <span class='ocrx_word' id='word_1_818' title='bbox 1331 2757 1337 2768; x_wconf 95' lang='lat'><strong>,</strong></span> <span class='ocrx_word' id='word_1_819' title='bbox 1360 2737 1458 2773; x_wconf 83' lang='lat' dir='ltr'><strong>inquit.</strong></span> 
     </span>
    </p>
   </div>
   <div class='ocr_carea' id='block_1_116' title="bbox 699 2746 1413 2807">
    <p class='ocr_par' dir='ltr' id='par_1_116' title="bbox 699 2746 1413 2807">
     <span class='ocr_line' id='line_1_116' title="bbox 701 2746 1403 2773; baseline -0.006 -7"><span class='ocrx_word' id='word_1_820' title='bbox 701 2748 738 2767; x_wconf 90' lang='lat' dir='ltr'><strong>er.</strong></span> <span class='ocrx_word' id='word_1_821' title='bbox 775 2746 784 2755; x_wconf 82' lang='grc'><strong>⁷</strong></span> <span class='ocrx_word' id='word_1_822' title='bbox 811 2746 857 2767; x_wconf 68' lang='grc' dir='ltr'><strong>διε</strong></span> <span class='ocrx_word' id='word_1_823' title='bbox 884 2746 967 2771; x_wconf 61' lang='lat' dir='ltr'><strong>aut;</strong></span> <span class='ocrx_word' id='word_1_824' title='bbox 996 2746 1017 2765; x_wconf 85' lang='grc' dir='ltr'>υ</span> <span class='ocrx_word' id='word_1_825' title='bbox 1045 2747 1103 2766; x_wconf 87' lang='lat' dir='ltr'><strong>cum</strong></span> <span class='ocrx_word' id='word_1_826' title='bbox 1129 2746 1231 2766; x_wconf 73' lang='lat' dir='ltr'><strong>ridetur</strong></span> <span class='ocrx_word' id='word_1_827' title='bbox 1259 2746 1315 2773; x_wconf 67' lang='lat' dir='ltr'><strong>quis</strong></span> <span class='ocrx_word' id='word_1_828' title='bbox 1331 2757 1337 2768; x_wconf 95' lang='lat'><strong>,</strong></span> <span class='ocrx_word' id='word_1_829' title='bbox 1367 2746 1403 2763; x_wconf 83' lang='grc' dir='ltr'><strong>ιη(</strong></span> 
     </span>
     <span class='ocr_line' id='line_1_117' title="bbox 699 2746 1413 2807; baseline -0.006 -5"><span class='ocrx_word' id='word_1_830' title='bbox 699 2775 720 2790; x_wconf 79' lang='grc'><strong>¹⁶</strong></span> <span class='ocrx_word' id='word_1_831' title='bbox 734 2775 779 2802; x_wconf 85' lang='lat' dir='ltr'><strong>Sic</strong></span> <span class='ocrx_word' id='word_1_832' title='bbox 791 2774 874 2807; x_wconf 86' lang='lat' dir='ltr'><strong>CllE;</strong></span> <span class='ocrx_word' id='word_1_833' title='bbox 891 2775 911 2801; x_wconf 82' lang='grc' dir='ltr'><strong>Α</strong></span> <span class='ocrx_word' id='word_1_834' title='bbox 927 2775 992 2801; x_wconf 80' lang='lat' dir='ltr'><strong>solo.</strong></span> <span class='ocrx_word' id='word_1_835' title='bbox 1010 2791 1017 2802; x_wconf 88' lang='lat'><strong>.</strong></span> <span class='ocrx_word' id='word_1_836' title='bbox 1031 2775 1050 2789; x_wconf 89' lang='lat'>“</span> <span class='ocrx_word' id='word_1_837' title='bbox 1067 2774 1087 2800; x_wconf 82' lang='lat' dir='ltr'><strong>ll</strong></span> <span class='ocrx_word' id='word_1_838' title='bbox 1101 2773 1319 2807; x_wconf 76' lang='lat' dir='ltr'><strong>contempluntur.</strong></span> <span class='ocrx_word' id='word_1_839' title='bbox 1358 2771 1379 2787; x_wconf 84' lang='grc'>¹²</span> <span class='ocrx_word' id='word_1_840' title='bbox 1395 2746 1413 2798; x_wconf 57' lang='grc' dir='ltr'><em>ἐ</em></span> 
     </span>
    </p>
   </div>
   <div class='ocr_carea' id='block_1_117' title="bbox 1349 2696 1845 2738">
    <p class='ocr_par' dir='ltr' id='par_1_117' title="bbox 1349 2696 1845 2738">
     <span class='ocr_line' id='line_1_118' title="bbox 1349 2696 1845 2738; baseline 0 -9"><span class='ocrx_word' id='word_1_841' title='bbox 1349 2696 1457 2738; x_wconf 20' lang='grc' dir='ltr'><strong>δγϐῧΕ</strong></span> <span class='ocrx_word' id='word_1_842' title='bbox 1492 2700 1667 2738; x_wconf 36' lang='lat' dir='ltr'><strong>iurgabit}</strong></span> <span class='ocrx_word' id='word_1_843' title='bbox 1695 2698 1845 2738; x_wconf 74' lang='lat' dir='ltr'><strong>epiplmnia.</strong></span> 
     </span>
    </p>
   </div>
   <div class='ocr_carea' id='block_1_118' title="bbox 1498 2735 1847 2765">
    <p class='ocr_par' dir='ltr' id='par_1_118' title="bbox 1498 2735 1847 2765">
     <span class='ocr_line' id='line_1_119' title="bbox 1498 2735 1847 2765; baseline 0.006 -3"><span class='ocrx_word' id='word_1_844' title='bbox 1498 2735 1513 2752; x_wconf 57' lang='grc'><strong>⁸⁷</strong></span> <span class='ocrx_word' id='word_1_845' title='bbox 1536 2736 1581 2763; x_wconf 81' lang='lat' dir='ltr'><strong>Sic</strong></span> <span class='ocrx_word' id='word_1_846' title='bbox 1598 2735 1682 2764; x_wconf 85' lang='lat' dir='ltr'><strong>CDE:</strong></span> <span class='ocrx_word' id='word_1_847' title='bbox 1715 2735 1737 2762; x_wconf 77' lang='grc' dir='ltr'><strong>Λ</strong></span> <span class='ocrx_word' id='word_1_848' title='bbox 1756 2737 1847 2765; x_wconf 78' lang='grc' dir='ltr'><strong>ουσία-υ</strong></span> 
     </span>
    </p>
   </div>
   <div class='ocr_carea' id='block_1_119' title="bbox 1418 2771 1845 2804">
    <p class='ocr_par' dir='ltr' id='par_1_119' title="bbox 1418 2771 1845 2804">
     <span class='ocr_line' id='line_1_120' title="bbox 1418 2771 1845 2804; baseline 0.005 -8"><span class='ocrx_word' id='word_1_849' title='bbox 1418 2772 1440 2798; x_wconf 83' lang='lat' dir='ltr'><strong>ie</strong></span> <span class='ocrx_word' id='word_1_850' title='bbox 1458 2771 1518 2803; x_wconf 68' lang='lat' dir='ltr'><strong>AE;</strong></span> <span class='ocrx_word' id='word_1_851' title='bbox 1540 2771 1583 2797; x_wconf 81' lang='lat' dir='ltr'><strong>CD</strong></span> <span class='ocrx_word' id='word_1_852' title='bbox 1599 2771 1708 2804; x_wconf 75' lang='lat' dir='ltr'><strong>generis.</strong></span> <span class='ocrx_word' id='word_1_853' title='bbox 1748 2771 1769 2787; x_wconf 70' lang='grc'><strong>’³</strong></span> <span class='ocrx_word' id='word_1_854' title='bbox 1791 2772 1845 2798; x_wconf 74' lang='lat' dir='ltr'><strong>suis</strong></span> 
     </span>
    </p>
   </div>
   <div class='ocr_carea' id='block_1_120' title="bbox 214 2800 1834 2848">
    <p class='ocr_par' dir='ltr' id='par_1_120' title="bbox 214 2800 1834 2848">
     <span class='ocr_line' id='line_1_121' title="bbox 214 2800 1834 2848; baseline -0.001 -14"><span class='ocrx_word' id='word_1_855' title='bbox 214 2800 527 2848; x_wconf 27' lang='lat' dir='ltr'><strong>gmLDuiiunumV—W</strong></span> <span class='ocrx_word' id='word_1_856' title='bbox 720 2800 904 2848; x_wconf 38' lang='lat' dir='ltr'><strong>Eratoratio.</strong></span> <span class='ocrx_word' id='word_1_857' title='bbox 926 2800 962 2848; x_wconf 19' lang='lat' dir='ltr'><strong>_V_‘_”</strong></span> <span class='ocrx_word' id='word_1_858' title='bbox 1011 2800 1107 2848; x_wconf 53' lang='lat' dir='ltr'><strong>corpus</strong></span> <span class='ocrx_word' id='word_1_859' title='bbox 1123 2800 1244 2848; x_wconf 69' lang='lat' dir='ltr'><strong>rltunlnst</strong></span> <span class='ocrx_word' id='word_1_860' title='bbox 1257 2815 1324 2835; x_wconf 71' lang='lat' dir='ltr'><strong>cum.</strong></span> <span class='ocrx_word' id='word_1_861' title='bbox 1363 2807 1384 2823; x_wconf 84' lang='lat'>”</span> <span class='ocrx_word' id='word_1_862' title='bbox 1401 2806 1447 2834; x_wconf 79' lang='lat' dir='ltr'><strong>Sic</strong></span> <span class='ocrx_word' id='word_1_863' title='bbox 1458 2800 1521 2840; x_wconf 44' lang='lat' dir='ltr'><strong>AD&#39;;</strong></span> <span class='ocrx_word' id='word_1_864' title='bbox 1544 2806 1564 2834; x_wconf 84' lang='lat' dir='ltr'><strong>C</strong></span> <span class='ocrx_word' id='word_1_865' title='bbox 1575 2800 1683 2841; x_wconf 53' lang='lat' dir='ltr'><strong>figurae,</strong></span> <span class='ocrx_word' id='word_1_866' title='bbox 1701 2807 1721 2834; x_wconf 81' lang='grc' dir='ltr'>Ε</span> <span class='ocrx_word' id='word_1_867' title='bbox 1740 2807 1834 2842; x_wconf 73' lang='lat' dir='ltr'><strong>figuret</strong></span> 
     </span>
    </p>
   </div>
   <div class='ocr_carea' id='block_1_121' title="bbox 213 2839 1201 2881">
    <p class='ocr_par' dir='ltr' id='par_1_121' title="bbox 213 2839 1201 2881">
     <span class='ocr_line' id='line_1_122' title="bbox 213 2839 1201 2881; baseline 0 -11"><span class='ocrx_word' id='word_1_868' title='bbox 213 2839 239 2860; x_wconf 66' lang='grc'>⁸⁸</span> <span class='ocrx_word' id='word_1_869' title='bbox 257 2841 304 2870; x_wconf 89' lang='lat' dir='ltr'><strong>Sic</strong></span> <span class='ocrx_word' id='word_1_870' title='bbox 323 2842 407 2877; x_wconf 82' lang='lat' dir='ltr'><strong>CDE;</strong></span> <span class='ocrx_word' id='word_1_871' title='bbox 423 2845 447 2872; x_wconf 81' lang='grc' dir='ltr'><strong>Δ</strong></span> <span class='ocrx_word' id='word_1_872' title='bbox 460 2839 575 2881; x_wconf 67' lang='lat' dir='ltr'><strong>deneget.</strong></span> <span class='ocrx_word' id='word_1_873' title='bbox 615 2845 638 2862; x_wconf 76' lang='lat'>&quot;</span> <span class='ocrx_word' id='word_1_874' title='bbox 657 2846 726 2873; x_wconf 75' lang='lat' dir='ltr'><strong>enim</strong></span> <span class='ocrx_word' id='word_1_875' title='bbox 742 2839 845 2873; x_wconf 60' lang='lat' dir='ltr'><strong>om.&#39;l).</strong></span> <span class='ocrx_word' id='word_1_876' title='bbox 885 2846 906 2862; x_wconf 69' lang='grc' dir='ltr'>ι’</span> <span class='ocrx_word' id='word_1_877' title='bbox 925 2845 970 2872; x_wconf 73' lang='lat' dir='ltr'><strong>Sic</strong></span> <span class='ocrx_word' id='word_1_878' title='bbox 988 2845 1023 2877; x_wconf 76' lang='lat' dir='ltr'><strong>A;</strong></span> <span class='ocrx_word' id='word_1_879' title='bbox 1043 2839 1108 2872; x_wconf 61' lang='lat' dir='ltr'><strong>tibi;</strong></span> <span class='ocrx_word' id='word_1_880' title='bbox 1122 2839 1201 2871; x_wconf 57' lang='lat' dir='ltr'><strong>refer.</strong></span> 
     </span>
    </p>
   </div>
   <div class='ocr_carea' id='block_1_122' title="bbox 883 2914 896 2921">
    <p class='ocr_par' dir='ltr' id='par_1_122' title="bbox 883 2914 896 2921">
     <span class='ocr_line' id='line_1_123' title="bbox 883 2914 896 2921; baseline 0 -3"><span class='ocrx_word' id='word_1_881' title='bbox 883 2914 896 2921; x_wconf 64' lang='grc' dir='ltr'><strong>ρ.</strong></span> 
     </span>
    </p>
   </div>
  </div>
