4194 6276
561 369 670 427 495

1958 369 2242 426 JOANNIS
2277 370 2474 428 SCOTI

3695 372 3820 432 ωδ

564 490 657 540 tur
682 498 713 538 a
739 483 937 549 formo,
963 482 1066 538 hoc
1085 488 1170 537 est
1204 481 1379 539 calido
1396 521 1412 550 ,
1456 495 1715 538 conversa
1737 497 1881 536 munt
1936 481 2138 553 syllaba
2168 486 2217 546 Α
2243 491 2500 554 quattuor
2516 478 2904 538 elementorum
2924 481 3125 539 coitum
3151 481 3434 538 materiam
3452 482 3694 554 gignere,
3720 482 3818 540 ali-

565 570 622 627 in
653 591 758 628 ma.
779 571 1000 640 Antiqui
1022 571 1286 640 siquidem
1312 571 1544 626 formum
1565 572 1813 627 dicebant
1833 570 2064 625 calidum
2087 583 2136 624 α.

566 665 718 722 Unde
744 673 798 719 et
848 664 1081 734 forcipes
1109 664 1341 720 formum
1371 666 1644 735 capientes
1671 663 2027 733 appellantur.
2058 664 2142 719 ln-

562 769 783 811 normcs
834 769 1049 825 quoque
1108 770 1220 821 eos,
1279 755 1370 825 qui
1429 757 1731 810 naturalem
1775 757 2139 812 membrorum

562 845 805 916 rcgulam
833 847 1119 913 excedunt,
1153 846 1308 917 quasi
1337 846 1454 901 sine
1489 862 1699 914 norma,
1731 848 1783 904 id
1810 857 1895 903 est
1932 847 2138 918 regula,

563 935 800 990 solemus
827 937 1127 991 nominare.
1154 935 1343 992 Nonne
1367 937 1540 1004 vides,
1564 939 1668 995 hoc
1689 954 1793 995 non
1815 939 1868 994 in
1895 953 2140 1005 numero,

562 1038 668 1082 nec
721 1026 1088 1094 magnitudine
1153 1027 1540 1095 membrorum,
1591 1029 1688 1085 sed
1753 1030 1813 1084 in
1873 1031 2142 1100 positione

561 1116 802 1184 partium
825 1117 1093 1185 corporis,
1118 1115 1343 1186 luceque
1369 1117 1566 1174 coloris
1588 1119 1922 1175 consistere?
1939 1120 2020 1174 An
2047 1119 2140 1174 tibi

563 1204 724 1259 aliter
773 1205 1022 1260 videtur?
1077 1207 1220 1262 Dtsc.
1273 1206 1390 1262 Non
1421 1218 1482 1263 ut
1514 1209 1726 1280 opinor.
1781 1209 1890 1265 Sed
1919 1208 2046 1280 quid
2072 1212 2140 1265 ad

559 1295 897 1363 propositam
930 1296 1304 1365 quaestionem
1346 1297 1468 1352 talis
1494 1299 1722 1353 attineat
1754 1299 1774 1330 ³
1815 1293 2139 1367 differentia,

561 1395 726 1440 nosse
751 1393 956 1456 specto.
996 1385 1135 1442 MAG.
1164 1385 1304 1440 Num
1353 1388 1643 1456 praedictis
1669 1388 1969 1446 rationibus
2002 1390 2143 1446 inter

565 1491 668 1533 nos
692 1484 776 1533 est
807 1492 1145 1542 concessum,
1187 1478 1331 1534 aliud
1369 1494 1491 1534 esse
1511 1494 1732 1551 corpus,
1768 1481 1912 1538 aliud
1935 1481 2142 1539 «ista?

563 1565 713 1625 Disc.
747 1567 914 1636 Satis,
939 1569 1335 1642 plurimumque
1374 1573 1416 1626 ³.

633 1660 722 1717 55.
741 1661 881 1717 MAG.
906 1662 964 1717 Si
987 1662 1008 1695 ³
1045 1663 1225 1731 itaque
1251 1662 1480 1718 naturali
1511 1663 1837 1724 discretione
1862 1669 2140 1739 quantitas

558 1753 802 1821 corporis
826 1753 894 1807 ab
923 1752 1202 1809 intellectu
1235 1756 1415 1809 ousiae
1448 1765 1756 1828 separatur,
1794 1761 2041 1830 quamvis
2069 1761 2140 1818 si-

2242 573 2456 643 quando
2474 572 2788 642 quantitatis
2813 581 2973 644 stque
2991 575 3268 645 qualitatis
3289 573 3471 629 θυείας
3497 582 3819 633 conventum

2241 675 2461 718 causam
2509 664 2770 720 materiae
2807 677 2944 719 esse.
2993 662 3102 719 Nec
3141 664 3360 729 mirum,
3407 665 3660 735 quoniam
3697 663 3817 722 illos

2241 749 2392 819 latet,
2422 767 2528 808 non
2553 753 2772 810 aliunde
2793 753 2982 808 mundi
3012 753 3170 822 hujus
3197 753 3483 820 elementa,
3528 753 3634 809 nisi
3660 767 3818 824 prae-

2240 842 2505 899 dictorum
2519 845 2700 900 casiae
2709 844 3067 900 accidentium
3081 858 3342 900 concursu
3360 841 3816 916 componiJg‘netn

2240 934 2503 1005 siquidem
2523 936 2768 992 caliditas
2781 936 2803 968 ³
2815 937 3072 1003 ariditati,
3095 953 3217 992 aera
3231 937 3474 992 caliditas
3486 937 3813 1005 humiditati,

2240 1040 2437 1096 aquam
2449 1027 2740 1083 bumiditas
2755 1026 3054 1099 frigidimti,
3081 1036 3280 1084 terram
3298 1027 3562 1098 frigiditas
3576 1030 3812 1085 ariditati

2241 1113 2490 1186 copulata
2527 1116 2838 1173 conﬁciunt.
2865 1117 2934 1173 Et
2961 1118 3220 1188 quoniam
3243 1119 3548 1188 praedictae
3578 1119 3810 1189 qualita-

2242 1214 2327 1262 tes
2373 1206 2590 1262 sibimet
2642 1219 2899 1264 coeuntes
2946 1223 3043 1279 per
3092 1224 3152 1264 se
3204 1224 3468 1280 apparere
3521 1225 3626 1266 non
3689 1225 3813 1280 βοε-

2242 1309 2390 1364 sunt,
2425 1298 2698 1368 quantitas
2755 1299 3127 1354 subministrat
3174 1301 3253 1355 eis
3278 1308 3576 1370 quantum,
3607 1301 3658 1355 in
3712 1315 3818 1370 quo

2241 1387 2572 1444 sensibiliter
2597 1387 2861 1444 elueeant.
2887 1387 3171 1456 Quantitas
3215 1390 3483 1460 siquidem
3526 1390 3687 1444 veluti
3735 1403 3822 1446 se-

2237 1479 2475 1535 cundum
2501 1477 2801 1548 subjectum
2841 1489 2924 1535 est
2949 1489 3071 1550 post
3096 1482 3290 1548 οὐσίαν,
3331 1481 3561 1550 ideoque
3582 1479 3605 1512 ’
3651 1480 3704 1536 in
3732 1495 3820 1536 or-

2239 1569 2368 1625 dine
2385 1570 2783 1641 categoriarum
2811 1570 2984 1641 prima
3008 1580 3128 1640 post
3153 1584 3274 1625 eam
3301 1571 3542 1639 ponitur,
3563 1569 3820 1640 quoniam

2241 1661 2360 1718 sine
2405 1663 2708 1732 quantitate
2747 1661 2981 1733 qualitas
3022 1661 3196 1718 nescit
3237 1659 3523 1717 manifesta
3572 1661 3710 1716 ﬁeri.
3758 1657 3820 1714 Si

2244 1753 2427 1825 itaque
2483 1754 2751 1810 elementa
2795 1753 3099 1824 quantitate
3140 1753 3506 1824 qualitateque
3550 1753 3707 1819 ﬁunt,
3764 1760 3820 1807 et

557 1839 728 1895 bimct
768 1841 1129 1910 adhaereant,
1187 1845 1260 1899 ita
1309 1852 1371 1901 ut
1422 1848 1575 1905 οὐσία
1617 1847 1916 1919 subjectum
1960 1866 2137 1923 quan-
2166 1841 2214 1902 B
2241 1861 2471 1920 corpora
2496 1863 2565 1905 ex
2588 1849 2870 1906 elementis
2894 1890 2910 1916 ,
2940 1862 3010 1904 ex
3027 1849 3332 1920 quantitate
3368 1849 3532 1921 igitur
3561 1858 3616 1902 et
3646 1846 3823 1918 quali-

557 1929 728 1986 titatis
769 1932 839 1987 sit
883 1941 938 1987 et
964 1935 1171 2004 quanti,
1216 1935 1331 2006 ipsa
1371 1949 1500 1994 vero
1524 1940 1801 2009 quantitas
1840 1955 1936 1998 seu
1966 1957 2137 2012 quan-

527 2025 673 2077 ‘tum
727 2025 1026 2081 accidentia
1079 2027 1190 2082 sint
1252 2029 1434 2085 curiae
1479 2045 1500 2085 :
1545 2046 1725 2094 nonne
1771 2033 1892 2090 luce
1945 2036 2140 2094 clarius

555 2121 665 2181 est,
695 2114 852 2170 aliam
874 2129 994 2172 esse
1024 2115 1274 2184 formam,
1302 2134 1442 2189 quae
1494 2121 1548 2176 in
1581 2123 1697 2192 ipsa
1729 2125 1899 2192 οὐσία,
1938 2142 2046 2182 non
2080 2136 2141 2183 ut

554 2206 832 2275 accidens,
887 2209 980 2265 sed
1027 2219 1090 2266 ut
1142 2211 1419 2282 idipsum‘
1467 2215 1540 2282 ei,
1583 2219 1928 2289 prospicitur,
1955 2221 2136 2289 aliam,

551 2297 698 2366 quae
737 2310 806 2352 ex
848 2297 1106 2368 qualitate
1148 2301 1452 2370 quantitati,
1480 2304 1736 2375 adjuncta
1774 2323 1970 2380 corpus
2021 2309 2138 2365 efli-

553 2385 632 2441 cit
658 2389 991 2459 perfectum?
1037 2390 1184 2447 Dtsc.
1223 2391 1344 2448 Jam
1387 2395 1566 2463 video,
1604 2413 1713 2467 quo
1755 2400 1950 2456 tendis.
1995 2399 2136 2458 llas.

553 2480 833 2553 Putasne,
887 2502 975 2544 me
1023 2487 1159 2544 velle
1207 2489 1441 2547 formam
1483 2493 1826 2550 essentialem
1877 2497 2140 2553 materiae

552 2573 862 2644 udjunctam
892 2579 1141 2636 naturale
1169 2594 1363 2653 corpus
1389 2584 1631 2642 efiicere?
1679 2587 1824 2643 Dtsc.
1847 2587 1927 2644 Ne
1947 2589 2002 2644 id
2023 2589 2141 2660 qui-

551 2665 710 2736 dem;
744 2669 908 2729 immo
929 2687 1058 2730 vero
1077 2675 1219 2732 nolle
1249 2685 1302 2733 te
1324 2678 1500 2736 video.
1556 2680 1696 2740 MAG.
1746 2683 1862 2751 Dic,
1916 2698 2136 2754 quaeso,

555 2763 868 2832 quomodo?
901 2763 1045 2824 Dtsc.
1077 2765 1158 2823 Ex
1183 2770 1461 2839 praedicta
1487 2771 1782 2832 formarum
1810 2775 2136 2844 differentia,

552 2850 834 2908 naiadum
885 2856 1093 2912 scilicet
1139 2859 1704 2934 qualitativarumque,
1758 2865 1959 2922 videris
2003 2865 2138 2921 mihi

553 2955 667 2998 non
696 2943 842 3001 aliud
888 2947 1134 3016 suadere,
1163 2949 1266 3006 nisi
1294 2965 1417 3008 eam
1465 2953 1718 3022 formam,
1746 2971 1886 3028 quae
1930 2957 2138 3029 species

549 3032 836 3102 qualitatis
881 3048 991 3104 est,
1038 3041 1300 3097 materiae
1326 3045 1730 3114 superadditam
1779 3059 1998 3118 corpus,
2049 3048 2136 3104 cui

553 3126 716 3184 οὐσία
745 3130 1014 3198 subsistit,
1056 3133 1516 3203 perﬁcere.llaec
1556 3140 1760 3195 etenim
1802 3142 1906 3195 tria
1938 3141 1991 3196 in
2019 3155 2137 3197 om-

553 3217 718 3274 nibus
773 3223 1110 3279 naturalibus
1169 3223 1530 3295 inspiciuntur
1581 3230 2134 3299 corporibuszmia'ia,

552 3308 853 3378 quantitas,
880 3311 1131 3382 qualitas.
1158 3311 1266 3370 Sed
1285 3318 1439 3375 οὐσία
1478 3318 1595 3375 solo
1623 3333 1837 3391 semper
1861 3321 2136 3379 intellectu

553 3399 826 3467 cernitur;
853 3403 908 3457 in
929 3403 1077 3459 nullo
1101 3404 1246 3460 enim
1267 3406 1555 3464 visibiliter
1575 3421 1820 3482 apparet.
1851 3398 2136 3480 Quantitas

547 3499 688 3543 vero
722 3497 778 3544 et
795 3492 1029 3560 qualitas
1086 3494 1163 3550 ita
1187 3496 1529 3556 invisibiliter
1553 3511 1678 3556 sunt
1704 3502 1754 3557 in
1783 3504 1957 3581 οὐσίᾳ,
1995 3513 2056 3560 ιιι
2079 3507 2132 3562 in

550 3586 814 3669 quantum
837 3590 894 3637 et
914 3582 1073 3654 quale
1098 3585 1385 3646 visibiliter
1424 3604 1730 3661 erumpant,
1763 3596 1886 3650 dum
1937 3611 2134 3669 corpus

547 3665 806 3724 sensibile
831 3669 975 3728 inter
1025 3689 1084 3730 se
1128 3673 1446 3746 conjunctae
1473 3693 1823 3752 componunt.
1874 3683 1929 3740 Si
1988 3665 2133 3742 enim

546 3756 934 3826 geometricum
981 3776 1200 3834 corpus,
1247 3765 1335 3821 cui
1384 3767 1530 3823 nulla
1579 3771 1767 3828 subest
1815 3774 1984 3840 οὐσία,
2018 3776 2132 3831 sola

547 3844 855 3938 quantitate
906 3851 1204 3922 spatiorum
1229 3896 1244 3923 ,
1304 3856 1697 3932 linearumque,
1750 3864 2134 3938 qualitatisque

540 3933 742 4007 forma,
776 3957 917 4014 quae
958 3947 1127 4016 ﬁgura
1182 3950 1397 4019 dicitur,
1448 3933 1844 4015 rationabiliter
1882 3933 2135 4019 constare

541 4030 811 4100 probatur
845 4051 862 4091 :
893 4039 1024 4109 quid
1049 4029 1416 4112 impedimenti
1445 4055 1547 4112 est,
1578 4056 1639 4103 ut
1663 4050 1909 4109 naturale
1947 4053 1971 4086 '
2017 4069 2135 4112 cor-
2186 4041 2195 4050 ’

540 4131 668 4191 pus,
713 4123 802 4180 cui
839 4126 1012 4184 virtus
1052 4132 1235 4187 ousiae
1287 4133 1354 4188 ad
1402 4140 1826 4206 permanendum
1882 4143 2132 4211 substat,

541 4221 808 4282 quantum
837 4233 1059 4276 manere
1102 4224 1265 4293 valet,
1307 4240 1372 4282 ea
1407 4227 1597 4295 forma,
1651 4247 1792 4303 quae
1831 4249 1894 4290 ex
1959 4237 2134 4307 quali-

542 4309 658 4358 tate
682 4315 792 4374 est,
823 4309 1032 4379 adjecta
1058 4317 1366 4384 quantitati,
1392 4334 1534 4389 quae
1554 4338 1621 4378 ex
1646 4326 1874 4380 materia
1903 4329 2134 4383 assumi-

541 4400 652 4464 tur,
673 4399 861 4469 perfici
883 4421 991 4462 non
1016 4405 1038 4438 °
1063 4407 1346 4466 dicamus?
1367 4410 1485 4468 Non
1509 4414 1654 4470 cnim
1683 4417 1826 4473 aliud
1841 4426 1892 4472 tc
1905 4419 2134 4474 suadere

2241 1950 2355 1998 tate
2381 1941 2426 1974 "
2445 1955 2671 2012 corpora
2701 1951 2843 1998 sunt.
2881 1942 3022 1999 MAG.
3051 1942 3312 2011 Quoniam
3357 1943 3525 2013 igitur
3565 1941 3743 2006 video,
3769 1949 3822 1996 te

2240 2035 2555 2092 intentionis
2579 2045 2799 2092 nostrae
2821 2036 2981 2091 ﬁnem
3005 2043 3162 2091 acute
3185 2035 3546 2106 perspexisse,
3571 2034 3677 2100 dic,
3699 2048 3819 2099 oro,

2239 2139 2369 2180 num
2417 2125 2513 2181 tibi
2563 2125 2700 2181 haec
2753 2126 2946 2181 divisio
2988 2125 3289 2182 formarum
3340 2125 3394 2180 in
3445 2127 3580 2182 duas
3608 2123 3820 2194 species

2240 2217 2438 2274 diversi
2467 2219 2704 2290 generis,
2724 2219 2908 2273 curiae
2929 2217 3182 2275 videlicet
3210 2225 3373 2288 atque
3391 2217 3682 2289 qualitatis,
3700 2225 3818 2271 rata

2237 2322 2358 2365 esse
2385 2309 2620 2375 videtur,
2673 2307 2881 2364 necne?
2940 2307 3086 2365 Dtsc.
3137 2308 3279 2366 Rata
3309 2309 3553 2380 quidem,
3600 2308 3822 2378 verique

2239 2399 2454 2464 similis,
2494 2399 2622 2456 licet
2647 2415 2752 2456 non
2779 2399 2897 2456 sine
2921 2399 3088 2455 animi
3111 2401 3217 2457 mei
3259 2398 3514 2471 scrupulo
3563 2400 3706 2455 hanc
3735 2413 3824 2454 ra-

2211 2490 2551 2547 ‘tionabilem
2583 2504 2702 2546 esse
2753 2489 2800 2524 “
2827 2491 3213 2547 concesserim.
3251 2490 3466 2548 Etenim
3519 2489 3564 2522 “
3613 2488 3823 2544 facilius

2239 2582 2372 2638 mihi
2396 2582 2679 2651 suaderes,
2708 2582 2940 2640 formam
2967 2584 3380 2641 substantialem
3425 2584 3688 2641 materiae
3727 2584 3823 2640 ad-

2231 2673 2437 2745 iectam
2463 2675 2710 2731 naturale
2745 2676 3324 2746 corpus'constituere,
3350 2689 3514 2746 quam
3539 2675 3823 2745 qualitati-

2237 2781 2381 2823 vam.
2411 2765 2644 2823 Causam
2663 2766 2928 2837 siquidem
2950 2765 3352 2822 constitutionis
3374 2765 3622 2835 corporis
3644 2766 3821 2821 οὐσίαν

2238 2869 2376 2923 esse,
2417 2873 2522 2914 non
2551 2855 2881 2928 qualitatem,
2906 2855 3236 2927 probabilius
3277 2855 3622 2912 crediderim.
3649 2854 3821 2910 Prae-

2240 2951 2400 3010 dictis
2443 2965 2680 3022 namque
2706 2949 3004 3008 rationibus
3031 2948 3318 3007 collectum
3341 2947 3560 3019 opinor,
3590 2947 3823 3018 qualita-

2238 3051 2347 3100 tem
2400 3059 2506 3101 non
2551 3044 2723 3102 solum
2769 3044 3052 3110 materiae,
3075 3056 3266 3099 verum
3289 3041 3455 3097 etiam
3515 3039 3564 3074 ⁸³
3613 3038 3823 3097 formae

2237 3151 2457 3192 causam
2482 3150 2631 3202 esse;
2657 3145 2902 3206 excepto,
2928 3136 3072 3207 quod
3100 3135 3382 3191 materiam
3407 3133 3580 3190 mixta
3601 3132 3820 3203 quanti-

2241 3229 2341 3284 tati
2383 3226 2601 3294 efilciat,
2638 3227 2877 3294 ,formam
2907 3241 3036 3282 vero
3079 3241 3180 3298 per
3208 3239 3270 3281 se
3293 3225 3406 3282 sola
3435 3225 3697 3280 materiae
3724 3239 3820 3280 su-

2190 3387 2201 3400 .
2238 3317 2541 3390 perfundat.
2571 3316 2687 3372 Non
2711 3319 2854 3388 quod
2877 3317 3184 3383 nescierim,
3208 3331 3371 3372 unam
3390 3329 3608 3372 causam
3622 3315 3820 3372 multos

2240 3423 2308 3465 ex
2339 3422 2400 3462 se
2422 3406 2645 3463 effectus
2671 3409 2973 3478 producere
2990 3445 3006 3473 ,
3052 3421 3178 3463 cum
3201 3407 3435 3476 videam,
3461 3419 3527 3463 ex
3557 3421 3664 3461 uno
3691 3405 3818 3477 igne

2182 3496 2191 3523 τ
2237 3501 2474 3558 calorem
2501 3498 2658 3556 simul
2683 3507 2740 3554 et
2767 3498 2943 3554 lucem
2964 3513 3274 3570 erumpere,
3309 3501 3585 3572 ipsamque
3638 3497 3816 3553 lucem

2237 3607 2456 3648 causam
2504 3590 2806 3661 splendoris
2832 3597 2888 3645 et
2915 3590 3229 3645 umbrarum
3270 3605 3408 3646 esse.
3439 3588 3578 3657 Quid
3605 3586 3818 3643 dicam?

2237 3689 2452 3758 Quanta
2477 3688 2692 3744 diversa
2723 3701 2948 3757 corpora
2964 3702 3072 3742 una
3087 3687 3386 3757 eademque
3407 3684 3545 3739 ﬁunt
3557 3680 3818 3738 materia?

2237 3781 2355 3837 Una
2386 3781 2560 3836 forma
2591 3779 2642 3834 in
2667 3771 2798 3849 quot
2820 3777 3206 3848 multiplicatur
3224 3777 3520 3833 numeros?
3545 3784 3602 3830 et
3631 3782 3815 3830 cetera

2236 3872 2563 3945 bujusmodi.
2610 3871 2786 3941 Atque
2811 3871 2933 3926 ideo
2975 3872 3149 3927 οὐσίαν
3178 3870 3349 3940 ipsam
3380 3867 3611 3923 formam
3642 3873 3816 3921 mate-

2235 3965 2349 4022 riae
2399 3963 2515 4020 ﬁeri
2538 3963 2774 4034 putarim
2802 3961 2865 4026 “,
2897 3976 3005 4018 non
3037 3970 3218 4017 autem
3246 3960 3364 4032 ejus
3388 3958 3706 4015 accidentia.

2309 4058 2452 4116 MAG.
2499 4056 2666 4113 Miror
2691 4057 2865 4122 valde,
2895 4071 2995 4112 cur
3024 4063 3132 4111 tam
3174 4055 3302 4123 cito,
3333 4069 3477 4125 quae
3500 4053 3661 4124 paulo
3692 4059 3818 4107 ante

2240 4152 2386 4207 inter
2412 4165 2514 4208 nos
2539 4150 2606 4205 ad
2640 4163 2833 4219 purum
2864 4148 3094 4203 deducta
3119 4154 3269 4211 sunt,
3303 4153 3392 4201 tua
3420 4145 3676 4200 labuntur
3701 4154 3816 4197 me-

2235 4241 2429 4298 moria.
2481 4240 2775 4296 Considera
2826 4239 3008 4307 itaque
3038 4236 3371 4306 diligentius,
3418 4242 3582 4304 atque
3621 4232 3814 4288 eadem

2233 4332 2471 4388 breviter
2498 4339 2827 4401 repetamus.
2859 4329 3004 4384 Dtsc.
3035 4328 3261 4382 Praesto
3319 4341 3440 4382 sum
3482 4324 3559 4392 “;
3610 4330 3813 4392 repete.

2236 4423 2378 4478 Mtte.
2407 4422 2544 4477 Num
2587 4422 2907 4478 inconcusse
2937 4420 3082 4475 inter
3112 4433 3213 4475 nos
3261 4424 3609 4481 convenerat,
3633 4415 3816 4471 εὗσεν

543 4489 796 4609 :estimo:
855 4508 1017 4561 quam
1067 4509 1126 4554 ut
1175 4516 1595 4573 cognoscamus,
1640 4517 1894 4576 quattuor
1944 4510 2610 4609 mundiDincorpoream
2654 4514 2809 4570 csse?
2869 4513 3016 4567 DISC.
3072 4511 3429 4567 Convenerat.
3455 4505 3597 4561 Mss.
3649 4501 3812 4571 Atqui

746 4591 1208 4609 -.....-...-._-_._
1251 4608 1290 4609 η
1331 4594 1344 4608 .
1425 4595 1438 4609 .
2361 4607 2372 4609 _
2739 4604 2750 4609 _
2887 4603 2897 4609 .
2953 4601 2982 4609 ..
3207 4598 3238 4609 ,.
3365 4596 3377 4609 .
3491 4608 3498 4609 ,
3603 4591 3810 4609 ,._..-.-_

546 4574 707 4645 huius
746 4580 1139 4642 elementorum
1162 4591 1218 4645 in
1241 4594 1561 4653 se-invicem
1588 4574 1854 4654 concursu
1882 4608 2128 4655 contem-
2154 4574 2216 4609 υ
2233 4574 2471 4662 nondum
2501 4604 2755 4660 oblivioni
2792 4611 2846 4657 te
2864 4601 3079 4656 dedisse
3105 4596 3455 4659 aestimarim,
3479 4591 3812 4663 quantitates

538 4670 894 4762 perantiaque
923 4678 1207 4735 materiam
1255 4699 1544 4754 corporum
1581 4689 1731 4756 ﬁeri,
1784 4692 1871 4748 cui
1915 4691 2124 4762 adjecta

543 4759 906 4855 qualicunque
955 4781 1023 4824 ex
1070 4772 1332 4840 qualitate
1379 4777 1552 4836 forma
1581 4782 1880 4851 perfectum
1929 4759 2127 4855 corpus

538 4847 792 4908 elicitur.
816 4854 936 4912 Non
965 4859 1109 4916 enim
1157 4864 1290 4920 mihi
1313 4870 1556 4937 obstat",
1582 4847 1600 4851 ⁷
1620 4874 1764 4940 quod
1795 4875 1999 4930 multis.
2027 4847 2123 4930 -Vi—

540 4944 737 5002 demur
749 4963 983 5022 namque
994 4952 1075 5010 eis
1095 4965 1282 5012 contra
1310 4971 1522 5016 nosmet
1549 4975 1728 5034 agere,
1745 4965 2126 5035 contrariaque

537 5041 601 5095 et
643 5041 802 5098 nobis
848 5045 1191 5107 adversantia
1241 5051 1482 5121 ﬁrmare,
1523 5056 1786 5125 dicentes,
1837 5056 2126 5128 aliquando

2232 4697 2649 4768 qualitatesque,
2695 4701 2957 4764 quantum
3021 4692 3075 4746 in
3125 4687 3317 4757 seipsis
3345 4684 3667 4756 cogitantur,
3717 4678 3808 4733 in-

2231 4801 2522 4858 corporeas
2548 4801 2691 4853 esse,
2723 4794 2778 4841 et
2806 4800 2911 4840 non
2933 4784 2989 4838 in
3015 4781 3122 4836 alio
3141 4778 3383 4848 subjecto
3409 4773 3510 4830 nisi
3540 4774 3595 4828 in
3622 4771 3804 4836 ὠσια,

2230 4880 2316 4935 cui
2353 4878 2620 4943 accidunt,
2677 4876 2995 4940 subsistere,
3051 4880 3108 4928 et
3154 4864 3585 4938 inseparabiliter
3633 4862 3687 4917 in
3741 4875 3804 4916 ea

2229 4982 2473 5024 manere.
2515 4967 2661 5022 Dtsc.
2710 4964 2824 5020 Hoc
2851 4976 3067 5034 quoque
3115 4959 3344 5015 ﬁrmiter
3395 4955 3634 5013 obtineo.
3662 4950 3804 5007 Hae.

2230 5060 2370 5116 Num
2397 5061 2578 5130 itaque
2603 5055 2955 5129 probabiliter
2980 5052 3271 5111 dicendum
3297 5055 3406 5116 est,
3449 5059 3636 5112 omne,
3662 5039 3806 5114 quod

1135 5291 1138 5293 _
1821 5235 2076 5294 VARIAE
2109 5233 2511 5294 LECTIONES.

609 5364 631 5398 ⁸
660 5361 753 5440 εἰς
771 5363 1012 5440 ξζῐηξεᾼΔ
1029 5365 1276 5424 obtineat.
1353 5370 1375 5402 '
1400 5369 1442 5425 D
1459 5370 1764 5440 plurimum.
1841 5373 1864 5404 ⁸
1886 5369 1978 5427 AD
2009 5370 2176 5427 Sicut.
2253 5371 2277 5402 ⁵
2303 5367 2522 5440 SicCE;
2549 5366 2590 5420 A
2618 5365 2907 5440 adimunt;
3007 5375 3124 5440 om:
3249 5429 3261 5440 _
3288 5358 3310 5391 '
3333 5355 3569 5440 Sic.
3593 5355 3636 5409 D
3657 5363 3802 5440 uatu-

538 5447 648 5507 ’μσς
723 5433 744 5464 ⁸
767 5434 857 5490 Sic
882 5435 1045 5507 CDEB
1073 5455 1176 5492 non
1193 5457 1300 5497 om.
1329 5441 1395 5496 A.
1459 5433 1492 5474 ’⁷
1525 5442 1615 5497 Sic
1641 5443 1809 5507 ACE;
1841 5443 2067 5497 Dobstat
2091 5440 2236 5496 mihi.
2309 5439 2330 5473 ⁸
2356 5439 2444 5494 Sic
2467 5439 2558 5507 Al)
2577 5435 2695 5501 ;(1E
2720 5433 3026 5507 ζαζὶάίῑαιὶξτ

1390 5513 1430 5544 “
1462 5529 1571 5568 esse
1616 5529 1726 5569 om.
1763 5505 1826 5568 D.
1906 5514 1948 5545 “
1978 5514 2022 5568 D
2064 5511 2135 5566 Et
2191 5511 2368 5580 (enim
2400 5523 2508 5566 om.
2541 5505 2582 5561 ‘.

537 5503 686 5578 ritate
728 5514 774 5554 el
820 5506 1069 5578 quq/itala
1114 5509 1295 5578 igitur.

541 5570 586 5601 "
614 5587 727 5622 sum
768 5570 874 5626 oni.
905 5575 967 5626 D.

3102 5430 3124 5461 ⁸
3147 5432 3190 5485 1)
3206 5429 3343 5484 ideo.
3421 5426 3532 5498 "D
3555 5440 3618 5482 ea:
3639 5439 3804 5498 quan-

2694 5505 2738 5539 ¹³
2773 5505 2817 5560 Α
2851 5514 2898 5558 et
2999 5501 3043 5535 ιδ
3089 5500 3180 5559 Sic
3224 5499 3396 5568 CDE;
3453 5496 3501 5552 Α
3544 5496 3799 5567 putamu-

2055 5669 2302 5728 NOTAE.

607 5787 633 5814 ι
674 5770 910 5828 toanmcs
931 5771 1128 5849 Scottis
1147 5788 1298 5838 recte
1320 5781 1592 5839 observat.
1622 5781 1703 5840 Cl.
1739 5781 1934 5841 Festus
1951 5796 2004 5839 v.
2028 5783 2202 5855 fama
2221 5791 2276 5840 et
2315 5782 2662 5854 femucalcs-
2691 5779 2864 5839 Varro
2892 5794 3032 5851 apud
3061 5791 3199 5838 .ton.
3228 5793 3282 5839 ε.
3318 5798 3384 5837 ι..
3409 5792 3467 5836 u.
3491 5786 3583 5836 οι.

1952 5921 2082 5941 ’“ν“σ·.
