4194 6276
398 366 503 424 ιςιτ

1288 361 1379 418 ne
1417 319 1758 418 mutitan
1791 360 2142 420 narum
2177 389 2252 408 --
2279 359 2486 417 uasa
2518 359 2798 417 paruus.

3559 361 3668 421 ιω

370 463 701 551 ἠωηιίωιο
746 483 803 533 et
849 474 1110 547 qualitate
1131 473 1433 540 coniicitur,
1463 474 1567 530 hoc
1607 482 1688 530 est
1717 483 1978 545 quantum
2010 489 2056 547 Α
2085 477 2453 549 bilia,quibns
2471 476 2789 544 utimur;ut
2811 482 2939 531 sunt
2963 484 3220 547 quattuor
3235 476 3420 534 mundi
3449 479 3667 549 hujus"

400 583 460 631 et
505 571 686 644 quale,
741 585 847 627 non
882 567 1100 624 aliunde
1123 566 1524 624 constitutionis
1568 581 1699 622 suae
1756 583 1976 623 causam

401 667 666 738 accipere,
721 663 825 719 nisi
881 662 950 717 ab
1001 661 1116 731 ipsa
1165 661 1340 725 οὐσία,
1371 659 1457 715 cui
1498 659 1820 714 naturaliter
1861 660 1977 729 ipsa

401 757 670 830 quantitas
693 763 747 810 et
768 753 998 823 qualitas
1042 751 1207 806 veluti
1261 749 1438 820 prima
1466 749 1765 805 accidentia
1801 747 1983 803 maxi-

398 863 593 920 maque
611 845 907 920 probantur
927 842 1198 907 accidere,
1225 849 1282 896 et
1307 841 1424 896 sine
1452 855 1556 911 qua
1583 854 1698 918 non
1713 848 1942 910 possunt
1959 839 1975 870 ι

393 917 550 996 ωδε-7
580 934 847 1005 Quicquid
889 917 1037 988 enim
1065 947 1135 988 ex
1173 931 1278 996 his,
1328 944 1469 1000 quae
1520 930 1576 986 in
1624 917 1772 985 fonte
1821 937 1976 996 sunt,

393 1028 752 1100 progreditur,
783 1040 881 1079 cur
904 1038 1012 1078 non
1033 1024 1101 1077 ad
1128 1023 1301 1092 ipsum
1324 1021 1528 1076 fontem
1551 1020 1838 1086 referatur,
1869 1035 1975 1075 non

394 1118 599 1185 habeo;
624 1117 955 1187 praesertim
975 1129 1100 1169 cum
1124 1114 1238 1183 ipsa
1264 1114 1436 1172 οὐσία,
1469 1113 1522 1166 in
1548 1121 1806 1181 quantum
1827 1113 1979 1166 οὐσία

354 1202 366 1270 ,'
395 1219 506 1275 est,
553 1207 710 1264 nullo
755 1207 915 1262 modo
941 1203 1225 1259 visibiliter
1259 1202 1720 1272 traetabiliterque
1748 1217 1810 1256 ac
1857 1217 1980 1270 spa-

395 1299 537 1354 tiose
563 1297 743 1353 valeat
768 1309 1053 1367 apparere.
1091 1294 1396 1349 Concursus
1435 1309 1564 1350 vero
1595 1293 1977 1356 accidentium,

397 1405 541 1464 quae
585 1391 634 1446 ei
674 1390 856 1446 insunt
883 1387 927 1453 ⁸,
969 1387 1053 1442 vel
1081 1387 1226 1442 circa
1274 1401 1394 1441 eam
1441 1385 1826 1456 intelliguntur,
1857 1399 1980 1439 sen-

400 1481 559 1540 sibile
585 1482 855 1552 quoddam
881 1479 1283 1550 spatiosumque
1318 1492 1418 1547 per
1447 1478 1847 1548 generationem
1874 1490 1974 1546 po—

397 1585 508 1636 test
537 1590 748 1634 creare.
782 1573 1066 1642 Quantitas
1091 1571 1356 1642 siquidem
1381 1579 1435 1626 et
1457 1567 1690 1640 qualitas
1714 1579 1976 1640 quantum

394 1677 451 1723 et
471 1667 628 1737 quale
654 1666 798 1722 inter
821 1680 881 1721 se
906 1663 1264 1734 coniungunt.
1298 1661 1448 1730 Quae
1475 1662 1583 1716 duo
1613 1661 1714 1716 sibi
1747 1661 1975 1715 invicem

392 1757 700 1826 conjuncta,
740 1757 898 1810 modo
919 1755 1156 1825 quodam
1196 1761 1547 1824 temporeque
1574 1751 1977 1823 generationem

2085 571 2372 633 elementa,
2403 580 2741 638 corporaque
2788 580 2854 622 ex
2885 568 2964 623 eis
2993 569 3310 638 composita.
3355 566 3470 623 Non
3523 570 3667 626 enim

2079 659 2332 714 mortalia
2356 667 2540 715 nostra
2566 673 2796 728 corpora
2826 657 2945 712 sine
2972 658 3058 714 his
3080 667 3302 726 possunt
3325 673 3664 728 permanere.

2081 751 2249 808 Terra
2297 743 2562 822 siquidem
2591 759 2909 821 pascuntur,
2961 753 3190 810 humore
3238 765 3514 826 potantur,
3542 773 3668 816 aere

2081 843 2437 914 inSpirantur,
2464 843 2588 912 igne
2611 843 2982 899 caleficantur.
3013 841 3232 900 Duobus
3259 858 3513 904 crescunt
3543 849 3586 882 “
3613 860 3668 907 et

2078 933 2412 1000 nutriuntur,
2465 941 2612 987 terra
2653 941 2708 987 et
2734 947 2874 1003 aqua
2904 950 2918 988 :
2949 934 3156 990 duobus
3179 943 3240 989 ut
3281 935 3465 992 vivant
3496 939 3668 994 admi-

2080 1025 2404 1087 nistrantur,
2435 1039 2564 1079 aere
2609 1032 2662 1076 et
2715 1023 2836 1093 igne
2867 1039 2882 1078 :
2921 1023 3026 1078 duo
3076 1025 3356 1094 patiuntur
3388 1027 3439 1082 in
3470 1043 3666 1098 corpus

2081 1115 2439 1178 transeuntia,
2491 1123 2633 1168 terra
2662 1124 2718 1170 et
2737 1128 2874 1184 aqua
2900 1129 2918 1182 ;
2950 1115 3056 1170 duo
3080 1124 3374 1186 operantur
3395 1116 3663 1174 oﬂieinam

2079 1206 2323 1275 corporis
2366 1203 2696 1270 conﬂantia,
2745 1219 2840 1259 aer
2893 1213 2949 1259 et
3002 1205 3158 1276 ignis.
3209 1205 3362 1277 Ignea
3399 1207 3664 1278 siquidem

2079 1297 2274 1360 virtus,
2302 1295 2455 1364 cujus
2506 1295 2660 1350 sedes
2683 1294 2735 1348 in
2762 1295 2924 1350 corde
2947 1304 3050 1359 est,
3085 1295 3188 1350 cibi
3238 1304 3501 1366 potusque
3532 1299 3665 1353 Stib-

2083 1385 2232 1441 tilem
2272 1399 2371 1454 per
2394 1383 2636 1440 occultos
2657 1398 2820 1452 poros
2845 1385 2897 1438 in
2926 1385 3168 1440 diversas
3208 1386 3451 1455 corporis
3477 1395 3664 1457 partes

2080 1490 2336 1548 vaporem
2358 1475 2652 1540 distribuit,
2681 1474 3042 1534 faeculentum
3068 1475 3122 1530 in
3155 1490 3426 1531 secessum
3458 1477 3662 1533 discer-

2080 1569 2180 1623 nit.
2213 1567 2318 1621 Sed
2340 1566 2454 1636 ipsc
2497 1565 2660 1635 ignis,
2685 1565 2788 1619 nisi
2819 1565 2965 1620 aerio
2996 1565 3185 1634 spiritu
3222 1566 3546 1635 insuiDetur,
3577 1568 3659 1624 cl-

2080 1659 2258 1728 boque
2278 1672 2341 1711 ac
2359 1664 2487 1725 potu
2513 1655 2555 1686 “
2575 1654 2736 1710 veluti
2758 1656 3078 1724 quibusdam
3100 1655 3354 1730 fomentis
3367 1658 3661 1726 nutriatur,

2081 1751 2190 1807 cito
2219 1750 2574 1820 extinguitur,
2621 1763 2684 1804 ac
2707 1749 2823 1804 sine
2851 1763 3002 1804 mora
3034 1757 3205 1805 totum
3236 1751 3482 1820 corporis
3511 1751 3661 1806 aedi-

391 1847 736 1918 accipientia,
769 1861 964 1916 corpus
993 1846 1259 1916 integrum
1281 1845 1590 1899 ostendunt.
1619 1842 1810 1898 Cetera
1833 1842 1975 1898 enim
2005 1855 2055 1917 Β
2080 1846 2262 1901 licium
2289 1844 2524 1901 solutum
2546 1842 2945 1914 collapsumque
2963 1845 3202 1916 rigescit,
3225 1844 3424 1916 frigore
3449 1846 3557 1901 vim
3573 1860 3670 1902 ca-

391 1938 694 1994 accidentia
724 1938 808 1992 his
838 1936 1182 2007 superaddita
1215 1949 1336 1990 esse
1357 1935 1626 1990 videntur.
1653 1932 1798 1987 Haec
1823 1932 1968 1987 enim

391 2037 642 2100 quattuor
686 2027 740 2082 in
783 2025 1103 2096 corporibus
1153 2025 1352 2081 nostris
1392 2033 1808 2093 ceterorumque
1855 2021 1971 2077 ani-

390 2121 610 2176 malium
673 2118 1150 2187 inanimaliumque
1186 2116 1558 2188 principaliter
1605 2115 1970 2186 inquirimus,

397 2223 660 2284 quantum
689 2213 782 2278 sit,
808 2211 1003 2282 quibus
1031 2210 1277 2280 partibus
1304 2215 1532 2273 constet,
1593 2221 1724 2262 num
1783 2205 1974 2276 spatiis

391 2304 743 2376 longitudinis
773 2302 1112 2372 protenditur
1153 2299 1199 2368 ι,
1250 2284 1675 2366 latitudinisque,
1733 2295 1974 2350 altitudi-

395 2397 610 2466 nisque,
640 2395 797 2465 quale
823 2394 916 2460 sit,
944 2401 1197 2447 rectaene
1217 2390 1424 2445 formae
1463 2397 1627 2458 atque
1678 2388 1972 2454 humanae,

397 2501 672 2561 pronaeve
709 2495 870 2556 atque
924 2482 1186 2546 bestialis,
1234 2495 1342 2551 quo
1389 2487 1634 2550 tempore
1694 2479 1932 2550 genitum
1959 2517 1976 2545 ,

397 2593 576 2649 quove
602 2576 760 2633 modo
801 2575 1054 2631 delinitur
1075 2572 1116 2628 ⁸.
1153 2573 1337 2641 Itaque
1361 2573 1416 2626 in
1447 2585 1516 2628 se
1542 2571 1776 2637 locatur,
1809 2586 1877 2626 ne
1899 2572 1984 2626 in-

397 2673 612 2729 ﬁnitum
646 2671 739 2734 sit,
787 2669 882 2724 sed
908 2682 1073 2722 unum
1125 2665 1326 2735 aliquid
1371 2665 1426 2719 in
1453 2679 1553 2719 suo
1580 2677 1777 2735 genere
1800 2663 1980 2720 termi-

397 2771 608 2818 natum.
645 2760 805 2826 Haec,
838 2767 898 2814 ut
926 2757 1182 2823 diximus,
1205 2756 1262 2811 in
1287 2755 1606 2826 corporibus
1633 2755 1835 2810 nostris
1865 2754 1976 2824 pri~

397 2851 734 2910 mordiaiiter
783 2850 1162 2920 inspiciuntur.
1216 2846 1385 2902 Extra
1445 2857 1575 2902 vero
1617 2845 1752 2900 haec
1803 2844 1980 2900 altiori

401 2940 834 2996 consideratione
855 2941 1050 3003 οὐσίαν,
1067 2951 1209 3007 quae
1235 2944 1320 2991 est
1339 2934 1631 2991 formarum
1657 2933 1982 2989 substantia-

399 3031 532 3085 lium
557 3031 727 3101 origo,
745 3029 1191 3099 contemplamur.
1214 3025 1452 3083 Dicimus
1471 3026 1639 3090 enim,
1656 3025 1759 3081 hoc
1786 3040 1982 3096 corpus

401 3120 490 3175 vel
519 3121 641 3187 hoc,
670 3120 824 3190 cujus
848 3119 1106 3184 ousiadis,
1150 3117 1203 3174 id
1223 3126 1327 3184 est,
1367 3116 1737 3173 substantialis
1771 3115 1980 3172 formae

2074 1931 2207 1992 loris
2225 1944 2532 2006 superante.
2560 1933 2664 1990 Sed
2693 1934 2759 1990 de
2783 1935 2868 1990 his
2888 1935 3024 1991 alius
3045 1937 3340 1992 disserendi
3368 1936 3520 1994 locus
3559 1947 3662 1995 est.

2145 2029 2237 2085 55.
2279 2029 2424 2084 Disc.
2448 2027 2592 2083 Haec
2611 2027 2960 2098 probabiliter
2989 2028 3196 2099 accipio
3228 2029 3293 2084 ⁸⁸.
3323 2027 3432 2086 Sed
3453 2046 3664 2086 mecum

2078 2127 2317 2175 tractare
2351 2133 2458 2171 non
2504 2117 2711 2184 desino,
2761 2117 2994 2187 qualiter
3033 2119 3168 2174 haec
3196 2119 3413 2183 sibimet
3439 2128 3668 2190 possunt

2078 2209 2394 2274 convenire,
2441 2211 2710 2280 quomodo
2742 2209 3110 2280 incorporales
3138 2225 3227 2266 res
3265 2225 3364 2282 per
3411 2227 3472 2268 se
3497 2221 3664 2296 atque

2081 2300 2378 2360 invisibiles
2427 2315 2525 2357 suo
2577 2315 2844 2356 concursu
2869 2301 3010 2358 inter
3035 2316 3094 2358 se
3139 2302 3374 2359 invicem
3429 2303 3662 2361 visibilia

2080 2407 2314 2464 corpora
2336 2392 2592 2459 eiliciunt,
2622 2394 2696 2448 ita
2723 2402 2783 2447 ut
2811 2393 2947 2449 nihil
2973 2394 3117 2449 aliud
3145 2395 3214 2450 sit
3255 2396 3510 2463 materia,
3541 2396 3664 2452 nul-

2079 2485 2295 2556 lamque
2317 2483 2478 2540 aliam
2505 2499 2724 2540 causam
2771 2485 3170 2540 constitutionis
3198 2487 3413 2553 habeat,
3438 2487 3540 2545 nisi
3578 2502 3667 2545 eo—

2035 2595 2038 2600 ·
2079 2593 2219 2644 rum,
2271 2593 2412 2649 quae
2458 2575 2572 2633 solo
2616 2577 2913 2647 sapientiae
2966 2579 3205 2633 contuitu
3235 2579 3665 2644 considerantur,

2082 2667 2223 2723 inter
2243 2681 2302 2723 se
2322 2668 2458 2737 ipsa,
2481 2667 2535 2721 in
2551 2667 2767 2737 seipsis,
2794 2676 2848 2722 et
2874 2683 2979 2722 non
3003 2668 3056 2723 in
3087 2669 3267 2738 aliquo
3293 2680 3668 2740 contempera-

2083 2767 2197 2816 tum
2249 2761 2549 2815 contuitum
2604 2758 2678 2824 “;
2723 2759 3042 2828 praesertim
3089 2760 3376 2829 magniﬁco
3421 2760 3665 2826 Boethio,

2085 2866 2297 2907 summo
2324 2850 2606 2918 utriusque
2630 2848 2845 2918 linguae
2890 2847 3228 2917 philosopho,
3270 2847 3326 2903 in
3370 2848 3522 2904 libris
3552 2848 3667 2903 suis

2085 2943 2152 2998 de
2188 2940 2543 2996 Arithmetica
2595 2939 2722 2994 talia
2746 2946 3059 2994 asserente:
3095 2938 3366 3008 Sapientia
3386 2949 3464 2994 est
3491 2954 3666 2995 rerum

2088 3050 2222 3105 quae
2247 3041 2391 3097 sunt,
2429 3032 2612 3101 suique
2642 3030 3017 3086 immutabilem
3047 3031 3393 3086 substantiam
3434 3032 3664 3087 sortiun~

2085 3133 2194 3188 tur,
2234 3120 2621 3190 comprehensio
2645 3120 2896 3175 ueritatis.
2934 3119 3065 3176 Esse
3085 3131 3261 3176 autem
3277 3120 3380 3176 illa
3418 3121 3666 3192 dicimus,

401 3213 520 3268 est?
565 3211 756 3268 Utrum
804 3213 1092 3277 humanae,
1132 3225 1199 3266 an
1228 3209 1474 3279 equinae,
1505 3208 1800 3279 alicujusve
1839 3209 1975 3264 irra-
2002 3211 2050 3275 C
2082 3230 2216 3286 quae
2231 3230 2324 3270 nec
2337 3214 2620 3269 intentione
2632 3222 2888 3278 crescunt,
2909 3228 3002 3268 nec
3028 3212 3396 3268 retractione"
3419 3215 3666 3270 minuun-

401 3305 673 3362 tionabilis
714 3304 966 3360 animalis
1007 3303 1148 3358 intra
1191 3302 1366 3358 οὐσίαν
1412 3299 1826 3370 comprehensi?
1879 3299 1975 3357 His

397 3395 546 3451 enim
603 3396 915 3451 nominibus
971 3410 1077 3450 non
1104 3392 1424 3448 animalium
1447 3406 1700 3462 corpora,
1732 3392 1828 3448 sed
1852 3392 1976 3448 sub-

396 3485 673 3542 stantiales
697 3501 889 3542 eorum
922 3484 1130 3540 formae
1148 3483 1511 3554 appellantur.

465 3575 552 3631 54.
593 3575 720 3632 Tria
749 3575 1018 3646 siquidem
1047 3576 1282 3631 discreto
1309 3575 1571 3630 debemus
1621 3587 1973 3644 cognoscere,

396 3668 508 3723 sive
533 3669 600 3724 de
628 3667 1032 3738 nobismetipsis
1060 3651 1362 3736 cogitantes
1381 3664 1424 3732 ',
1456 3666 1570 3721 sive
1600 3664 1666 3720 de
1702 3665 1823 3720 aliis
1862 3665 1978 3720 ani-

395 3758 657 3814 malibus:
684 3758 822 3826 Quid
843 3757 1070 3814 sumus?
1087 3757 1226 3824 Quid
1251 3765 1498 3813 nostrum
1525 3757 1646 3812 est?
1668 3756 1806 3822 Quid
1828 3755 1974 3811 circa

395 3850 533 3904 nos?
586 3847 694 3904 Nos
761 3863 950 3905 sumus
997 3851 1314 3906 substantia
1359 3857 1568 3914 nostra,
1620 3861 1761 3918 quae
1796 3847 1976 3902 vitalis

398 3947 564 4010 atque
599 3939 944 4012 intelligibilis
970 3950 1072 4008 est,
1123 3955 1286 4013 supra
1311 3955 1507 4011 corpus
1525 3955 1821 4011 omnesque
1859 3939 1976 4010 ejus

395 4044 589 4086 sensus
614 4029 980 4102 visibilemqus
1003 4032 1256 4087 formam.
1302 4031 1554 4087 Nostrum
1606 4039 1710 4097 est,
1741 4047 1846 4088 non
1876 4046 1974 4088 au-

395 4130 508 4178 tem
554 4137 676 4190 nos,
728 4137 945 4194 corpus,
985 4125 1128 4196 quod
1171 4126 1328 4181 nobis
1357 4125 1634 4190 adhaeret,
1664 4133 1886 4195 quanto,
1918 4135 1975 4180 et

391 4213 560 4284 quali,
607 4216 915 4287 ceterisque
941 4215 964 4248 ⁸
993 4216 1359 4273 accidentibus
1385 4216 1764 4286 compositum,
1815 4224 1976 4285 atque

393 4305 667 4371 sensibile,
707 4307 992 4375 mutabile,
1016 4309 1264 4376 solubile,
1291 4309 1674 4379 corruptibile;
1731 4308 1976 4379 nihilque

393 4397 545 4451 aliud
577 4409 696 4453 esse
735 4400 1078 4457 verissimum
1126 4409 1210 4457 est
1270 4403 1473 4468 dicere,
1504 4415 1667 4471 quam
1715 4416 1971 4457 sensuum

399 4485 757 4542 instrumenta
800 4490 884 4544 vel
936 4493 1112 4557 sedes,
1160 4505 1300 4560 quae
1343 4507 1374 4546 a
1403 4492 1626 4548 Graecis
1675 4493 1969 4548 vocantur'

2079 3318 2186 3374 tur,
2222 3321 2315 3360 nec
2357 3305 2733 3361 uariationibus
2773 3314 3158 3376 permutantur,
3196 3305 3288 3360 sed
3335 3306 3393 3360 in
3449 3308 3665 3377 prapria

2076 3417 2280 3471 semper
2297 3401 2344 3456 ui
2367 3415 2494 3455 suae
2518 3415 2572 3454 se
2595 3397 2642 3433 ⁸⁸
2668 3408 2888 3454 naturae
2913 3399 3158 3453 subsidiis
3188 3399 3314 3454 nisa
3337 3399 3662 3454 custodiunt.

2079 3494 2228 3550 Haec
2245 3503 2420 3549 autem
2447 3502 2570 3548 sunt
2601 3491 2896 3564 qualitates,
2921 3491 3261 3563 quantitates,
3303 3491 3524 3562 formae,
3550 3507 3666 3546 nta-

2074 3586 2392 3658 gnitudines,
2409 3587 2708 3655 parvitates,
2723 3581 3083 3653 aequalitates,
3117 3581 3472 3650 habitudines,
3493 3591 3664 3648 actus,

2075 3677 2457 3746 dispositiones,
2483 3675 2618 3740 loca,
2649 3683 2883 3745 tempora
2911 3674 2979 3741 ⁸⁷,
3002 3684 3051 3730 et
3077 3674 3329 3745 quicquid
3369 3674 3662 3729 adunatuns

2073 3767 2301 3837 quodam
2329 3765 2484 3820 modo
2515 3764 2816 3835 corporibus
2849 3763 3140 3828 inuenitur,-
3164 3778 3300 3833 quae
3318 3763 3430 3833 ipsa
3449 3763 3662 3833 quidem

2078 3867 2270 3913 natura
2315 3858 2620 3926 incorporea
2655 3867 2796 3921 sunt,
2859 3863 2911 3910 et
2951 3853 3292 3910 immutabilis
3343 3855 3664 3911 substantias

2075 3949 2278 4003 ratione
2303 3949 2549 4017 uigentia,
2589 3945 2993 4017 participatione
3029 3962 3151 4000 vero
3172 3947 3404 4016 corporis
3453 3961 3666 4013 permu-

2075 4048 2278 4103 tantur,
2325 4045 2374 4090 et
2400 4045 2546 4090 tactu
2586 4035 2855 4090 variabilis
2882 4035 2955 4088 rei
2976 4035 3033 4088 in
3058 4033 3663 4098 uertibileminconstan-

2075 4131 2203 4184 tiam
2222 4135 2514 4182 transeunt.
2539 4125 2686 4180 Haec
2716 4126 2901 4193 igitur,
2930 4124 3207 4194 quoniam,
3247 4129 3304 4176 ut
3324 4121 3524 4174 dictum
3560 4129 3659 4188 est,

2075 4229 2266 4274 natura
2292 4214 2667 4270 immutabilem
2691 4214 3038 4269 substantiam
3081 4213 3283 4284 uinique
3304 4209 3490 4265 sortita
3517 4220 3664 4280 unt.

2074 4325 2188 4364 vere
2208 4307 2513 4380 proprieque
2547 4321 2659 4360 esse
2682 4305 2950 4358 dicuntur.

2093 4421 2099 4426 ·
2145 4400 2233 4455 56.
2262 4398 2400 4454 Nam
2427 4413 2495 4453 ex
2527 4398 2633 4456 hac
2657 4393 2926 4451 sententia
2949 4399 3137 4464 aperte
3157 4391 3202 4424 “
3223 4399 3382 4447 eatur
3409 4389 3660 4462 intelligi,

2077 4495 2220 4550 aliud
2239 4507 2366 4550 esse
2403 4500 2685 4547 materiam
2714 4502 3018 4560 corpusque
3055 4503 3121 4544 ex
3159 4502 3225 4545 ea
3256 4486 3484 4552 factum,
3515 4485 3661 4541 aliud

390 4579 715 4658 αἰσθητήρια,
747 4581 798 4637 id
825 4590 910 4638 est
939 4583 962 4616 ⁸
984 4588 1263 4646 αἰσθήσεων
1308 4590 1481 4663 inpia,
1513 4601 1768 4642 sensuum
1791 4597 1972 4644 custo-

2078 4586 2430 4658 quantitatem
2458 4593 2511 4640 ct
2539 4583 2874 4654 qualitatem,
2899 4591 3202 4653 ceteraque,
3228 4593 3368 4650 quae
3396 4578 3512 4636 sola
3532 4593 3665 4634 con-

393 4667 568 4723 diae‘.
595 4670 734 4724 Dum
762 4673 906 4728 enim
932 4676 1112 4730 anima
1143 4676 1462 4746 incorporea
1485 4679 1578 4745 sit,
1597 4692 1829 4749 suasque
1851 4694 1974 4750 ope-

393 4763 631 4821 rationes
675 4781 773 4836 per
811 4770 1046 4839 scipsam
1099 4772 1217 4827 sine
1292 4773 1539 4830 sensibus
1599 4777 1814 4845 aperire
1865 4774 1972 4832 non

394 4855 580 4922 possit,
605 4870 906 4928 sensusque
933 4859 1033 4930 ipsi
1060 4877 1168 4916 non
1198 4862 1302 4918 nisi
1327 4863 1382 4918 in
1413 4865 1631 4920 sedibus
1653 4867 1974 4935 quibusdam

397 4944 653 5000 custodiri
682 4947 936 5016 valeant,
969 4959 1200 5007 naturae
1220 4953 1469 5009 conditor
1511 4969 1711 5023 corpus
1737 4955 1802 5008 ad
1847 4971 1977 5012 usus

392 5033 612 5091 animae
636 5038 898 5108 condidit,
922 5041 977 5097 in
1007 5056 1114 5112 quo
1134 5057 1232 5100 sua
1254 5043 1409 5114 quasi
1424 5045 1688 5114 quaedam
1712 5045 1974 5111 vehicula,

392 5121 566 5193 idest,
582 5141 775 5188 sensus
796 5135 1114 5212 custodiret.
1143 5135 1301 5193 Circa
1327 5149 1428 5194 nos
1449 5143 1576 5192 sunt
1597 5138 1779 5194 omnia
1799 5138 1976 5194 sensi-

2080 4681 2404 4751 templantur
2429 4677 2724 4748 sapientia,
2757 4675 3250 4746 immutabilemque
3277 4682 3504 4730 naturae
3532 4685 3664 4728 suac

2079 4772 2330 4827 virtutem
2355 4769 2568 4838 semper
2583 4765 2926 4824 custodiunt?
2945 4765 3164 4822 Materia
3189 4779 3315 4820 vero
3335 4777 3660 4836 corpusque,

2077 4862 2272 4932 quibus
2309 4861 2594 4927 accidunt,
2623 4860 2868 4916 variabili
2905 4859 3301 4932 permutatione
3327 4857 3543 4913 diversa
3581 4856 3664 4910 in-

2079 4954 2490 5024 constantiaquc
2527 4961 2674 5010 sunt.
2706 4951 2845 5020 Quid
2872 4951 3053 5008 enim?
3079 4949 3348 5021 Numquid
3372 4944 3664 5004 verisimile

2080 5046 2313 5113 videtur,
2337 5045 2382 5102 si
2409 5059 2476 5100 ex
2499 5043 2798 5116 quantitate
2822 5053 2877 5098 et
2897 5043 3159 5112 qualitate
3183 5039 3482 5108 ceterisque
3504 5043 3664 5091 natu.

2083 5139 2285 5196 ratibus
2323 5138 2692 5195 accidentibus
2734 5137 2836 5193 sibi
2867 5136 3098 5192 invicem
3132 5133 3396 5204 copulatis
3435 5131 3660 5187 materia

1288 5276 1324 5315 ἔ
1679 5269 1934 5329 VARIAE
1967 5271 2374 5331 LECTIONES.

441 5395 489 5480 f
522 5391 570 5451 Δ
609 5396 793 5466 possit.
889 5401 912 5432 ⁸
963 5400 1056 5460 Sic
1087 5400 1252 5471 ACE;
1305 5401 1347 5458 D
1397 5418 1530 5474 quae
1587 5403 1642 5458 in
1686 5401 1761 5458 eis
1811 5412 1952 5459 sunt.

398 5476 599 5521 nsatur.
677 5464 701 5498 ⁸
746 5471 1034 5521 coaitantes
1093 5487 1199 5521 oni.
1255 5474 1321 5521 D-
1420 5474 1441 5505 ⁸
1477 5473 1569 5521 Sic
1615 5470 1782 5521 ADE:
1829 5475 1870 5521 (ἶ
1913 5492 1952 5521 ει

398 5474 599 5521 niatur.
677 5474 701 5498 '
746 5474 1034 5541 cogitantes
1093 5487 1199 5530 om.
1255 5474 1321 5530 D.
1420 5474 1441 5505 ⁸
1477 5474 1569 5529 Sic
1614 5474 1695 5527 AD

395 5537 420 5571 ⁸
466 5537 557 5592 Sic
603 5535 771 5605 CDE;
817 5541 864 5596 Δ
915 5542 970 5596 id
1018 5552 1093 5598 est
1135 5558 1387 5600 sensuum
1437 5546 1695 5599 custodia.

397 5605 577 5685 ACE;_
625 5607 672 5664 Ι)
713 5627 778 5685 cc
805 5621 950 5685 polit
990 5614 1223 5685 ciboque.

1420 5474 1441 5505 ⁸
1477 5473 1569 5529 Sic
1614 5470 2095 5546 ADE;JCﬂceteris
2141 5475 2281 5546 (que
2335 5491 2445 5531 om.
2472 5473 2514 5543 ).

1784 5505 2192 5609 trariis;

1327 5613 1372 5647 ⁸⁸
1424 5614 1515 5685 Sic
1551 5615 1712 5680 CDE;
1769 5614 1811 5669 A
1849 5614 2201 5670 Probabiliter
2243 5613 2442 5685 accipio
2490 5614 2634 5668 haec.

2053 5403 2076 5438 ³
2121 5404 2214 5461 Sic
2263 5403 2428 5471 CDE;
2475 5403 2520 5459 Α
2573 5403 2930 5474 protendatur.
3029 5401 3054 5432 ⁸
3105 5396 3196 5455 Sic
3237 5394 3404 5461 CDE;
3453 5393 3500 5451 Α
3533 5394 3656 5466 deﬁ.

2053 5477 2095 5527 is
2141 5475 2281 5527 {aue
2335 5473 2514 5527 om.i.
2605 5481 2627 5514 ⁷
2669 5474 2968 5527 A‘uocatur.
3055 5469 3078 5502 ⁸
3125 5468 3217 5524 Sic
3259 5466 3424 5527 CDE;
3465 5465 3512 5522 Α
3563 5469 3664 5522 ναι·

2235 5503 2281 5601 ἶ
2328 5503 3424 5616 Ιᾚϋίιέήιηηᾶξ.ιυῗίιὲἶὲἓεηηι
3465 5503 3541 5568 ﬂ“

2243 5617 2442 5680 accipio
2490 5614 2634 5668 haec.
2747 5611 2792 5644 “*
2819 5611 2910 5665 Sic
2937 5609 3140 5676 BCDE;
3202 5610 3248 5665 A
3283 5619 3663 5680 contempera“)

399 5680 660 5733 contuitu.
722 5679 769 5772 ⁸⁸
800 5677 892 5772 Sic
917 5681 996 5748 D;
1028 5684 1070 5739 Ci
1097 5677 1463 5772 retractatione
1484 5677 1774 5756 (punctra.
1810 5701 1884 5742 m.
1933 5685 2116 5758 subj.),
2163 5685 2205 5742 E
2259 5677 2644 5740 retractatione.
2724 5681 2768 5713 ¹⁸
2805 5680 2896 5736 Sic
2923 5680 3044 5748 AC,
3085 5696 3140 5738 se
3179 5695 3288 5738 om.
3339 5679 3450 5736 DE.
3485 5677 3493 5680 ⁷
3524 5677 3570 5712 "
3615 5680 3666 5736 Δ

400 5781 628 5828 corpora
703 5771 750 5804 ·⁸
780 5771 828 5829 Δ
857 5787 891 5828 a
928 5781 1095 5842 parte.

2238 5909 2291 5917 --ν
