4194 6276
544 236 652 291 499

964 310 1019 333 υ

1967 235 2253 294 JOANNIS
2290 236 2487 294 SCOTI

3725 240 3828 301 500

522 330 906 414 subsisteret,
950 330 1263 404 necessario
1302 356 1358 403 et
1398 347 1511 419 ipsa
1557 349 1912 411 immutabilis
1953 354 2144 409 esset?
2169 354 2221 415 Α
2247 355 2498 410 similiter
2545 351 2792 411 informis
2853 352 3064 410 inﬁnita
3118 354 3195 420 ";
3253 354 3473 412 aliunde
3518 354 3670 412 enim
3706 351 3829 414 "for-

544 438 683 499 Nam
704 439 849 512 quod
873 437 894 472 ⁸
920 438 993 494 de
1039 438 1215 495 causis
1246 437 1587 510 intelligitur,
1613 446 1712 495 cur
1740 455 1848 495 non
1880 441 2043 496 etiam
2074 441 2141 496 de

545 530 829 588 eﬂ‘ectibus
856 531 878 563 ³
930 543 1119 585 earum
1171 530 1533 603 intelligatur,
1565 539 1656 597 ut,
1692 533 2143 601 quemadmodum

547 623 879 695 quantitates
900 629 956 676 ct
981 619 1269 691 qualitates
1288 630 1581 692 ceteraque
1609 623 1806 679 similia
1830 624 1951 683 solo
1975 624 2142 681 animi

544 717 791 774 contuitu
837 715 1202 785 aspiciuntur,
1236 715 1311 771 ita
1361 724 1415 773 et
1452 717 1680 773 materia
1720 725 1780 774 et
1805 731 2004 787 corpus
2034 732 2141 773 non

550 809 799 866 sensibus
824 809 1120 880 corporeis,
1144 810 1240 865 sed
1264 809 1560 867 intellectui
1583 812 1971 868 succumbant?
1990 810 2145 872 Nunc

546 915 678 956 vero
696 899 985 956 formatam
1006 900 1316 967 materiam,
1333 917 1440 972 qua
1457 901 1478 934 ³
1501 917 1696 974 corpus
1710 901 2144 959 efficitur—nam

546 989 795 1047 informis
806 990 1031 1047 omnino
1044 990 1396 1062 intelligibilis
1414 1001 1733 1050 est—sensu
1748 1009 2009 1066 corporeo
2021 1008 2147 1065 per-

546 1082 808 1155 cipimus;
840 1083 1198 1154 quantitatem
1227 1098 1357 1140 vero
1397 1092 1451 1138 et
1481 1084 1801 1156 qualitatem
1843 1085 1959 1142 solo
1986 1084 2147 1141 intel-

546 1177 687 1233 lectu
718 1177 982 1234 valemus.
1012 1176 1294 1245 Quomodo
1333 1177 1500 1248 igitur
1529 1176 1805 1247 quantitas
1830 1185 1887 1232 ct
1915 1175 2147 1247 qualitas

547 1267 834 1324 materiam
854 1267 1013 1341 longe
1033 1269 1101 1324 ab
1133 1268 1212 1325 eis
1233 1268 1527 1325 distantem
1546 1266 1809 1338 possum"
1844 1268 2147 1325 conﬁcere?

548 1358 689 1417 Hac.
724 1360 897 1416 Acute
937 1362 1227 1417 admodum
1272 1360 1409 1417 falso
1438 1367 1759 1432 argumento
1800 1360 2024 1428 falleris,
2055 1374 2150 1417 aut

549 1452 685 1508 alios
718 1452 906 1510 fallere
934 1454 1037 1510 vis.
1082 1455 1187 1509 Sed
1228 1463 1408 1509 utrum
1441 1461 1499 1509 tu
1534 1455 1652 1524 ipse
1680 1454 1746 1509 de
1785 1454 1872 1510 his
1911 1454 2145 1521 dubitas,

549 1560 618 1599 an
641 1545 868 1601 aliorum
891 1544 958 1601 de
980 1545 1064 1601 bis
1078 1546 1438 1603 dubitantium
1459 1556 1721 1617 personas
1736 1546 1957 1617 arripis,
1973 1547 2150 1603 adhuc

548 1639 758 1717 ignoro.
789 1641 936 1696 Disc.
960 1639 1260 1710 Utrumque
1293 1642 1346 1696 in
1374 1641 1581 1711 meipso
1607 1641 1897 1712 perspicio.
1927 1638 2063 1696 Nam
2093 1649 2150 1697 et

2245 447 2382 503 mari
2416 446 2619 518 indiget
2639 445 2910 517 ﬁnirique,
2934 445 3064 504 dum
3097 462 3203 521 per,
3224 462 3415 505 senon
3444 448 3619 519 forma
3642 450 3707 517 “,
3737 451 3830 509 sed

2245 537 2545 595 formabilis
2573 539 2664 594 sit.
2712 539 2779 594 Et
2812 539 2946 601 haec
2989 539 3287 597 similitudo
3329 556 3528 607 causae
3568 541 3829 606 omnium,

2245 643 2315 684 ex
2342 639 2469 698 qua,
2504 636 2562 685 et
2599 627 2653 683 in
2679 643 2815 699 qua,
2845 637 2901 685 et
2941 644 3038 700 per
3064 644 3252 699 quam,
3282 638 3340 687 et
3364 632 3433 687 ad
3457 645 3622 701 quam
3652 630 3830 688 omnia

2244 729 2411 787 sunt,
2441 730 2498 778 et
2543 721 2716 792 ipsius
2743 737 2945 779 causae
2983 719 3263 790 informis,
3295 722 3414 780 dico
3449 732 3632 782 autem
3665 730 3835 780 male.

2246 812 2381 879 riae,
2418 828 2562 882 quae
2589 814 2657 868 ad
2683 814 2789 870 boc
2834 808 3019 870 creata
3069 821 3172 880 est,
3222 822 3280 868 ut
3326 829 3415 880 ea,
3460 827 3602 885 quae
3648 828 3745 887 per
3775 828 3835 868 se

2245 906 2493 961 sensibus
2522 905 2713 976 attingi
2742 921 2850 962 non
2884 892 3107 975 possent
3134 904 3201 973 ",
3230 905 3467 985 quodam
3494 907 3652 963 modo
3685 904 3833 963 inca

2247 995 2575 1051 sensibiliter
2624 1003 2923 1067 appareant
2969 996 3051 1062 ’°,
3098 1011 3132 1053 e
3175 996 3448 1065 contrario
3494 996 3830 1068 intelligitur.

2247 1084 2383 1141 Nam
2405 1102 2616 1142 summa
2638 1087 2881 1143 omnium
2903 1102 3067 1145 causa
3091 1104 3187 1159 per
3203 1087 3577 1147 excellentiam.
3593 1088 3833 1145 omnium

2247 1175 2547 1233 formarum
2573 1178 2872 1248 ﬁniumque
2896 1177 3147 1235 informis
3167 1188 3253 1236 est
3275 1188 3438 1250 atque
3467 1178 3693 1235 inﬁnita.
3716 1177 3833 1234 Non

2249 1269 2395 1326 enim
2422 1268 2761 1326 solummodo
2795 1270 2970 1327 forma
2990 1270 3236 1329 omnium
3265 1278 3351 1327 est
3385 1269 3719 1343 principalis,
3743 1260 3837 1325 sed

2249 1359 2533 1431 plusquam
2558 1359 2755 1427 forma,
2770 1376 2986 1416 omnem
3008 1360 3243 1418 formam
3267 1375 3554 1432 superans,
3575 1372 3839 1429 omneque

2248 1451 2536 1508 formabile
2565 1460 2622 1508 et
2655 1451 2996 1509 informabile
3028 1452 3295 1510 formans.
3345 1451 3484 1513 Nam
3526 1460 3586 1507 et
3629 1463 3836 1513 eorum,

2250 1558 2389 1614 quae
2418 1542 2643 1599 formari
2672 1550 2900 1614 possunt
2915 1543 2985 1610 “,
3000 1541 3173 1599 forma
3201 1551 3310 1611 est,
3324 1541 3584 1613 quoniam
3606 1546 3841 1613 eamaut

2251 1645 2533 1710 appetunt,
2559 1647 2655 1693 aut
2686 1639 2755 1694 ad
2785 1653 2907 1696 eam
2934 1646 3344 1695 convertuntur.
3372 1636 3441 1692 Et
3463 1650 3673 1701 eorum,
3700 1647 3842 1706 quae

548 1733 619 1787 Ex
665 1734 894 1788 aliorum
942 1748 1170 1804 persona
1194 1774 1210 1799 ,
1241 1733 1336 1802 qui
1384 1748 1491 1789 non
1528 1733 1802 1789 immerito
1838 1732 1907 1789 de
1946 1733 2143 1790 talibus
2174 1719 2220 1779 Β
2249 1729 2473 1786 formari
2514 1738 2828 1802 nequeunt,
2867 1737 3092 1801 propter
3120 1743 3253 1785 suae
3283 1725 3654 1784 excellentiam
3683 1731 3842 1779 natue

548 1833 642 1879 aut
667 1824 957 1888 haesitant,
990 1834 1083 1880 aut
1110 1824 1326 1896 penitus
1356 1825 1641 1897 ignorant,
1673 1826 1808 1881 baec
1837 1839 2143 1896 proponere

549 1917 764 1983 curavi;
795 1924 847 1972 et
876 1916 1141 1987 meipsum
1166 1930 1273 1971 non
1294 1916 1474 1973 adhuc
1499 1924 1682 1972 tantae
1705 1916 1958 1987 puritatis
1981 1916 2037 1971 in
2059 1915 2144 1972 bis

548 2021 671 2063 esse
709 2007 901 2073 video,
946 2015 1007 2061 ut
1029 2005 1143 2074 iam
1182 2006 1259 2063 nil
1296 2007 1316 2037 ⁵
1369 2006 1597 2076 amplius
1635 2006 1699 2061 de
1727 2006 1809 2063 eis
1849 2006 2140 2077 inquiram.

557 2099 697 2156 Mss.
726 2099 999 2159 Utendum
1026 2099 1191 2171 igitur
1216 2107 1302 2159 est
1342 2098 1386 2164 ⁸,
1410 2106 1472 2154 ιιι
1497 2098 1710 2169 opinor,
1737 2098 1945 2154 ratione
1969 2107 2026 2155 et
2047 2114 2144 2155 au-

549 2190 833 2257 ctoritate,
858 2197 920 2244 ut
962 2189 1100 2247 haec
1139 2188 1206 2243 ad
1230 2204 1429 2260 purum
1470 2188 1789 2259 dignoscere
1819 2189 2020 2246 valeas.
2045 2188 2142 2246 His

547 2279 695 2335 enim
731 2278 942 2335 duobus
983 2288 1096 2336 tcta
1126 2279 1299 2334 virtus
1330 2277 1685 2335 inveniendae
1727 2293 1910 2335 rerum
1937 2279 2139 2335 verita-

548 2373 620 2432 tis
652 2371 1027 2429 constituitur.
1071 2370 1222 2427 Disc.
1255 2370 1527 2427 Utendum
1566 2383 1717 2426 sane.
1752 2369 1898 2428 Haec
1931 2371 2076 2427 enim
2110 2386 2143 2426 a

550 2461 737 2519 multis
763 2462 1009 2533 quaesita
1056 2470 1217 2529 sunt,
1269 2461 1458 2533 paucis
1477 2461 1497 2494 ⁷
1523 2475 1653 2518 vero
1678 2462 1699 2494 ⁸
1731 2471 1966 2533 reperta.
2000 2462 2139 2520 Mss.

550 2548 649 2607 Dic
677 2552 857 2624 itaque
872 2594 887 2620 ,
910 2553 1041 2626 quid
1068 2552 1167 2612 tibi
1187 2552 1400 2610 videtur
1424 2553 1491 2609 de
1514 2552 1630 2624 ipsa
1665 2554 1921 2619 materia,
1951 2568 2017 2609 ex
2040 2569 2145 2624 qua

547 2642 782 2701 formata
817 2659 1045 2718 corpora
1086 2646 1255 2713 fiunt,
1284 2660 1413 2701 num
1438 2643 1459 2674 ’
1490 2659 1589 2716 per
1614 2656 1697 2711 se,
1724 2644 1850 2700 dum
1877 2644 1949 2700 sit
1978 2644 2147 2700 infor-

544 2734 678 2802 mis,
700 2750 864 2792 sensu
894 2751 961 2792 an
995 2737 1214 2794 ratione
1234 2735 1642 2793 consideratur?
1668 2737 1817 2792 Disc.
1845 2736 2077 2794 Ratione
2102 2736 2145 2768 ¹⁰

547 2825 829 2897 profecto;
862 2843 969 2883 non
995 2828 1143 2885 enim
1174 2826 1348 2887 audeo
1372 2826 1556 2884 dicere
1585 2841 1769 2884 sensu.
1806 2826 1943 2883 Nam
1975 2836 2148 2907 male.

548 2918 633 2974 ria
658 2919 834 2977 forma
863 2936 1058 2980 carens
1079 2921 1229 2979 nullo
1249 2936 1412 2978 sensu
1436 2935 1700 2992 corporeo
1726 2929 1906 2991 potest
1933 2920 2143 2993 attingi.

549 3010 691 3068 Mss.
717 3011 886 3070 Recte
911 3014 1259 3085 respondisti.
1295 3013 1402 3070 Sed
1426 3014 1581 3080 vide,
1612 3028 1679 3069 ne
1707 3013 1909 3070 diutius
1936 3014 2005 3070 de
2033 3013 2141 3078 bis,

547 3116 688 3172 quae
715 3118 860 3161 nunc
890 3105 1268 3176 assttmpseris,
1301 3105 1499 3160 iterum
1533 3121 1635 3161 nos
1659 3089 1980 3177 interroges.
2006 3103 2143 3159 Nam

548 3193 603 3250 in
630 3195 827 3253 talibus
853 3197 1081 3253 nimium
1105 3212 1384 3254 moramur
1405 3197 1475 3263 ",
1500 3213 1624 3255 cum
1650 3197 1844 3253 altiora
1868 3198 1938 3253 ad
1964 3197 2143 3254 consi-

545 3270 887 3344 derationem
912 3288 996 3345 sui
1025 3302 1125 3345 nos
1150 3288 1401 3344 invitent.
1434 3286 1580 3343 Dtse.
1605 3286 1683 3343 De
1706 3288 1812 3354 his,
1837 3302 1976 3356 quae
1999 3286 2145 3343 nunc

548 3376 825 3435 internos
868 3393 1006 3449 puro
1035 3380 1233 3447 mentis
1274 3378 1472 3434 intuitu
1501 3377 1703 3434 fuerint
1740 3379 1980 3448 deﬁnita,
2015 3395 2142 3447 non,

545 3476 609 3523 ut
652 3468 1204 3535 arbitror,_ulterius
1249 3469 1542 3527 sollicitum
1590 3479 1642 3525 te
1692 3469 1910 3526 faciam.
1959 3470 2036 3527 De
2079 3487 2143 3529 eo

549 3565 728 3615 autem
759 3558 905 3628 quod
948 3559 1167 3625 dixisti,
1198 3560 1390 3616 altiora
1437 3563 1505 3616 ad
1545 3562 2003 3618 considerandum
2043 3578 2146 3620 nos

549 3649 804 3715 invitant,
832 3650 1020 3704 mirari
1048 3666 1157 3711 non
1184 3653 1397 3708 desino.
1429 3652 1568 3720 Quid
1598 3654 1742 3708 enim
1773 3653 1934 3711 altius
1959 3655 2032 3710 sit
2056 3671 2144 3711 ra-

553 3741 704 3797 tione
751 3740 1203 3797 considerandum
1249 3752 1372 3813 post
1411 3744 1601 3810 Deum,
1642 3758 1803 3814 quam
1831 3746 1872 3778 "
1899 3728 2144 3802 informis

552 3830 807 3895 materia,
830 3845 939 3886 non
962 3831 1140 3899 video,
1164 3833 1301 3891 dum.
1321 3833 1621 3902 quaeritur,
1635 3832 1763 3903 quid
1794 3835 1865 3890 sit
1891 3836 2142 3903 materia,

550 3923 679 3993 quid
724 3922 894 3979 forma
917 3965 933 3991 ,
958 3925 1091 3995 quid
1130 3940 1198 3982 ex
1250 3927 1474 3982 materia
1513 3926 1795 3997 formaque
1837 3927 2141 3995 conﬁcitur,

548 4019 690 4073 unde
716 4011 976 4083 materia,
1006 4033 1134 4073 num
1163 4019 1306 4075 inter
1345 4019 1722 4088 primordiales
1749 4036 1962 4087 causas,
2003 4036 2144 4091 quae

547 4107 842 4177 primitusa
858 4109 968 4166 Deo
987 4108 1029 4139 ⁸³
1054 4109 1304 4166 conditae
1332 4116 1480 4176 sunt,
1501 4113 1937 4183 connumeranda
1962 4114 2144 4179 sit,an

547 4198 711 4257 etiam
744 4197 787 4230 “
817 4207 961 4257 mter
989 4209 1279 4271 sequentes
1305 4216 1502 4258 causas
1521 4241 1538 4268 ,
1565 4217 1706 4273 quae
1728 4216 1795 4258 ex
1819 4204 2147 4274 primordia-

548 4286 688 4344 libus
722 4300 1052 4358 nascuntur;
1085 4308 1211 4347 num
1251 4292 1305 4347 in
1347 4291 1456 4357 liis,
1491 4306 1631 4361 quam
1653 4294 1904 4349 sensibus
1935 4293 2142 4349 incum-

548 4374 682 4432 bunt
716 4379 781 4443 ιδ,
812 4394 880 4434 an
908 4381 963 4434 in
1000 4381 1105 4445 his,
1136 4397 1275 4451 quae
1314 4380 1608 4436 intellectui
1641 4381 1706 4447 ",
1737 4382 2136 4453 computanda;

547 4473 603 4520 et
638 4477 816 4520 utrum
847 4468 1058 4522 deﬁniri
1092 4469 1293 4538 possit,
1322 4470 1446 4526 dum
1477 4469 1653 4527 adhuc
1680 4470 1888 4529 inﬁnita
1920 4479 2032 4537 est;
2067 4487 2137 4526 an

547 4556 710 4610 etiam
758 4556 969 4611 inﬁnita
1011 4560 1221 4615 deliniri
1251 4570 1465 4631 potest;
1507 4561 1650 4632 quod
1682 4562 1881 4618 rationi
1919 4562 2138 4618 videtur

551 4646 835 4712 resistere,
879 4663 999 4702 cum
1032 4665 1062 4702 a
1104 4653 1307 4708 sanctis
1332 4652 1585 4710 Patribus
1624 4654 1693 4710 ad
1732 4670 1927 4725 purum
1970 4657 2139 4713 dedu-

547 4742 697 4790 ctum
729 4737 831 4801 sit,
877 4737 983 4803 duo
1019 4739 1355 4799 solummodo
1397 4757 1552 4809 esse,
1595 4760 1735 4814 quae
1783 4747 1926 4802 nullo
1974 4747 2136 4805 modo

546 4826 757 4894 possint
797 4827 1047 4892 deﬁniri,
1100 4827 1267 4883 Deum
1315 4832 1565 4888 videlicet
1617 4844 1779 4906 atque
1824 4840 2130 4895 materiam.

548 4915 691 4977 Deus
739 4917 1007 4989 siquidem
1056 4920 1300 4978 inﬁnitus
1347 4922 1741 4994 informisque,
1797 4931 2051 4996 quoniam
2099 4947 2130 4987 a

548 5005 694 5063 nullo
736 5006 1039 5078 formatur,
1084 5012 1210 5067 dum
1259 5012 1332 5071 sit
1379 5012 1552 5070 forma
1596 5017 1858 5081 omnium.
1909 5018 2131 5078 Materia

2166 4430 2219 4491 D

2248 1840 2361 1890 rae,
2386 1825 2798 1896 proximamque
2819 1826 2892 1892 ei,
2916 1824 3171 1881 videlicet
3188 1838 3406 1889 causae,
3431 1818 3840 1879 similitudinem

2246 1918 2554 1975 informitas
2574 1928 2678 1975 est.
2704 1916 2986 1988 Siquidem
3009 1917 3125 1988 ipsa
3150 1914 3457 1972 informitas
3473 1927 3683 1979 eorum,
3703 1923 3841 1983 quae

2247 2007 2611 2066 informabilia
2640 2016 2768 2065 sunt
2789 2049 2804 2075 ,
2846 2022 2955 2064 non
2994 2007 3117 2064 ideo
3158 2007 3363 2065 dicitur
3398 2005 3752 2071 'informitas,
3781 2010 3842 2059 ut

2243 2103 2390 2159 omni
2419 2102 2593 2159 forma
2625 2102 2841 2174 careatj,
2870 2099 2966 2157 sed
2996 2101 3124 2173 quia
3153 2116 3373 2159 omnem
3402 2099 3636 2159 formam
3660 2096 3839 2161 sensi-

2245 2193 2407 2250 bilem
2454 2191 2954 2265 intelligibilemque
3002 2192 3450 2264 superascendat.
3496 2190 3677 2262 Atque
3718 2189 3842 2251 ideo

2246 2283 2361 2352 ipsa
2386 2284 2629 2339 omnium
2654 2290 2819 2338 causa
2842 2290 2901 2338 et
2929 2280 3136 2338 ﬁrmari
3163 2290 3221 2338 et
3246 2281 3435 2354 negari
3460 2280 3635 2347 solet,
3663 2279 3744 2336 uti
3771 2279 3841 2335 de

2244 2389 2310 2428 ea
2339 2373 2419 2429 sic
2444 2372 2678 2438 dicatur,
2707 2371 2882 2427 forma
2913 2378 3033 2437 est,
3063 2370 3238 2427 forma
3263 2386 3371 2427 non
3400 2377 3507 2436 est,
3530 2367 3840 2425 iuformitas

2247 2472 2354 2531 est,
2385 2463 2695 2520 informitas
2718 2476 2829 2519 non
2855 2471 2960 2519 est.
2988 2460 3263 2533 Quicquid
3280 2461 3427 2517 enim
3450 2461 3518 2517 de
3544 2460 3661 2535 ipsa
3682 2473 3842 2531 prae-

2246 2558 2482 2623 dicatur,
2505 2563 2563 2613 et
2584 2553 2791 2612 ﬁrmari
2813 2561 2869 2609 et
2895 2552 3085 2625 negari
3103 2558 3304 2624 potest,
3328 2551 3456 2623 quia
3478 2565 3641 2623 super
3655 2563 3836 2614 omne,

2248 2647 2392 2720 quod
2429 2646 2627 2703 dicitur
2665 2653 2723 2700 et
2753 2643 3078 2716 intelligitur
3112 2651 3168 2700 et
3209 2657 3319 2700 non
3362 2641 3704 2717 intelligitur,
3731 2648 3836 2699 est.

2248 2740 2475 2797 Materia
2517 2752 2649 2794 vero
2701 2735 2953 2793 informis
2992 2744 3223 2793 vocatur
3265 2750 3365 2806 per
3406 2733 3764 2805 privationem
3791 2731 3840 2762 ³²

2246 2831 2494 2890 omnium
2524 2829 2845 2886 formarum.
2870 2826 2955 2884 Ab
2978 2842 3044 2884 ea
3061 2886 3067 2893 ,
3082 2825 3355 2899 siquidem
3383 2825 3519 2882 nihil
3549 2823 3840 2890 formatur,

2248 2921 2345 2979 sed
2371 2922 2615 2979 diversas
2643 2919 3174 2988 innumerabilesque
3209 2917 3406 2987 recipit
3441 2915 3665 2972 formas.
3694 2914 3837 2983 Illae.

2248 3010 2365 3068 Non
2396 3011 2555 3082 longe
2580 3008 2752 3066 distas
2787 3023 2821 3065 a
2857 3023 3008 3065 vero.
3034 3007 3175 3063 Num
3210 3007 3377 3078 igitur
3405 3005 3636 3065 materia
3675 3003 3840 3061 infor-

2247 3103 2374 3169 mis,
2389 3100 2644 3173 quoniam
2669 3099 2789 3156 solo
2809 3100 3008 3156 mentis
3020 3098 3198 3166 oculo,
3225 3098 3440 3159 ratione
3462 3098 3607 3165 dico,
3630 3097 3840 3169 perspi-

2246 3195 2423 3261 citur,
2482 3193 2794 3250 neeessario
2850 3207 2973 3259 eam
3027 3191 3406 3264 incorpOream
3462 3203 3586 3247 esse
3643 3204 3838 3260 seque-

2246 3285 2378 3341 tur?
2425 3285 2573 3341 Dtsc.
2630 3283 2710 3340 Ne
2766 3285 2879 3341 hoc.
2925 3284 3147 3356 quidem
3204 3297 3417 3356 negare.
3452 3283 3646 3347 ausim.
3688 3282 3833 3339 Μια.

2245 3377 2413 3451 igitur
2473 3378 2790 3449 incorporea
2848 3385 2953 3433 est.
3018 3377 3167 3435 DISC.
3222 3375 3320 3432 Est
3375 3375 3624 3448 quidem;
3685 3389 3836 3431 meo-

2244 3485 2353 3542 que
2392 3469 2599 3540 judicio
2632 3469 2945 3525 conclusum
2973 3483 3060 3526 me
3097 3482 3220 3526 esse
3256 3463 3434 3526 video.
3475 3467 3616 3523 Μλίι.
3641 3466 3831 3534 Visne,

2245 3563 2351 3620 hoc
2387 3562 2713 3618 auctoritate
2740 3560 3026 3619 roborari?
3077 3561 3222 3617 DISC.
3268 3559 3469 3629 Valde;
3501 3567 3577 3626 et,
3599 3564 3685 3629 {ut
3715 3558 3834 3626 ﬁat,

2245 3667 2429 3725 posco.
3076 3648 3086 3655 ’
3490 3667 3506 3672 ε

2316 3744 2406 3800 57.
2437 3743 2576 3801 MAG.
2606 3742 2802 3800 Multos
2830 3742 2898 3800 de
2930 3742 3159 3817 materia
3189 3744 3499 3814 disputasse
3536 3740 3834 3812 reperimus

2245 3843 2301 3888 et
2342 3835 2682 3899 mundanae,
2727 3841 2784 3888 et
2829 3832 3044 3889 divinae
3091 3833 3313 3905 sophiae
3354 3832 3689 3902 peritorum;
3738 3830 3833 3887 sed

2245 3939 2540 3996 paucorum
2568 3924 2882 3982 testimonio
2908 3924 2987 3979 uti
3010 3932 3095 3980 sat
3116 3933 3219 3980 est.
3246 3923 3478 3980 Sanctus
3501 3922 3835 3992 Augustinus

2246 4019 2301 4074 in
2345 4020 2498 4075 libris
2528 4018 2938 4075 Confessionum
2986 4017 3271 4088 informem
3313 4015 3588 4071 materiem
3631 4013 3678 4045 ³³
3721 4028 3832 4071 esse

2244 4112 2443 4168 asserit
2468 4110 2866 4166 mutabilitatem
2897 4108 2944 4141 “
2982 4124 3157 4165 rerum
3195 4105 3561 4172 mutabilium,
3600 4104 3833 4160 omnium

2244 4202 2537 4272 formarum
2584 4217 2847 4272 capacem.
2900 4198 3001 4255 Cui
3047 4197 3291 4254 assentit-
3325 4195 3479 4254 Plato
3524 4195 3581 4252 in
3622 4193 3830 4257 Timeo.

2244 4295 2494 4351 similiter
2522 4294 2800 4364 informem
2842 4291 3118 4349 materiam
3163 4306 3278 4344 esse
3314 4289 3500 4344 dicens
3542 4285 3831 4356 formarum

2244 4386 2608 4456 capacitatem.
2658 4383 2755 4438 His
2796 4381 3061 4439 ambobus
3106 4380 3326 4443 sibimet
3372 4376 3832 4435 consentientibus

2245 4485 2424 4546 potest
2462 4476 2542 4532 sic
2582 4476 2689 4531 dici
2719 4483 2775 4531 et
2805 4473 3020 4533 deﬁniri
3050 4490 3063 4527 :
3098 4471 3427 4527 Mutabilitas
3455 4486 3631 4525 rerum
3658 4475 3838 4523 muta-

2246 4567 2429 4621 bilium
2474 4583 2645 4637 capax
2694 4566 2927 4621 omnium
2974 4564 3267 4634 formarum
3314 4560 3556 4630 informis
3606 4558 3830 4612 materia

2244 4668 2340 4712 est.
2385 4656 2616 4713 Sanctus
2644 4655 2930 4725 Dionysius
2963 4652 3285 4723 Areopagita
3320 4650 3375 4706 in
3404 4648 3543 4704 libro
3576 4646 3624 4677 "
3652 4646 3719 4701 de
3746 4644 3832 4698 di—

2244 4747 2383 4803 vinis
2410 4746 2731 4802 Nominibus
2769 4743 3054 4801 materiam
3080 4742 3209 4799 dicit
3235 4754 3355 4796 esse
3384 4747 3598 4791 ornatus
3637 4742 3685 4789 et
3716 4732 3830 4802 [or-

2243 4856 2358 4894 mae
2386 4849 2433 4893 et
2470 4838 2657 4909 speciei
2688 4837 3159 4907 participationem,
3198 4831 3385 4903 quibus
3415 4827 3527 4883 sine
3556 4826 3602 4857 ⁸⁸
3626 4841 3719 4896 per
3771 4839 3827 4878 se

2237 4931 2479 5002 informis
2509 4942 2585 4987 est
2610 4932 2653 4962 ³⁷
2681 4927 2935 4998 materia,
2953 4939 3001 4984 et
3031 4930 3087 4983 in
3110 4925 3254 4983 nullo
3280 4921 3499 4992 intelligi
3532 4927 3715 4992 potest.
3749 4916 3831 4972 Ac

2240 5022 2321 5079 sic
2358 5023 2652 5083 secundum
2696 5020 3010 5092 Dionysium
3051 5024 3230 5090 potest
3268 5012 3467 5085 colligi.
3504 5013 3564 5073 Si
3598 5007 3827 5081 materia

1831 5153 2083 5210 VARIAE
2123 5155 2526 5215 LECTI‘ONES.

624 5257 784 5356 ipf“
816 5260 1157 5356 1?.0“.._&“;.
1218 5261 1599 5356 3_§‘°=
1641 5264 1687 5356 ἐι
1711 5268 1930 5356 ,εθεοιω
2008 5272 2030 5356 2
2070 5270 2164 5356 §ic
2201 5272 2326 5356 PE;
2354 5273 2400 5328 Α
2429 5289 2605 5356 ,ηυττεν
2644 5273 2685 5328 C
2721 5288 2911 5356 quam:
2980 5271 3003 5304 ⁸
3042 5271 3133 5329 Sic
3161 5268 3394 5356 οθὲειὶ
3432 5264 3826 5356 ιὀεείιτῖεέο

549 5329 671 5407 ρΕέ
713 5331 757 5407 ,ξι
819 5329 895 5407 nil
943 5331 1158 5407 jam_,_(‘.
1186 5333 1324 5407 iam
1363 5333 1535 5407 nihil.
1588 5329 1593 5331 “
1641 5335 1662 5367 ⁸
1697 5329 1908 5407 Α”ςδδιλ

2009 5344 2029 5374 ⁷
2069 5343 2177 5415 Sic_
2197 5343 2359 5409 CDE;
2414 5343 2526 5399 A’a
2586 5343 2793 5415 paucis.

2891 5344 2914 5375 ⁸
2953 5359 3070 5399 vero
3105 5358 3217 5398 om.
3256 5340 3319 5394 D.
3361 5339 3383 5370 ’
3422 5335 3547 5393 nam
3597 5353 3705 5393 om.
3756 5335 3823 5390 Α.

711 5398 910 5482 Ratio_._
1048 5398 1296 5482 δῖα-ρΕή
1430 5420 1491 5482 tte
1520 5407 1569 5482 ᾇ.
1619 5414 1658 5482 t.
1715 5398 1796 5482 η.⁴
1827 5426 2107 5466 moremur.
2149 5411 2194 5467 D
2232 5398 2371 5467 nant.
2414 5398 2459 5469 ἰ.
2502 5424 2541 5468 t.
2587 5398 2673 5468 ἠ.
2704 5398 2995 5469 moremur.
3067 5413 3168 5468 “C
3201 5409 3472 5482 quoniam.
3516 5405 3823 5482 j’Aggleg.

553 5470 596 5501 “
628 5471 673 5521 Α
722 5482 787 5525 et.
870 5473 912 5505 ”
949 5472 1041 5527 Sic
1074 5470 1289 5529 ACDE.’
1354 5475 1396 5510 ¹⁶
1435 5476 1478 5528 Α
1513 5476 1875 5534 intellectibus.

1974 5483 2020 5514 "
2045 5484 2101 5541 ,Α
2136 5494 2184 5537 et
2241 5485 2470 5539 inﬁnita.

2584 5485 2625 5516 ιε
2662 5485 2753 5540 Sic
2807 5484 2972 5549 eos;
3010 5485 3053 5538 Α
3097 5476 3347 5553 romam.
3428 5478 3469 5553 {9
3512 5476 3602 5533 Sic
3656 5476 3822 5553 aps;

620 5551 867 5625 ξιξιξξξξιίηι.
924 5544 1073 5625 1°
1112 5556 1440 5625 apparerent.
1517 5547 1694 5625 ἰβ
1733 5549 1894 5625 Citii};
1936 5552 1991 5625 Α
2014 5539 2233 5609 formari
2269 5566 2314 5609 et
2353 5556 2583 5623 formare
2617 5539 2864 5625 poSsunt.
2942 5539 2989 5589 ³³
3028 5556 3071 5609 D
3097 5539 3632 5625 'praqartcmionemt
3705 5546 3756 5625 ’ξ
3781 5544 3825 5599 Α

553 5614 875 5697 εξτζξῗζέσηξ,
924 5614 1096 5697 "Sic
1135 5616 1254 5697 Af);
1296 5616 1382 5670 ωε
1418 5616 1734 5672 mutabilem.
1816 5614 1941 5677 ἰιι
1975 5624 2139 5681 libris.
2216 5626 2263 5657 ιε
2291 5614 2381 5683 Sic
2413 5626 2536 5692 cn;
2572 5614 2633 5680 Α·
2653 5627 2765 5683 sine
2790 5628 2999 5697 quibus;
3042 5626 3083 5680 ι)
3108 5614 3306 5695 'quii'us
3368 5633 3461 5690 per
3502 5633 3558 5673 se
3586 5618 3701 5673 sine
3737 5616 3824 5669 εισ-

450 5727 459 5733 .
554 5673 758 5744 (armis.
833 5680 875 5712 ⁸⁷
917 5693 990 5736 est
1025 5698 1134 5736 cm.
1175 5687 1239 5738 A.
