4194 6276
339 272 434 331 501

1229 267 1697 333 ΒΕ.1)Ν181οΝΕ
1735 267 2087 327 NATUBAE.
2147 297 2192 310 -
2229 268 2432 324 LIBER
2465 268 2742 326 PRIMUS.

3494 267 3601 326 50!

337 396 422 447 est
446 395 674 447 ornatus
703 395 760 446 et
787 387 993 448 formae
1029 397 1084 446 et
1120 391 1318 460 speciei
1354 392 1730 463 participatio,
1767 391 1907 463 quod
1935 391 1990 454 Δ
2013 391 2191 447 Patris
2223 390 2419 456 Verbo,
2451 392 2627 449 omnis
2660 391 2859 458 forma,
2887 388 3001 447 sive
3041 382 3442 450 substantialis,
3487 382 3589 438 sivt

335 489 558 537 ornatus
607 488 664 537 et
710 480 917 538 formae
962 492 1017 539 et
1050 483 1247 557 speciei
1287 485 1700 554 participatione
1747 492 1914 551 caret,

335 571 567 628 materia
595 587 701 627 non
728 580 842 639 est,
881 572 976 628 sed
1005 572 1266 643 quaedam
1299 572 1626 629 informitas.
1656 571 1783 628 Sive
1816 573 1918 628 ita-

335 676 442 733 que
479 662 727 720 informis
753 665 977 719 materia
1006 665 1338 721 niutabiiitas
1379 666 1452 721 sit
1495 664 1790 721 formarum
1827 680 1918 721 ca-

333 769 438 825 pax
484 755 780 811 secundum
833 756 1188 827 Augustinum
1229 767 1393 829 atque
1440 758 1753 824 Platonem,
1801 757 1918 813 sive

334 845 636 902 informitas
682 847 968 917 quaedam,
1020 848 1255 919 speciei,
1302 847 1540 913 formae,
1581 857 1916 920 ornatusque

331 932 738 1004 participatione
804 951 1000 992 carens
1049 939 1347 993 secundum
1409 932 1720 1010 Dionysium
1746 980 1761 1005 ,
1806 954 1914 994 non

331 1024 567 1095 negabis,
591 1034 652 1080 ut
675 1026 934 1092 arbitror,
957 1027 1003 1082 si
1026 1028 1257 1097 quodam
1285 1029 1445 1084 modo
1472 1029 1692 1101 intelligi
1716 1039 1913 1100 potest,

329 1127 433 1167 non
471 1114 488 1145 ⁸
520 1112 629 1169 nisi
658 1113 773 1170 solo
799 1114 1076 1170 intellectu
1104 1117 1329 1186 percipi.
1363 1117 1511 1173 Disc.
1545 1117 1664 1173 iam
1715 1118 1913 1173 dudum

327 1205 430 1260 hoc
463 1205 791 1271 inconcusse
839 1206 982 1262 dedi.
1023 1206 1163 1263 MAG.
1211 1208 1387 1276 Quid?
1433 1208 1609 1279 ipsam
1657 1209 1912 1279 speciem,

328 1295 693 1366 formamque,
719 1304 1098 1377 ornatumque,
1132 1313 1363 1369 quorum
1393 1299 1803 1370 participatione
1832 1299 1917 1354 in-

329 1387 580 1444 formitas
608 1386 698 1443 illa
730 1389 1004 1458 p‘raedicta
1036 1405 1129 1445 seu
1173 1391 1506 1447 mutabilitas
1536 1392 1591 1447 in
1630 1392 1914 1448 materiam

330 1480 585 1545 vertitur,
613 1489 846 1551 putasne
870 1481 1027 1536 aliter
1048 1481 1150 1536 nisi
1178 1483 1381 1539 mentis
1402 1484 1644 1543 contuitu
1665 1484 1917 1539 conside-

331 1569 480 1623 rari?
514 1569 657 1625 Dtsc.
688 1568 846 1625 Nullo
871 1570 1060 1636 modo;
1110 1586 1236 1626 nam
1279 1572 1347 1628 de
1392 1571 1565 1628 forma
1612 1581 1669 1629 et
1713 1573 1913 1643 specie,

327 1660 445 1713 sine
468 1660 664 1728 quibus
696 1659 876 1716 nullus
905 1668 1129 1717 ornatus
1170 1662 1287 1718 lleri
1334 1670 1544 1734 potest,
1574 1664 1796 1720 omnino
1824 1664 1910 1719 in-

2021 497 2160 552 quae
2187 495 2250 536 ex
2284 480 2545 553 qualitate
2589 480 2904 547 assumitur,
2934 479 3304 547 materiaeque
3350 470 3603 541 adjuncta

2021 587 2218 642 corpus
2244 580 2495 643 generat,
2528 578 2711 627 creata
2740 578 2844 626 est.
2891 568 2974 624 Ab
3007 569 3124 639 ipsa
3166 579 3380 637 quoque
3425 563 3603 618 omnis

2021 664 2347 720 informitas.
2372 662 2483 720 Nec
2510 663 2732 731 mirum,
2758 676 2825 717 ex
2855 661 3072 735 informi
3100 658 3273 714 forma
3297 671 3397 727 per
3421 652 3602 711 excel-

2018 755 2242 811 lentiam
2275 754 2690 818 informitatem,
2724 768 2865 824 quae
2906 760 2990 808 est
3021 750 3318 807 formarum
3359 745 3603 802 omnium

2017 845 2274 917 privatio,
2301 845 2572 901 conditam
2602 844 2716 899 ﬁeri
2740 884 2755 910 ,
2789 843 3005 914 quando
3038 839 3254 913 quidem
3285 852 3393 894 non
3428 835 3600 892 solum

2018 948 2353 1005 monogena,
2395 936 2491 991 sed
2537 935 2704 990 etiam
2735 934 2759 968 ⁸
2786 934 3111 1004 heterogena
3136 971 3151 998 ,
3191 929 3296 986 hoc
3332 936 3421 986 est
3446 968 3461 994 ,
3495 941 3599 982 non

2017 1027 2190 1082 solum
2219 1041 2359 1097 quae
2389 1036 2517 1082 sunt
2562 1026 2740 1089 unius,
2794 1025 2889 1081 sed
2927 1025 3092 1080 etiam
3119 1021 3142 1054 ⁸
3181 1034 3321 1092 quae
3362 1026 3489 1075 sunt
3521 1017 3601 1073 di-

2014 1116 2159 1171 versi
2199 1116 2447 1186 generis,
2485 1123 2541 1171 et
2568 1130 2674 1171 non
2704 1113 2878 1169 solum
2905 1128 3042 1183 quae
3079 1127 3178 1184 per
3205 1109 3601 1173 excellentiam,

2017 1207 2115 1263 sed
2163 1207 2331 1262 etiam
2355 1208 2375 1239 "
2406 1220 2546 1276 quae
2580 1220 2679 1278 per
2701 1204 3065 1277 privationem
3094 1202 3346 1259 dicuntur
3370 1197 3489 1257 esse
3515 1194 3600 1254 vel

2016 1312 2122 1354 non
2146 1313 2285 1364 esse,
2317 1299 2385 1355 ab
2409 1300 2599 1355 eodem
2628 1297 2778 1355 fonte
2799 1298 3037 1354 omnium
3060 1302 3300 1350 manant.
3333 1291 3471 1360 Quid
3499 1292 3601 1363 igi-

2017 1392 2138 1445 tur?
2166 1390 2304 1446 Num
2331 1391 2444 1463 jam
2472 1390 2567 1447 tibi
2596 1390 2744 1447 clare
2798 1390 2960 1457 lucet,
2998 1402 3107 1445 non
3145 1387 3263 1444 sine
3288 1385 3310 1418 ⁸
3339 1386 3545 1440 ratione
3570 1398 3601 1438 a

2015 1484 2173 1539 nobis
2194 1482 2398 1539 dictum
2426 1496 2570 1549 esse,
2595 1497 2661 1537 ex
2690 1481 3048 1537 accidentium
3076 1494 3344 1536 concursu
3373 1490 3599 1547 corpora

2017 1570 2171 1637 fieri,
2212 1571 2591 1627 auctoritatem
2621 1570 2793 1627 sancti
2834 1569 3080 1642 Gregorii
3118 1567 3342 1641 Nyssaei
3372 1579 3602 1637 sequen-

2015 1667 2161 1723 tibus
2199 1665 2242 1733 ',
2276 1680 2398 1722 cum
2451 1664 2637 1720 videas
2680 1664 2834 1731 alios,
2882 1664 2995 1720 sive
3035 1677 3280 1734 graecos,
3316 1661 3430 1716 sive
3475 1660 3602 1713 lati-

323 1762 583 1819 corporea
612 1762 732 1807 esse
759 1751 1056 1823 praedictis
1086 1754 1408 1821 rationibus,
1441 1755 1573 1810 satis
1597 1761 1910 1811 estactum.
1944 1746 1992 1807 B
2018 1776 2118 1817 nos
2163 1770 2448 1826 auctores,
2493 1773 2561 1815 ex
2608 1756 3036 1829 incorporalibus
3084 1769 3326 1812 asserere
3371 1766 3594 1823 corpora

322 1838 650 1897 hinc.er
691 1841 879 1914 itaque
899 1844 1086 1911 vides,
1128 1860 1196 1900 ex
1240 1846 1616 1916 incorporeis,
1665 1844 1913 1901 mutabili

321 1933 949 1992 videiicet‘informitate
985 1935 1284 1994 formarum
1329 1939 1547 2009 quidem
1590 1940 1807 2010 capaci,
1844 1952 1914 1995 ex

324 2025 546 2097 ipsaque
580 2023 766 2082 forma
818 2027 1086 2098 quoddam
1112 2042 1454 2099 corporeum,
1484 2031 1767 2084 materiam
1792 2030 1914 2085 dico

322 2132 644 2190 corpusque,
678 2121 876 2179 creari.
901 2122 1045 2181 Drsc.
1075 2123 1246 2181 Plane
1268 2124 1449 2181 video.
1474 2123 1615 2180 MAG.
1644 2123 1913 2180 Concedis

322 2209 533 2280 itaque,
561 2226 630 2267 ex
672 2213 1091 2286 incorporalium
1116 2216 1263 2273 coitu
1304 2231 1530 2288 corpora
1566 2230 1728 2288 posse
1766 2215 1908 2272 ﬁeri.

321 2297 468 2355 Drsc.
499 2301 751 2359 Concedo
778 2304 989 2362 ratione
1011 2316 1254 2363 coactus.

328 2384 329 2391 “
396 2390 486 2445 58.
523 2390 664 2450 llas.
711 2394 875 2466 Atqui
920 2397 1046 2453 dum
1094 2400 1232 2456 haec
1280 2400 1355 2457 ita
1405 2400 1556 2470 sint,
1601 2402 1913 2459 necessario

323 2478 606 2549 fateberis,
637 2492 864 2557 corpora
892 2486 950 2543 in
975 2489 1001 2521 ¹
1029 2488 1344 2561 incorporea
1368 2507 1531 2562 posse
1568 2494 1783 2558 resolvi,
1836 2495 1911 2551 ita

2017 1850 2173 1907 ﬁeri?
2202 1850 2434 1922 ideoque
2473 1849 2734 1921 praedicti
2775 1849 2945 1919 patris
2984 1847 3230 1918 Gregorii
3272 1845 3594 1902 sententiam

2015 1942 2365 2014 disputationi
2394 1950 2613 1998 nostrae
2641 1940 2841 2011 placuit
2872 1940 3055 1995 inseri.
3083 1938 3175 1995 Ait
3201 1938 3345 1994 enim
3377 1938 3430 1993 in
3458 1937 3595 1992 libro

2015 2035 2084 2091 de
2106 2033 2365 2105 imagine,
2395 2033 2800 2097 adversuseos,
2824 2029 2916 2100 qui
2942 2030 3143 2095 dicunt,
3175 2028 3459 2088 materiam
3489 2027 3597 2085 Deo

2012 2139 2137 2182 esse
2165 2104 2533 2191 coaeternam,
2560 2136 2724 2195 agens
2751 2138 2767 2178 :
2798 2121 2980 2193 Neque
3004 2131 3154 2177 extra
3187 2137 3276 2187 ea,
3307 2135 3440 2189 quae
3473 2104 3613 2174 con?

2012 2225 2286 2287 sequenter
2310 2216 2517 2270 inventa
2550 2224 2701 2279 sunt,
2732 2214 2797 2269 de
2824 2213 3046 2268 materia
3071 2211 3327 2283 susceptio
3371 2209 3463 2265 illa
3492 2211 3598 2280 fer-

2013 2316 2120 2372 tur,
2141 2321 2274 2377 quae
2295 2321 2360 2359 ea:
2384 2303 2726 2360 intellectuali
2747 2312 2796 2358 et
2818 2301 3155 2357 immateriali
3174 2317 3288 2356 eam
3318 2299 3598 2354 subsistere

2011 2395 2230 2467 profert.
2251 2394 2470 2450 Omnem
2489 2393 2742 2466 siquidm
2763 2394 3036 2446 materiam
3056 2408 3120 2446 ex
3137 2390 3447 2461 quibusdam
3466 2404 3594 2459 qum

2006 2486 2246 2542 litatibus
2275 2487 2555 2541 consistere
2594 2485 2917 2549 invenimus;
2949 2482 3135 2554 quibus
3164 2482 3211 2536 si
3252 2481 3452 2535 nudata
3481 2477 3595 2547 fue-

313 2579 384 2661 _ut
409 2587 671 2644 corporea
695 2575 723 2609 ⁸
768 2594 876 2635 non
905 2580 1031 2647 sint,
1062 2580 1161 2638 sed
1185 2582 1399 2651 penitus
1423 2584 1620 2641 soluta.
1664 2586 1915 2657 Incorpo-
2014 2576 2103 2643 rit,
2129 2592 2222 2646 per
2239 2577 2464 2647 seipsam
2501 2574 2649 2630 nulla
2683 2575 2885 2627 ratione
2922 2571 3401 2642 comprehendetur.
3436 2570 3594 2639 Atqui

321 2679 413 2727 rea
436 2681 568 2724 vero
588 2670 822 2726 naturali
850 2686 949 2729 suo
969 2687 1238 2731 concursu
1263 2675 1607 2747 mirabilique
1630 2677 1903 2734 harmonia

2011 2684 2350 2740 unaquaeque
2363 2666 2631 2739 qualitatis
2643 2666 2837 2735 species
2854 2664 2897 2696 ³⁰
2915 2665 3117 2719 ratione
3137 2661 3365 2731 subjecto
3383 2660 3426 2694 ιι
3444 2676 3595 2730 sepa-

318 2756 391 2812 ita
421 2762 657 2831 corpora
683 2762 1010 2832 coniiciunt,
1052 2775 1115 2822 ut
1155 2766 1461 2824 naturalem
1510 2784 1665 2825 suum
1709 2779 1908 2827 statum

315 2848 757 2924 immobilemque
775 2853 1021 2928 vigorem
1047 2857 1197 2914 nullo
1222 2859 1387 2915 modo
1406 2860 1656 2918 desinant
1680 2863 1901 2931 habere;

314 2942 774 3031 quemadmodum
797 2987 812 3014 ,
843 2955 904 3001 ut
928 2949 1161 3018 quadam
1191 2951 1542 3008 similitudine
1566 2963 1807 3021 utamur,
1838 2969 1904 3011 ex

311 3032 436 3089 lucc
476 3043 534 3090 et
580 3048 808 3107 corpore
852 3040 1046 3096 umbra
1092 3043 1354 3110 nascitur,
1385 3036 1559 3117 neque
1597 3055 1774 3103 tamen
1810 3047 1903 3103 lux

310 3139 495 3195 neque
521 3140 723 3199 corpus
750 3129 804 3184 in
820 3129 1074 3187 umbram
1103 3145 1376 3203 movetur;
1408 3138 1596 3194 umbra
1619 3152 1749 3195 vero
1772 3139 1900 3196 dum

312 3213 567 3281 solvitur,
602 3215 655 3271 in
687 3231 880 3274 causas
910 3234 1067 3285 suas,
1100 3236 1296 3293 corpus
1334 3225 1579 3282 videlicet
1612 3238 1776 3298 atque
1812 3230 1899 3286 lu—

307 3317 451 3385 cens,
482 3304 801 3378 intelligitur
819 3310 1016 3367 redire.
1043 3310 1364 3371 Umbrarum
1387 3317 1655 3389 siquidem
1678 3336 1898 3378 causam

306 3404 504 3467 corpus
539 3395 826 3470 lucemque
850 3416 972 3459 esse
1004 3418 1132 3459 vera
1182 3406 1323 3463 ratio
1368 3408 1579 3477 edocet,
1616 3410 1671 3468 in
1700 3413 1897 3484 quibus

308 3488 630 3544 naturaliter
648 3489 829 3559 silent,
854 3493 981 3559 dum
1004 3495 1058 3551 in
1081 3495 1230 3554 nullo
1253 3497 1374 3556 ioeo
1398 3515 1662 3572 apparere
1678 3504 1898 3560 valeant

304 3580 539 3651 propter
553 3580 795 3655 undique
828 3584 975 3643 circa
1003 3601 1232 3660 corpora
1263 3592 1648 3649 circumfusam
1676 3594 1898 3652 luminis

307 3670 626 3731 claritatem.
653 3674 855 3733 Errant
877 3678 1044 3747 enim,
1070 3681 1162 3750 qui
1184 3692 1394 3752 putant,
1418 3685 1666 3741 umbram
1692 3688 1892 3757 perire,

304 3761 434 3816 dum
464 3763 718 3821 sensibus
763 3780 872 3822 non
902 3779 1126 3840 apparet
1152 3769 1196 3826 ‘.
1225 3771 1341 3829 Non
1368 3774 1513 3831 enim
1542 3777 1734 3834 umbra
1759 3780 1894 3836 nihil

304 3861 412 3918 est,
433 3854 528 3909 sed
556 3854 779 3927 aliquid.
800 3858 1058 3931 "Alioquin
1098 3879 1205 3919 non
1236 3848 1443 3922 diceret
1468 3864 1748 3939 Scriptura
1781 3887 1796 3926 :
1824 3870 1892 3926 Et

302 3944 506 3998 vocavit
544 3943 688 4002 Deus
728 3946 895 4004 luem
928 3953 1067 4006 diem
1090 3993 1106 4021 ,
1146 3963 1194 4008 et
1231 3956 1469 4013 tenebras
1499 3968 1717 4015 noctem.
1750 3961 1891 4018 Deus

302 4048 543 4126 namque
569 4050 678 4126 non
704 4039 967 4107 nominat,
997 4042 1101 4126 nisi
1130 4045 1275 4115 quod
1300 4061 1369 4101 ex
1411 4046 1530 4117 ipso
1568 4057 1683 4117 est;
1716 4065 1890 4121 neque

299 4139 368 4180 eo
410 4125 515 4181 loci
555 4125 783 4185 altitudo
812 4125 1053 4189 tbeoriae
1084 4135 1261 4192 aufert
1288 4138 1576 4196 veritatem
1604 4141 1886 4198 historiae.

298 4217 378 4273 lbi
424 4218 693 4291 siquidem
722 4223 1021 4280 secundum
1049 4241 1236 4283 rerum
1274 4228 1541 4286 factarum
1578 4232 1888 4289 considera-

300 4310 504 4365 tionem
549 4325 664 4367 non
713 4313 860 4371 aliud
909 4318 1161 4374 tenebras
1209 4329 1532 4394 noctemque
1570 4324 1886 4394 accipimus,

295 4400 407 4501 nisi
446 4401 713 4503 umbram
744 4410 924 4462 terrae
970 4409 1223 4466 solarium
1263 4413 1540 4470 radiorum
1588 4414 1884 4478 circumfu-
1911 4440 1967 4503 Β

294 4489 459 4545 sione
487 4490 686 4552 factam
725 4495 897 4553 instar
919 4500 1074 4567 coni,
1106 4515 1427 4576 semperque
1472 4504 1628 4577 globo
1668 4506 1886 4563 luminis

295 4580 623 4652 oppositam;
645 4585 957 4660 Eademque
982 4593 1121 4648 ratio
1140 4602 1223 4649 est
1250 4594 1304 4649 in
1332 4595 1631 4654 minoribus
1654 4599 1881 4666 umbris,

293 4673 659 4748 qualicunque
718 4677 922 4737 lumine
973 4685 1399 4755 corporibusque
1444 4686 1739 4757 projectis,
1788 4703 1883 4744 seu

296 4765 489 4826 ﬁnitae
531 4773 920 4832 sen'inﬁnitae
960 4776 1070 4832 sint
1094 4818 1109 4844 ,
1155 4786 1208 4832 et
1246 4778 1634 4851 qualiscunque
1675 4780 1883 4839 formae

295 4856 426 4939 sint.
454 4858 579 4916 Non
604 4864 823 4921 mireris
851 4866 1033 4937 itaque
1057 4909 1073 4935 ,
1117 4882 1186 4922 ex
1230 4868 1663 4939 incorporalibus
1704 4873 1883 4927 causis

291 4957 525 5017 corpora
547 4954 721 5008 creari
741 4996 756 5021 ,
786 4955 953 5028 inque
980 4958 1198 5014 easdem
1229 4959 1437 5015 iterum
1467 4960 1701 5025 resolvi,
1740 4961 1886 5031 ipsas

288 5047 428 5092 vero
455 5052 648 5099 causas
672 5045 743 5100 ab
770 5061 876 5100 una
907 5049 1201 5119 eademque
1237 5063 1418 5105 rerum
1445 5051 1685 5105 omnium
1726 5064 1881 5106 crea-

289 5129 431 5185 trice
455 5142 669 5192 creatas
694 5138 1007 5206 procedere.

359 5219 465 5278 59.
496 5224 577 5283 Ex
608 5224 781 5287 forma
814 5232 962 5289 enim
999 5233 1240 5291 omnium
1265 5275 1280 5302 ,
1324 5234 1605 5306 unigenito
1632 5234 1879 5293 videlicet

2011 2769 2180 2815 ratur.
2207 2758 2357 2813 Ratio
2382 2766 2558 2813 autem
2580 2753 2945 2810 intellectualis
2969 2763 3044 2809 est
3067 2753 3325 2823 quaedam
3346 2760 3395 2806 et
3419 2750 3594 2806 inror-

2007 2849 2204 2921 poralis
2226 2848 2464 2915 theoria;
2508 2854 2694 2918 utputa
2713 2845 2976 2916 proposito
2996 2843 3241 2914 quopiam
3261 2840 3481 2897 animali
3501 2855 3593 2896 seu

2007 2943 2149 3016 ligno
2177 2945 2233 2998 in
2262 2941 2486 3006 theoria,
2515 2955 2607 2995 seu
2637 2937 2813 3009 aliqua
2839 2937 2946 2992 alio
2969 2933 3322 2990 materialium
3344 2932 3590 2987 constitu-

2005 3036 2198 3091 tionem
2234 3034 2564 3097 habentium,
2599 3029 2768 3085 multa
2802 3030 2942 3084 circa
2975 3028 3267 3098 subjectum
3303 3025 3591 3081 secundum

2005 3124 2397 3195 intelligentiam
2423 3122 2676 3178 diuisione
2698 3119 3056 3191 intelligimus,
3084 3105 3308 3189 quorum
3334 3114 3591 3171 uniuscu-

1993 3216 2188 3288 jusque
2211 3215 2280 3268 ad
2301 3214 2377 3280 id,
2402 3213 2541 3285 quod
2567 3212 2947 3279 consideratur,
2967 3209 3475 3279 inconfuseJtabetur
3503 3222 3591 3260 ra-

1999 3307 2094 3359 tio.
2119 3302 2239 3358 Alia
2267 3303 2525 3375 siquidem
2550 3300 2764 3368 coloris,
2785 3311 2833 3356 et
2859 3300 2968 3355 alia
2995 3299 3266 3372 grauitatis
3288 3299 3460 3364 ratio;
3480 3296 3588 3351 alia
3679 3323 3686 3332 -

1998 3396 2186 3450 iterant
2207 3392 2512 3466 quantitatis
2530 3432 2545 3459 ,
2572 3399 2621 3447 et
2655 3390 2766 3446 alia
2790 3386 3162 3462 intelligentibe
3181 3428 3198 3457 ,
3225 3404 3363 3460 quae
3400 3397 3475 3442 est
3497 3403 3582 3443 ss-

1996 3486 2227 3542 cundum
2253 3493 2450 3541 tactum
2474 3482 2829 3556 proprietatis.
2867 3481 3121 3537 Mollities
3147 3480 3285 3536 enim
3304 3487 3354 3534 et
3388 3478 3590 3532 bicubi-

1998 3579 2117 3649 tale.
2133 3578 2199 3644 ι’,
2228 3587 2399 3632 cetera
2423 3576 2581 3631 etiam
2609 3591 2808 3642 eorum,
2835 3591 2969 3647 quae
2981 3573 3123 3629 dicta
3147 3579 3293 3638 sunt,
3308 3587 3469 3642 neque
3489 3568 3588 3625 sibi

1994 3668 2228 3734 inuicem,
2275 3683 2436 3739 neque
2470 3668 2678 3737 corpori
2721 3666 3007 3722 secundum
3048 3665 3303 3719 rationem
3341 3661 3587 3717 commis-

1995 3768 2196 3815 centur.
2240 3757 2384 3814 Nam
2416 3759 2475 3814 in
2523 3774 2835 3829 urwquoque
2878 3758 3064 3812 borum
3116 3754 3376 3826 specialis,
3427 3752 3585 3825 juxta

1993 3868 2154 3923 quam
2205 3860 2280 3906 est
2317 3852 2679 3919 interpretata,
2726 3847 3038 3920 intelligitur
3095 3864 3289 3913 causa;
3334 3845 3585 3919 nullaque

1991 3957 2195 4006 eorum,
2226 3957 2362 4011 quae
2385 3940 2528 3995 circa
2554 3940 2847 4009 subjectum
2870 3939 3250 4001 theorizantur,
3282 3937 3584 4007 auctique-

1991 4032 2129 4088 litati
2160 4032 2523 4100 permiscetur.
2561 4029 2623 4085 Si
2649 4046 2772 4100 ergo
2797 4027 3140 4098 iutelligibilis
3180 4025 3346 4092 color,
3387 4024 3584 4080 intelli-

1990 4121 2167 4193 gibilis
2210 4121 2371 4175 etiam
2414 4118 2656 4174 soliditas
2701 4128 2750 4173 et
2784 4118 3073 4189 quantitas,
3119 4126 3168 4170 et
3204 4124 3373 4169 cetera
3395 4114 3581 4167 latium

1989 4213 2391 4284 specialitatum.
2441 4209 2650 4269 Horum
2692 4217 2865 4264 autem
2896 4206 3299 4277 unumquodque
3320 4205 3368 4259 si
3401 4203 3580 4258 suble-

1990 4313 2103 4360 tum
2134 4303 2293 4375 fuerit
2326 4301 2582 4373 subjecto,
2604 4300 2775 4355 omnis
2794 4299 2927 4352 ratio
2955 4297 3188 4366 corporis
3220 4295 3378 4349 simul
3408 4293 3579 4350 solve-

1990 4405 2095 4450 tur.
2148 4394 2481 4465 Consequens
2528 4392 2646 4455 erit,
2690 4405 2914 4461 quorum
2966 4387 3253 4443 absentiam
3302 4384 3577 4440 solutionis

1990 4487 2223 4556 corporis
2252 4500 2468 4539 causam
2496 4484 2817 4546 invenimus,
2848 4481 3035 4535 horum
3068 4494 3380 4535 concursum
3415 4486 3578 4533 mate-

1988 4576 2172 4632 rialem
2206 4586 2453 4630 naturam
2484 4590 2662 4629 creare
2687 4587 2950 4627 assumere
2978 4570 3040 4625 ".
3091 4567 3157 4624 Ut
3190 4570 3327 4624 enim
3356 4584 3460 4622 non
3500 4576 3577 4623 est

1988 4686 2198 4740 corpus,
2226 4670 2313 4723 cui
2353 4685 2435 4722 res
2453 4707 2467 4733 ,
2496 4668 2551 4722 id
2571 4677 2649 4722 est
2677 4668 2850 4732 οὐσία,
2876 4675 2924 4721 et
2949 4665 3142 4736 ﬁgura,
3164 4673 3211 4718 et
3237 4663 3498 4728 soliditas,
3524 4670 3576 4716 et

1986 4762 2266 4827 distantia,
2296 4771 2343 4815 et
2366 4760 2620 4832 gravitas,
2648 4769 2918 4830 ceteraque
2941 4757 3327 4829 specialitatem
3351 4771 3455 4812 non
3477 4754 3576 4809 ad-

1984 4860 2127 4915 sunt,
2166 4851 2354 4904 horum
2371 4859 2546 4904 autem
2581 4848 2987 4921 unumquodque
3013 4865 3201 4918 corpus
3234 4864 3339 4903 non
3359 4854 3454 4910 est,
3481 4845 3573 4900 sed

1986 4942 2212 4999 alterum
2253 4941 2379 5011 quid
2422 4951 2626 5011 praeter
2658 4957 2845 5011 corpus
2882 4956 3117 4996 seorsum
3158 4940 3418 4993 invenitur
3448 4949 3466 4987 :
3496 4935 3572 4989 sis

1994 5035 2301 5099 conuersim,
2337 5033 2653 5103 ubicunque,
2681 5050 2815 5103 quae
2840 5033 2981 5086 dicta
3021 5040 3163 5097 sunt,
3192 5028 3569 5092 concurrerint,

1985 5126 2305 5198 corporalem
2348 5124 2696 5180 substantiam
2733 5124 3028 5194 perﬁciunt.
3061 5121 3126 5176 At
3153 5122 3199 5175 si
3232 5116 3571 5189 intelligibils's

1980 5228 2058 5274 est
2083 5217 2468 5290 specialitatum
2499 5215 2863 5288 intelligentia,
2890 5211 3227 5285 intelligibilis
3246 5224 3453 5281 quoque
3474 5224 3571 5263 uo-

1588 5371 1674 5427 VA
1682 5372 1845 5431 RlAE
1880 5371 2283 5435 LECTIONES.

363 5474 382 5507 ’
420 5446 672 5548 Sic‘Al);
718 5495 824 5541 non
879 5498 989 5538 om.
1024 5481 1131 5540 CE.
1227 5483 1252 5518 ³
1290 5484 1345 5539 in
1376 5498 1493 5541 om.
1530 5484 1592 5540 C.
1668 5484 1688 5516 ³
1724 5486 1767 5541 D
1805 5502 2046 5541 coruora.

2153 5480 2469 5564 f_Sic_CE;
2521 5483 2934 5564 AD'qppafe'a'l.
2989 5551 3003 5564 _
3045 5479 3067 5512 ⁸
3252 5476 3370 5545 CE;
3413 5476 3570 5564 etiam

290 5549 542 5622 ρξιιᾷΑη
584 5553 607 5622 ε
641 5551 734 5610 Sic
799 5552 965 5619 CDE;
1008 5554 1054 5608 A
1095 5563 1163 5611 et.
1238 5555 1259 5588 "
1319 5553 1413 5612 Sic
1472 5554 1636 5620 CDE;
1679 5556 1721 5610 Δ
1756 5566 1824 5611 et.
1896 5554 1940 5610 ³.
1966 5556 2060 5612 Sic
2090 5552 2267 5622 ACE;
2319 5552 2363 5608 D
2390 5621 2395 5622 γ
2423 5548 2528 5608 nun
2594 5548 2743 5616 nisi,
2792 5551 2813 5582 '
2848 5552 2941 5622 Sic
2976 5551 3055 5622 A;
3096 5548 3228 5622 CDE
3284 5562 3567 5618 sequentes.

294 5612 338 5645 ⁹⁹
374 5617 468 5674 Sic
504 5619 669 5691 CDE;
707 5623 754 5677 A
788 5612 982 5694 species
1009 5625 1299 5696 qualitatis.

294 5699 480 5748 τηατο
528 5703 579 5750 τε
631 5709 937 5754 assumere.

1404 5623 1447 5658 “
1486 5623 1577 5683 Sic
1610 5624 1772 5718 CDi'I;
1820 5625 1866 5684 Α
1901 5643 1932 5681 u
1971 5619 2263 5687 sub’ecto.’
2311 5623 2355 5657 “
2379 5621 2471 5680 Sic
2496 5621 2614 5689 CE;
2641 5622 2683 5678 D
2714 5629 2768 5678 et
2797 5619 3037 5677 cubitale.
3117 5619 3160 5653 "
3188 5621 3281 5678 Sic
3315 5622 3475 5689 CDE;
3516 5630 3570 5676 et
