4194 6276
616 304 724 364 805

2004 308 2288 366 JOANNIS
2328 309 2522 366 SCOTI

3790 314 3893 368 50%

615 431 738 478 tura
763 419 906 478 Deus
946 420 1140 476 dicitur
1162 420 1215 487 ⁸,
1251 420 1325 476 nit
1359 422 1753 493 inconsequens,
1790 439 1854 478 ex
1891 424 2209 492 incorporati
2237 427 2289 490 Α
2314 425 2564 491 haesitet,
2593 423 2817 480 rudibus
2845 430 3197 492 tamen,etex
3218 424 3261 457 "
3285 423 3633 482 inferioribus
3650 426 3714 480 ad
3741 441 3895 498 supc-

615 521 812 570 natura
847 513 943 566 Itas
983 509 1360 566 intellectuates
1390 512 1685 566 occasiones
1720 513 1788 566 ad
1818 530 2094 584 corporum
2116 531 2203 586 ge-

618 606 938 662 nerationem
967 602 989 634 ²
1039 603 1348 658 substitutos
1380 620 1490 659 esse
1521 603 1585 658 ab
1626 603 1966 660 intellectuali
1993 606 2204 677 quidem

619 706 811 752 natura
855 693 1211 766 intelligibiles
1249 695 1592 750 substituente
1617 696 1848 762 virtutes,
1874 698 2061 752 harum
2087 716 2204 756 vero

614 788 685 842 ad
711 803 766 842 se
793 787 1010 861 invisent
1041 801 1298 841 concursu
1333 787 1658 844 materialem
1691 798 1936 844 naturam
1970 791 2025 845 in
2054 808 2207 862 gene-

617 879 874 932 rationem
913 878 1222 934 adducente.

688 969 779 1023 60.
818 968 958 1023 Num
997 970 1180 1039 itaque
1207 969 1379 1039 vides,
1407 973 1702 1028 maximum
1744 973 2207 1046 fortissnmumque

615 1062 879 1132 praedicti
922 1064 1165 1132 magistri
1211 1074 1588 1134 argumentum
1631 1065 1910 1121 sulliccrc?
1960 1066 2016 1121 Si
2061 1069 2204 1122 enim

617 1154 765 1211 aliud
797 1164 1179 1226 esset-corpus
1212 1164 1430 1226 praeter
1471 1158 1827 1213 accidentium
1859 1161 2033 1222 οὐσίας
2074 1176 2207 1215 con-

617 1259 862 1311 cursum,
885 1245 1179 1301 subtractis
1205 1246 1408 1302 eisdem
1435 1247 1488 1300 in
1512 1247 1690 1317 seipse
1703 1264 1799 1318 per
1820 1249 2056 1318 seipsum
2080 1252 2208 1305 sub—

619 1333 865 1389 sisteret.
903 1334 1182 1404 Siquidem
1227 1351 1389 1391 omne
1433 1335 1734 1405 subjectum
1772 1354 1868 1408 per
1899 1354 1959 1394 se
1999 1340 2206 1395 subsis-

619 1435 745 1482 tens
793 1429 1152 1484 accidentium
1200 1445 1307 1485 non
1362 1429 1585 1500 indiget,
1636 1439 1695 1484 ut
1743 1431 1836 1496 sit,
1897 1433 2037 1486 sicut
2093 1432 2210 1502 ipsa

619 1526 791 1582 οὐσία.
824 1523 951 1579 Sive
975 1525 1124 1580 enim
1148 1526 1398 1581 accidant
1425 1527 1497 1592 ei,
1525 1526 1641 1582 sive
1663 1541 1769 1580 non
1795 1528 2071 1594 accidant;
2094 1530 2210 1583 sive

621 1614 678 1671 in
707 1628 770 1670 ea
801 1617 930 1681 sint,
965 1631 1103 1686 quae
1133 1618 1251 1672 sine
1273 1633 1337 1673 ea
1368 1632 1488 1674 esse
1515 1633 1622 1674 non
1651 1629 1894 1690 possunt,
1929 1621 2040 1675 sive
2064 1624 2131 1679 ab
2146 1638 2208 1677 ea

621 1705 902 1772 recedant,
955 1721 1094 1776 quae
1143 1708 1210 1762 ab
1251 1722 1314 1762 ea
1362 1709 1635 1780 segregari
1676 1720 1925 1780 possunt,
1960 1727 2054 1766 seu
2093 1714 2207 1769 sola

2307 516 2453 573 riora
2482 517 2708 573 rationis
2741 518 2848 572 iter
2887 517 3260 588 carpentibus,
3301 517 3455 572 utilia
3493 531 3614 574 esse
3651 532 3757 573 non
3783 533 3894 572 am-

2306 609 2450 680 bigo.
2468 609 2613 665 Dtsc.
2637 609 2793 666 Nullo
2816 610 2977 666 modo
2992 611 3396 682 ambigendum,
3419 621 3474 668 ct
3502 613 3604 670 hoc
3623 613 3676 668 in
3697 613 3897 684 meipso

2307 703 2609 773 perspicio;
2646 718 2811 774 perge
2842 703 2886 733 ν’
2917 703 2985 758 ad
3009 712 3211 758 cetera.

2378 793 2468 849 62.
2489 794 2628 852 MAG.
2654 797 2800 852 Duae
2823 795 3128 866 categorias
3142 796 3584 866 contemplationi
3600 806 3825 864 restant,
3842 798 3896 852 ni

2307 888 2469 945 fallor
2499 881 2737 962 {agendi
2765 889 3015 945 videlicet
3039 898 3094 945 et
3113 890 3367 959 patiendi.
3397 890 3533 945 Nam
3559 891 3899 961 disputantes

2309 983 2375 1039 de
2425 983 2565 1048 loco,
2605 982 2870 1054 quaedam
2899 982 2966 1036 de
2999 990 3262 1052 tempore,
3291 990 3550 1052 quantum
3589 983 3899 1053 praesentis

2310 1075 2692 1144 disputationis
2709 1075 3005 1131 necessitas
3025 1076 3297 1146 exigebat,
3329 1075 3697 1132 discussimus.
3743 1076 3895 1134 Disc.

2312 1167 2396 1223 Nil
2424 1185 2568 1224 nunc
2587 1169 2819 1238 amplius
2842 1169 2909 1224 de
2935 1177 3181 1240 tempore
3205 1169 3378 1238 deque
3400 1167 3519 1223 loco
3546 1176 3645 1222 ate
3672 1183 3896 1238 quaero.

2310 1259 2600 1316 Sufﬁciunt
2646 1261 2812 1326 enim,
2857 1276 2995 1330 quae
3024 1261 3090 1315 de
3123 1260 3208 1316 his
3238 1259 3382 1314 dicta
3409 1266 3555 1314 sunt.
3589 1257 3724 1314 Nam
3755 1261 3800 1316 si
3831 1261 3903 1316 de

2313 1354 2546 1424 singulis
2583 1355 2791 1422 omnia,
2821 1369 2959 1424 quae
2981 1354 3122 1409 ratio
3151 1352 3489 1408 considerari
3527 1353 3752 1423 appetit,
3781 1353 3902 1424 quis

2312 1448 2530 1512 dixerit,
2563 1457 2655 1501 aut
2677 1448 2791 1513 vix,
2823 1456 2913 1502 aut
2941 1448 3145 1503 nullum
3171 1448 3332 1502 linem
3347 1447 3641 1519 disputatio
3663 1448 3900 1505 habebit.

2311 1537 2450 1595 MAG.
2471 1539 2767 1594 Considera
2785 1539 2984 1608 itaque,
3000 1555 3125 1592 num
3143 1539 3285 1594 actio
3297 1537 3818 1610 passioqueproprie
3837 1540 3904 1593 de

2311 1626 2423 1683 Deo
2453 1630 2853 1700 praedicantur,
2895 1643 2986 1692 an,
3017 1627 3158 1683 sicut
3191 1636 3419 1686 ceterae
3441 1629 3770 1698 categoriae,
3808 1642 3906 1698 per

2311 1722 2684 1790 metaphoram
2709 1720 2816 1776 dici
2845 1719 3240 1775 aestimandum
3293 1727 3396 1775 est.
3427 1717 3575 1774 Disc.
3609 1717 3714 1774 Per
3739 1727 3908 1774 meta-

619 1796 968 1867 cogitatione,
1022 1812 1114 1853 seu
1167 1807 1290 1854 actu
1338 1807 1393 1855 et
1435 1815 1600 1870 opere
1638 1818 1650 1854 :
1701 1803 1813 1858 suis
1867 1804 2206 1862 naturalibus
2236 1797 2285 1860 B
2310 1811 2537 1882 phoram
2552 1827 2704 1866 sane.
2731 1811 2871 1878 Quid
2897 1809 3346 1881 enimiNunquid
3376 1809 3748 1866 arbitrandum
3785 1816 3904 1876 est,

620 1887 876 1944 subsidiis
909 1903 1125 1960 semper
1153 1890 1667 1962 immutabiliterque
1710 1895 1976 1951 subsistit.
2009 1896 2212 1967 Corpus

621 1987 803 2036 autem
851 1982 1142 2038 subtractis
1191 1985 1560 2040 accidentibus
1621 1986 1770 2042 nullo
1811 1987 1969 2043 modo
2014 2004 2111 2059 per
2155 2006 2214 2048 se

621 2071 922 2127 subsistere
949 2083 1148 2144 potest,
1176 2077 1428 2147 quoniam
1462 2076 1604 2131 nulla
1626 2079 1927 2134 substantia
1968 2080 2208 2137 fulcitur.

621 2159 760 2218 Nam
797 2163 843 2219 si
886 2168 1244 2236 quantitatem
1275 2183 1305 2222 a
1333 2184 1560 2239 corpore
1605 2171 1968 2240 subtraxeris,
2017 2189 2213 2244 corpus

621 2270 732 2311 non
760 2257 897 2325 erit;
926 2261 1115 2328 spatiis
1133 2261 1277 2316 enim
1311 2263 1677 2320 membrorum
1707 2282 2042 2336 numeroque
2079 2284 2214 2324 con-

623 2350 848 2408 tinetur.
881 2351 1143 2410 Similiter
1160 2355 1205 2411 si
1233 2356 1548 2425 qualitatem
1581 2357 1650 2412 ab
1675 2373 1740 2413 eo
1778 2359 2096 2430 dempseris,
2123 2362 2216 2417 de-

625 2440 803 2500 forme
823 2443 846 2475 ⁸
868 2447 1187 2512 remanebit,
1205 2455 1259 2502 et
1280 2448 1431 2502 nihil.
1449 2448 1648 2504 Eadem
1668 2450 1808 2505 ratio
1830 2450 1882 2505 in
1907 2452 2104 2507 ceteris
2125 2466 2217 2508 ac-

622 2533 950 2601 cidentibus,
975 2537 1166 2606 quibus
1188 2552 1387 2609 corpus
1414 2540 1680 2595 contineri
1712 2541 1944 2606 videtur,
1975 2553 2215 2597 contem-

625 2627 824 2700 planda
853 2641 957 2686 est.
988 2630 1142 2697 Quod
1164 2631 1330 2701 igitur
1356 2633 1473 2687 sine
1499 2633 1868 2689 accidentibus
1896 2649 1992 2702 per
2021 2651 2080 2690 se
2109 2651 2216 2691 non

623 2727 803 2790 pateat
833 2722 1148 2788 subsistere,
1179 2723 1312 2778 nihil
1341 2724 1486 2779 aliud
1517 2725 1923 2795 intelligendum
1953 2733 2036 2782 est
2064 2741 2218 2797 prae-

622 2817 710 2866 ter
731 2816 1025 2871 eorundem
1055 2817 1077 2848 ⁸
1107 2819 1468 2875 accidentium
1493 2835 1816 2875 concursum
1840 2834 1981 2878 esse.

695 2901 786 2957 6i.
829 2902 970 2971 Quid
1000 2920 1130 2977 ergo
1170 2907 1390 2976 mirum,
1421 2918 1513 2964 aut
1545 2909 1740 2964 rationi
1776 2909 2141 2973 contrarium,
2172 2908 2217 2963 si

622 2992 876 3050 similiter
896 2997 1246 3067 accipiamus,
1271 3002 1615 3070 magniﬁcum
1640 3002 1922 3058 Boethium
1938 3019 2044 3057 non
2074 3002 2218 3057 aliud

623 3085 830 3158 aliquid
845 3089 866 3122 ⁸
881 3092 1186 3147 variabitem
1206 3109 1314 3148 rem
1329 3094 1682 3160 intellexisse,
1705 3095 1808 3150 nisi
1831 3110 2028 3164 corpus
2048 3105 2219 3150 mate-

2316 1902 2426 1957 has'
2461 1902 2596 1959 duas
2657 1903 2885 1958 aliarum
2928 1901 3145 1974 regulas
3171 1905 3458 1967 excedere,
3507 1916 3630 1958 cum
3680 1901 3908 1966 minoris

2314 1990 2530 2047 virtutis
2554 1991 3007 2047 videanturesse?
3033 1990 3173 2047 MAG.
3192 1991 3311 2058 Dic,
3333 2005 3556 2061 quaeso,
3571 1990 3700 2061 quid
3713 1990 3903 2046 tibivi-

2313 2081 2493 2150 detur,
2523 2097 2737 2138 movere
2766 2091 2819 2138 et
2849 2082 3076 2145 moveri,
3107 2095 3288 2136 nonne
3331 2097 3494 2152 agere
3521 2090 3606 2136 est
3653 2091 3710 2138 et
3753 2080 3907 2152 pati?

2314 2175 2456 2231 DISC.
2472 2175 2643 2231 Aliter
2653 2189 2774 2230 esse
2790 2189 2897 2229 non
2916 2175 2959 2204 ”
2975 2174 3151 2229 video.
3169 2172 3310 2228 MAG.
3327 2172 3673 2237 Similiter,ut
3690 2175 3909 2242 Opinor,

2315 2281 2502 2322 amare
2527 2275 2581 2321 et
2594 2265 2786 2320 amari.
2803 2265 2948 2320 DISC.
2969 2264 3169 2320 Eadem
3189 2263 3376 2335 regula
3393 2262 3740 2332 colliguntur.
3760 2261 3911 2318 Haec

2316 2357 2461 2411 enim
2506 2356 2692 2422 verba,
2743 2355 2937 2426 suique
2964 2355 3186 2421 similia,
3217 2355 3396 2410 activa
3425 2363 3482 2409 et
3510 2354 3725 2424 passiva
3752 2369 3906 2422 esse,

2317 2459 2479 2502 nemo
2500 2445 2696 2499 artium
2711 2444 3015 2499 liberalium
3041 2445 3248 2513 peritus
3261 2444 3496 2514 ignorat.
3513 2443 3655 2498 MAG.
3673 2442 3734 2499 Si
3750 2443 3911 2514 igitur

2320 2535 2516 2592 haec“
2545 2534 2730 2600 verba,
2747 2534 2863 2588 sive
2892 2533 3122 2600 activae,
3147 2533 3261 2588 sive
3281 2533 3530 2603 passivae
3557 2533 3906 2605 significatio-

2319 2627 2404 2682 nis
2462 2634 2588 2691 smt,
2641 2640 2748 2679 non
2797 2624 2910 2696 jam
2961 2624 3200 2694 proprie,
3248 2623 3344 2679 sed
3401 2623 3657 2678 translate
3705 2625 3773 2680 de
3801 2625 3912 2680 Deo

2318 2719 2722 2792 praedicantur,
2747 2725 2801 2773 et
2825 2719 3029 2782 omnia,
3065 2731 3205 2786 quae
3239 2716 3912 2786 translatepraedicantur,

2319 2827 2429 2866 non
2462 2825 2673 2877 revera,
2697 2809 2793 2865 sed
2819 2809 3216 2880 quodammodo
3237 2807 3305 2864 de
3326 2823 3392 2863 eo
3415 2807 3690 2872 dicuntur,
3717 2822 3912 2864 revera

2319 2919 2496 2973 neque
2517 2904 2659 2960 Deus
2684 2904 2818 2975 agit,
2843 2916 3018 2973 neque
3037 2902 3265 2972 patitur,
3301 2899 3477 2968 neque
3506 2907 3708 2963 movet,
3736 2913 3912 2968 neque

2321 3006 2588 3062 movetur,
2626 3009 2799 3065 neque
2825 3003 2994 3061 amat,
3017 3007 3190 3064 neque
3214 2999 3449 3047 amatur.
3466 2989 3615 3047 Disc.
3629 2990 3776 3048 Haec
3792 3006 3912 3062 pos-

2323 3101 2494 3148 trema
2539 3089 2813 3147 conclusio
2845 3104 2952 3146 non
3002 3101 3200 3160 parvae
3218 3085 3422 3158 indiget
3441 3083 3910 3140 considerationis.

625 3177 784 3245 riale,
814 3179 956 3250 quod
981 3196 1047 3234 ea;
1065 3198 1321 3237 concursu
1348 3200 1533 3238 earum
1557 3200 1752 3248 rerum,
1785 3201 1919 3253 quae
1942 3201 2054 3238 vere
2077 3193 2216 3250 sunt,
2246 3166 2293 3230 C
2325 3182 2460 3238 Nam
2492 3183 2641 3250 huic,
2687 3191 2746 3237 ut
2770 3183 2982 3251 opinor,
3025 3180 3191 3236 totius
3229 3191 3420 3234 sacrae
3441 3177 3757 3247 Scripturae
3787 3190 3912 3233 sane

623 3278 686 3326 ut
707 3271 783 3326 ait
808 3272 946 3343 ipse,
972 3275 1348 3328 constituitur?
1385 3273 1451 3329 Et
1481 3274 1606 3329 dum
1635 3275 1688 3329 in
1720 3276 1840 3344 ipso
1867 3276 2218 3332 consideran-

624 3373 734 3431 tur,
784 3363 1200 3421 mutabilitatem
1241 3367 1512 3437 quandam
1549 3367 1661 3436 pati
1707 3380 1932 3423 necesse
1969 3375 2073 3422 est.
2110 3367 2220 3422 Nec

624 3455 728 3510 hoc
761 3456 784 3488 ⁸
816 3455 1034 3522 mirum,
1066 3458 1146 3512 si7
1179 3457 1337 3514 aliter
1373 3473 1462 3514 res
1482 3470 1581 3527 per
1601 3473 1662 3514 se
1697 3459 2060 3515 immutabiles
2085 3475 2221 3529 puro

624 3546 827 3601 mentis
861 3547 1104 3602 contuitu
1131 3548 1565 3621 perSpicientur‘
1604 3551 1658 3605 in
1696 3565 1794 3607 sua
1839 3552 2218 3622 simplicitate,

626 3635 788 3691 aliter
809 3651 972 3693 sensu
1001 3653 1268 3712 corporeo
1299 3643 1352 3697 in
1385 3641 1562 3712 aliqua
1595 3645 1824 3700 materia
1858 3660 1924 3700 ex
1955 3660 2218 3701 concursu

624 3743 812 3786 earum
871 3731 1010 3788 facta
1056 3737 1422 3805 compositae,
1475 3752 1598 3792 cum
1637 3737 1917 3793 videamus
1953 3753 2034 3802 ea,
2081 3753 2222 3808 quae

623 3833 724 3892 per
747 3835 806 3877 se
836 3822 1100 3893 simplicia
1131 3834 1260 3880 sunt
1279 3834 1333 3882 et
1371 3825 1798 3897 incorruptibilia
1819 3867 1833 3893 ,
1859 3828 2218 3897 compositum

625 3911 897 3982 quoddam
931 3924 1096 3985 atque
1114 3918 1466 3987 corruptibile
1495 3917 1636 3974 inter
1665 3933 1723 3975 se
1749 3920 2000 3975 coeuntia
2025 3933 2220 3990 perpe-

627 4013 797 4060 trare.
847 4004 946 4060 Cui
985 4005 1008 4037 θ
1056 4007 1200 4062 enim
1237 4008 1569 4078 incognitum
1598 4009 1691 4075 sit,
1723 4010 1866 4065 hanc
1888 4010 2086 4064 molem
2107 4019 2218 4064 ter-

627 4097 746 4152 reni
787 4097 930 4169 globi
978 4111 1045 4154 ex
1095 4107 1353 4169 quattuor
1399 4101 1733 4172 simplicibus
1783 4102 2067 4157 elementis
2097 4115 2220 4157 esse

630 4199 992 4261 compactam,
1038 4205 1179 4261 quae
1217 4193 1436 4262 quidem
1466 4195 1835 4265 corruptibilis
1869 4193 2220 4262 solubilisque

624 4279 756 4338 dum
795 4281 890 4349 sit,
919 4297 984 4339 ea
1003 4283 1047 4316 ¹⁶
1077 4292 1256 4340 tamen
1280 4286 1566 4351 elementa,
1593 4300 1660 4341 ex
1687 4285 1883 4357 quibus
1909 4287 2216 4351 conﬁcitur,

625 4370 681 4426 ln
710 4387 806 4426 sua
839 4374 1187 4444 simplicitate
1219 4376 1490 4432 insolubili
1517 4377 1871 4447 permanent?
1898 4377 1963 4430 Et
1993 4377 2127 4432 haec
2163 4377 2217 4431 in

622 4462 878 4517 omnibus
910 4463 1026 4520 fere
1069 4467 1389 4536 corporibus
1411 4467 1774 4523 communiter
1795 4467 2106 4536 speculatur
2133 4482 2217 4520 ra-

2325 3286 2642 3344 ctorumque
2661 3273 2882 3328 Patrum
2907 3271 3163 3328 reluctari
3177 3269 3390 3324 videtur
3418 3267 3730 3324 auctoritas.
3759 3266 3909 3332 Quo-

2325 3368 2427 3422 ties
2449 3367 2618 3432 enim,
2653 3372 2715 3420 ut
2749 3364 2914 3432 nosti,
2937 3379 3094 3420 sacra
3120 3361 3401 3433 Scriptura
3423 3360 3590 3416 Deum
3622 3357 3914 3416 manifeste

2323 3459 2638 3527 pronuntiat
2685 3471 2845 3530 agere
2893 3464 2949 3511 et
2992 3455 3126 3526 pati,
3161 3469 3350 3511 amare
3373 3462 3430 3509 et
3455 3452 3650 3520 amari,
3683 3450 3913 3521 diligere

2324 3562 2378 3606 ct
2408 3552 2579 3622 diligi,
2610 3551 2797 3606 videre
2827 3556 2885 3604 et
2910 3549 3106 3617 videri,
3129 3561 3352 3606 movere
3369 3555 3428 3602 et
3444 3545 3675 3613 moveri,
3698 3553 3913 3603 cetera-

2322 3658 2426 3712 que
2458 3643 2509 3697 id
2534 3641 2742 3715 genus?
2764 3641 3005 3709 Quorum
3027 3640 3274 3712 exempla
3311 3639 3567 3710 quoniam
3603 3638 3914 3695 innumera-

2321 3734 2448 3790 bilia
2491 3742 2640 3801 sunt,
2672 3733 2984 3804 passimque
3018 3733 3297 3801 quaerenti
3324 3738 3640 3796 occurrunt,
3669 3745 3738 3786 ne
3763 3744 3909 3794 nunc

2321 3825 2686 3898 prolixitatem
2706 3827 2990 3898 gignerent
3012 3824 3078 3891 ιτ,
3103 3824 3306 3896 placuit
3326 3823 3647 3894 praeterire.
3663 3821 3911 3893 Satisque

2321 3923 2426 3979 hoc
2453 3937 2563 3978 uno
2600 3918 2914 3991 evangelico
2948 3917 3207 3973 utendum
3233 3924 3318 3972 est
3336 3914 3586 3984 exemplo
3613 3932 3628 3969 :
3662 3911 3766 3980 Qui
3785 3913 3910 3969 diti—

2321 4014 2394 4084 git
2423 4029 2525 4078 me,
2558 4010 2804 4080 diligetur
2831 4025 2864 4062 α
2890 4006 3050 4061 Patre
3094 4021 3229 4070 meo,
3259 4014 3305 4058 et
3327 4020 3420 4074 ego
3441 4004 3660 4074 diligam
3686 4019 3840 4069 eum,
3859 4011 3909 4058 et

2319 4102 2666 4174 manifestabo
2698 4102 2954 4171 meipsum
2981 4097 3060 4152 illi
3083 4096 3401 4152 ".Sanctus
3435 4097 3565 4152 item
3598 4095 3912 4166 “Augusti-

2321 4213 2425 4254 nus
2469 4185 2548 4251 in'
2597 4195 2862 4254 Exemero
2933 4207 3031 4248 suo
3089 4191 3156 4247 de
3195 4190 3380 4246 divino
3419 4199 3571 4248 motu
3616 4189 3908 4255 disserens,

2320 4291 2456 4347 haec
2497 4288 2663 4345 verba
2709 4284 2936 4357 protulit
2964 4299 2979 4339 :
3011 4283 3241 4350 Spiritus
3275 4283 3486 4355 quidem
3513 4291 3720 4338 creator
3744 4288 3909 4336 mouet

2319 4381 2546 4450 seipsum
2582 4379 2694 4433 sine
2730 4386 2957 4446 tempore
2997 4381 3045 4428 et
3072 4373 3206 4441 loco,
3246 4383 3410 4428 movet
3442 4374 3712 4428 conditum
3744 4371 3907 4441 spiri-

2319 4481 2430 4528 tum
2456 4487 2547 4542 per
2575 4479 2775 4540 tempus
2807 4467 2918 4522 sine
2945 4465 3081 4532 loco,
3104 4475 3270 4521 movet
3298 4481 3488 4535 corpus
3516 4481 3608 4535 per
3631 4472 3830 4532 tempus
3861 4469 3910 4515 et

624 4553 722 4606 tio.
737 4553 815 4608 Ac
829 4555 1138 4611 dehissatis
1152 4558 1354 4614 dictum
1369 4557 1933 4615 aestimo.DIsc.Satis
1946 4558 2210 4628 proiecto;
2245 4545 2294 4605 Ι)
2321 4564 2512 4617 locum.
2548 4560 2607 4616 Si
2643 4562 2834 4630 itaque
2857 4571 3020 4631 agere
3045 4567 3101 4614 et
3130 4558 3240 4628 pati
3270 4557 3337 4612 de
3371 4557 3504 4624 Deo,
3536 4565 3599 4612 ut
3632 4555 3908 4626 praedixi-

624 4653 682 4700 οι
722 4643 836 4713 iam
885 4647 953 4702 ad
1004 4648 1333 4718 reliquarum
1384 4653 1780 4723 categoriarum
1833 4653 2099 4708 theoriam
2127 4667 2212 4708 re—

627 4734 900 4790 deundum
938 4752 1059 4792 esse
1099 4741 1276 4794 video.
1314 4741 1449 4796 Nam
1486 4745 1554 4798 de
1591 4745 1677 4799 his
1700 4746 1903 4801 diutius
1927 4744 2211 4810 dubitare,

579 4892 587 4916 l
629 4825 812 4882 minus
843 4828 1306 4886 considerantium
1344 4847 1523 4887 rerum
1563 4843 1787 4890 naturas
1825 4851 1964 4901 esse,
1991 4838 2212 4893 dubium

628 4929 869 4978 nonest.
898 4921 977 4978 Ac
1001 4936 1100 4993 per
1134 4923 1175 4954 “
1209 4923 1312 4980 hoc
1347 4939 1500 4981 meae
1522 4926 1790 4984 tarditatis
1814 4928 1869 4980 in
1905 4930 2090 4984 multis
2129 4944 2214 4986 me

626 5015 792 5086 pudet
810 5016 1136 5087 etpoenitet.
1157 5015 1298 5074 Mss.
1317 5016 1434 5074 Non
1469 5026 1519 5075 te
1543 5019 1759 5090 pudeat,
1789 5033 1890 5074 nec
1918 5019 2210 5090 poeniteat.

626 5104 890 5177 Quamvis
927 5109 1074 5166 enim
1097 5109 1233 5168 haec
1263 5111 1328 5180 “,
1361 5111 1432 5170 de
1474 5111 1670 5184 quibus
1697 5110 2058 5182 disputamus,
2102 5123 2212 5170 tam

625 5201 906 5272 praeclara
943 5203 1278 5276 sapientibus
1318 5205 1458 5272 sint,
1510 5214 1572 5262 ut
1612 5219 1800 5263 eorum
1845 5204 2023 5263 nullus
2049 5205 2103 5261 in
2133 5206 2214 5262 eis

2319 4653 2489 4710 mus"
2509 4694 2523 4719 ,
2547 4669 2652 4709 non
2674 4667 2885 4718 revera,
2915 4653 2968 4706 id
2991 4659 3096 4718 est,
3122 4665 3228 4706 non
3268 4648 3485 4719 proprie
3505 4645 3909 4718 praedicantur,

2321 4748 2588 4818 sequitur,
2648 4761 2746 4801 nec
2799 4759 3042 4812 movere,
3089 4757 3190 4800 nec
3247 4741 3470 4796 moveri.
3517 4739 3734 4794 Movere
3761 4739 3908 4794 enim

2319 4855 2477 4911 agerc
2522 4847 2633 4903 cst,
2663 4838 2868 4895 moveri
2895 4852 3024 4894 vero
3051 4836 3181 4908 pati.
3202 4833 3336 4890 Item
3359 4833 3404 4889 si
3435 4846 3536 4888 nec
3560 4830 3671 4902 agit
3691 4843 3794 4884 nec
3821 4843 3910 4900 pa-

2319 4933 2468 4998 titur,
2501 4930 2772 5001 quomodo
2798 4929 2997 4985 dicitur
3035 4941 3222 4984 amare
3245 4925 3430 4981 omnia
3459 4925 3526 4990 ²¹,
3555 4931 3612 4980 et
3638 4921 3812 4980 amari
3841 4921 3910 4976 ab

2317 5027 2588 5092 omnibus,
2611 5038 2754 5096 quae
2778 5025 2846 5080 ab
2873 5037 2943 5079 eo
2969 5023 3114 5080 facta
3141 5020 3301 5077 sunt?
3337 5019 3535 5076 Amare
3557 5017 3701 5075 enim
3729 5022 3910 5072 motus

2315 5117 2534 5187 quidam
2563 5117 2610 5147 “
2635 5114 2845 5187 agentis
2868 5123 2972 5179 est,
3001 5111 3176 5167 amari
3201 5124 3334 5166 vero
3360 5107 3648 5180 patientis;
3671 5114 3727 5163 et
3745 5117 3911 5162 musa

2317 5215 2372 5264 et
2403 5207 2528 5266 ﬁnis
2573 5215 2660 5264 est
2685 5205 2733 5239 ⁸³
2764 5213 2962 5262 motus.
2989 5201 3098 5261 Sed
3132 5202 3238 5260 hoc
3281 5201 3405 5259 dico
3420 5216 3598 5285 “usum
3636 5197 3910 5271 publicum

1940 5319 2197 5386 VARIAE
2237 5319 2634 5380 LECTIONES.

715 5437 731 5469 ι
765 5435 857 5492 Sic
905 5437 981 5502 D;
1034 5435 1229 5490 dicitur
1250 5449 1357 5492 om.
1387 5437 1504 5504 CE;
1536 5447 1726 5493 natura
1765 5435 1907 5492 Deus
1944 5449 2053 5492 om.
2085 5437 2150 5492 D.
2227 5439 2246 5468 ’
2303 5439 2392 5495 Sic
2437 5437 2599 5500 CDE;
2645 5454 2691 5492 Α
2770 5435 3109 5493 enerationes.
3145 5416 3148 5419 1
3188 5432 3210 5464 ³
3249 5432 3341 5489 Sic
3371 5430 3533 5497 CDE;
3562 5431 3608 5486 Δ
3637 5429 3910 5498 deformis.

717 5508 977 5561 orandum
1002 5523 1112 5562 om.
1136 5507 1199 5562 D.
1278 5509 1298 5540 ⁸
1320 5509 1409 5563 Sic
1432 5509 1598 5563 ADE:
1622 5508 1662 5563 C
1691 5507 1892 5563 aliquid
1921 5508 2068 5562 aliud
2130 5509 2151 5539 °
2179 5509 2275 5563 hoc
2297 5523 2407 5563 om.
2434 5509 2499 5563 D.
2554 5511 2573 5541 ⁷
2598 5508 2690 5563 Sic
2719 5455 2882 5563 δ’ῡῆ
2908 5508 2954 5563 Α
2976 5506 3085 5561 sed.
3164 5502 3186 5534 "
3216 5503 3308 5560 Sic
3331 5501 3490 5563 CDE;
3517 5501 3563 5556 Α
3583 5499 3910 5563 perspiciun-

635 5502 659 5536 ⁸
687 5508 977 5578 eoi-undam
995 5523 1112 5578 om.
1136 5507 1199 5562 D.
1278 5509 1298 5540 ⁸
1320 5509 1409 5564 Sic
1432 5502 1598 5573 ADE;
1622 5508 1662 5564 C
1691 5507 1892 5578 aliquid
1921 5508 2068 5562 aliud
2130 5509 2151 5539 ο
2179 5509 2275 5564 hoc
2297 5523 2407 5566 om.
2434 5509 2499 5564 D.
2554 5511 2573 5541 ⁷
2598 5508 2690 5565 Sic

812 5575 832 5604 ’
861 5577 948 5632 CD
972 5577 1125 5651 Gym.
1145 5579 1234 5651 ﬂ",
1255 5578 1345 5636 Sic
1366 5579 1537 5645 ADE;
1563 5579 1604 5635 C
1633 5589 1681 5634 et
1732 5575 1895 5635 “'Sic
1926 5578 2095 5651 CDE;
2116 5580 2158 5633 Δ
2186 5592 2411 5651 propter.

1139 5650 1180 5720 ξ’
1216 5650 1304 5704 Sic
1328 5651 1492 5717 ADE;
1526 5651 1571 5706 Α
1592 5651 1682 5705 sed
1709 5665 1891 5720 perge.
1969 5649 2013 5682 ¹¹
2044 5650 2133 5720 Sic
2163 5646 2290 5718 Αῡζ
2324 5652 2412 5705 ΑΕ
2437 5668 2537 5704 non
2567 5669 2696 5705 esse.
2774 5650 2814 5681 ¹⁶
2837 5649 2964 5720 haec
2988 5660 3109 5720 9_m_._
3133 5646 3200 5720 A.

629 5584 736 5629 tur.
812 5584 832 5604 '
861 5584 948 5632 CD
972 5584 1062 5633 Gut

628 5662 758 5714 que;
793 5655 839 5700 et
859 5662 968 5700 om.
1001 5649 1062 5701 D.

2763 5508 2882 5576 DE;
2908 5508 2954 5563 A
2976 5506 3101 5576 sed.
3140 5502 3188 5576 ᾖ
3216 5501 3490 5576 Sic_CDE;
3517 5501 3563 5556 Α
3583 5499 3914 5576 perspiciun-

2496 5581 2538 5612 "
2583 5581 2711 5634 haec
2739 5595 2849 5636 om.
2904 5580 2968 5632 Α.

633 5708 771 5788 rent.
837 5715 884 5746 “
909 5715 1001 5769 Sic
1019 5717 1183 5783 CDE;
1215 5719 1258 5788 Α
1283 5708 1559 5788 manifesto
1582 5723 1660 5775 illi
1682 5708 1955 5788 n'teip‘ium.
2032 5719 2074 5751 ¹⁹
2100 5720 2190 5774 AD
2218 5708 2439 5784 iterum;
2468 5722 2509 5774 Ε
2537 5723 2715 5788 igitur.
2789 5722 2834 5752 ’°
2860 5718 2951 5775 Sic
2975 5716 3145 5784 CDE;
3178 5718 3223 5772 A
3251 5715 3397 5786 prius
3429 5713 3679 5769 diximus.
3749 5711 3794 5741 "
3824 5708 3917 5765 Sic

636 5783 807 5852 ADE;
845 5788 1023 5838 omnia
1055 5798 1163 5842 om.
1198 5787 1240 5842 C
1307 5789 1353 5821 "
1380 5783 1470 5844 Sic
1494 5791 1657 5857 CDE;
1688 5783 1898 5863 quidam
1927 5813 2034 5853 om.
2068 5796 2131 5850 A.
2199 5795 2243 5826 ’³
2267 5802 2341 5848 est
2371 5808 2478 5846 om.
2517 5783 2575 5844 D.
