4194 6276
370 430 475 487 505

1262 427 1349 480 DE
1385 423 1716 480 DlV'lSIONE
1755 421 2101 478 NATURAE.
2144 452 2205 460 ——
2251 421 2452 477 LIBER
2489 423 2764 486 PRIMUS.

3522 430 3627 486 506

371 557 627 613 sequens.
664 540 799 597 Nam
839 540 882 596 si
923 541 1044 612 quis
1081 540 1389 609 diligentius
1430 554 1614 594 rerum
1645 538 1947 609 inspexerit
1973 541 2021 600 Α
2049 536 3157 610 namqueconditorisimagincmoblivioni
3173 545 3408 610 tradere,
3423 545 3624 603 stultis-

373 643 650 699 naturam,
694 632 944 703 reperiet,
997 632 1142 701 quod
1181 631 1346 686 multa
1398 633 1595 697 verba,
1649 644 1788 700 quae
1827 646 1950 686 cum

371 726 486 782 sola
519 724 666 780 vocis
691 722 972 792 superficie
999 721 1174 776 activa
1197 735 1318 776 esse
1341 720 1650 786 videantur,
1675 720 1951 775 intellectu

373 825 554 869 tamen
595 813 862 883 passivam
904 811 1107 866 habent
1152 811 1638 878 signiﬁcationem,
1675 818 1730 866 et
1757 823 1788 865 e
1817 825 1950 865 con-

374 905 542 961 trario
581 903 793 972 passiva
826 900 1142 972 superﬁcies
1161 909 1338 955 actum
1379 900 1665 971 signiﬁcat.
1701 898 1834 954 Nam
1857 899 1950 968 qui

372 1002 518 1050 amat
559 994 645 1049 vel
695 993 891 1064 diligit,
939 993 1055 1061 ipse
1103 992 1333 1061 patitur;
1364 992 1454 1061 qui
1477 1006 1606 1047 vero
1629 999 1842 1045 amatur
1864 990 1951 1045 vel

367 1083 628 1153 diligitur,
671 1083 804 1153 agit.
843 1080 916 1136 At
949 1081 997 1136 si
1031 1092 1175 1134 amat
1207 1081 1345 1135 Deus
1367 1096 1504 1150 quae
1533 1079 1680 1145 fecit,
1712 1078 1953 1150 profecto

370 1174 582 1229 videtur
605 1172 848 1236 moveri;
871 1186 971 1227 suo
991 1171 1132 1226 enim
1153 1187 1336 1226 amore
1357 1178 1618 1226 movetur.
1643 1170 1711 1226 Et
1737 1171 1782 1226 si
1801 1184 1952 1224 amr.-

371 1273 463 1320 tur
507 1265 576 1319 ab
610 1266 719 1331 bis,
753 1277 898 1334 quae
947 1277 1132 1318 amare
1176 1274 1418 1332 possunt,
1460 1263 1576 1320 sive
1603 1262 1797 1327 sciant,
1825 1261 1952 1331 quid

372 1363 582 1421 amant,
596 1353 983 1418 sivenesciaut,
1014 1368 1196 1408 nonne
1212 1364 1456 1422 apertum
1481 1361 1581 1419 est,
1602 1353 1729 1423 quia
1750 1353 1952 1408 movet?

374 1445 548 1499 Amor
575 1443 838 1512 siquidem
860 1441 1276 1512 pulchritudinis
1295 1442 1463 1511 ipsius
1491 1456 1556 1496 ca
1582 1426 1778 1497 movet.
1811 1444 1954 1507 Quo-

378 1534 541 1590 modo
575 1547 706 1604 ergo
744 1532 942 1587 dicitur
977 1545 1152 1600 neque
1172 1545 1410 1597 movere,
1434 1546 1609 1601 neque
1638 1533 1860 1596 moveri,
1889 1546 1955 1587 ne

375 1625 623 1680 videatur
655 1635 814 1691 agere
839 1629 894 1676 et
909 1621 1020 1690 pati
1041 1660 1054 1686 ,
1087 1635 1187 1691 per
1205 1622 1469 1690 meipsum
1490 1622 1834 1676 considerare
1864 1635 1956 1677 nec

373 1726 537 1782 queo.
583 1711 664 1766 Ac
703 1724 802 1780 per
835 1711 940 1766 lioc
966 1708 1126 1778 hujus
1150 1710 1482 1780 quaestionis
1517 1711 1716 1766 nodum
1742 1711 1952 1776 solvas,

371 1802 624 1859 obnixius
669 1801 901 1871 postulo.
934 1799 1072 1856 ΜΑο.
1097 1799 1351 1864 Putasne,
1383 1800 1438 1855 in
1489 1799 1597 1865 bis,
1637 1801 1728 1870 qui
1767 1810 1952 1869 agunt,

373 1892 518 1949 aliud
554 1906 680 1950 esse
713 1901 988 1962 agentem,
1011 1889 1171 1960 aliud
1201 1905 1357 1960 posse
1377 1905 1557 1961 agere,
1587 1891 1732 1946 aliud
1757 1906 1952 1962 agere,

375 2001 444 2042 an
456 1999 619 2041 unum
642 1984 929 2056 idemque?
956 1985 1101 2041 Dise.
1126 1981 1241 2038 Non
1274 1999 1437 2039 unum
1465 1999 1589 2040 esse
1619 1984 1826 2056 opinor,
1857 1985 1954 2040 sed

377 2077 480 2132 tria
509 2075 772 2148 quaedam
801 2091 836 2134 a
859 2089 920 2132 se
943 2074 1266 2134 diﬂ'ereutia.
1298 2074 1502 2129 Amans
1525 2074 1692 2142 enim,
1723 2075 1825 2130 hoc
1845 2083 1950 2144 est,

371 2166 464 2238 qui
513 2175 679 2232 amat,
716 2165 1019 2222 substantia
1069 2165 1334 2236 quaedam
1375 2172 1560 2219 certae
1591 2179 1654 2220 ac
1695 2163 1953 2223 definitae

373 2264 460 2312 est
503 2271 769 2326 personae
795 2256 836 2323 ί,
883 2255 972 2313 cui
1021 2255 1219 2312 accidit
1259 2254 1526 2326 quaedam
1563 2256 1824 2325 potentia,
1854 2269 1954 2326 per

375 2361 541 2417 quam
575 2356 758 2416 potest
786 2362 964 2417 agere,
1005 2347 1118 2403 sive
1139 2355 1284 2418 agat,
1313 2347 1430 2402 sive
1447 2362 1577 2402 non.
1601 2347 1661 2402 Si
1689 2361 1816 2404 vero
1835 2347 1954 2418 ipsa

375 2435 682 2492 substantia
705 2450 804 2506 per
831 2435 1002 2507 ipsam
1047 2435 1341 2507 potentiam
1368 2449 1429 2490 se
1452 2437 1703 2502 moverit,
1729 2447 1790 2492 ut
1808 2437 1829 2468 ¹
1858 2438 1956 2492 ali-

376 2525 510 2596 quid
563 2533 706 2596 agat,
754 2540 914 2596 agere
957 2525 1173 2582 dicitur.
1213 2527 1291 2581 Ac
1311 2541 1406 2596 per
1431 2526 1536 2582 lioc
1561 2527 1666 2582 tria
1691 2528 1955 2596 quaedam

377 2613 628 2672 videntur
665 2630 816 2682 esse,
847 2616 1147 2672 substantia
1175 2616 1444 2681 videlicet,
1491 2617 1581 2672 cui
1631 2618 1773 2674 inest
1796 2633 1957 2689 agere

374 2723 534 2779 posse
559 2726 578 2764 ε
614 2709 772 2781 cujus
812 2708 1189 2781 possibilitatis
1236 2709 1400 2765 veluti
1447 2710 1726 2782 cujusdam
1759 2727 1957 2768 causae

371 2787 598 2856 enectus
622 2810 708 2858 est
744 2801 800 2858 in
840 2800 1022 2872 aliqua
1051 2815 1110 2857 re
1135 2816 1320 2872 agere,
1350 2803 1466 2858 sive
1510 2803 1624 2872 ipsa
1650 2804 1790 2859 actio
1815 2805 1954 2860 reci-

372 2903 545 2961 proca
593 2890 690 2958 sit,
741 2890 796 2947 id
827 2900 932 2956 est,
959 2889 1016 2946 in
1036 2890 1264 2949 eandem
1293 2891 1505 2958 redeat,
1521 2905 1616 2948 seu
1643 2892 1697 2947 in
1722 2892 1950 2951 alteram

372 2991 620 3038 transeat
656 2996 966 3054 personam.

449 3071 596 3128 Mite.
616 3071 1090 3136 Rectediscernis.
1105 3071 1242 3140 Quid
1271 3073 1366 3130 tibi
1387 3073 1597 3130 videtur
1611 3075 1633 3130 7
1648 3075 1834 3133 Nonne
1857 3092 1949 3133 ea-

376 3166 501 3221 dem
537 3164 794 3222 diseretio
832 3173 917 3220 est
944 3163 1276 3221 observanda
1321 3165 1376 3219 in
1421 3180 1487 3221 eo
1511 3167 1604 3237 qui
1630 3167 1857 3236 patitur,
1889 3177 1947 3224 ut

372 3257 520 3313 aliud
564 3257 636 3313 sit
667 3257 900 3327 patiens,
930 3245 1072 3312 aliud
1093 3269 1250 3326 posse
1275 3257 1410 3326 pati,
1432 3257 1576 3314 aliud
1605 3259 1780 3330 ipsum
1807 3261 1946 3330 pati,
1979 3237 2024 3300 (ἶ

365 3349 486 3406 sive
509 3364 540 3404 a
561 3350 750 3420 seipse
770 3348 891 3417 quis
918 3347 1173 3418 patiatur,
1195 3349 1305 3404 sive
1322 3348 1390 3404 ab
1411 3347 1551 3404 alio?
1575 3350 1720 3406 Disc.
1749 3351 1948 3408 Eadem

367 3437 790 3510 profecto.Hac.
809 3439 953 3496 Haec
969 3440 1133 3511 igitur
1158 3441 1258 3498 tria
1286 3451 1342 3498 et
1365 3443 1419 3498 in
1435 3443 1520 3499 liis
1549 3445 1642 3514 qui
1663 3454 1867 3510 amant,
1897 3453 1952 3500 et

365 3528 426 3585 in
452 3529 648 3600 bisqui
669 3539 940 3596 amantur,
955 3531 1198 3601 ejusdem
1236 3541 1465 3589 naturae
1486 3549 1596 3589 non
1621 3544 1768 3591 sunt.
1798 3536 1944 3592 Disc.

371 3616 488 3675 Non
515 3627 666 3686 sunt,
712 3628 772 3676 ut
807 3621 1021 3692 opinor.
1052 3620 1172 3676 Alia
1197 3622 1465 3693 siquidem
1497 3633 1688 3679 natura
1709 3633 1794 3680 est
1826 3625 1952 3681 sub-

373 3709 718 3778 stantiarum,
746 3711 852 3767 alia
883 3713 1265 3770 accidentium.
1296 3713 1430 3768 Nam
1457 3715 1550 3784 qui
1579 3716 1690 3786 agit
1710 3715 1794 3771 vel
1814 3717 1953 3787 pati-

378 3808 491 3865 tur,
523 3801 832 3858 substantia
859 3811 962 3859 est.
992 3801 1156 3860 Posse
1183 3811 1368 3860 autem
1395 3818 1556 3875 agere
1596 3804 1680 3860 vel
1721 3806 1857 3876 pati,
1897 3813 1954 3862 et

377 3893 560 3964 ipsum
573 3908 734 3966 agere
743 3904 798 3951 et
811 3894 831 3926 ³
847 3897 960 3966 pati
979 3896 1278 3952 accidentia
1298 3905 1446 3974 sunt.
1465 3895 1605 3952 MAG.
1619 3895 1803 3965 Miror,
1818 3913 1952 3968 quo-

373 3986 542 4042 modo
559 4001 774 4054 eorum,
793 4001 930 4056 quae
959 3989 1013 4045 in
1036 3987 1329 4059 praedictis
1369 3989 1873 4046 ratiocinationibus
1897 3997 1954 4046 et

373 4077 624 4148 quaesita
653 4087 706 4134 et
738 4079 975 4147 inventa,
997 4089 1056 4136 ut
1073 4081 1330 4147 arbitror,
1357 4091 1413 4137 et
1441 4081 1660 4138 deﬁnita
1687 4091 1835 4151 sunt,
1859 4084 1955 4140 ob-

374 4167 502 4224 litus
530 4183 612 4226 es.
636 4169 783 4227 Dise.
807 4170 1074 4238 Admone,
1105 4186 1312 4241 precor,
1342 4179 1420 4240 et,
1445 4188 1586 4243 quae
1612 4181 1739 4228 sunt
1764 4173 1874 4238 illa,
1896 4173 1953 4230 in

375 4260 697 4316 memoriam
717 4276 938 4318 revoca.
963 4259 1100 4318 Nam
1123 4276 1211 4320 me
1233 4261 1366 4318 vitio
1385 4261 1698 4330 memoriae,
1713 4262 1856 4333 quod
1872 4272 1956 4320 est

373 4350 610 4417 oblivio,
627 4353 984 4424 negligentem
1009 4353 1440 4424 obliviosumque
1457 4367 1580 4412 esse
1599 4368 1709 4410 non
1729 4355 1952 4425 denego.

375 4439 526 4496 lae.
541 4440 955 4512 Reeordarisne,
980 4444 1266 4502 collectum
1292 4445 1713 4517 conclusamque
1739 4460 1771 4502 a
1802 4435 1956 4504 nobis

373 4528 572 4600 fuisse,
597 4535 796 4603 οὐσίαν,
828 4533 1065 4608 δύναμιν,
1101 4538 1374 4612 uinum,
1403 4537 1460 4593 id
1491 4546 1595 4604 est,
1621 4537 1916 4595 essentiam
1935 4579 1952 4608 ,

374 4631 437 4678 ut
461 4637 626 4694 saepe
647 4625 909 4694 diximus,
938 4628 1198 4685 virtutem
1233 4637 1289 4685 et
1318 4627 1716 4699 operationem,
1744 4629 1953 4685 trinita-

373 4707 484 4774 tem
520 4717 794 4788 quandam
819 4719 1239 4792 inseparabilem
1263 4719 1832 4792 incorruptibilequ
1855 4735 1955 4777 no-

373 4815 519 4864 strae
539 4818 770 4869 naturae
788 4826 933 4880 esse,
959 4827 1101 4883 quae
1137 4811 1242 4869 sibi
1273 4811 1505 4868 invicem
1537 4812 1770 4869 mirabili
1795 4820 1956 4870 natu-

373 4915 472 4958 rae
506 4903 790 4961 harmonia
828 4905 1120 4976 conjuncta
1154 4914 1304 4972 sunt,
1328 4915 1388 4961 ut
1414 4913 1470 4961 et
1498 4906 1602 4960 tria
1622 4920 1788 4960 unum
1819 4905 1950 4973 sint,

372 5001 433 5049 et
453 5007 616 5050 unum
661 4995 788 5062 tria,
837 5010 1018 5067 neque
1068 4996 1234 5054 veluti
1263 4996 1511 5053 diversae
1545 5004 1772 5050 naturae
1801 5003 1947 5062 sunt,

367 5081 470 5138 aed
497 5083 654 5140 unius
687 5093 852 5156 atque
887 5083 1152 5156 ejusdem,
1177 5100 1286 5142 non
1309 5094 1368 5140 ut
1393 5085 1696 5140 substantia
1725 5083 1950 5155 ejusque

367 5171 692 5239 accidentia,
723 5174 820 5231 sed
846 5177 1114 5245 quaedam
1149 5173 1455 5234 essentialis
1487 5175 1667 5229 unitas
1701 5175 1954 5231 substan-

369 5260 623 5332 tialisque
646 5262 946 5322 differentia
965 5267 1131 5322 trium
1152 5267 1211 5323 in
1230 5282 1338 5329 uno
1355 5267 1377 5321 ἵ
1393 5265 1539 5324 Βιδς.
1563 5265 1864 5332 Recordor,
1888 5281 1953 5322 ac

371 5350 625 5422 deinceps
654 5370 930 5426 nunquam
975 5357 1232 5414 oblivioni
1280 5357 1504 5412 tradam.
1539 5355 1949 5426 Apertissimam

2051 631 2247 685 simum
2272 639 2356 685 est
2384 640 2544 701 atque
2572 632 2955 687 miserrimum.
2972 632 3076 687 Sed
3091 649 3347 703 quorsum
3361 636 3567 693 istbaec
3578 637 3627 705 ⁵,

2051 721 2287 774 nondum
2320 720 2496 784 video,
2549 720 2656 775 nisi
2701 720 2862 786 forte,
2912 721 3040 789 quia
3095 721 3196 776 tria
3218 723 3483 792 quaedam
3509 740 3540 780 a
3566 739 3630 781 se

2053 808 2285 865 invicem
2319 809 2700 880 discrepantia,
2718 810 2845 864 dum
2871 825 2903 864 a
2933 818 2984 864 te
3019 811 3380 882 interrogatus
3409 827 3630 882 respon-

2051 896 2245 963 derim,
2274 913 2439 952 unum
2460 898 2676 966 quidem
2703 899 3000 954 secundum
3022 898 3343 968 subjectum,
3373 903 3478 956 duo
3497 916 3626 958 vero

2051 989 2346 1044 secundum
2379 989 2632 1044 accidens
2658 1003 2797 1053 esse,
2840 1004 2980 1058 quae
3002 989 3103 1044 tria
3151 991 3419 1060 prioribus
3457 993 3630 1048 tribus

2051 1081 2207 1151 longe
2251 1081 2502 1136 videntur
2547 1081 2755 1135 abesse.
2790 1079 2878 1136 Ac.
2903 1094 3000 1149 per
3028 1081 3131 1136 lioe
3180 1083 3320 1136 aut“
3364 1082 3454 1138 illa
3499 1085 3626 1150 tria,

2050 1185 2192 1240 quae
2229 1169 2460 1224 diximus
2490 1170 2650 1224 unius
2694 1167 3043 1240 ejusdemque
3089 1170 3428 1228 substantiae
3472 1187 3626 1242 esse,

2051 1262 2165 1318 sola
2219 1275 2452 1330 vereque
2473 1260 2493 1292 ⁸
2553 1269 2702 1326 sunt,
2728 1260 2782 1315 id
2810 1270 2896 1316 est
2921 1261 3179 1327 essentia,
3209 1262 3398 1328 virtus,
3423 1271 3480 1319 et
3501 1280 3628 1334 ope-

2055 1353 2224 1417 ratio;
2250 1366 2390 1421 quae
2428 1364 2559 1405 vero
2589 1365 2733 1405 nunc
2769 1366 2801 1405 a
2832 1365 2918 1404 me
2941 1351 3122 1406 addita
3145 1363 3287 1418 sunt,
3324 1354 3377 1408 id
3403 1355 3633 1410 estsub-

2053 1442 2252 1498 stantia
2317 1456 2441 1496 eum
2500 1441 2902 1507 accidentibus,
2964 1443 3318 1511 possibilitate
3382 1444 3628 1501 videlicet

2052 1532 2284 1603 agendi,
2332 1531 2606 1600 ipsiusque
2653 1531 3026 1600 possibilitatis
3075 1532 3302 1600 ell‘ectu,
3351 1537 3496 1604 quod
3546 1544 3628 1592 est

2052 1636 2230 1693 agere,
2261 1620 2527 1690 superﬂua
2549 1635 2671 1678 esse
2699 1623 2718 1656 ⁷
2765 1622 3019 1692 nullaque
3046 1625 3256 1680 ratione
3305 1636 3520 1695 reperta
3543 1641 3632 1681 ar-

2053 1711 2396 1778 bitrandnm;
2428 1720 2524 1767 aut
2562 1726 2594 1767 e
2625 1713 2941 1780 contrario;
2985 1721 3080 1770 aut
3119 1715 3307 1781 etiam,
3351 1717 3496 1785 quod
3540 1733 3630 1772 re-

2053 1808 2196 1864 ctius
2223 1805 2508 1862 dicendum
2553 1806 2687 1861 mihi
2723 1807 2956 1873 videtur,
2998 1817 3053 1866 et
3102 1808 3240 1863 haec
3263 1819 3316 1862 et
3353 1807 3444 1863 illa
3470 1809 3490 1841 "
3526 1812 3542 1831 ‘
3572 1809 3630 1864 in

2055 1908 2246 1956 natura
2276 1914 2459 1955 rerum
2481 1908 2630 1966 sunt,
2651 1900 2869 1971 suisque
2891 1901 2914 1933 ⁸
2959 1903 3296 1958 naturalibus
3317 1903 3632 1960 diﬂ'erentiis

2055 1992 2455 2047 discernuntur.
2482 1990 2590 2046 Sed
2637 1999 2816 2047 utrum
2843 1991 2920 2046 ita
2940 1991 2961 2023 ⁹
2987 1993 3412 2059 concedendum,
3437 2009 3630 2060 necne,

2054 2093 2148 2141 tuo
2168 2083 2374 2153 judicio
2391 2084 2788 2138 decernendum
2810 2085 3110 2139 committo.
3125 2083 3268 2140 Mati.
3281 2083 3438 2150 Quod
3455 2085 3634 2140 novis-

2053 2179 2191 2234 sime
2200 2176 2446 2248 posuisti,
2465 2184 2648 2230 rectae
2663 2175 2705 2208 ¹⁰
2723 2175 2918 2232 rationi
2932 2176 3143 2232 videtur
3157 2191 3255 2230 cou
3263 2175 3463 2230 venire.
3482 2174 3634 2242 Quis-

2054 2270 2177 2340 quis
2206 2270 2348 2324 enim
2378 2268 2600 2335 dixerit,
2627 2267 2972 2323 essentialem
3004 2266 3320 2333 trinitatem,
3343 2267 3632 2324 essentiam

2053 2359 2286 2424 scilicet,
2314 2358 2595 2424 virtutem,
2626 2358 3016 2428 operationem,
3045 2358 3424 2414 inconcussam
3449 2359 3628 2413 incor-

2057 2451 2476 2521 ruptibilemque
2519 2451 2774 2506 omnibus
2811 2450 3010 2518 inesse,
3046 2460 3102 2506 et
3130 2451 3173 2483 ι*
3201 2449 3437 2506 maxime
3464 2448 3631 2505 ratio-

2055 2543 2326 2600 nabilibus
2363 2542 2922 2612 intellectualibusque
2950 2544 3182 2610 naturis,
3219 2557 3250 2599 a
3293 2543 3541 2608 veritate,
3575 2547 3635 2596 ut

2053 2635 2262 2706 opinor,
2291 2649 2397 2690 non
2444 2634 2669 2689 recedit.
2702 2634 2851 2700 Quae
2877 2634 3091 2690 trinitas
3115 2635 3170 2690 in
3196 2634 3467 2698 omnibus,
3509 2633 3631 2702 qui-

2053 2727 2153 2783 bus
2180 2727 2339 2791 inest,
2373 2740 2473 2780 nec
2492 2725 2674 2795 augeri
2704 2739 2803 2780 nec
2831 2725 2996 2779 minui
3024 2733 3218 2794 potest.
3247 2723 3489 2792 Sequens
3505 2738 3632 2778 vero

2054 2815 2264 2870 trinitas
2288 2813 2454 2869 veluti
2481 2814 2852 2884 praecedentis
2881 2813 3134 2868 trinitatis
3164 2813 3384 2868 effectus
3413 2813 3631 2880 quidam

2053 2903 2370 2972 intelligitur
2406 2917 2545 2959 esse.
2577 2900 2694 2956 Non
2733 2902 2878 2957 enim
2904 2901 3122 2956 veritati
3150 2902 3425 2970 obstrepat
3449 2901 3513 2968 “,
3575 2910 3636 2956 ut

2053 2992 2302 3057 aestimo,
2335 2993 2381 3047 si
2417 2992 2677 3059 dicamus,
2711 3007 2780 3048 ex
2805 2992 2922 3062 ipsa
2949 2992 3202 3057 essentia,
3249 3007 3388 3061 quae
3430 3006 3536 3046 una
3576 2999 3633 3048 et

2052 3080 2374 3136 universalis
2396 3080 2450 3136 in
2482 3080 2733 3136 omnibus
2767 3089 2948 3136 creata
2973 3089 3076 3147 est,
3107 3081 3461 3152 omnibusque
3484 3096 3632 3138 com-

2056 3169 2254 3235 munis,
2298 3177 2462 3240 atque
2490 3169 2632 3237 ideo,
2671 3171 2796 3240 quia
2823 3171 3060 3225 omnium
3093 3185 3150 3226 se
3191 3170 3632 3241 participantium

2055 3269 2159 3326 est,
2197 3260 2396 3317 nullius
2421 3262 2634 3332 propria
2663 3261 2861 3318 dicitur
2885 3277 3022 3326 esse,
3051 3262 3384 3332 singulorum
3411 3278 3469 3319 se
3513 3278 3634 3334 par-

2055 3352 2394 3422 ticipantium
2441 3353 2708 3425 quandam
2747 3353 3020 3424 propriam
3063 3353 3445 3422 substantiam,
3493 3369 3632 3425 quae

2053 3445 2249 3499 nullius
2271 3444 2498 3514 alicujus
2521 3455 2628 3513 est,
2651 3446 2756 3502 nisi
2779 3446 2946 3516 ipsius
2968 3445 3328 3514 solummodo,
3352 3444 3505 3515 cujus
3527 3456 3631 3512 est,

2052 3536 2284 3591 naturali
2310 3538 2687 3608 progressione
2701 3551 2972 3595 emanare.
2998 3536 3096 3593 Cui
3124 3537 3286 3592 etiam
3300 3537 3634 3594 substantiae

2053 3627 2269 3695 propria
2295 3627 2623 3697 possibilitas
2657 3627 2818 3694 inest,
2849 3641 2986 3698 quae
3013 3626 3230 3684 aliunde
3256 3642 3364 3684 non
3412 3627 3636 3684 assumi-

2054 3726 2163 3784 tur,
2191 3719 2295 3776 nisi
2322 3735 2390 3774 ex
2417 3719 2534 3791 ipsa
2576 3719 2868 3776 universali
2903 3720 3101 3777 virtute
3127 3721 3295 3790 ipsius
3326 3722 3634 3793 praedictae

2055 3810 2375 3867 universalis
2403 3819 2458 3866 et
2486 3811 2754 3868 essentiae
2775 3819 2832 3868 et
2857 3811 3088 3866 virtutis.
3121 3810 3384 3867 Similiter
3413 3813 3480 3868 de
3509 3829 3632 3884 pro-

2053 3901 2171 3972 pria
2209 3903 2523 3971 operatione
2547 3903 2968 3972 specialissimae
3000 3911 3056 3958 et
3093 3905 3429 3960 substantiae
3455 3913 3510 3960 ct
3539 3920 3635 3975 po-

2055 3992 2266 4050 testatis
2305 3993 2616 4060 dicendum,
2660 4009 2767 4049 non
2797 3993 3013 4050 aliunde
3051 3993 3400 4060 descendere,
3432 3995 3534 4049 nisi
3566 3996 3633 4050 ab

2052 4083 2170 4154 ipsa
2198 4081 2489 4136 universali
2517 4083 2832 4152 operatione
2855 4081 3094 4153 ejusdem
3123 4082 3444 4138 universalis
3468 4091 3524 4138 et
3545 4097 3635 4137 es-

2053 4173 2261 4230 sentiae
2289 4181 2345 4227 et
2377 4171 2614 4227 virtutis.
2654 4172 2766 4228 Nec
2785 4172 3002 4235 mirum,
3031 4171 3077 4226 si
3101 4173 3236 4226 haec
3261 4172 3384 4237 tria,
3410 4185 3548 4242 quae
3576 4171 3632 4226 in

2054 4265 2280 4336 singulis
2305 4263 2736 4330 considerantur,
2783 4261 2934 4334 quasi
2965 4261 3010 4294 ¹³
3032 4262 3295 4331 quaedam
3331 4261 3632 4319 accidentia

2052 4357 2364 4428 praedictae
2391 4352 2714 4410 universalis
2760 4350 3018 4408 trinitatis
3045 4351 3295 4408 dicantur
3333 4365 3477 4420 esse,
3513 4353 3628 4423 pri-

2056 4463 2283 4518 maeque
2337 4445 2730 4517 apparitiones;
2770 4441 3203 4514 quandoquidem
3267 4442 3380 4512 ipsa
3418 4456 3514 4512 per
3571 4457 3632 4499 se

2059 4551 2224 4592 unum
2254 4535 2326 4592 sit
2354 4534 2418 4602 “,
2446 4542 2500 4591 et
2525 4534 2580 4590 in
2608 4533 2878 4600 omnibus,
2897 4546 3034 4603 quae
3055 4545 3126 4590 ex
3148 4546 3213 4588 ea
3239 4538 3294 4586 et
3330 4531 3386 4586 in
3425 4546 3487 4587 ea
3516 4532 3631 4589 eai-

2056 4634 2205 4684 stunt
2225 4627 2292 4694 ",
2323 4623 2832 4681 incommutabiliter
2851 4630 3150 4694 permanet,
3190 4635 3290 4677 nec
3319 4621 3503 4692 augeri
3529 4637 3630 4678 nec

2056 4717 2245 4783 minui,
2271 4731 2373 4772 nec
2395 4714 2690 4784 corrumpi,
2719 4728 2820 4770 nec
2844 4711 3023 4783 perire
3059 4719 3254 4784 potest.
3299 4711 3444 4768 llaec
3479 4727 3626 4776 vero,

2053 4824 2194 4882 quae
2235 4805 2621 4878 specialissime
2647 4806 2699 4862 in
2735 4803 2961 4876 singulis
2982 4804 3411 4870 considerantur,
3449 4803 3627 4874 augeri

2053 4907 2276 4972 possunt
2303 4909 2358 4958 et
2385 4899 2576 4967 minui,
2604 4896 3078 4968 niultipliciterque
3105 4896 3324 4953 variari.
3343 4896 3459 4951 Non
3485 4897 3629 4952 enim

2053 5009 2240 5054 omnes
2270 4991 2517 5049 similiter
2543 4990 2833 5062 participes
2865 4998 2990 5044 sunt
3016 4985 3337 5045 universalis
3363 4987 3632 5042 cssentiae

2058 5093 2114 5142 et
2136 5084 2350 5140 virtutis
2378 5091 2434 5140 et
2456 5082 2804 5153 operationis.
2832 5079 2937 5135 Alii
2962 5080 3108 5135 enim
3132 5079 3270 5148 plus,
3295 5078 3385 5133 alii
3429 5079 3626 5133 minus.

2058 5174 2248 5232 Nullus
2277 5184 2455 5232 tamen
2494 5173 2905 5245 participatione
2943 5169 3111 5240 ipsius
3135 5169 3346 5241 penitus
3365 5171 3626 5237 privatur.

2059 5267 2178 5336 Ipsa
2200 5280 2410 5336 quoque
2435 5265 2488 5321 in
2511 5266 2759 5321 omnibus
2787 5261 3233 5332 participautibus
3261 5274 3320 5314 se
3345 5275 3448 5314 una
3470 5269 3632 5328 atque

2059 5357 2244 5412 eadem
2276 5365 2574 5426 permanet,
2603 5354 2842 5424 nullique
2867 5353 2934 5409 ad
2976 5347 3402 5423 participandum
3429 5362 3488 5405 se
3513 5348 3635 5417 plus

1641 5490 1894 5547 V'AlllAE
1927 5489 2327 5549 LECTIONES.

449 5623 465 5654 ³
493 5622 580 5678 CE
626 5641 881 5693 personae
929 5634 1038 5689 est;
1083 5635 1158 5689 est
1183 5639 1294 5680 om.
1317 5623 1379 5679 D.
1456 5629 1472 5654 ²
1501 5625 1591 5681 Sic
1620 5623 1741 5693 CD;
1769 5623 1859 5678 ΑΕ
1889 5631 1998 5676 aut.
2069 5621 2090 5653 ³
2124 5622 2214 5676 Sic
2237 5622 2357 5689 AD;
2410 5620 2497 5693 ΕΒ
2541 5619 2640 5675 vel.
2711 5613 3470 5693 “Corr._;~AC§_isthac,j__D
3511 5621 3632 5675 istic

376 5691 397 5765 _'
427 5690 518 5747 Sic
547 5686 714 5759 CDE;
737 5697 780 5749 Α
805 5704 883 5750 ut.
954 5696 975 5727 ⁸
1005 5686 1284 5760 SicCDE;
1328 5693 1369 5748 A
1403 5712 1537 5761 vere,
1578 5686 1737 5765 quae:
1803 5696 1823 5726 '
1855 5693 1946 5749 Sic
1973 5693 2207 5765 CDErA
2238 5686 2506 5765 superﬂua
2529 5705 2629 5743 non
2658 5687 2888 5765 esse}:
2914 5686 3058 5765 ‘_S_~_i_c_
3079 5686 3196 5753 CE;
3225 5687 3627 5765 Aetilla,_qttq¢

375 5762 449 5837 in.
475 5765 533 5837 ⁸ζ)
566 5774 621 5837 et
658 5758 851 5835 illaque
892 5766 967 5820 in.
1005 5836 1009 5837 ν
1045 5766 1065 5797 ⁸
1087 5765 1184 5837 Sic
1209 5758 1325 5837 QE;
1358 5766 1448 5819 AD
1478 5758 1604 5820 suis.
1661 5764 1698 5837 μ’
1726 5766 1765 5820 Α
1794 5766 1988 5837 itaque.
2034 5764 2106 5837 “ff
2136 5758 2665 5837 Sic_tii_Al)E‘i:ecnte.
2811 5758 3163 5837 SicﬁCDEiet
3190 5773 3298 5812 om.
3325 5759 3388 5814 Α.
3468 5761 3510 5790 ³⁸
3537 5759 3631 5818 Sic

377 5832 542 5900 CDE;
575 5835 621 5890 Α
657 5829 924 5905 obstrepit.
998 5836 1044 5867 “
1071 5836 1162 5892 Sic
1189 5836 1304 5901 CE;
1335 5837 1483 5906 quasi
1509 5851 1616 5892 om.
1646 5834 1753 5891 AD.
1831 5829 1996 5890 u'Sic
2021 5833 2136 5899 CE;
2183 5833 2272 5889 Al)
2301 5835 2422 5887 sint.
2501 5831 2546 5863 “
2577 5829 2669 5884 Sic
2697 5829 2812 5896 CE;
2843 5830 2935 5884 ΑΙ)
2953 5830 3263 5885 consistunt.
