4194 6276
498 554 501 558 .
591 509 696 566 εον

1977 497 2258 557 JOANNIS
2299 501 2495 559 SCOTI

3772 505 3875 564 508

592 627 686 673 aut
731 617 908 672 minus
951 613 1122 670 adest.
1168 611 1323 670 Sicut
1379 613 1468 668 lux
1517 614 1710 670 oculis.
1752 612 1887 670 Tota
1942 615 2086 669 enim
2131 615 2186 668 in
2214 619 2262 678 Α
2290 632 2522 685 namque
2564 618 2668 674 loci
2697 625 3071 690 temporisque
3095 616 3321 684 auxilio,
3352 629 3414 674 ut
3441 619 3726 688 subsistat,
3766 639 3874 680 non

592 707 818 778 singulis
847 714 949 771 est,
978 716 1033 760 et
1075 706 1126 759 in
1161 707 1355 775 seipsa.
1387 703 1584 774 Augeri
1623 714 1824 770 autem,
1867 705 1951 759 vel
1992 705 2183 769 minui,

593 799 814 868 quidam
866 797 1108 852 defectus
1164 812 1257 850 seu
1332 795 1605 866 profectus
1678 807 1758 851 est
1816 797 2188 868 participatio-

597 888 712 953 nis;
751 887 978 958 ideoque
1007 901 1112 941 non
1151 885 1596 941 irrationabiliter
1625 887 1877 943 accidens
1905 902 2027 943 esse
2045 886 2188 956 judi-

597 985 773 1035 catur.
1039 1024 1044 1028 .

667 1068 758 1124 63.
786 1067 921 1122 Nam
949 1067 1092 1139 quod
1116 1080 1328 1136 semper
1353 1067 1406 1122 id
1428 1067 1605 1137 ipsum
1631 1075 1734 1134 est,
1775 1082 1904 1123 vera
1931 1069 2186 1124 substan-

601 1161 675 1216 tia
705 1166 852 1214 recte
879 1158 1103 1223 dicitur;
1145 1158 1288 1226 quod
1315 1171 1443 1211 vero
1467 1157 1731 1223 variatur,
1778 1168 1870 1212 aut
1901 1173 1966 1214 ex
2005 1169 2186 1214 muta-

601 1249 811 1307 bilitate
858 1246 1126 1303 instabilis
1164 1248 1518 1312 substantiae,
1551 1257 1646 1302 aut
1679 1262 1746 1302 ex
1773 1249 2186 1319 participatione

601 1340 987 1406 accidentium,
1034 1339 1148 1394 sive
1177 1339 1505 1394 naturalium
1537 1340 1652 1395 sive
1694 1355 1801 1394 non
1832 1341 2185 1409 naturalium,

598 1431 858 1502 procedit.
889 1429 957 1484 Et
979 1443 1048 1484 ne
1071 1427 1309 1494 mireris,
1333 1428 1600 1500 quaedam
1614 1429 1913 1484 accidentia
1937 1431 2186 1485 substan-

599 1525 705 1580 tias
732 1523 857 1589 dici,
879 1521 1136 1594 quoniam
1162 1519 1282 1576 aliis
1311 1520 1681 1578 accidentibus
1709 1520 2028 1586 subsistunt,
2056 1521 2185 1576 dum

601 1621 768 1686 vides,
782 1618 1092 1690 quantitati,
1107 1631 1247 1690 quae
1259 1616 1378 1672 sine
1391 1615 1555 1670 dubio
1577 1613 1828 1670 accidens
1849 1614 2187 1669 substantiae

595 1720 699 1778 est,
729 1711 832 1766 alia
859 1710 1164 1766 accidentia
1190 1708 1461 1772 accidere,
1494 1715 1554 1760 ut
1581 1715 1667 1761 est
1707 1704 1890 1772 color,
1913 1705 2007 1776 qui
2036 1705 2185 1760 circa

595 1805 953 1879 quantitatem
985 1809 1232 1875 apparet,
1281 1809 1339 1856 et
1367 1807 1633 1869 tempora,
1664 1809 1805 1867 quae
1853 1795 1907 1850 in
1953 1796 2186 1852 morosis

597 1909 778 1952 rerum
818 1894 1054 1949 motibus
1100 1889 1492 1960 intelliguntur.
1526 1886 1621 1942 Est
1642 1887 1789 1941 enim
1819 1894 2030 1954 tempus
2067 1899 2184 1939 mu-

2287 717 2428 776 eget,
2472 709 2599 762 dum
2648 724 2746 779 per
2791 710 3024 780 scipsam
3071 718 3200 764 ante
3246 724 3518 781 supraque
3567 722 3778 782 tempus
3817 724 3877 771 et

2288 795 2463 852 locum
2489 799 2816 855 conditionis
2852 813 2982 854 suae
3002 799 3263 869 dignitate
3288 801 3508 857 existat.
3543 801 3652 860 Sed
3679 818 3872 861 novem

2233 911 2246 926 -
2286 903 2504 956 genera,
2535 904 2673 958 quae
2698 891 2827 945 solis
2854 890 3227 946 accidentibus
3255 892 3647 958 attribuuntur,
3683 894 3758 950 ita
3804 897 3874 954 ab

2287 980 2602 1036 auctoribus
2627 981 2799 1036 divisa
2827 990 2975 1045 sunt,
3005 991 3066 1036 ut
3087 981 3202 1052 ipsa
3230 983 3550 1050 accidentia,
3579 1001 3720 1056 quae
3760 988 3874 1057 pri-

2243 1098 2252 1109 -
2287 1070 2623 1125 mordialiter
2651 1072 2704 1126 in
2743 1072 2996 1126 essentiis
3021 1072 3453 1142 conspiciuntur,
3498 1090 3619 1129 mox
3653 1086 3872 1133 vertan-

2290 1167 2380 1214 tur
2414 1159 2472 1214 in
2497 1159 2858 1226 substantias,
2885 1161 3143 1230 quoniam
3187 1161 3310 1217 aliis
3345 1163 3714 1220 accidentibus
3737 1166 3872 1222 sub-

2286 1249 2506 1305 sistunt.
2542 1249 2723 1305 Prima
2768 1250 3036 1321 siquidem
3070 1266 3253 1307 rerum
3279 1252 3522 1307 omnium
3555 1253 3745 1310 divisio
3786 1262 3870 1310 est

2287 1343 2342 1398 in
2401 1344 2669 1399 essentias
2719 1351 2775 1398 et
2821 1343 3115 1399 accidentia
3141 1384 3158 1409 ,
3208 1345 3448 1400 secunda
3515 1345 3870 1402 accidentium

2288 1433 2342 1488 in
2374 1433 2728 1490 substantias.
2759 1434 2910 1502 Quae
2957 1435 3067 1489 fere
3113 1435 3170 1488 in
3202 1435 3474 1492 inﬁnitum
3515 1437 3868 1507 protenditur,

2287 1525 2433 1590 dum,
2457 1526 2599 1596 quod
2623 1541 2766 1581 nunc
2793 1526 3042 1581 accidens
3063 1535 3149 1581 est
3168 1527 3370 1596 prioris
3398 1542 3475 1592 se,
3508 1543 3632 1584 mox
3647 1543 3873 1599 sequen-

2289 1617 2358 1672 tis
2377 1631 2440 1672 se
2477 1617 2778 1672 substantia
2805 1614 3054 1672 efﬁcitur.
3083 1615 3192 1672 Sed
3221 1618 3288 1672 de
3316 1617 3401 1672 his
3437 1617 3564 1672 alibi
3595 1619 3876 1688 disputan-

2287 1711 2450 1776 dum;
2483 1725 2628 1765 nunc
2653 1725 2782 1764 vero
2819 1711 2864 1765 si
2896 1710 2991 1764 tibi
3021 1709 3259 1775 videtur,
3298 1710 3440 1780 quod
3488 1711 3645 1765 nobis
3670 1727 3878 1781 propo-

2285 1803 2450 1858 situm
2491 1810 2594 1868 est,
2643 1816 2953 1873 sequamur.
3019 1800 3159 1856 Msa.
3209 1801 3349 1869 Quid
3398 1801 3595 1871 igitur?
3638 1801 3874 1858 Putasne

2287 1897 2587 1953 accidentia
2619 1912 2723 1951 non
2750 1896 2848 1950 nisi
2874 1895 3178 1965 cuiuspiam
3207 1895 3478 1952 essentiae
3503 1903 3596 1948 aut
3623 1895 3873 1951 acciden-

597 1988 842 2043 tabilium
865 2001 1050 2042 rerum
1073 1997 1256 2039 morae
1268 1990 1554 2050 motusque
1575 1987 1724 2034 cem
1742 1976 2184 2047 τθιίοηεῢὶιὶειιυε
2215 1982 2262 2044 Β
2290 1989 2362 2043 tis
2383 1988 2538 2044 esse?
2568 1989 2714 2043 Dtsc.
2755 1985 2942 2040 Nullus
2983 1987 3178 2041 artium
3207 1987 3415 2057 peritus
3459 1986 3621 2042 aliter
3651 1987 3869 2042 dixerit.

598 2079 882 2137 dimensio.
913 2077 1060 2133 Disc.
1093 2074 1151 2129 In
1177 2075 1281 2129 hoc
1321 2082 1540 2129 nostrae
1579 2070 1894 2127 intentionis
1925 2084 2030 2124 non
2061 2070 2182 2126 dis-

598 2179 786 2242 crepat
829 2169 971 2233 llnis,
1013 2176 1076 2221 ut
1120 2165 1374 2220 arbitror.
1405 2162 1513 2218 Sed
1550 2162 1787 2218 breviter
1806 2161 2090 2230 lucideque
2116 2162 2185 2218 de

600 2251 708 2317 hac
744 2275 923 2315 rerum
956 2265 1232 2330 postrema
1255 2253 1689 2311 consideratione
1715 2250 1942 2307 deﬁnias
1968 2251 2180 2307 vellent.

600 2350 741 2408 Mss.
758 2350 980 2406 Trinam
1003 2344 1626 2416 rerumintelligentiam,
1661 2344 1763 2398 hoc
1785 2351 1869 2398 est
1893 2344 2182 2410 essentiae,

599 2442 835 2507 virtutis,
849 2436 1180 2512 operationis
1207 2432 1598 2491 immutabilem
1620 2432 2026 2488 subsistentiam
2044 2433 2061 2462 ¹
2088 2417 2182 2488 tir-

601 2547 858 2603 mumque
900 2531 1308 2586 fundamentum
1348 2542 1531 2582 rerum
1561 2543 1591 2582 a
1619 2527 1902 2582 conditore
1939 2527 2184 2581 omnium

598 2625 953 2684 constitutum
1002 2635 1284 2692 ponamus,
1334 2619 1382 2674 si
1427 2618 1622 2690 placet.
1679 2617 1826 2674 Dtsc.
1869 2617 2184 2673 Ponendum

601 2717 858 2772 arbitror.
891 2713 1034 2770 Msa.
1067 2711 1274 2767 Deinde
1299 2709 1389 2764 illa
1422 2710 1656 2775 trinitas,
1686 2721 1835 2779 quae
1865 2709 1920 2762 in
1963 2708 2188 2778 singulis

600 2807 934 2866 considerari
971 2813 1172 2878 potest,
1221 2811 1276 2860 et
1326 2819 1357 2864 a
1383 2802 1570 2872 fprima
1619 2801 1862 2856 trinitate
1913 2801 2188 2856 essentiali

601 2899 919 2971 procedens,
947 2895 1116 2951 veluti
1146 2893 1746 2964 praecedentisjcausae
1769 2891 2011 2955 etiectus,
2042 2891 2190 2962 ejus-

597 3008 708 3065 que
734 2988 1115 3065 primordiales
1150 2996 1350 3052 motus,
1389 2987 1766 3057 quaedamque
1821 2983 2188 3055 primordialia

601 3085 903 3142 accidentia
929 3080 1205 3154 pensanda
1230 3088 1338 3145 est,
1367 3087 1427 3133 ut
1453 3079 1628 3134 video.
1679 3077 1826 3134 Dtsc.
1862 3076 1975 3133 Hoc
2004 3078 2025 3106 ²
2055 3091 2190 3146 quo-

602 3193 707 3250 que
750 3177 1042 3234 fatendum.
1087 3172 1229 3227 MAG.
1255 3170 1524 3242 Quicquid
1563 3181 1746 3225 autem
1771 3169 1878 3224 illis
1910 3169 2079 3223 tribus
2104 3183 2190 3223 sc-

602 3270 918 3340 quentibus,
959 3265 1076 3319 sive
1103 3262 1330 3317 interius
1370 3262 1484 3316 sive
1529 3261 1792 3326 exterius,
1823 3260 1938 3314 sive
1965 3268 2186 3314 natura-

2287 2079 2401 2135 Non
2448 2080 2590 2133 enim
2623 2079 2784 2133 aliam
2820 2079 2889 2133 ob
2923 2079 2966 2110 ³ο
2997 2095 3220 2134 causam
3250 2080 3505 2135 accidens
3529 2079 3716 2135 vocari
3759 2094 3874 2134 mo-

2285 2170 2413 2235 ruit,
2461 2169 2564 2223 nisi
2611 2170 2737 2238 quia
2782 2179 2873 2224 aut
2918 2170 3209 2235 essentiae,
3244 2178 3339 2224 aut
3371 2171 3728 2235 substantiae,
3777 2181 3873 2226 aut

2286 2259 2442 2314 alicui
2471 2260 2739 2314 accidenti
2765 2260 3051 2331 contingit.
3095 2261 3234 2315 Mne.
3263 2262 3438 2330 Agere
3483 2272 3540 2316 et
3577 2264 3685 2332 pati
3729 2264 3873 2317 acci-

2285 2349 2528 2405 dentium
2573 2365 2800 2406 numero
2853 2352 3240 2407 continentur?
3287 2353 3432 2407 DISC.
3481 2352 3676 2406 Etiam.
3727 2350 3868 2408 Msa.

2284 2439 2596 2510 Cujuspiam
2658 2439 2825 2509 igitur
2880 2439 3219 2495 substantiae
3268 2441 3428 2495 sunt?
3475 2439 3617 2496 llaec
3672 2441 3871 2498 etenim

2287 2531 2524 2602 propriis
2561 2531 2814 2586 accidunt
2856 2532 3208 2597 substantiis;
3241 2547 3365 2586 nam
3411 2532 3751 2602 generalibus
3787 2547 3872 2588 es-

2290 2623 2480 2678 sentiis
2527 2621 2659 2676 nihil
2684 2621 2903 2677 accidit.
2961 2622 3107 2676 DISC.
3143 2620 3254 2677 Nec
3280 2623 3381 2676 hoc
3425 2623 3690 2692 negarim.
3727 2621 3869 2678 Msa.

2290 2714 2408 2780 Dic,
2445 2728 2666 2784 quaeso,
2719 2729 2848 2768 num
2878 2728 3120 2769 summae
3171 2729 3236 2768 ac
3285 2713 3510 2784 simplici
3552 2713 3872 2784 divinaeque

2289 2816 2516 2860 naturae
2561 2806 2762 2876 aliquid
2806 2807 3000 2862 accidit
3039 2807 3118 2860 “?
3157 2807 3303 2862 Dtsc.
3334 2807 3507 2862 Absit.
3556 2806 3695 2861 Matt.
3730 2806 3873 2863 Num

2291 2898 2405 2966 ipsa
2433 2897 2632 2951 accidit
2655 2895 2852 2951 alicui?
2895 2897 3038 2951 DISC.
3069 2895 3180 2951 Nec
3207 2898 3311 2951 hoc
3337 2896 3557 2965 quidem
3598 2897 3829 2952 dixerim
3855 2914 3872 2964 ;

2291 2987 2528 3058 alioquin
2555 2987 2842 3057 passibilis,
2873 2987 3272 3058 mulabilisque,
3295 2989 3628 3059 alteriusque
3647 2999 3874 3046 naturae

2292 3094 2463 3150 capax
2490 3093 2610 3135 esse
2656 3078 2951 3132 videretur.
3007 3077 3143 3132 MAG.
3176 3077 3391 3133 Nullum
3443 3093 3576 3149 ergo
3622 3075 3873 3134 accidens

2293 3169 2507 3240 recipit,
2561 3169 2804 3239 nullique
2862 3168 3077 3223 accidit.
3135 3162 3280 3223 Disc.
3330 3167 3543 3222 Nullum
3591 3169 3870 3237 profecto,

2295 3261 2554 3331 nullique.
2593 3259 2734 3316 Mss.
2763 3262 2939 3330 Agere
2982 3268 3036 3315 et
3061 3260 3171 3329 pati
3201 3260 3499 3315 accidentia
3523 3261 3682 3316 sunt?
3723 3260 3868 3315 Drsc.

599 3361 748 3424 liter,
776 3358 890 3412 sive
935 3351 1258 3423 quibusdam
1285 3350 1659 3406 evenientibns
1687 3349 1708 3380 ³
1761 3347 2038 3414 acciderit,
2075 3349 2184 3402 vel-
2213 3342 2258 3404 C
2290 3352 2356 3406 Et
2385 3352 2486 3407 hoc
2513 3353 2697 3406 datum
2724 3363 2827 3407 cst.
2856 3352 2995 3408 MAG.
3015 3354 3236 3408 Summa
3266 3354 3430 3424 igitur
3450 3353 3686 3408 omnium
3701 3369 3870 3410 causa

601 3452 678 3506 uti
734 3447 985 3504 accidens
1027 3443 1384 3499 accidentium
1431 3443 1547 3497 ﬁeri
1595 3441 1824 3497 videtur.
1871 3441 2015 3497 Dtsc.
2049 3441 2185 3498 Huic

603 3541 768 3593 etiam
795 3533 1129 3597 conclusioni
1160 3547 1267 3587 non
1299 3531 1514 3587 resisto.
1547 3529 1680 3584 Nam
1710 3545 1834 3586 eum
1860 3532 1968 3587 sint
1995 3546 2187 3587 secun-

603 3630 731 3684 dum
769 3625 1116 3681 Aristotelem
1163 3625 1350 3679 decem
1396 3639 1593 3696 genera
1639 3639 1842 3690 rerum,
1874 3639 2013 3694 quae
2042 3633 2186 3680 cate-

605 3721 812 3794 goriae,
834 3718 888 3773 id
911 3727 1013 3785 est,
1045 3717 1483 3788 praedicamenta
1506 3716 1783 3784 dicuntur,
1807 3726 1862 3773 et
1887 3717 2012 3772 huic
2045 3717 2184 3774 divi-

604 3813 742 3870 sioni
768 3826 948 3867 rerum
972 3810 1024 3865 in
1039 3825 1241 3882 genera
1266 3810 1471 3865 nullum
1485 3810 1818 3866 Graecorum
1833 3810 1918 3865 vel
1934 3810 1955 3842 ὀ
1967 3810 2189 3867 Latino-

604 3922 724 3961 rum
774 3904 994 3961 obstare
1042 3903 1342 3974 reperimus
1364 3903 1409 3970 ⁸,
1433 3903 1527 3958 sed
1554 3903 1576 3934 °
1597 3903 1698 3958 sub
1713 3919 1822 3959 uno
1850 3917 2048 3973 genere
2073 3919 2191 3959 om-

602 4012 701 4054 nes
745 3996 948 4068 primas
972 3995 1261 4061 essentias,
1291 4009 1428 4066 quas
1455 3993 1648 4049 Graeci
1699 3996 1876 4056 οὐσίας
1915 3994 2188 4064 appellant

604 4089 817 4152 merito,
845 4087 971 4158 quia
997 4102 1096 4158 per
1129 4101 1187 4141 se
1211 4093 1356 4151 sunt,
1387 4094 1444 4141 et
1465 4085 1661 4140 nullius
1683 4085 1922 4156 indigent
1950 4093 2007 4139 ut
2036 4085 2144 4140 sint
2169 4125 2186 4152 ,

605 4182 684 4238 sic
704 4182 848 4237 enim
877 4194 908 4234 a
930 4179 1210 4235 conditore
1237 4177 1476 4233 omnium
1504 4177 1668 4232 veluti
1694 4177 1957 4246 quaedam
1987 4177 2185 4231 immu-

605 4273 791 4328 tabilia
817 4270 1168 4326 fundamenta
1199 4269 1472 4325 stabilitae
1519 4269 1710 4334 sunt’,
1735 4269 2019 4323 conclusas
2069 4280 2189 4323 esse

603 4365 852 4420 videmus
896 4376 911 4416 :
957 4369 1013 4418 et
1053 4361 1120 4416 ad
1149 4359 1567 4415 'similitudinem
1607 4357 1919 4429 principalis
1947 4358 2188 4412 omnium

605 4470 802 4512 causae
831 4453 1065 4508 mirabili
1093 4450 1626 4519 incommutabilique
1647 4464 1744 4504 sua
1791 4448 2034 4508 trinitate
2063 4447 2190 4503 sub-

606 4548 829 4608 sistunt,
860 4543 965 4598 hoc
987 4553 1095 4608 est,
1118 4553 1178 4596 ut
1209 4559 1372 4615 saepe
1396 4543 1508 4614 jam
1535 4541 1756 4605 dictum,
1787 4540 2044 4605 essentia,
2077 4539 2188 4593 vir-

610 4643 763 4699 tute,
805 4633 1139 4700 operatione,
1185 4643 1367 4687 cetera
1415 4648 1544 4688 vero
1580 4646 1771 4687 novem
1812 4644 2009 4701 genera
2039 4630 2186 4690 acci-

2289 3456 2669 3511 summumquc
2719 3445 3063 3515 principium,
3097 3447 3239 3514 quod
3291 3447 3428 3501 Deus
3473 3455 3576 3510 est,
3624 3459 3789 3516 agerc
3819 3456 3874 3502 et

2288 3531 2396 3600 pati
2414 3545 2521 3584 non
2540 3531 2746 3602 recipit.
2765 3531 2914 3592 Disc.
2935 3533 3103 3602 Hujus
3119 3533 3546 3590 ratiocinationis
3561 3536 3604 3567 "
3620 3536 3873 3592 violentia
3891 3549 3898 3556 '

2289 3620 2512 3673 nimium
2541 3629 2776 3675 coartor.
2811 3620 2945 3676 Nam
2972 3623 3015 3677 si
3050 3625 3258 3690 dixero,
3290 3625 3485 3681 falsum
3511 3641 3633 3682 esse
3664 3626 3732 3693 “,
3764 3627 3876 3681 for-

2290 3712 2450 3767 tassis
2471 3713 2585 3782 ipsa
2611 3713 2750 3769 ratio
2777 3729 2864 3770 me
2888 3715 2930 3746 “
2956 3715 3242 3782 deridebit,
3266 3733 3556 3789 omneque,
3582 3721 3724 3790 quod
3744 3721 3875 3777 hae-

2289 3810 2445 3859 tenus
2469 3803 2622 3870 dedi,
2653 3804 2905 3861 vacillare
2939 3821 3044 3862 non
3090 3809 3232 3864 sinet
3269 3809 3330 3862 ".
3367 3809 3423 3864 Si
3454 3824 3665 3876 verum,
3695 3825 3873 3867 neces.

2289 3898 2432 3954 sario
2461 3908 2736 3968 sequetur,
2767 3908 2844 3966 ut,
2893 3903 3038 3972 quod
3059 3902 3126 3958 de
3155 3916 3313 3972 agere
3339 3911 3394 3957 et
3443 3905 3556 3974 pati
3596 3918 3878 3958 concesse-

2289 3989 2412 4055 rim,
2457 3989 2509 4045 id
2540 3989 2714 4058 ipsum
2752 3990 2918 4046 etiam
2966 3993 3032 4046 de
3078 3992 3275 4047 ceteris
3316 3993 3509 4048 activis
3541 3993 3875 4064 passivisque

2289 4082 2491 4147 verbis,
2540 4081 2910 4154 cujuscunque
2947 4084 3158 4154 generis
3185 4085 3477 4140 verborum
3505 4087 3632 4152 sint,
3679 4099 3876 4143 conce-

2291 4171 2436 4238 dam,
2460 4171 2563 4227 hoc
2589 4180 2696 4239 est,
2721 4187 2894 4243 neque
2921 4173 3061 4229 Deus
3080 4187 3285 4240 amare,
3307 4189 3483 4246 neque
3495 4176 3685 4243 amari,
3701 4190 3876 4246 neque

2292 4276 2544 4330 movere,
2595 4277 2769 4334 neque
2819 4265 3068 4331 moveri,
3124 4265 3428 4336 similiaque
3473 4268 3650 4335 mille;
3703 4283 3875 4339 eoque

2291 4354 2463 4424 magis
2489 4370 2664 4424 neque
2692 4370 2836 4421 esse,
2867 4369 3044 4424 neque
3070 4356 3384 4413 subsistere.
3411 4358 3482 4412 At
3508 4358 3552 4392 ι⁶
3579 4359 3624 4414 si
3651 4360 3770 4425 hoc,
3795 4360 3875 4414 vi-

2291 4444 2477 4510 desne,
2527 4453 2660 4513 quot
2699 4455 2752 4501 et
2785 4446 3001 4515 quantis
3046 4446 3418 4517 frequentibus
3447 4448 3760 4520 Scripturac
3781 4465 3874 4505 sa-

2290 4550 2416 4590 crae
2436 4535 2635 4591 obruar
2655 4538 2812 4593 telis?
2841 4537 3090 4609 Undique
3101 4541 3248 4596 enim
3269 4540 3518 4595 videntur
3538 4540 3869 4610 obstrepere,

2290 4633 2455 4694 atque
2497 4625 2601 4681 hoc
2624 4625 2818 4683 falsum
2853 4643 2975 4683 esse
3013 4629 3368 4686 conclamare.
3396 4627 3506 4683 Nec
3533 4637 3582 4684 te
3610 4627 3760 4694 latet,
3811 4640 3873 4684 ut

607 4695 790 4777 dentia
816 4695 936 4776 esse
977 4695 1248 4792 dicuntur.
1298 4721 1410 4776 Nec
1455 4724 1572 4778 sine
1619 4695 1848 4780 ratione.
1881 4720 1997 4777 Non
2043 4721 2187 4776 enim
2215 4695 2267 4754 D
2293 4719 2500 4789 opinor,
2531 4733 2691 4788 quam
2716 4719 2944 4775 arduum
2977 4721 3294 4789 ditlicileque
3319 4718 3650 4788 simplicibus
3671 4719 3872 4784 animis

605 4826 705 4883 per
732 4827 811 4876 se,
837 4811 929 4864 sed
946 4811 1000 4864 in
1024 4809 1301 4880 praedicta
1319 4813 1592 4866 essentiali
1608 4813 1846 4867 trinitate
1867 4812 2184 4869 subsistunt.

607 4902 744 4958 Nam
790 4901 935 4972 quod
963 4916 994 4955 a
1035 4900 1258 4957 Graecis
1294 4901 1447 4958 locus
1492 4911 1546 4958 et
1587 4910 1795 4972 tempus
1831 4905 2185 4974 appellantur,

609 4991 675 5052 ὧν
701 4993 838 5060 ἅνω,
871 4994 974 5050 hoc
998 5000 1103 5060 est,
1150 4992 1268 5049 sine
1316 4991 1510 5063 quibus
1541 5000 1721 5048 cetera
1763 5007 1886 5049 esse
1928 5009 2036 5049 non
2067 5009 2191 5064 pos-

609 5096 755 5153 sunt,
788 5100 894 5141 non
925 5086 998 5143 ita
1019 5087 1042 5118 '
1075 5085 1503 5159 intelligendum,
1533 5093 1594 5140 ut
1637 5084 1780 5140 inter
1802 5100 1889 5152 ea,
1917 5101 2052 5157 quae
2073 5087 2189 5144 sine

611 5178 728 5235 ioco
754 5189 810 5234 et
841 5189 1082 5251 tempore
1107 5194 1233 5236 non
1261 5177 1444 5234 valent
1469 5178 1764 5234 subsistere
1789 5180 1832 5246 ',
1864 5181 2191 5237 substantia-

610 5269 678 5324 lis
726 5268 814 5325 illa
867 5271 1084 5326 trinitas
1135 5270 1410 5341 praedicta
1462 5283 1644 5325 rerum
1699 5278 2058 5341 computetur.
2114 5271 2189 5326 Ea

2297 4809 2425 4863 talia
2469 4809 2723 4875 suadere;
2770 4810 3201 4880 quandoquidem
3245 4823 3455 4873 eorum,
3499 4809 3593 4878 qui
3619 4808 3873 4864 videntur

2293 4916 2414 4958 esse
2442 4903 2737 4972 sapientes,
2767 4903 2895 4958 dum
2921 4904 3054 4958 haec
3084 4903 3322 4966 audiunt,
3348 4917 3506 4958 aures
3526 4901 3868 4958 horrescunt.

2293 4994 2430 5050 Mm.
2462 4995 2578 5050 Noli
2615 4996 2653 5026 ¹⁷
2683 5010 3059 5066 expavescere.
3091 4996 3247 5051 Nunc
3293 4995 3439 5050 enim
3470 4995 3516 5026 ⁸⁸
3543 4995 3702 5051 nobis
3736 4994 3872 5050 ratio

2291 5089 2562 5158 sequenda
2590 5097 2694 5152 est,
2745 5103 2886 5158 quae
2919 5089 2984 5156 ηε
3014 5102 3196 5142 rerum
3237 5088 3521 5146 veritatem
3567 5088 3870 5156 investigat,

2294 5181 2545 5250 nullaque
2589 5181 2912 5236 auctoritate
2952 5181 3305 5250 opprimitur,
3339 5180 3488 5236 nullo
3518 5181 3562 5212 ²⁰
3594 5179 3752 5234 modo
3776 5179 3873 5233 im-

2295 5273 2528 5342 peditur,
2556 5289 2623 5329 ne
2642 5289 2730 5341 ea,
2761 5287 2900 5342 quae
2934 5281 2991 5328 ct
3021 5272 3263 5328 studiose
3295 5272 3730 5329 ratiocinantitun
3759 5284 3873 5324 am-

1887 5407 2143 5464 VARIAE
2181 5407 2579 5465 LECTIONES.

687 5516 703 5546 ⁸
757 5519 848 5576 Sic
911 5522 1074 5588 BDE;
1121 5523 1161 5578 C
1212 5521 1597 5586 substantiam,
1658 5521 1755 5578 sed
1806 5535 1950 5578 corr.
2013 5521 2421 5574 subsistentiam.
2481 5519 2525 5572 A
2570 5518 2936 5572 substantiam.

690 5584 782 5644 Sic
835 5591 916 5646 C:
970 5593 1010 5645 Ι)
1047 5593 1344 5646 eventibus.
1401 5591 1444 5646 E
1497 5593 1761 5646 euntibus.
1873 5591 1895 5622 "
1948 5588 2039 5646 Sic
2090 5590 2254 5646 CDE:
2300 5591 2346 5644 Α
2399 5601 2467 5646 et.
2571 5589 2591 5620 "
2631 5590 2719 5643 Sit.
2774 5588 2936 5646 CDE:

1993 5607 2039 5645 te
2090 5607 2254 5657 nun;
2300 5607 2346 5644 Λ
2399 5607 2467 5646 et.

614 5584 635 5615 ³
690 5584 782 5658 Sic
835 5591 916 5654 C;
970 5593 1010 5645 Ι)
1047 5584 1344 5658 eventibus,
1401 5591 1444 5646 Ε
1497 5584 1761 5647 euntibus.

3038 5518 3059 5548 ³
3119 5515 3210 5572 Sic
3262 5516 3444 5582 CDE;
3493 5515 3533 5568 A
3619 5514 3686 5567 Et
3736 5514 3868 5566 'lioc.

2571 5589 2591 5620 "
2631 5590 2719 5643 Sit.
2774 5588 2944 5652 CDE;
2991 5588 3038 5643 A
3084 5587 3422 5655 reperiamus.
3533 5585 3554 5616 ⁸
3607 5584 3696 5638 Sic
3732 5583 3867 5655 _AD;

614 5657 722 5730 {eti
740 5673 848 5730 om.
889 5653 993 5713 CB.
1066 5664 1084 5693 ⁷
1126 5663 1217 5717 Sic
1248 5653 1412 5728 CD'E;
1457 5663 1498 5715 A
1525 5663 1800 5718 stabiliter.
1877 5661 1897 5691 ⁸
1925 5660 2017 5716 Sic
2041 5661 2211 5728 ADE;
2240 5653 2290 5717 Ὀ
2315 5661 2509 5730 itaque.
2583 5658 2604 5689 ’
2637 5660 2677 5713 D
2716 5660 3014 5714 consistere.
3032 5727 3052 5730 ι
3089 5653 3442 5730 "“Sjc‘CDE;
3497 5655 3540 5707 Α
3583 5654 3652 5730 Δοὺ
3688 5653 3871 5730 aliqua.

620 5725 752 5799 ‘_'_l_)_.
782 5727 893 5780 Nec
929 5731 1024 5781 hoc
1047 5725 1564 5799 negarim—accidit
1586 5749 1694 5788 om.
1729 5732 1796 5786 Ι).
1873 5733 1914 5763 "
1942 5731 2033 5787 Sic
2061 5725 2226 5797 CDE3;
2253 5732 2298 5786 Α
2326 5725 2562 5785 rationis.

2638 5731 2680 5760 ¹³
2710 5731 2750 5784 Ι)
2776 5739 2872 5782 est.
2953 5731 2994 5760 “
3023 5727 3118 5784 Sic
3143 5726 3307 5790 CDE;
3335 5742 3414 5778 me
3434 5739 3543 5776 om.
3569 5723 3633 5776 Α.
3716 5722 3758 5752 ’⁵
3783 5722 3876 5776 Sic

617 5792 784 5871 QDE;
816 5812 918 5871 non
949 5810 1057 5850 om.
1089 5792 1154 5862 8;
1182 5800 1230 5871 C_
1247 5803 1313 5854 ad
1338 5816 1508 5871 marg.
1532 5805 1710 5858 adscr.
1742 5803 1915 5860 literis
1936 5803 2175 5858 miniatis
2201 5792 2398 5856 liaecce
2422 5820 2434 5854 :
2461 5799 2598 5871 Dedi
2633 5802 2792 5871 enim,
2822 5798 3022 5853 nullam
3049 5799 3374 5871 cumqui-iant
3393 5794 3604 5871 proprie
3617 5802 3874 5871 etsecun-

621 5860 747 5943 ευρ
760 5865 996 5943 assidens
1025 5860 1171 5943 posse
1198 5869 1260 5920 de
1281 5886 1334 5943 se
1357 5860 1842 5943 ρηιξάξςαιοὶηᾳιιοά
1875 5889 1978 5928 non
1997 5873 2118 5927 sinit
2149 5873 2285 5943 ratio
2311 5870 2574 5943 uacillare.
2627 5941 2634 5943 ἓ
2659 5872 2700 5901 ¹⁶
2817 5883 2926 5922 om.
2975 5871 3037 5923 D.

3106 5868 3146 5898 "
3170 5862 3272 5922 'Sic
3299 5862 3464 5932 CDE;
3489 5862 3536 5920 Α
3561 5862 3678 5920 Noli
3714 5877 3871 5927 nunc.

610 5927 669 6011 _"
695 5930 783 5996 sn;
805 5931 968 6004 con;
1000 5927 1134 5988 enim
1161 5951 1269 5993 om.
1298 5927 1367 5998 AI
1442 5939 1484 5969 η
1515 5941 1605 5996 Sic
1631 5927 1792 6014 eos;
1818 5944 1861 6000 Α
1887 5958 2024 6022 quae
2052 5943 2167 6004 etsi.
2244 5941 2289 5972 ὀ
2305 5939 2395 5998 Sic
2419 5940 2583 6012 cun;
2612 5941 2652 5994 Α
2680 5939 2828 5996 nullo
2855 5948 3049 6004 tamen.
