4194 6276
244 437 257 529 ζ
349 437 455 493 5ιῦ

1250 429 1338 485 DE
1376 414 2097 486 DlVlSlONE’NATURAE.
2138 456 2208 468 —
2243 424 2447 481 LIBER
2482 422 2758 480 ramus.

3494 426 3597 484 5M

351 556 445 611 nia
481 551 538 607 in
580 549 831 605 omnibus
869 546 978 603 sit?
1015 544 1278 601 Similiter
1318 545 1365 601 si
1398 546 1414 577 ¹
1467 561 1633 617 agens
1662 555 1718 601 et
1742 555 1915 611 actor,
1944 530 2140 610 A‘Jam
2183 542 2484 614 perspicio;
2531 550 2588 596 et
2634 539 2899 609 meipsum
2944 539 3142 594 nimiae
3189 541 3459 597 tarditatis
3502 557 3597 598 ac-

355 648 559 703 faciens
585 653 643 700 et
670 643 862 707 factor,
892 656 999 696 non
1020 639 1131 709 jam
1166 639 1419 711 proprie,
1451 641 1547 695 sed
1593 639 1753 695 modo
1791 655 1928 710 quo-

357 740 481 796 dam
509 732 870 792 translationis
907 731 1255 786 nominatur:
1288 746 1386 785 cur
1428 745 1533 785 non
1572 738 1628 784 et
1670 745 1831 799 agere
1873 740 1929 784 et

357 829 567 890 facere,
615 823 702 878 vel
751 822 836 894 agi
879 821 961 877 vel
1009 821 1123 890 pati
1165 819 1353 876 eodem
1395 819 1681 876 locutionis
1727 833 1928 889 genere

357 913 799 988 praedicaretur?
849 912 925 967 De
954 911 1152 967 ceteris
1180 910 1313 965 item
1341 910 1365 940 ¹
1407 910 1615 974 verbis,
1643 923 1783 978 quae
1807 924 1927 963 om-

358 1020 452 1061 nes
476 1005 642 1060 totius
669 1001 947 1057 mutabilis
970 1009 1253 1055 creaturae
1280 1006 1481 1064 motus,
1511 1013 1605 1054 seu
1631 996 1924 1061 naturales,

357 1109 450 1151 seu
475 1109 586 1149 non
615 1090 928 1156 naturales,
958 1104 1054 1145 seu
1092 1089 1512 1155 intellectuales,
1557 1104 1652 1144 seu
1694 1089 1934 1143 rationa-

357 1187 493 1242 biles
513 1225 528 1251 ,
553 1200 651 1241 seu
682 1181 1084 1238 irrationabiles
1103 1222 1119 1248 ,
1150 1196 1245 1238 seu
1272 1180 1599 1252 corporales,
1628 1196 1723 1237 seu
1750 1181 1935 1237 incor-

359 1290 588 1347 porcos,
620 1289 718 1330 seu
764 1273 992 1338 locales,
1024 1288 1118 1328 seu
1163 1272 1513 1342 temporales,
1548 1280 1753 1336 rectos,
1795 1271 1934 1327 obli—

364 1380 535 1437 quos,
562 1362 877 1433 angulares,
909 1361 1229 1428 circulares,
1257 1361 1566 1431 sphaerieos
1597 1360 1902 1432 signiﬁcant
1920 1402 1935 1428 ,

367 1456 620 1513 similiter
632 1452 1032 1524 intelligendum
1047 1466 1167 1508 esse
1186 1452 1441 1508 arbitror.
1470 1451 1615 1508 Disc.
1636 1452 1938 1507 Admodum

367 1561 568 1618 urges,
610 1560 698 1601 me
740 1544 865 1598 talia
906 1540 1298 1599 rationabiliter
1334 1543 1527 1610 fateri;
1574 1542 1669 1599 sed
1707 1542 1941 1597 auctori-

368 1651 479 1699 tate
521 1648 828 1696 sanctorum
867 1639 1087 1693 Patrum
1127 1637 1343 1709 aliquod
1381 1638 1656 1694 munimen
1697 1637 1768 1693 ad
1806 1638 1943 1693 haec

365 1732 674 1789 roboranda
704 1729 894 1785 vellem
926 1729 948 1761 ³
978 1728 1208 1785 inseras.

2027 651 2187 701 cuso,
2218 634 2312 705 qui
2340 649 2451 689 non
2479 632 2729 688 videbam
2748 672 2762 698 ,
2789 646 2972 697 omne,
2999 632 3142 702 quod
3169 634 3392 704 patitur,
3424 643 3602 690 motus

2026 714 2307 793 suos,'seu
2337 724 2568 789 alienos,
2596 738 2692 779 seu
2739 724 3172 793 utrosque.pati.
3205 723 3345 780 MAa.
3370 725 3605 788 Faciens

2028 820 2194 891 igitur
2220 826 2275 874 et
2303 818 2507 873 factum
2546 825 2723 872 motus
2762 832 2889 874 suos
2942 818 3239 887 patiuntur.
3281 817 3415 873 Nam
3459 820 3604 890 quod

2029 908 2189 976 facit,
2214 925 2370 965 suum
2394 918 2596 965 motum
2626 909 2693 964 ad
2719 908 3023 964 faciendum
3048 911 3270 981 patitur.
3296 910 3447 979 Quod
3476 930 3605 969 vero

2032 1001 2123 1062 lit.
2152 1017 2308 1057 suum
2335 1009 2538 1056 motum
2569 1000 2613 1032 ν’
2642 1008 2697 1055 et
2727 1000 2964 1055 alienum
2995 1002 3243 1056 sustinet.
3289 1002 3457 1059 Suum
3490 1005 3604 1074 qui-

2032 1090 2183 1156 dem,
2214 1105 2281 1145 ex
2310 1105 2405 1156 eo,
2437 1090 2578 1160 quod
2609 1106 2713 1145 non
2743 1098 2884 1156 erat,
2913 1090 2967 1145 in
3000 1091 3083 1156 id,
3115 1092 3256 1161 quod
3282 1102 3366 1148 est
3388 1135 3402 1159 ,
3433 1104 3607 1149 trans-

2034 1182 2239 1247 eundo,
2293 1181 2528 1236 alienum
2554 1196 2706 1247 vero,
2735 1182 2860 1251 quia
2887 1197 2997 1238 nou
3021 1190 3105 1238 est
3129 1183 3209 1237 sui
3234 1192 3411 1240 motus
3437 1200 3602 1241 causa

2033 1292 2131 1348 per
2156 1275 2423 1346 seipsum,
2455 1276 2549 1331 sed
2578 1273 2829 1330 facientis
2855 1290 2913 1330 se
2951 1285 3045 1331 aut
3072 1277 3333 1332 naturalis
3386 1286 3563 1355 motus
3584 1317 3597 1339 ,

2036 1376 2130 1422 aut
2159 1367 2329 1422 libera
2362 1365 2640 1432 voluntas,
2673 1375 2766 1421 aut
2795 1367 3061 1436 quaedam
3092 1369 3410 1425 necessitas.
3454 1367 3608 1436 Quod

2038 1476 2167 1532 ergo
2197 1459 2241 1491 “’
2268 1459 2359 1525 ﬁt,
2388 1466 2447 1513 ut
2473 1457 2738 1525 diximus,
2768 1467 2823 1514 et
2851 1469 3053 1515 motum
3083 1463 3361 1531 proprium
3394 1469 3446 1516 et
3476 1460 3608 1515 alie-

2039 1566 2205 1617 num,
2237 1550 2376 1619 quod
2406 1564 2536 1604 vero
2584 1548 2742 1614 facit,
2785 1550 3064 1620 proprium
3105 1551 3441 1606 solummodo
3480 1552 3616 1621 pati-

2042 1650 2151 1696 tur.
2182 1639 2439 1708 Quamvis
2469 1655 2630 1709 saepe
2656 1640 2964 1711 contingat,
2996 1650 3056 1695 ut
3082 1641 3150 1696 ab
3179 1640 3282 1695 alia
3310 1656 3471 1695 causa
3501 1657 3611 1695 mo-

2041 1743 2232 1791 veatur
2270 1733 2338 1789 ad
2380 1730 2712 1799 faeiendum,
2754 1733 2847 1803 qui
2886 1732 3042 1798 facit,
3093 1741 3155 1789 ut
3201 1740 3257 1788 et
3301 1732 3506 1788 faciens
3554 1741 3610 1787 et

438 1824 526 1880 69.
542 1822 682 1878 MAG.
707 1820 825 1877 Non
851 1821 1167 1893 ignoras,ut
1190 1820 1401 1890 opinor,
1427 1820 1646 1890 majoris
1671 1820 1944 1891 dignitatis
2041 1826 2254 1897 patiens
2299 1839 2438 1878 unus
2486 1831 2647 1893 atque
2693 1822 2837 1879 idem
2876 1824 3123 1880 videatur
3160 1838 3299 1881 esse.
3351 1822 3460 1879 Sed
3501 1824 3615 1894 ipse

369 1930 510 1983 esse,
537 1916 679 1986 quod
710 1915 859 1984 prius
900 1924 984 1970 est
1020 1922 1240 1980 natura,
1283 1928 1444 1983 quam
1488 1912 1631 1982 quod
1668 1913 1821 1983 prius
1859 1920 1943 1968 est
1970 1901 2018 1961 Β
2045 1914 2295 1970 facientis
2326 1913 2370 1946 ιθ
2396 1922 2609 1980 motus,
2649 1914 2898 1983 quamvis
2936 1930 3003 1970 ex
3043 1916 3209 1971 variis
3250 1917 3457 1983 causis,
3501 1917 3618 1970 sive

372 2020 631 2080 tempore.
661 2008 804 2063 Dtsc.
836 2005 952 2063 Hoc
976 2020 1145 2077 paene
1171 2005 1419 2061 omnibus
1446 2013 1628 2060 notum
1658 2014 1761 2060 est.
1797 2004 1936 2060 MAG.

374 2102 652 2157 Rationem
687 2100 925 2170 priorem
977 2112 1097 2153 esse
1124 2104 1336 2162 natura,
1387 2094 1766 2150 auctoritatem
1811 2108 1942 2149 vero

372 2204 615 2266 tempore
670 2192 953 2248 didicimus
979 2190 1021 2245 ⁸.
1072 2188 1330 2255 Quamvis
1358 2189 1502 2242 enim
1556 2195 1749 2242 natura
1778 2184 1943 2241 simul

374 2303 498 2344 cum
530 2295 771 2355 tempore
799 2291 980 2339 creata
1007 2282 1110 2347 sit,
1139 2296 1246 2336 non
1276 2288 1459 2335 tamen
1505 2278 1571 2332 ab
1612 2277 1771 2332 initio
1812 2285 1946 2331 tem-

379 2378 526 2449 poris
571 2386 732 2446 atque
774 2383 1003 2430 naturae
1044 2373 1221 2443 coepit
1264 2387 1384 2428 esse
1424 2369 1740 2427 auctoritas.
1786 2367 1947 2422 Ratio

380 2482 511 2524 vero
540 2481 661 2521 cum
691 2472 884 2519 natura
914 2478 978 2517 ac
1009 2471 1248 2531 tempore
1274 2476 1342 2515 ex
1371 2460 1635 2531 principio
1686 2472 1873 2513 rerum
1927 2456 1948 2488 '

382 2567 500 2615 orta
522 2564 623 2613 est.
649 2556 794 2612 Disc.
821 2555 889 2609 Et
912 2555 1014 2610 hoc
1055 2554 1169 2623 ipsa
1212 2553 1351 2607 ratio
1390 2550 1602 2606 edocet.
1647 2549 1953 2605 Auctoritas

383 2648 645 2719 siquidem
676 2663 742 2702 ex
773 2661 901 2703 vera
931 2645 1139 2700 ratione
1163 2642 1464 2714 processit,
1512 2641 1648 2698 ratio
1688 2656 1819 2697 vero
1861 2657 1958 2696 ne-

383 2752 647 2809 quaquam
695 2751 764 2790 ex
811 2735 1149 2790 auctoritate.
1190 2732 1379 2789 Omnis
1407 2732 1552 2787 enim
1581 2731 1604 2763 ⁶
1630 2731 1951 2797 auctoritas,

383 2842 519 2899 quae
547 2841 675 2881 vera
702 2825 912 2882 ratione
950 2839 1059 2879 non
1100 2823 1447 2894 approbatur,
1491 2819 1700 2875 infirma
1743 2819 1954 2873 videtur

386 2932 524 2973 esse.
555 2915 697 2971 Vera
722 2923 901 2969 autem
948 2913 1106 2979 ratio,
1164 2914 1418 2982 quoniam
1458 2911 1569 2967 suis
1616 2909 1903 2965 virtutibus
1927 2908 1951 2941 '

388 3018 508 3065 rata
537 3015 700 3078 atque
729 3006 1085 3062 immutabilis
1117 3004 1597 3071 munitur,'nullius
1621 3003 1955 3059 auctoritatis

390 3098 773 3169 astipulatione
801 3096 1042 3152 roborari
1070 3096 1293 3167 indiget.
1323 3095 1407 3150 Nil
1449 3096 1592 3151 enim
1635 3094 1778 3149 aliud
1820 3094 1953 3148 mihi

314 3261 321 3268 '
390 3193 605 3248 videtur
632 3192 654 3224 ⁸
686 3205 807 3247 esse
833 3205 958 3246 vera
1003 3190 1324 3253 auctoritas,
1358 3188 1457 3242 nisi
1487 3187 1713 3242 rationis
1751 3186 1954 3241 virtute

2044 2005 2411 2069 naturalibus,
2460 2004 2575 2059 sive
2626 2004 2944 2070 libentibus,
2999 2004 3114 2061 sive
3161 2020 3272 2061 non
3322 2005 3621 2061 libentibus

2044 2104 2321 2160 nascatur,
2354 2103 2639 2164 propterea
2658 2094 2912 2165 proprius
2949 2094 3165 2161 dicitur,
3212 2096 3467 2165 quoniam
3511 2112 3619 2151 non

2045 2197 2199 2242 extra
2230 2189 2423 2258 ipsum,
2455 2187 2550 2244 sed
2578 2189 2633 2243 in
2659 2188 2775 2259 ipso
2802 2188 3137 2260 intelligitur.
3161 2188 3306 2245 DISC.
3330 2189 3473 2245 Istuc
3491 2190 3624 2244 mihi

2048 2297 2080 2335 a
2112 2289 2164 2336 te
2192 2296 2410 2338 suasum
2440 2295 2560 2337 esse
2590 2296 2698 2338 non
2729 2283 2953 2354 denego.
2987 2281 3217 2352 Ideoque
3250 2296 3388 2351 quae
3417 2290 3626 2337 restant

2048 2380 2291 2443 expecto.
2321 2371 2462 2428 MAG.
2491 2371 2703 2428 Nullum
2717 2382 2920 2428 motum
2934 2372 3199 2444 principio
3211 2388 3273 2428 ac
3302 2372 3409 2429 ﬁne
3438 2388 3625 2429 carere
3649 2369 3652 2372 ’

2049 2479 2207 2535 posse
2235 2464 2488 2520 arbitror.
2517 2464 2635 2521 Non
2660 2465 2806 2521 enim
2834 2465 2990 2521 aliter
3038 2466 3177 2521 ratio
3215 2465 3380 2533 sinit,
3421 2467 3524 2522 nisi
3566 2476 3626 2521 ut

2051 2553 2227 2608 omnis
2265 2562 2445 2610 motus
2481 2570 2549 2610 ex
2584 2543 2823 2625 “quodam
2864 2555 3129 2626 principio
3167 2556 3417 2622 inchoet,
3458 2565 3514 2612 et
3556 2557 3626 2611 ad

2052 2648 2322 2717 quendam
2367 2637 2531 2702 iinem
2576 2648 2796 2714 tendat,
2839 2648 2895 2703 in
2938 2662 3075 2717 quo,
3107 2648 3235 2704 dum
3275 2634 3620 2718 pervenerit,

2054 2738 2313 2806 quiescat.
2345 2736 2499 2805 Quod
2524 2737 2866 2807 apertissime
2905 2737 3229 2793 venerabilis
3263 2737 3528 2793 Maximus
3568 2738 3626 2792 in

2058 2828 2219 2882 tertio
2245 2827 2477 2899 capitulo
2508 2827 2574 2882 de
2602 2828 2883 2897 Ambiguis
2909 2828 3104 2883 asserit
3131 2828 3317 2884 dicens
3345 2846 3358 2881 :
3392 2827 3454 2884 Si
3482 2829 3625 2885 Deus

2054 2920 2394 2975 immutabilis
2427 2919 2470 2954 ¹¹¹
2496 2930 2604 2985 est,
2636 2931 2821 2991 utputa
2879 2921 3111 2975 omnium
3147 2919 3442 2991 plenitudo,
3476 2939 3627 2977 omne

2056 3021 2263 3076 autem,
2294 3010 2431 3081 quod
2468 3026 2533 3064 ea:
2561 3009 2603 3041 ⁸⁸
2629 3027 2732 3064 non
2760 3010 3094 3066 existentibus
3124 3026 3234 3065 esse
3271 3011 3488 3081 accipit,
3518 3028 3631 3065 mo-

2056 3108 2204 3152 vetur
2229 3138 2245 3165 ,
2300 3099 2483 3154 merito
2533 3100 2603 3154 ad
2632 3100 2895 3170 quandam
2936 3100 3145 3155 omnino
3184 3099 3351 3170 fertur
3387 3116 3626 3155 causam.

2058 3186 2191 3243 Nam
2212 3229 2226 3253 ,
2259 3199 2320 3242 ut
2353 3187 2481 3243 alibi
2516 3188 2675 3244 docet
2704 3189 2843 3244 idem
2876 3188 3168 3256 Maximus,
3198 3206 3363 3245 causa
3392 3191 3626 3244 omnium

391 3291 599 3353 reperta
625 3285 648 3318 ⁸
700 3281 918 3345 veritas,
955 3289 1011 3335 et
1060 3294 1089 3334 a
1136 3278 1338 3335 sanctis
1382 3277 1632 3331 Patribus
1673 3275 1741 3329 ad
1773 3286 1954 3344 poste-
1980 3265 2027 3328 C
2057 3282 2238 3335 eadem
2265 3288 2311 3335 et
2344 3279 2386 3311 ¹⁹
2416 3280 2536 3349 ﬁnis
2551 3280 2784 3335 omnium
2810 3290 2906 3336 est.
2938 3281 3079 3337 Deus
3104 3281 3247 3337 enim
3276 3281 3622 3353 principium,

388 3372 563 3428 ritatis
589 3371 877 3426 utilitatem
905 3370 1073 3425 literis
1112 3367 1504 3424 commendata.
1548 3366 1656 3422 Sed
1687 3366 1829 3422 forte
1858 3366 1953 3422 tibi

386 3466 541 3521 aliter
554 3464 785 3519 videtur.
801 3460 939 3516 MAG.
956 3461 1110 3517 Nullo
1132 3462 1307 3517 modo.
1325 3459 1553 3529 ideoque
1571 3459 1724 3529 prius
1748 3457 1957 3512 ratione

386 3557 640 3612 utendum
668 3555 838 3612 estin
864 3543 978 3622 his,
1010 3568 1151 3625 quae
1190 3568 1333 3608 nunc
1371 3552 1612 3619 instant,
1653 3566 1719 3605 ac
1764 3549 1958 3605 deinde

390 3649 724 3705 auctoritate.
1267 3663 1271 3666 '
1756 3644 1759 3645 ⁷

459 3739 546 3793 70.
569 3739 716 3794 Βιεα.
739 3737 1259 3809 lngredere,quovis
1275 3736 1341 3803 ‘°,
1356 3737 1578 3801 ordine;
1603 3735 1679 3790 tui
1699 3735 1896 3791 etenim
1917 3735 1960 3767 “

390 3829 713 3900 pedisequus
739 3844 878 3884 sum.
910 3828 1200 3884 MAo.Num
1218 3829 1313 3883 tibi
1340 3829 1551 3883 videtur
1562 3826 1739 3882 facere
1767 3835 1823 3881 et
1849 3826 1961 3895 pati

393 3921 513 3974 sine
552 3918 733 3989 aliquo
769 3927 916 3974 motu
947 3919 1196 3975 facientis
1225 3918 1311 3975 vel
1337 3919 1593 3989 patientis
1616 3933 1772 3987 posse
1800 3917 1965 3972 esse?

392 4008 541 4063 DISC.
572 4009 650 4062 De
675 4007 905 4064 faciente
924 4024 1027 4064 non
1050 4008 1254 4065 dubito.
1281 4008 1479 4063 Facere
1498 4008 1640 4063 enim
1680 4006 1965 4062 facientem

392 4100 512 4155 sine
549 4099 732 4170 aliquo
768 4114 866 4155 suo
904 4110 1050 4155 motu
1087 4114 1247 4171 posse
1284 4114 1395 4154 non
1432 4099 1608 4154 video.
1655 4097 1809 4165 Quod
1836 4110 1967 4150 vero

394 4193 614 4263 patitur,
662 4191 933 4263 quomodo
981 4200 1259 4250 moveatur
1301 4192 1356 4247 in
1382 4190 1590 4261 seipso,
1634 4203 1741 4243 non
1786 4187 1897 4242 iam
1923 4186 1966 4217 η

396 4287 540 4342 clare
569 4302 857 4358 cognosco.
901 4287 1042 4342 MAG.
1071 4286 1259 4342 Nonne
1279 4286 1448 4350 vides,
1475 4284 1600 4354 quia
1621 4297 1804 4349 omne,
1828 4281 1971 4351 quod

398 4377 563 4442 facit,
607 4379 673 4433 ad
715 4381 819 4433 hoc
858 4395 916 4435 se
956 4387 1134 4434 movet
1170 4387 1265 4432 aut
1305 4385 1571 4440 movetur,
1616 4383 1677 4430 ut
1705 4374 1780 4439 id,
1826 4373 1972 4443 quod

401 4469 608 4539 appetit
662 4469 870 4539 facere,
919 4472 986 4526 ab
1015 4485 1078 4526 eo
1119 4471 1261 4540 quod
1302 4485 1407 4524 non
1445 4475 1593 4534 erat,
1636 4467 1693 4522 in
1734 4466 1789 4521 id
1824 4464 1969 4536 quod

399 4567 518 4623 est,
548 4570 760 4616 moveat
784 4562 853 4614 "?
876 4562 961 4616 Nil
990 4562 1131 4616 enim
1162 4561 1229 4615 ab
1269 4576 1366 4627 eo,
1403 4560 1547 4629 quod
1589 4573 1696 4614 non
1732 4565 1883 4621 erat,
1916 4556 1970 4611 iu

2060 3370 2115 3426 id
2143 3379 2226 3426 est
2250 3366 2296 3401 ’θ
2313 3385 2504 3437 causa,
2536 3372 2775 3426 omnium
2797 3380 3168 3427 creaturarum
3196 3380 3281 3427 est
3308 3372 3353 3402 ¹¹
3382 3381 3438 3426 et
3465 3372 3588 3427 linis
3614 3413 3629 3440 ,

2062 3462 2318 3530 quoniam
2346 3462 2414 3518 ab
2442 3461 2559 3532 ipso
2593 3471 2648 3518 et
2676 3463 2979 3533 accipiunt,
3009 3472 3065 3518 et
3094 3463 3359 3534 incipiunt
3388 3480 3540 3533 esse,
3570 3475 3625 3521 et

2062 3551 2127 3606 ad
2153 3568 2276 3607 eum
2298 3560 2599 3621 moventur,
2623 3562 2681 3608 ut
2705 3553 2759 3608 in
2782 3569 2846 3608 eo
2865 3554 3164 3623 quiescant.
3191 3554 3335 3609 Idem
3363 3555 3416 3609 in
3439 3556 3629 3612 eodem

2061 3638 2304 3710 Capitula
2337 3642 2498 3710 paulo
2523 3651 2678 3711 post:
2718 3642 2947 3709 Eorum,
2977 3659 3111 3713 quae
3156 3643 3299 3712 facta
3340 3654 3493 3711 sunt,
3554 3655 3630 3700 est

2062 3742 2268 3796 motus,
2298 3732 2403 3786 sive
2437 3731 2840 3803 intelligibilium
2872 3733 3241 3805 intelligibilis,
3272 3735 3376 3791 sive
3414 3737 3637 3790 sensibi-

2065 3823 2195 3876 lium
2239 3823 2516 3878 sensibilis.
2566 3823 2785 3879 Nullum
2825 3827 2964 3880 enim
2993 3827 3038 3857 “
3069 3842 3277 3895 eorum,
3320 3845 3454 3899 quae
3492 3828 3636 3896 facta

2066 3921 2221 3978 sunt,
2264 3913 2473 3966 omnino
2516 3923 2593 3968 est
2628 3914 2912 3969 immobile.
2953 3915 3022 3970 Et
3059 3916 3219 3985 paulo
3261 3925 3422 3985 post:
3456 3916 3637 3970 Talem

2069 4012 2242 4057 autem
2284 4011 2479 4056 motum
2519 4005 3348 4093 thturalem,
3380 4010 3449 4060 ad
3480 4023 3635 4060 suum

2069 4092 2226 4161 finem
2250 4090 2580 4161 festinantem
2598 4132 2613 4159 ,
2633 4090 2953 4163 quTsacram
2976 4095 3271 4149 divinorum
3294 4097 3440 4152 nobis
3460 4097 3508 4129 "
3533 4114 3641 4168 my-

2070 4182 2348 4236 steriorum
2377 4183 2647 4238 scientiam
2671 4200 2817 4240 sacre
2846 4185 3242 4240 introduxerunt
3264 4205 3286 4254 ;
3317 4200 3408 4243 aut
3444 4190 3637 4260 passio-

2071 4290 2219 4342 nem,
2249 4273 2305 4329 id
2332 4283 2442 4341 est,
2469 4286 2667 4331 motum
2693 4292 2758 4331 ea:
2784 4276 2947 4331 altero
2972 4279 3253 4334 venientem
3283 4282 3353 4335 ad
3377 4281 3599 4337 alterum
3620 4325 3637 4349 ,

2073 4366 2223 4451 cujus
2246 4367 2367 4437 ﬁnis
2395 4378 2471 4423 est
2510 4369 2899 4439 impossibilitas
2919 4386 2942 4436 ;
2984 4381 3076 4426 aut
3112 4374 3464 4442 operationem
3502 4379 3639 4430 acti-

2074 4476 2189 4512 vam
2207 4500 2221 4526 ,
2253 4460 2402 4530 cujus
2425 4460 2548 4529 ﬁnis
2570 4470 2644 4515 est
2671 4477 2762 4531 per
2782 4476 2837 4515 se
2860 4461 3029 4532 ipsam
3051 4463 3099 4496 ³³
3123 4464 3389 4536 perfectio.
3416 4466 3640 4523 Nullum

2075 4565 2194 4601 vero
2221 4566 2399 4604 eorum
2419 4590 2433 4616 ,
2461 4567 2594 4620 quae
2623 4552 2767 4620 facta
2795 4563 2949 4619 sunt,
2985 4554 3173 4608 suimet
3215 4554 3337 4623 litis
3379 4567 3452 4612 est
3473 4598 3488 4623 ,
3515 4576 3644 4630 quo-

400 4650 479 4715 id,
515 4651 658 4721 quod
682 4661 798 4717 est,
830 4654 947 4707 sine
977 4668 1074 4709 suo
1114 4661 1169 4707 et
1211 4651 1387 4706 alieno
1430 4657 1574 4703 motu
1596 4656 1772 4718 potest
1804 4654 1976 4701 lrans-
2000 4634 2054 4694 Β
2078 4640 2221 4693 niam
2250 4658 2412 4712 neque
2439 4643 2523 4695 sui
2549 4659 2709 4697 causa
2733 4658 2848 4711 est;
2894 4644 3128 4717 alioquin
3164 4654 3216 4701 ct
3244 4648 3562 4718 ingenitum,
3597 4663 3647 4707 et

403 4741 511 4805 ire,
565 4743 679 4797 sive
720 4742 842 4798 illos
878 4751 1061 4798 motus
1102 4742 1240 4797 sciat
1296 4741 1409 4795 sive
1449 4738 1671 4793 neseiat.
1714 4737 1827 4792 Non
1857 4734 1971 4803 jam

403 4830 524 4885 dico
550 4843 756 4907 motum
785 4832 934 4889 illum
964 4832 1268 4905 generalem
1292 4843 1740 4897 communemque
1762 4835 1973 4881 natura-

403 4919 530 4974 liter
553 4924 801 4979 omnibus
826 4924 1091 4979 creaturis
1107 4963 1123 4989 ,
1151 4937 1259 4993 quo
1282 4920 1464 4977 omnia
1493 4920 1558 4973 de
1582 4917 1748 4972 nihilo
1773 4916 1829 4971 in
1854 4929 1975 4970 esse

403 5019 708 5081 moventur,
758 5014 855 5071 sed
900 5016 1160 5071 usitatum
1210 5010 1547 5082 temporibus
1582 5015 1820 5070 motum,
1871 5020 1977 5075 quo

402 5101 646 5169 quotidie
684 5104 959 5160 mutabilis
994 5105 1255 5171 materia,
1298 5103 1413 5159 sive
1453 5106 1644 5154 natura
1689 5104 1977 5163 movente,

400 5189 518 5247 sive
543 5201 682 5263 arte,
704 5194 911 5251 formas
936 5197 1198 5266 quasdam
1212 5192 1557 5266 qualitativas
1582 5189 1794 5262 accipit.
1827 5190 1974 5246 Dtsc.

2081 4750 2261 4787 carens
2307 4734 2590 4804 principio,
2636 4745 2684 4789 et
2711 4735 2760 4768 ’⁸
2785 4737 3204 4793 incommutabile
3246 4752 3411 4807 esset,
3461 4745 3644 4800 merito

2075 4823 2144 4876 ad
2169 4821 2371 4877 nullum
2392 4826 2752 4895 quoquomodo
2774 4827 2965 4882 habens
2986 4828 3217 4895 moveri;
3259 4832 3645 4886 transcenderet

2075 4917 2212 4969 enim
2241 4930 2421 4969 eorum
2441 4956 2455 4982 ,
2480 4932 2613 4986 quae
2639 4926 2794 4985 sunt,
2825 4928 3069 4975 naturam
3089 4960 3107 4986 ,
3152 4930 3328 4992 utpote
3363 4938 3458 4993 pro
3501 4921 3645 4976 nullo

2077 5018 2238 5075 esset,
2280 5008 2533 5080 siquidem
2579 5024 2699 5065 vera
2744 5010 2808 5064 de
2845 5009 2955 5081 ipso
2997 5011 3231 5080 definitio
3265 5022 3371 5078 est,
3411 5014 3646 5083 quamvis

2077 5098 2250 5153 aliena
2269 5139 2284 5165 ,
2312 5116 2445 5170 quae
2468 5100 2615 5167 dicit,
2647 5099 2769 5168 ﬁnis
2789 5109 2892 5165 est,
2921 5116 3013 5170 pro
3030 5116 3135 5172 quo
3157 5101 3352 5166 omnia,
3375 5100 3497 5160 'ipse
3530 5117 3645 5156 vero

2079 5205 2173 5260 pro
2202 5188 2382 5248 nullo:
2410 5207 2573 5249 neque
2597 5205 2689 5262 per
2722 5207 2778 5248 se
2808 5191 3095 5264 perfectio;
3134 5190 3371 5262 alioquin
3408 5206 3511 5247 non
3547 5192 3649 5262 effi-

1683 5342 1937 5399 VARIAE
1975 5341 2376 5402 LECTIONES.

480 5477 498 5509 ³
543 5479 589 5532 si
613 5492 722 5532 om.
753 5477 817 5531 D.
894 5479 915 5509 ²
934 5477 1025 5535 Sic
1051 5479 1137 5535 ΟΕ
1164 5479 1288 5545 ;AD
1314 5485 1506 5533 autem.
1585 5476 1605 5507 ³
1748 5474 1912 5547 ACDE;
1936 5476 1987 5547 Α
2017 5474 2183 5531 velim.
2259 5478 2282 5509 "
2313 5478 2405 5533 Sic
2432 5477 2606 5543 ADE;
2645 5478 2687 5535 (Ξ
2711 5479 2952 5534 dicimus.
3027 5479 3051 5512 ⁸
3078 5478 3169 5535 Sic
3189 5477 3359 5547 CDE;
3398 5482 3443 5537 A
3471 5502 3646 5542 rerum

405 5549 683 5620 principio.
759 5547 888 5603 ‘Sic
916 5548 1039 5620 CE;
1078 5552 1170 5604 AD
1200 5561 1393 5604 autem.
1468 5549 1502 5620 ’ᾗ
1521 5548 1616 5620 Sic:
1631 5545 1792 5620 99E;
1821 5548 1865 5599 A
1897 5546 2321 5620 virtutibnssuis.
2371 5548 2418 5620 ξ
2446 5548 2536 5604 Sic
2560 5548 2725 5613 CDE;
2758 5549 2804 5602 A
2823 5548 3034 5620 videtur
3061 5550 3208 5603 mihi.
3283 5545 3400 5607 ’Sic
3428 5554 3603 5611 BCDE
3630 5575 3645 5620 ;

408 5619 451 5670 Α
479 5616 763 5685 cooperta;
814 5620 934 5673 cod.
968 5619 1118 5674 Galei
1163 5631 1388 5689 copertn,
1467 5618 1508 5649 ¹⁰
1534 5616 1711 5689 ACDE

411 5698 696 5742 uterentur.
779 5689 823 5719 η
847 5692 937 5744 Sic
958 5690 1089 5744 CDE
1113 5706 1128 5754 ;
1169 5702 1364 5742 morum
1389 5704 1495 5743 om.
1527 5689 1588 5740 A.

1764 5617 1996 5687 quovis:
2044 5616 2084 5648 “
2136 5618 2225 5672 Sic
2275 5618 2443 5685 CDE;
2490 5620 2533 5672 Α
2583 5621 2739 5673 enim.
2817 5618 2861 5649 ¹¹
2890 5619 2937 5672 Α
2974 5628 3102 5674 tam.
3182 5621 3226 5652 ¹⁸
3264 5621 3356 5677 Sic
3394 5620 3560 5687 CDE;
3604 5616 3645 5679 Ᾱ

1667 5687 1711 5718 ³⁵
1752 5685 1841 5741 Sic
1869 5685 2000 5759 (ΖΗΕ
2024 5700 2189 5759 ;_etjgo
2214 5689 2419 5759 om.7A.
2499 5688 2541 5719 ¹⁶
2578 5688 2666 5741 Sic
2701 5688 2869 5756 ADE;
2897 5688 2938 5745 C
2961 5689 3177 5759 faciens.

3279 5693 3322 5724 ¹⁷
3357 5694 3446 5749 Sic
3471 5696 3645 5760 ADE;

409 5756 451 5831 β
470 5758 761 5831 mutabilis.
802 5829 821 5831 ᾉ
842 5760 884 5791 ¹⁸
921 5776 986 5831 ea:
1014 5776 1121 5831 oni.
1152 5758 1356 5831 βυβλία
1380 5757 1476 5831 Sic
1522 5756 1695 5831 CDE_;
1724 5766 1769 5811 et
1796 5756 2203 5831 otn._A._:°__Sic_
2224 5757 2356 5831 (ξοΕ
2381 5775 2395 5824 ;
2425 5773 2524 5831 pro
2538 5758 2604 5831 id
2633 5767 2717 5831 est
2732 5760 2777 5831 ᾼ
2800 5771 2872 5814 et.
2946 5756 2986 5792 ’⁸
3026 5760 3118 5818 Sic
3139 5761 3272 5820 CDE
3296 5780 3311 5831 ;
3339 5774 3413 5822 est
3441 5781 3548 5822 om.
3580 5756 3643 5820 A.

410 5828 456 5857 "
484 5829 625 5882 enim
653 5846 764 5883 om.
801 5829 865 5883 D.
944 5829 988 5859 ’³
1020 5829 1111 5883 Sic
1139 5829 1224 5883 (ΖΕ
1250 5847 1262 5890 ;
1303 5829 1445 5882 rubis
1472 5845 1576 5882 om.
1608 5826 1718 5881 AD.
1794 5827 1837 5858 ’δ
1867 5826 1955 5881 Sic
1980 5826 2149 5893 CDE;
2178 5829 2224 5882 A
2251 5829 2382 5896 ipsa.
2426 5826 2503 5860 7”
2532 5828 2624 5884 Sic
2646 5828 2777 5886 CDE
2803 5847 2817 5898 ;
2849 5831 2893 5887 Α
2918 5841 3090 5904 atque.
3296 5826 3299 5846 ³

815 5923 1091 5982 Parum.
1138 5921 1181 5980 tl
1194 5921 1243 5978 Χ
1260 5922 1303 5977 Χ
1322 5921 1400 5979 li.

2064 5995 2150 6008 εκ.

3153 5924 3246 6005 η,
