  <div class='ocr_page' id='page_1' title='image "/cluster/home/n/w/nwhite01/storage/ocr_20150623/122/pst.000018028355/295.png"; bbox 0 0 4194 6276; ppageno 0'>
   <div class='ocr_carea' id='block_1_1' title="bbox 538 438 643 494">
    <p class='ocr_par' dir='ltr' id='par_1_1' title="bbox 538 438 643 494">
     <span class='ocr_line' id='line_1_1' title="bbox 538 438 643 494; baseline -0.029 0"><span class='ocrx_word' id='word_1_1' title='bbox 538 438 643 494; x_wconf 63' lang='grc'><strong><em>515</em></strong></span> 
     </span>
    </p>
   </div>
   <div class='ocr_carea' id='block_1_2' title="bbox 1921 424 2440 483">
    <p class='ocr_par' dir='ltr' id='par_1_2' title="bbox 1921 424 2440 483">
     <span class='ocr_line' id='line_1_2' title="bbox 1921 424 2440 483; baseline -0.002 -2"><span class='ocrx_word' id='word_1_2' title='bbox 1921 425 2201 481; x_wconf 73' lang='lat' dir='ltr'><strong>JOANNIS</strong></span> <span class='ocrx_word' id='word_1_3' title='bbox 2245 424 2440 483; x_wconf 85' lang='lat' dir='ltr'><strong><em>SCOTI</em></strong></span> 
     </span>
    </p>
   </div>
   <div class='ocr_carea' id='block_1_3' title="bbox 3688 427 3792 477">
    <p class='ocr_par' dir='ltr' id='par_1_3' title="bbox 3688 427 3792 477">
     <span class='ocr_line' id='line_1_3' title="bbox 3688 427 3792 477; baseline -0.038 0"><span class='ocrx_word' id='word_1_4' title='bbox 3688 427 3792 477; x_wconf 59' lang='grc' dir='ltr'><strong><em>ΜΕ)</em></strong></span> 
     </span>
    </p>
   </div>
   <div class='ocr_carea' id='block_1_4' title="bbox 540 536 3800 618">
    <p class='ocr_par' dir='ltr' id='par_1_4' title="bbox 540 536 3800 618">
     <span class='ocr_line' id='line_1_4' title="bbox 540 536 3800 618; baseline -0.005 -10"><span class='ocrx_word' id='word_1_5' title='bbox 540 563 736 611; x_wconf 79' lang='lat' dir='ltr'><strong><em>:eretur</em></strong></span> <span class='ocrx_word' id='word_1_6' title='bbox 756 552 881 618; x_wconf 85' lang='lat' dir='ltr'><strong><em>jure</em></strong></span> <span class='ocrx_word' id='word_1_7' title='bbox 909 546 1202 617; x_wconf 85' lang='lat' dir='ltr'><strong><em>plenum,et</em></strong></span> <span class='ocrx_word' id='word_1_8' title='bbox 1234 546 1476 600; x_wconf 75' lang='lat' dir='ltr'><strong><em>similiter</em></strong></span> <span class='ocrx_word' id='word_1_9' title='bbox 1501 552 1548 598; x_wconf 90' lang='lat' dir='ltr'><strong><em>et</em></strong></span> <span class='ocrx_word' id='word_1_10' title='bbox 1579 560 1612 597; x_wconf 91' lang='lat' dir='ltr'><strong><em>a</em></strong></span> <span class='ocrx_word' id='word_1_11' title='bbox 1643 542 1786 597; x_wconf 89' lang='lat' dir='ltr'><strong><em>nullo</em></strong></span> <span class='ocrx_word' id='word_1_12' title='bbox 1815 558 1924 595; x_wconf 85' lang='lat' dir='ltr'><strong><em>esse</em></strong></span> <span class='ocrx_word' id='word_1_13' title='bbox 1953 540 2111 594; x_wconf 84' lang='lat' dir='ltr'><strong><em>habe-</em></strong></span> <span class='ocrx_word' id='word_1_14' title='bbox 2138 544 2193 602; x_wconf 80' lang='grc' dir='ltr'>Α</span> <span class='ocrx_word' id='word_1_15' title='bbox 2216 554 2320 608; x_wconf 89' lang='lat' dir='ltr'><strong><em>que</em></strong></span> <span class='ocrx_word' id='word_1_16' title='bbox 2360 538 2514 607; x_wconf 91' lang='lat' dir='ltr'><strong><em>quasi</em></strong></span> <span class='ocrx_word' id='word_1_17' title='bbox 2556 536 2785 591; x_wconf 87' lang='lat' dir='ltr'><strong><em>alterum</em></strong></span> <span class='ocrx_word' id='word_1_18' title='bbox 2824 543 2881 592; x_wconf 86' lang='lat' dir='ltr'><strong><em>et</em></strong></span> <span class='ocrx_word' id='word_1_19' title='bbox 2925 536 3157 591; x_wconf 73' lang='lat' dir='ltr'><strong><em>alterum</em></strong></span> <span class='ocrx_word' id='word_1_20' title='bbox 3202 536 3304 606; x_wconf 86' lang='lat' dir='ltr'><strong><em>ipsi</em></strong></span> <span class='ocrx_word' id='word_1_21' title='bbox 3347 536 3454 590; x_wconf 83' lang='lat' dir='ltr'><strong><em>duo</em></strong></span> <span class='ocrx_word' id='word_1_22' title='bbox 3500 537 3800 594; x_wconf 70' lang='lat' dir='ltr'><strong><em>intellectus</em></strong></span> 
     </span>
    </p>
   </div>
   <div class='ocr_carea' id='block_1_5' title="bbox 539 633 2115 713">
    <p class='ocr_par' dir='ltr' id='par_1_5' title="bbox 539 633 2115 713">
     <span class='ocr_line' id='line_1_5' title="bbox 539 633 2115 713; baseline -0.01 -13"><span class='ocrx_word' id='word_1_23' title='bbox 539 656 647 711; x_wconf 83' lang='lat' dir='ltr'><strong><em>ret;</em></strong></span> <span class='ocrx_word' id='word_1_24' title='bbox 672 658 762 713; x_wconf 88' lang='lat' dir='ltr'><strong><em>per</em></strong></span> <span class='ocrx_word' id='word_1_25' title='bbox 783 657 835 695; x_wconf 89' lang='lat' dir='ltr'><strong><em>se</em></strong></span> <span class='ocrx_word' id='word_1_26' title='bbox 861 638 998 693; x_wconf 90' lang='lat' dir='ltr'><strong><em>enim</em></strong></span> <span class='ocrx_word' id='word_1_27' title='bbox 1023 638 1309 707; x_wconf 83' lang='lat' dir='ltr'><strong><em>perfectum</em></strong></span> <span class='ocrx_word' id='word_1_28' title='bbox 1330 677 1343 701; x_wconf 96' lang='lat'><strong><em>,</em></strong></span> <span class='ocrx_word' id='word_1_29' title='bbox 1366 635 1804 704; x_wconf 76' lang='lat' dir='ltr'><strong><em>quemadmodum</em></strong></span> <span class='ocrx_word' id='word_1_30' title='bbox 1828 644 1874 687; x_wconf 90' lang='lat' dir='ltr'><strong><em>et</em></strong></span> <span class='ocrx_word' id='word_1_31' title='bbox 1904 633 2115 686; x_wconf 87' lang='lat' dir='ltr'><strong><em>incaus-</em></strong></span> 
     </span>
    </p>
   </div>
   <div class='ocr_carea' id='block_1_6' title="bbox 538 726 2115 801">
    <p class='ocr_par' dir='ltr' id='par_1_6' title="bbox 538 726 2115 801">
     <span class='ocr_line' id='line_1_6' title="bbox 538 726 2115 801; baseline -0.01 -11"><span class='ocrx_word' id='word_1_32' title='bbox 538 749 679 791; x_wconf 84' lang='lat' dir='ltr'><strong><em>sate;</em></strong></span> <span class='ocrx_word' id='word_1_33' title='bbox 727 747 888 801; x_wconf 86' lang='lat' dir='ltr'><strong><em>neque</em></strong></span> <span class='ocrx_word' id='word_1_34' title='bbox 928 727 1355 797; x_wconf 86' lang='lat' dir='ltr'><strong><em>impassibilitas;</em></strong></span> <span class='ocrx_word' id='word_1_35' title='bbox 1397 726 1631 795; x_wconf 78' lang='lat' dir='ltr'><strong><em>alioquin</em></strong></span> <span class='ocrx_word' id='word_1_36' title='bbox 1671 734 1719 777; x_wconf 90' lang='grc' dir='ltr'><strong><em>ει</em></strong></span> <span class='ocrx_word' id='word_1_37' title='bbox 1766 740 1980 777; x_wconf 87' lang='lat' dir='ltr'><strong><em>manens</em></strong></span> <span class='ocrx_word' id='word_1_38' title='bbox 2006 763 2023 788; x_wconf 92' lang='lat'><strong><em>,</em></strong></span> <span class='ocrx_word' id='word_1_39' title='bbox 2068 731 2115 775; x_wconf 90' lang='lat' dir='ltr'><strong><em>et</em></strong></span> 
     </span>
    </p>
   </div>
   <div class='ocr_carea' id='block_1_7' title="bbox 537 813 2117 896">
    <p class='ocr_par' dir='ltr' id='par_1_7' title="bbox 537 813 2117 896">
     <span class='ocr_line' id='line_1_7' title="bbox 537 813 2117 896; baseline -0.01 -15"><span class='ocrx_word' id='word_1_40' title='bbox 537 826 829 896; x_wconf 83' lang='lat' dir='ltr'><strong><em>inﬁnitum,</em></strong></span> <span class='ocrx_word' id='word_1_41' title='bbox 856 819 1432 886; x_wconf 88' lang='lat' dir='ltr'><strong><em>etincircumscriptum</em></strong></span> <span class='ocrx_word' id='word_1_42' title='bbox 1462 826 1613 871; x_wconf 88' lang='lat' dir='ltr'><strong><em>esset.</em></strong></span> <span class='ocrx_word' id='word_1_43' title='bbox 1662 815 1785 869; x_wconf 88' lang='lat' dir='ltr'><strong><em>Non</em></strong></span> <span class='ocrx_word' id='word_1_44' title='bbox 1827 816 1963 868; x_wconf 89' lang='lat' dir='ltr'><strong><em>enim</em></strong></span> <span class='ocrx_word' id='word_1_45' title='bbox 2007 813 2117 883; x_wconf 86' lang='lat' dir='ltr'><strong><em>pati</em></strong></span> 
     </span>
    </p>
   </div>
   <div class='ocr_carea' id='block_1_8' title="bbox 540 904 2112 978">
    <p class='ocr_par' dir='ltr' id='par_1_8' title="bbox 540 904 2112 978">
     <span class='ocr_line' id='line_1_8' title="bbox 540 904 2112 978; baseline -0.008 -10"><span class='ocrx_word' id='word_1_46' title='bbox 540 913 854 969; x_wconf 78' lang='lat' dir='ltr'><strong><em>naturaliter</em></strong></span> <span class='ocrx_word' id='word_1_47' title='bbox 883 912 1042 972; x_wconf 87' lang='lat' dir='ltr'><strong><em>inest,</em></strong></span> <span class='ocrx_word' id='word_1_48' title='bbox 1077 907 1219 978; x_wconf 86' lang='lat' dir='ltr'><strong><em>quod</em></strong></span> <span class='ocrx_word' id='word_1_49' title='bbox 1249 906 1559 959; x_wconf 77' lang='lat' dir='ltr'><strong><em>naturaliter</em></strong></span> <span class='ocrx_word' id='word_1_50' title='bbox 1585 906 1600 934; x_wconf 77' lang='grc'>⁸</span> <span class='ocrx_word' id='word_1_51' title='bbox 1652 904 1972 973; x_wconf 78' lang='lat' dir='ltr'><strong><em>impossibile</em></strong></span> <span class='ocrx_word' id='word_1_52' title='bbox 2008 912 2112 970; x_wconf 90' lang='lat' dir='ltr'><strong><em>est,</em></strong></span> 
     </span>
    </p>
   </div>
   <div class='ocr_carea' id='block_1_9' title="bbox 537 992 2117 1075">
    <p class='ocr_par' dir='ltr' id='par_1_9' title="bbox 537 992 2117 1075">
     <span class='ocr_line' id='line_1_9' title="bbox 537 992 2117 1075; baseline -0.008 -17"><span class='ocrx_word' id='word_1_53' title='bbox 537 1004 677 1075; x_wconf 88' lang='lat' dir='ltr'><strong><em>quod</em></strong></span> <span class='ocrx_word' id='word_1_54' title='bbox 702 1012 863 1071; x_wconf 81' lang='lat' dir='ltr'><strong><em>neque</em></strong></span> <span class='ocrx_word' id='word_1_55' title='bbox 884 1007 1094 1053; x_wconf 90' lang='lat' dir='ltr'><strong><em>amatur</em></strong></span> <span class='ocrx_word' id='word_1_56' title='bbox 1113 996 1176 1050; x_wconf 89' lang='lat' dir='ltr'><strong><em>ab</em></strong></span> <span class='ocrx_word' id='word_1_57' title='bbox 1205 995 1333 1060; x_wconf 88' lang='lat' dir='ltr'><strong><em>alio,</em></strong></span> <span class='ocrx_word' id='word_1_58' title='bbox 1358 1004 1449 1048; x_wconf 89' lang='lat' dir='ltr'><strong><em>aut</em></strong></span> <span class='ocrx_word' id='word_1_59' title='bbox 1471 1005 1703 1047; x_wconf 82' lang='lat' dir='ltr'><strong><em>movetur</em></strong></span> <span class='ocrx_word' id='word_1_60' title='bbox 1732 994 1799 1047; x_wconf 88' lang='lat' dir='ltr'><strong><em>ad</em></strong></span> <span class='ocrx_word' id='word_1_61' title='bbox 1820 992 1967 1046; x_wconf 86' lang='lat' dir='ltr'><strong><em>aliud</em></strong></span> <span class='ocrx_word' id='word_1_62' title='bbox 1990 992 2117 1063; x_wconf 87' lang='lat' dir='ltr'><strong><em>quid</em></strong></span> 
     </span>
    </p>
   </div>
   <div class='ocr_carea' id='block_1_10' title="bbox 538 1084 2115 1169">
    <p class='ocr_par' dir='ltr' id='par_1_10' title="bbox 538 1084 2115 1169">
     <span class='ocr_line' id='line_1_10' title="bbox 538 1084 2115 1169; baseline -0.011 -16"><span class='ocrx_word' id='word_1_63' title='bbox 538 1114 630 1169; x_wconf 83' lang='lat' dir='ltr'><strong><em>per</em></strong></span> <span class='ocrx_word' id='word_1_64' title='bbox 668 1110 915 1151; x_wconf 86' lang='lat' dir='ltr'><strong><em>amorem.</em></strong></span> <span class='ocrx_word' id='word_1_65' title='bbox 952 1089 1130 1147; x_wconf 88' lang='lat' dir='ltr'><strong><em>Solius</em></strong></span> <span class='ocrx_word' id='word_1_66' title='bbox 1156 1089 1295 1143; x_wconf 89' lang='lat' dir='ltr'><strong><em>enim</em></strong></span> <span class='ocrx_word' id='word_1_67' title='bbox 1323 1086 1421 1142; x_wconf 89' lang='lat' dir='ltr'><strong><em>Dei</em></strong></span> <span class='ocrx_word' id='word_1_68' title='bbox 1448 1087 1566 1141; x_wconf 82' lang='lat' dir='ltr'><strong><em>est’</em></strong></span> <span class='ocrx_word' id='word_1_69' title='bbox 1617 1084 1739 1154; x_wconf 82' lang='lat' dir='ltr'><strong><em>ﬁnis</em></strong></span> <span class='ocrx_word' id='word_1_70' title='bbox 1764 1101 1872 1139; x_wconf 86' lang='lat' dir='ltr'><strong><em>esse</em></strong></span> <span class='ocrx_word' id='word_1_71' title='bbox 1911 1095 1959 1139; x_wconf 88' lang='lat' dir='ltr'><strong><em>et</em></strong></span> <span class='ocrx_word' id='word_1_72' title='bbox 1997 1101 2115 1153; x_wconf 88' lang='lat' dir='ltr'><strong><em>per-</em></strong></span> 
     </span>
    </p>
   </div>
   <div class='ocr_carea' id='block_1_11' title="bbox 539 1172 2118 1257">
    <p class='ocr_par' dir='ltr' id='par_1_11' title="bbox 539 1172 2118 1257">
     <span class='ocr_line' id='line_1_11' title="bbox 539 1172 2118 1257; baseline -0.009 -15"><span class='ocrx_word' id='word_1_73' title='bbox 539 1188 695 1257; x_wconf 90' lang='lat' dir='ltr'><strong><em>fectio</em></strong></span> <span class='ocrx_word' id='word_1_74' title='bbox 747 1196 793 1240; x_wconf 93' lang='lat' dir='ltr'><strong><em>et</em></strong></span> <span class='ocrx_word' id='word_1_75' title='bbox 838 1178 1267 1253; x_wconf 84' lang='lat' dir='ltr'><strong><em>impossibilitas,</em></strong></span> <span class='ocrx_word' id='word_1_76' title='bbox 1330 1177 1513 1231; x_wconf 89' lang='lat' dir='ltr'><strong><em>merito</em></strong></span> <span class='ocrx_word' id='word_1_77' title='bbox 1559 1172 2030 1239; x_wconf 76' lang='lat' dir='ltr'><strong><em>incommutabilis,</em></strong></span> <span class='ocrx_word' id='word_1_78' title='bbox 2072 1182 2118 1227; x_wconf 91' lang='lat' dir='ltr'><strong><em>et</em></strong></span> 
     </span>
    </p>
   </div>
   <div class='ocr_carea' id='block_1_12' title="bbox 544 1262 2119 1346">
    <p class='ocr_par' dir='ltr' id='par_1_12' title="bbox 544 1262 2119 1346">
     <span class='ocr_line' id='line_1_12' title="bbox 544 1262 2119 1346; baseline -0.011 -15"><span class='ocrx_word' id='word_1_79' title='bbox 544 1276 707 1346; x_wconf 83' lang='lat' dir='ltr'><strong><em>pleni,</em></strong></span> <span class='ocrx_word' id='word_1_80' title='bbox 732 1284 780 1329; x_wconf 91' lang='lat' dir='ltr'><strong><em>et</em></strong></span> <span class='ocrx_word' id='word_1_81' title='bbox 800 1269 1169 1343; x_wconf 86' lang='lat' dir='ltr'><strong><em>impassibilis:</em></strong></span> <span class='ocrx_word' id='word_1_82' title='bbox 1194 1283 1374 1323; x_wconf 84' lang='lat' dir='ltr'><strong><em>eorum</em></strong></span> <span class='ocrx_word' id='word_1_83' title='bbox 1398 1278 1536 1333; x_wconf 78' lang='lat' dir='ltr'><strong><em>vero,</em></strong></span> <span class='ocrx_word' id='word_1_84' title='bbox 1558 1280 1692 1335; x_wconf 89' lang='lat' dir='ltr'><strong><em>quae</em></strong></span> <span class='ocrx_word' id='word_1_85' title='bbox 1712 1263 1855 1332; x_wconf 84' lang='lat' dir='ltr'><strong><em>facta</em></strong></span> <span class='ocrx_word' id='word_1_86' title='bbox 1880 1271 2024 1329; x_wconf 88' lang='lat' dir='ltr'><strong><em>sunt,</em></strong></span> <span class='ocrx_word' id='word_1_87' title='bbox 2050 1262 2119 1314; x_wconf 87' lang='lat' dir='ltr'><strong><em>ad</em></strong></span> 
     </span>
    </p>
   </div>
   <div class='ocr_carea' id='block_1_13' title="bbox 539 1352 2120 1436">
    <p class='ocr_par' dir='ltr' id='par_1_13' title="bbox 539 1352 2120 1436">
     <span class='ocr_line' id='line_1_13' title="bbox 539 1352 2120 1436; baseline -0.012 -13"><span class='ocrx_word' id='word_1_88' title='bbox 539 1369 697 1436; x_wconf 75' lang='lat' dir='ltr'><strong><em>ﬁnem</em></strong></span> <span class='ocrx_word' id='word_1_89' title='bbox 724 1365 985 1436; x_wconf 87' lang='lat' dir='ltr'><strong><em>principio</em></strong></span> <span class='ocrx_word' id='word_1_90' title='bbox 1013 1370 1272 1417; x_wconf 87' lang='lat' dir='ltr'><strong><em>carentem</em></strong></span> <span class='ocrx_word' id='word_1_91' title='bbox 1300 1358 1514 1413; x_wconf 87' lang='lat' dir='ltr'><strong><em>moveri.</em></strong></span> <span class='ocrx_word' id='word_1_92' title='bbox 1544 1352 1738 1410; x_wconf 87' lang='lat' dir='ltr'><strong><em>Omnia</em></strong></span> <span class='ocrx_word' id='word_1_93' title='bbox 1764 1354 1901 1406; x_wconf 88' lang='lat' dir='ltr'><strong><em>enim</em></strong></span> <span class='ocrx_word' id='word_1_94' title='bbox 1921 1394 1935 1419; x_wconf 90' lang='lat'><strong><em>,</em></strong></span> <span class='ocrx_word' id='word_1_95' title='bbox 1962 1368 2120 1423; x_wconf 86' lang='lat' dir='ltr'><strong><em>quae-</em></strong></span> 
     </span>
    </p>
   </div>
   <div class='ocr_carea' id='block_1_14' title="bbox 542 1446 2121 1531">
    <p class='ocr_par' dir='ltr' id='par_1_14' title="bbox 542 1446 2121 1531">
     <span class='ocr_line' id='line_1_14' title="bbox 542 1446 2121 1531; baseline -0.012 -16"><span class='ocrx_word' id='word_1_96' title='bbox 542 1475 743 1531; x_wconf 85' lang='lat' dir='ltr'><strong><em>cunque</em></strong></span> <span class='ocrx_word' id='word_1_97' title='bbox 774 1457 917 1527; x_wconf 87' lang='lat' dir='ltr'><strong><em>facta</em></strong></span> <span class='ocrx_word' id='word_1_98' title='bbox 945 1465 1096 1522; x_wconf 88' lang='lat' dir='ltr'><strong><em>sunt,</em></strong></span> <span class='ocrx_word' id='word_1_99' title='bbox 1128 1453 1405 1523; x_wconf 87' lang='lat' dir='ltr'><strong><em>patiuntur</em></strong></span> <span class='ocrx_word' id='word_1_100' title='bbox 1434 1448 1627 1504; x_wconf 87' lang='lat' dir='ltr'><strong><em>moveri</em></strong></span> <span class='ocrx_word' id='word_1_101' title='bbox 1644 1487 1659 1514; x_wconf 96' lang='lat'><strong><em>,</em></strong></span> <span class='ocrx_word' id='word_1_102' title='bbox 1688 1446 1820 1499; x_wconf 81' lang='lat' dir='ltr'><strong><em>sicut</em></strong></span> <span class='ocrx_word' id='word_1_103' title='bbox 1849 1462 1909 1499; x_wconf 90' lang='lat' dir='ltr'><strong><em>ea</em></strong></span> <span class='ocrx_word' id='word_1_104' title='bbox 1929 1486 1951 1511; x_wconf 94' lang='lat'><strong><em>,.</em></strong></span> <span class='ocrx_word' id='word_1_105' title='bbox 1990 1459 2121 1514; x_wconf 90' lang='lat' dir='ltr'><strong><em>quae</em></strong></span> 
     </span>
    </p>
   </div>
   <div class='ocr_carea' id='block_1_15' title="bbox 542 1532 2120 1619">
    <p class='ocr_par' dir='ltr' id='par_1_15' title="bbox 542 1532 2120 1619">
     <span class='ocr_line' id='line_1_15' title="bbox 542 1532 2120 1619; baseline -0.011 -15"><span class='ocrx_word' id='word_1_106' title='bbox 542 1565 647 1605; x_wconf 90' lang='lat' dir='ltr'><strong><em>non</em></strong></span> <span class='ocrx_word' id='word_1_107' title='bbox 668 1556 813 1615; x_wconf 85' lang='lat' dir='ltr'><strong><em>sunt,</em></strong></span> <span class='ocrx_word' id='word_1_108' title='bbox 827 1561 920 1619; x_wconf 84' lang='lat' dir='ltr'><strong><em>per</em></strong></span> <span class='ocrx_word' id='word_1_109' title='bbox 938 1561 993 1602; x_wconf 83' lang='lat' dir='ltr'><strong><em>sc</em></strong></span> <span class='ocrx_word' id='word_1_110' title='bbox 1013 1545 1185 1615; x_wconf 83' lang='lat' dir='ltr'><strong><em>ipsum</em></strong></span> <span class='ocrx_word' id='word_1_111' title='bbox 1206 1549 1396 1607; x_wconf 88' lang='lat' dir='ltr'><strong><em>motus,</em></strong></span> <span class='ocrx_word' id='word_1_112' title='bbox 1414 1548 1504 1593; x_wconf 90' lang='lat' dir='ltr'><strong><em>aut</em></strong></span> <span class='ocrx_word' id='word_1_113' title='bbox 1525 1553 1615 1607; x_wconf 87' lang='lat' dir='ltr'><strong><em>per</em></strong></span> <span class='ocrx_word' id='word_1_114' title='bbox 1637 1552 1690 1590; x_wconf 88' lang='lat' dir='ltr'><strong><em>se</em></strong></span> <span class='ocrx_word' id='word_1_115' title='bbox 1706 1536 1873 1606; x_wconf 85' lang='lat' dir='ltr'><strong><em>ipsum</em></strong></span> <span class='ocrx_word' id='word_1_116' title='bbox 1893 1532 1913 1565; x_wconf 82' lang='grc'>⁸</span> <span class='ocrx_word' id='word_1_117' title='bbox 1956 1534 2120 1587; x_wconf 83' lang='lat' dir='ltr'><strong><em>virtus</em></strong></span> 
     </span>
    </p>
   </div>
   <div class='ocr_carea' id='block_1_16' title="bbox 541 1626 2120 1710">
    <p class='ocr_par' dir='ltr' id='par_1_16' title="bbox 541 1626 2120 1710">
     <span class='ocr_line' id='line_1_16' title="bbox 541 1626 2120 1710; baseline -0.011 -14"><span class='ocrx_word' id='word_1_118' title='bbox 541 1652 680 1696; x_wconf 85' lang='lat' dir='ltr'><strong><em>sunt.</em></strong></span> <span class='ocrx_word' id='word_1_119' title='bbox 716 1640 777 1696; x_wconf 88' lang='lat' dir='ltr'><strong><em>Si</em></strong></span> <span class='ocrx_word' id='word_1_120' title='bbox 811 1655 930 1710; x_wconf 86' lang='lat' dir='ltr'><strong><em>ergo</em></strong></span> <span class='ocrx_word' id='word_1_121' title='bbox 961 1655 1023 1693; x_wconf 88' lang='lat' dir='ltr'><strong><em>ea</em></strong></span> <span class='ocrx_word' id='word_1_122' title='bbox 1043 1678 1057 1701; x_wconf 96' lang='lat'><strong><em>,</em></strong></span> <span class='ocrx_word' id='word_1_123' title='bbox 1085 1651 1218 1707; x_wconf 90' lang='lat' dir='ltr'><strong><em>quae</em></strong></span> <span class='ocrx_word' id='word_1_124' title='bbox 1243 1632 1416 1705; x_wconf 89' lang='lat' dir='ltr'><strong><em>genita</em></strong></span> <span class='ocrx_word' id='word_1_125' title='bbox 1443 1639 1601 1694; x_wconf 84' lang='lat' dir='ltr'><strong><em>sunt,</em></strong></span> <span class='ocrx_word' id='word_1_126' title='bbox 1631 1626 1967 1682; x_wconf 84' lang='lat' dir='ltr'><strong><em>rationabilia</em></strong></span> <span class='ocrx_word' id='word_1_127' title='bbox 1996 1626 2120 1679; x_wconf 88' lang='lat' dir='ltr'><strong><em>sub-</em></strong></span> 
     </span>
    </p>
   </div>
   <div class='ocr_carea' id='block_1_17' title="bbox 546 1715 2122 1795">
    <p class='ocr_par' dir='ltr' id='par_1_17' title="bbox 546 1715 2122 1795">
     <span class='ocr_line' id='line_1_17' title="bbox 546 1715 2122 1795; baseline -0.012 -10"><span class='ocrx_word' id='word_1_128' title='bbox 546 1730 772 1795; x_wconf 87' lang='lat' dir='ltr'><strong><em>sistunt,</em></strong></span> <span class='ocrx_word' id='word_1_129' title='bbox 802 1727 1014 1782; x_wconf 88' lang='lat' dir='ltr'><strong><em>omnino</em></strong></span> <span class='ocrx_word' id='word_1_130' title='bbox 1042 1724 1202 1779; x_wconf 90' lang='lat' dir='ltr'><strong><em>etiam</em></strong></span> <span class='ocrx_word' id='word_1_131' title='bbox 1231 1729 1521 1784; x_wconf 84' lang='lat' dir='ltr'><strong><em>moventur,</em></strong></span> <span class='ocrx_word' id='word_1_132' title='bbox 1555 1724 1733 1788; x_wconf 81' lang='lat' dir='ltr'><strong><em>utpote</em></strong></span> <span class='ocrx_word' id='word_1_133' title='bbox 1766 1732 1829 1771; x_wconf 83' lang='lat' dir='ltr'><strong><em>ea:</em></strong></span> <span class='ocrx_word' id='word_1_134' title='bbox 1867 1715 2122 1784; x_wconf 81' lang='lat' dir='ltr'><strong><em>principio</em></strong></span> 
     </span>
    </p>
   </div>
   <div class='ocr_carea' id='block_1_18' title="bbox 541 1807 2124 1884">
    <p class='ocr_par' dir='ltr' id='par_1_18' title="bbox 541 1807 2124 1884">
     <span class='ocr_line' id='line_1_18' title="bbox 541 1807 2124 1884; baseline -0.011 -8"><span class='ocrx_word' id='word_1_135' title='bbox 541 1819 828 1876; x_wconf 88' lang='lat' dir='ltr'><strong><em>secundum</em></strong></span> <span class='ocrx_word' id='word_1_136' title='bbox 858 1825 1103 1872; x_wconf 88' lang='lat' dir='ltr'><strong><em>naturam</em></strong></span> <span class='ocrx_word' id='word_1_137' title='bbox 1128 1829 1219 1884; x_wconf 91' lang='lat' dir='ltr'><strong><em>per</em></strong></span> <span class='ocrx_word' id='word_1_138' title='bbox 1252 1828 1361 1867; x_wconf 86' lang='lat' dir='ltr'><strong><em>esse</em></strong></span> <span class='ocrx_word' id='word_1_139' title='bbox 1394 1812 1462 1864; x_wconf 84' lang='lat' dir='ltr'><strong><em>ad</em></strong></span> <span class='ocrx_word' id='word_1_140' title='bbox 1493 1809 1680 1878; x_wconf 79' lang='lat' dir='ltr'><strong><em>ﬁnem,</em></strong></span> <span class='ocrx_word' id='word_1_141' title='bbox 1718 1807 2002 1862; x_wconf 86' lang='lat' dir='ltr'><strong><em>secundum</em></strong></span> <span class='ocrx_word' id='word_1_142' title='bbox 2038 1822 2124 1860; x_wconf 89' lang='lat' dir='ltr'><strong><em>co-</em></strong></span> 
     </span>
    </p>
   </div>
   <div class='ocr_carea' id='block_1_19' title="bbox 2224 626 3807 698">
    <p class='ocr_par' dir='ltr' id='par_1_19' title="bbox 2224 626 3807 698">
     <span class='ocr_line' id='line_1_19' title="bbox 2224 626 3807 698; baseline 0.001 -17"><span class='ocrx_word' id='word_1_143' title='bbox 2224 627 2495 691; x_wconf 89' lang='lat' dir='ltr'><strong><em>dicuntur,</em></strong></span> <span class='ocrx_word' id='word_1_144' title='bbox 2534 627 2662 681; x_wconf 88' lang='lat' dir='ltr'><strong><em>dum</em></strong></span> <span class='ocrx_word' id='word_1_145' title='bbox 2696 626 2843 682; x_wconf 89' lang='lat' dir='ltr'><strong><em>circa</em></strong></span> <span class='ocrx_word' id='word_1_146' title='bbox 2892 642 3060 682; x_wconf 87' lang='lat' dir='ltr'><strong><em>unum</em></strong></span> <span class='ocrx_word' id='word_1_147' title='bbox 3104 626 3347 681; x_wconf 84' lang='lat' dir='ltr'><strong><em>omnium</em></strong></span> <span class='ocrx_word' id='word_1_148' title='bbox 3385 627 3708 698; x_wconf 73' lang='lat' dir='ltr'><strong><em>principium</em></strong></span> <span class='ocrx_word' id='word_1_149' title='bbox 3749 636 3807 684; x_wconf 76' lang='lat' dir='ltr'><strong><em>et</em></strong></span> 
     </span>
    </p>
   </div>
   <div class='ocr_carea' id='block_1_20' title="bbox 2219 717 3807 788">
    <p class='ocr_par' dir='ltr' id='par_1_20' title="bbox 2219 717 3807 788">
     <span class='ocr_line' id='line_1_20' title="bbox 2219 717 3807 788; baseline 0.003 -17"><span class='ocrx_word' id='word_1_150' title='bbox 2219 718 2379 772; x_wconf 90' lang='lat' dir='ltr'><strong><em>ﬁnem</em></strong></span> <span class='ocrx_word' id='word_1_151' title='bbox 2411 726 2717 782; x_wconf 81' lang='lat' dir='ltr'><strong><em>versantur,</em></strong></span> <span class='ocrx_word' id='word_1_152' title='bbox 2754 717 2901 772; x_wconf 88' lang='lat' dir='ltr'><strong><em>verbi</em></strong></span> <span class='ocrx_word' id='word_1_153' title='bbox 2933 717 3137 788; x_wconf 82' lang='lat' dir='ltr'><strong><em>gratia,</em></strong></span> <span class='ocrx_word' id='word_1_154' title='bbox 3169 717 3341 772; x_wconf 81' lang='lat' dir='ltr'><strong><em>veluti</em></strong></span> <span class='ocrx_word' id='word_1_155' title='bbox 3371 718 3414 772; x_wconf 91' lang='lat' dir='ltr'><strong><em>si</em></strong></span> <span class='ocrx_word' id='word_1_156' title='bbox 3456 719 3578 788; x_wconf 87' lang='lat' dir='ltr'><strong><em>quis</em></strong></span> <span class='ocrx_word' id='word_1_157' title='bbox 3606 720 3807 775; x_wconf 78' lang='lat' dir='ltr'><strong><em>dixerit</em></strong></span> 
     </span>
    </p>
   </div>
   <div class='ocr_carea' id='block_1_21' title="bbox 2220 808 3729 879">
    <p class='ocr_par' dir='ltr' id='par_1_21' title="bbox 2220 808 3729 879">
     <span class='ocr_line' id='line_1_21' title="bbox 2220 808 3729 879; baseline 0.001 -14"><span class='ocrx_word' id='word_1_158' title='bbox 2220 810 2287 865; x_wconf 88' lang='lat' dir='ltr'><strong><em>ab</em></strong></span> <span class='ocrx_word' id='word_1_159' title='bbox 2318 808 2592 865; x_wconf 80' lang='lat' dir='ltr'><strong><em>intellecm</em></strong></span> <span class='ocrx_word' id='word_1_160' title='bbox 2619 809 2872 879; x_wconf 84' lang='lat' dir='ltr'><strong><em>principii</em></strong></span> <span class='ocrx_word' id='word_1_161' title='bbox 2902 810 2971 864; x_wconf 87' lang='lat' dir='ltr'><strong><em>ad</em></strong></span> <span class='ocrx_word' id='word_1_162' title='bbox 2996 809 3323 865; x_wconf 76' lang='lat' dir='ltr'><strong><em>intellectum</em></strong></span> <span class='ocrx_word' id='word_1_163' title='bbox 3356 810 3482 867; x_wconf 82' lang='lat' dir='ltr'><strong><em>ﬁnis</em></strong></span> <span class='ocrx_word' id='word_1_164' title='bbox 3510 812 3562 866; x_wconf 78' lang='lat' dir='ltr'><strong><em>in</em></strong></span> <span class='ocrx_word' id='word_1_165' title='bbox 3596 812 3729 867; x_wconf 80' lang='lat' dir='ltr'><strong><em>Deo.</em></strong></span> 
     </span>
    </p>
   </div>
   <div class='ocr_carea' id='block_1_22' title="bbox 2291 900 3809 974">
    <p class='ocr_par' dir='ltr' id='par_1_22' title="bbox 2291 900 3809 974">
     <span class='ocr_line' id='line_1_22' title="bbox 2291 900 3809 974; baseline 0.004 -19"><span class='ocrx_word' id='word_1_166' title='bbox 2291 903 2377 956; x_wconf 82' lang='lat' dir='ltr'><strong><em>7i.</em></strong></span> <span class='ocrx_word' id='word_1_167' title='bbox 2413 901 2614 957; x_wconf 85' lang='lat' dir='ltr'><strong><em>Deinde</em></strong></span> <span class='ocrx_word' id='word_1_168' title='bbox 2643 900 2960 967; x_wconf 84' lang='lat' dir='ltr'><strong><em>considera,</em></strong></span> <span class='ocrx_word' id='word_1_169' title='bbox 2986 902 3112 971; x_wconf 82' lang='lat' dir='ltr'><strong><em>quia</em></strong></span> <span class='ocrx_word' id='word_1_170' title='bbox 3139 916 3299 957; x_wconf 83' lang='lat' dir='ltr'><strong><em>omne</em></strong></span> <span class='ocrx_word' id='word_1_171' title='bbox 3317 943 3330 967; x_wconf 95' lang='lat'><strong><em>,</em></strong></span> <span class='ocrx_word' id='word_1_172' title='bbox 3362 904 3502 971; x_wconf 88' lang='lat' dir='ltr'><strong><em>quod</em></strong></span> <span class='ocrx_word' id='word_1_173' title='bbox 3535 904 3809 974; x_wconf 75' lang='lat' dir='ltr'><strong><em>principio</em></strong></span> 
     </span>
    </p>
   </div>
   <div class='ocr_carea' id='block_1_23' title="bbox 2218 990 3805 1061">
    <p class='ocr_par' dir='ltr' id='par_1_23' title="bbox 2218 990 3805 1061">
     <span class='ocr_line' id='line_1_23' title="bbox 2218 990 3805 1061; baseline 0.002 -13"><span class='ocrx_word' id='word_1_174' title='bbox 2218 1001 2373 1049; x_wconf 88' lang='lat' dir='ltr'><strong><em>caret</em></strong></span> <span class='ocrx_word' id='word_1_175' title='bbox 2401 1000 2456 1048; x_wconf 90' lang='lat' dir='ltr'><strong><em>et</em></strong></span> <span class='ocrx_word' id='word_1_176' title='bbox 2484 990 2620 1058; x_wconf 89' lang='lat' dir='ltr'><strong><em>ﬁne,</em></strong></span> <span class='ocrx_word' id='word_1_177' title='bbox 2647 991 2795 1047; x_wconf 83' lang='lat' dir='ltr'><strong><em>omni</em></strong></span> <span class='ocrx_word' id='word_1_178' title='bbox 2818 1006 3032 1061; x_wconf 76' lang='lat' dir='ltr'><strong><em>quoque</em></strong></span> <span class='ocrx_word' id='word_1_179' title='bbox 3057 1000 3206 1047; x_wconf 88' lang='lat' dir='ltr'><strong><em>motu</em></strong></span> <span class='ocrx_word' id='word_1_180' title='bbox 3234 1006 3419 1049; x_wconf 84' lang='lat' dir='ltr'><strong><em>carere</em></strong></span> <span class='ocrx_word' id='word_1_181' title='bbox 3447 1009 3665 1051; x_wconf 85' lang='lat' dir='ltr'><strong><em>necesse</em></strong></span> <span class='ocrx_word' id='word_1_182' title='bbox 3692 1004 3805 1051; x_wconf 72' lang='lat' dir='ltr'><strong><em>est.-</em></strong></span> 
     </span>
    </p>
   </div>
   <div class='ocr_carea' id='block_1_24' title="bbox 2220 1081 3795 1157">
    <p class='ocr_par' dir='ltr' id='par_1_24' title="bbox 2220 1081 3795 1157">
     <span class='ocr_line' id='line_1_24' title="bbox 2220 1081 3795 1157; baseline 0.002 -19"><span class='ocrx_word' id='word_1_183' title='bbox 2220 1084 2364 1141; x_wconf 88' lang='lat' dir='ltr'><strong><em>Deus</em></strong></span> <span class='ocrx_word' id='word_1_184' title='bbox 2410 1091 2592 1137; x_wconf 85' lang='lat' dir='ltr'><strong><em>autem</em></strong></span> <span class='ocrx_word' id='word_1_185' title='bbox 2642 1081 2915 1157; x_wconf 65' lang='grc' dir='ltr'><strong><em>ἄναρχος-γ</em></strong></span> <span class='ocrx_word' id='word_1_186' title='bbox 2953 1083 3058 1139; x_wconf 85' lang='lat' dir='ltr'><strong><em>hoc</em></strong></span> <span class='ocrx_word' id='word_1_187' title='bbox 3084 1091 3199 1149; x_wconf 71' lang='lat' dir='ltr'><strong><em>est,</em></strong></span> <span class='ocrx_word' id='word_1_188' title='bbox 3233 1082 3352 1138; x_wconf 86' lang='lat' dir='ltr'><strong><em>sine</em></strong></span> <span class='ocrx_word' id='word_1_189' title='bbox 3390 1084 3653 1154; x_wconf 81' lang='lat' dir='ltr'><strong><em>principio</em></strong></span> <span class='ocrx_word' id='word_1_190' title='bbox 3681 1095 3795 1151; x_wconf 80' lang='lat' dir='ltr'><strong><em>est,</em></strong></span> 
     </span>
    </p>
   </div>
   <div class='ocr_carea' id='block_1_25' title="bbox 2219 1175 3793 1248">
    <p class='ocr_par' dir='ltr' id='par_1_25' title="bbox 2219 1175 3793 1248">
     <span class='ocr_line' id='line_1_25' title="bbox 2219 1175 3793 1248; baseline 0 -17"><span class='ocrx_word' id='word_1_191' title='bbox 2219 1177 2348 1248; x_wconf 87' lang='lat' dir='ltr'><strong><em>quia</em></strong></span> <span class='ocrx_word' id='word_1_192' title='bbox 2397 1176 2473 1233; x_wconf 85' lang='lat' dir='ltr'><strong><em>nil</em></strong></span> <span class='ocrx_word' id='word_1_193' title='bbox 2519 1191 2645 1234; x_wconf 84' lang='lat' dir='ltr'><strong><em>eum</em></strong></span> <span class='ocrx_word' id='word_1_194' title='bbox 2691 1176 3001 1246; x_wconf 70' lang='lat' dir='ltr'><strong><em>praecedit,</em></strong></span> <span class='ocrx_word' id='word_1_195' title='bbox 3053 1190 3154 1230; x_wconf 91' lang='lat' dir='ltr'><strong><em>nec</em></strong></span> <span class='ocrx_word' id='word_1_196' title='bbox 3206 1188 3330 1231; x_wconf 81' lang='lat' dir='ltr'><strong><em>eum</em></strong></span> <span class='ocrx_word' id='word_1_197' title='bbox 3381 1175 3576 1242; x_wconf 73' lang='lat' dir='ltr'><strong><em>edicit,</em></strong></span> <span class='ocrx_word' id='word_1_198' title='bbox 3617 1187 3677 1232; x_wconf 88' lang='lat' dir='ltr'><strong><em>ut</em></strong></span> <span class='ocrx_word' id='word_1_199' title='bbox 3705 1179 3793 1233; x_wconf 97' lang='lat' dir='ltr'><strong><em>sit.</em></strong></span> 
     </span>
    </p>
   </div>
   <div class='ocr_carea' id='block_1_26' title="bbox 2221 1266 3811 1338">
    <p class='ocr_par' dir='ltr' id='par_1_26' title="bbox 2221 1266 3811 1338">
     <span class='ocr_line' id='line_1_26' title="bbox 2221 1266 3811 1338; baseline 0 -13"><span class='ocrx_word' id='word_1_200' title='bbox 2221 1269 2333 1326; x_wconf 83' lang='lat' dir='ltr'><strong><em>Nec</em></strong></span> <span class='ocrx_word' id='word_1_201' title='bbox 2369 1268 2533 1324; x_wconf 91' lang='lat' dir='ltr'><strong><em>ﬁnem</em></strong></span> <span class='ocrx_word' id='word_1_202' title='bbox 2573 1268 2771 1334; x_wconf 86' lang='lat' dir='ltr'><strong><em>habet,</em></strong></span> <span class='ocrx_word' id='word_1_203' title='bbox 2811 1267 3066 1338; x_wconf 82' lang='lat' dir='ltr'><strong><em>quoniam</em></strong></span> <span class='ocrx_word' id='word_1_204' title='bbox 3111 1266 3357 1323; x_wconf 76' lang='lat' dir='ltr'><strong><em>inﬁnitus</em></strong></span> <span class='ocrx_word' id='word_1_205' title='bbox 3399 1276 3501 1323; x_wconf 85' lang='lat' dir='ltr'><strong><em>est.</em></strong></span> <span class='ocrx_word' id='word_1_206' title='bbox 3544 1268 3811 1325; x_wconf 69' lang='lat' dir='ltr'><strong><em>Nilonimi</em></strong></span> 
     </span>
    </p>
   </div>
   <div class='ocr_carea' id='block_1_27' title="bbox 2220 1358 3813 1431">
    <p class='ocr_par' dir='ltr' id='par_1_27' title="bbox 2220 1358 3813 1431">
     <span class='ocr_line' id='line_1_27' title="bbox 2220 1358 3813 1431; baseline -0.001 -16"><span class='ocrx_word' id='word_1_207' title='bbox 2220 1368 2346 1431; x_wconf 89' lang='lat' dir='ltr'><strong><em>post</em></strong></span> <span class='ocrx_word' id='word_1_208' title='bbox 2393 1374 2519 1417; x_wconf 87' lang='lat' dir='ltr'><strong><em>eum</em></strong></span> <span class='ocrx_word' id='word_1_209' title='bbox 2562 1358 2901 1431; x_wconf 79' lang='lat' dir='ltr'><strong><em>intelligitur,</em></strong></span> <span class='ocrx_word' id='word_1_210' title='bbox 2941 1358 3069 1414; x_wconf 81' lang='lat' dir='ltr'><strong><em>dum</em></strong></span> <span class='ocrx_word' id='word_1_211' title='bbox 3111 1359 3381 1415; x_wconf 77' lang='lat' dir='ltr'><strong><em>terminus</em></strong></span> <span class='ocrx_word' id='word_1_212' title='bbox 3418 1359 3664 1414; x_wconf 69' lang='lat' dir='ltr'><strong><em>omnium</em></strong></span> <span class='ocrx_word' id='word_1_213' title='bbox 3694 1359 3765 1415; x_wconf 84' lang='lat' dir='ltr'><strong><em>sit</em></strong></span> <span class='ocrx_word' id='word_1_214' title='bbox 3785 1391 3813 1425; x_wconf 84' lang='lat'><strong><em>,-</em></strong></span> 
     </span>
    </p>
   </div>
   <div class='ocr_carea' id='block_1_28' title="bbox 2222 1448 3805 1523">
    <p class='ocr_par' dir='ltr' id='par_1_28' title="bbox 2222 1448 3805 1523">
     <span class='ocr_line' id='line_1_28' title="bbox 2222 1448 3805 1523; baseline -0.001 -15"><span class='ocrx_word' id='word_1_215' title='bbox 2222 1453 2367 1508; x_wconf 82' lang='lat' dir='ltr'><strong><em>ultra</em></strong></span> <span class='ocrx_word' id='word_1_216' title='bbox 2396 1467 2558 1523; x_wconf 84' lang='lat' dir='ltr'><strong><em>quem</em></strong></span> <span class='ocrx_word' id='word_1_217' title='bbox 2590 1450 2727 1506; x_wconf 82' lang='lat' dir='ltr'><strong><em>nihil</em></strong></span> <span class='ocrx_word' id='word_1_218' title='bbox 2756 1449 3119 1521; x_wconf 68' lang='lat' dir='ltr'><strong><em>progreditur.</em></strong></span> <span class='ocrx_word' id='word_1_219' title='bbox 3147 1448 3364 1505; x_wconf 80' lang='lat' dir='ltr'><strong><em>Nullum</em></strong></span> <span class='ocrx_word' id='word_1_220' title='bbox 3391 1450 3556 1521; x_wconf 77' lang='lat' dir='ltr'><strong><em>igitur</em></strong></span> <span class='ocrx_word' id='word_1_221' title='bbox 3596 1458 3805 1506; x_wconf 69' lang='lat' dir='ltr'><strong><em>meum</em></strong></span> 
     </span>
    </p>
   </div>
   <div class='ocr_carea' id='block_1_29' title="bbox 2225 1540 3809 1613">
    <p class='ocr_par' dir='ltr' id='par_1_29' title="bbox 2225 1540 3809 1613">
     <span class='ocr_line' id='line_1_29' title="bbox 2225 1540 3809 1613; baseline -0.001 -17"><span class='ocrx_word' id='word_1_222' title='bbox 2225 1542 2437 1613; x_wconf 80' lang='lat' dir='ltr'><strong><em>recipit.</em></strong></span> <span class='ocrx_word' id='word_1_223' title='bbox 2490 1540 2609 1597; x_wconf 81' lang='lat' dir='ltr'><strong><em>Non</em></strong></span> <span class='ocrx_word' id='word_1_224' title='bbox 2659 1541 2803 1597; x_wconf 82' lang='lat' dir='ltr'><strong><em>enim</em></strong></span> <span class='ocrx_word' id='word_1_225' title='bbox 2833 1541 3169 1612; x_wconf 25' lang='lat' dir='ltr'><strong><em>habetesquo</em></strong></span> <span class='ocrx_word' id='word_1_226' title='bbox 3196 1541 3239 1573; x_wconf 82' lang='grc'><strong>⁸⁸</strong></span> <span class='ocrx_word' id='word_1_227' title='bbox 3270 1556 3333 1597; x_wconf 90' lang='lat' dir='ltr'><strong><em>se</em></strong></span> <span class='ocrx_word' id='word_1_228' title='bbox 3377 1550 3631 1609; x_wconf 78' lang='lat' dir='ltr'><strong><em>moveat,</em></strong></span> <span class='ocrx_word' id='word_1_229' title='bbox 3676 1543 3809 1598; x_wconf 75' lang='lat' dir='ltr'><strong><em>dum-</em></strong></span> 
     </span>
    </p>
   </div>
   <div class='ocr_carea' id='block_1_30' title="bbox 2222 1633 3813 1704">
    <p class='ocr_par' dir='ltr' id='par_1_30' title="bbox 2222 1633 3813 1704">
     <span class='ocr_line' id='line_1_30' title="bbox 2222 1633 3813 1704; baseline 0 -16"><span class='ocrx_word' id='word_1_230' title='bbox 2222 1633 2498 1703; x_wconf 88' lang='lat' dir='ltr'><strong><em>plenitudo</em></strong></span> <span class='ocrx_word' id='word_1_231' title='bbox 2521 1675 2547 1702; x_wconf 62' lang='grc' dir='ltr'><em>ν</em></span> <span class='ocrx_word' id='word_1_232' title='bbox 2591 1643 2653 1690; x_wconf 83' lang='lat' dir='ltr'><strong><em>et</em></strong></span> <span class='ocrx_word' id='word_1_233' title='bbox 2689 1634 2839 1691; x_wconf 83' lang='lat' dir='ltr'><strong><em>locus</em></strong></span> <span class='ocrx_word' id='word_1_234' title='bbox 2867 1675 2889 1703; x_wconf 80' lang='lat'><strong><em>,</em></strong></span> <span class='ocrx_word' id='word_1_235' title='bbox 2926 1642 2983 1690; x_wconf 92' lang='lat' dir='ltr'><strong><em>et</em></strong></span> <span class='ocrx_word' id='word_1_236' title='bbox 3025 1633 3321 1704; x_wconf 86' lang='lat' dir='ltr'><strong><em>perfectio,</em></strong></span> <span class='ocrx_word' id='word_1_237' title='bbox 3369 1642 3424 1690; x_wconf 88' lang='lat' dir='ltr'><strong><em>et</em></strong></span> <span class='ocrx_word' id='word_1_238' title='bbox 3474 1633 3637 1689; x_wconf 89' lang='lat' dir='ltr'><strong><em>statio</em></strong></span> <span class='ocrx_word' id='word_1_239' title='bbox 3669 1674 3684 1699; x_wconf 94' lang='lat'><strong><em>,</em></strong></span> <span class='ocrx_word' id='word_1_240' title='bbox 3748 1641 3813 1689; x_wconf 64' lang='lat' dir='ltr'><strong><em>ea</em></strong></span> 
     </span>
    </p>
   </div>
   <div class='ocr_carea' id='block_1_31' title="bbox 2225 1722 3813 1794">
    <p class='ocr_par' dir='ltr' id='par_1_31' title="bbox 2225 1722 3813 1794">
     <span class='ocr_line' id='line_1_31' title="bbox 2225 1722 3813 1794; baseline -0.001 -16"><span class='ocrx_word' id='word_1_241' title='bbox 2225 1726 2399 1779; x_wconf 87' lang='lat' dir='ltr'><strong><em>totum</em></strong></span> <span class='ocrx_word' id='word_1_242' title='bbox 2440 1724 2681 1780; x_wconf 89' lang='lat' dir='ltr'><strong><em>omnium</em></strong></span> <span class='ocrx_word' id='word_1_243' title='bbox 2725 1724 2831 1779; x_wconf 91' lang='lat' dir='ltr'><strong><em>sit:</em></strong></span> <span class='ocrx_word' id='word_1_244' title='bbox 2879 1724 3053 1779; x_wconf 82' lang='lat' dir='ltr'><strong><em>immo</em></strong></span> <span class='ocrx_word' id='word_1_245' title='bbox 3083 1724 3319 1780; x_wconf 64' lang='lat' dir='ltr'><strong><em>etiam“</em></strong></span> <span class='ocrx_word' id='word_1_246' title='bbox 3362 1723 3657 1794; x_wconf 78' lang='lat' dir='ltr'><strong><em>plusquam</em></strong></span> <span class='ocrx_word' id='word_1_247' title='bbox 3689 1722 3813 1792; x_wconf 16' lang='lat' dir='ltr'><strong><em>pte-7</em></strong></span> 
     </span>
    </p>
   </div>
   <div class='ocr_carea' id='block_1_32' title="bbox 2226 1815 3797 1887">
    <p class='ocr_par' dir='ltr' id='par_1_32' title="bbox 2226 1815 3797 1887">
     <span class='ocr_line' id='line_1_32' title="bbox 2226 1815 3797 1887; baseline -0.002 -15"><span class='ocrx_word' id='word_1_248' title='bbox 2226 1816 2413 1872; x_wconf 90' lang='lat' dir='ltr'><strong><em>nitudo</em></strong></span> <span class='ocrx_word' id='word_1_249' title='bbox 2470 1826 2527 1872; x_wconf 89' lang='lat' dir='ltr'><strong><em>et</em></strong></span> <span class='ocrx_word' id='word_1_250' title='bbox 2576 1815 2837 1887; x_wconf 81' lang='lat' dir='ltr'><strong><em>perfectio</em></strong></span> <span class='ocrx_word' id='word_1_251' title='bbox 2865 1856 2887 1883; x_wconf 86' lang='lat'><strong><em>,</em></strong></span> <span class='ocrx_word' id='word_1_252' title='bbox 2936 1817 3229 1887; x_wconf 79' lang='lat' dir='ltr'><strong><em>plusquam</em></strong></span> <span class='ocrx_word' id='word_1_253' title='bbox 3278 1815 3429 1871; x_wconf 86' lang='lat' dir='ltr'><strong><em>locus</em></strong></span> <span class='ocrx_word' id='word_1_254' title='bbox 3484 1823 3551 1871; x_wconf 10' lang='lat' dir='ltr'><strong><em>ets</em></strong></span> <span class='ocrx_word' id='word_1_255' title='bbox 3590 1815 3750 1871; x_wconf 71' lang='lat' dir='ltr'><strong><em>Statio</em></strong></span> <span class='ocrx_word' id='word_1_256' title='bbox 3782 1856 3797 1880; x_wconf 91' lang='lat'><strong><em>,</em></strong></span> 
     </span>
    </p>
   </div>
   <div class='ocr_carea' id='block_1_33' title="bbox 542 1899 3800 1986">
    <p class='ocr_par' dir='ltr' id='par_1_33' title="bbox 542 1899 3800 1986">
     <span class='ocr_line' id='line_1_33' title="bbox 542 1899 3800 1986; baseline -0.006 -18"><span class='ocrx_word' id='word_1_257' title='bbox 542 1913 826 1986; x_wconf 88' lang='lat' dir='ltr'><strong><em>gnitionem</em></strong></span> <span class='ocrx_word' id='word_1_258' title='bbox 861 1923 953 1979; x_wconf 90' lang='lat' dir='ltr'><strong><em>per</em></strong></span> <span class='ocrx_word' id='word_1_259' title='bbox 990 1908 1113 1962; x_wconf 90' lang='lat' dir='ltr'><strong><em>bene</em></strong></span> <span class='ocrx_word' id='word_1_260' title='bbox 1154 1912 1262 1960; x_wconf 79' lang='lat' dir='ltr'><strong><em>esse</em></strong></span> <span class='ocrx_word' id='word_1_261' title='bbox 1309 1914 1469 1959; x_wconf 89' lang='lat' dir='ltr'><strong><em>mota.</em></strong></span> <span class='ocrx_word' id='word_1_262' title='bbox 1517 1899 1671 1955; x_wconf 82' lang='lat' dir='ltr'><strong><em>Finis</em></strong></span> <span class='ocrx_word' id='word_1_263' title='bbox 1715 1900 1852 1954; x_wconf 90' lang='lat' dir='ltr'><strong><em>enim</em></strong></span> <span class='ocrx_word' id='word_1_264' title='bbox 1906 1914 2122 1963; x_wconf 88' lang='lat' dir='ltr'><strong><em>eorum,</em></strong></span> <span class='ocrx_word' id='word_1_265' title='bbox 2155 1903 2211 1963; x_wconf 86' lang='grc' dir='ltr'><strong><em>Β-</em></strong></span> <span class='ocrx_word' id='word_1_266' title='bbox 2226 1907 2513 1980; x_wconf 84' lang='lat' dir='ltr'><strong><em>plusquam</em></strong></span> <span class='ocrx_word' id='word_1_267' title='bbox 2569 1918 2739 1964; x_wconf 73' lang='lat' dir='ltr'><strong><em>totum</em></strong></span> <span class='ocrx_word' id='word_1_268' title='bbox 2783 1908 3035 1963; x_wconf 71' lang='lat' dir='ltr'><strong><em>omnium.</em></strong></span> <span class='ocrx_word' id='word_1_269' title='bbox 3068 1918 3170 1971; x_wconf 56' lang='grc' dir='ltr'><strong><em>,εειρ</em></strong></span> <span class='ocrx_word' id='word_1_270' title='bbox 3228 1907 3357 1963; x_wconf 73' lang='lat' dir='ltr'><strong><em>plus</em></strong></span> <span class='ocrx_word' id='word_1_271' title='bbox 3403 1908 3547 1962; x_wconf 67' lang='lat' dir='ltr'><strong><em>enim</em></strong></span> <span class='ocrx_word' id='word_1_272' title='bbox 3594 1915 3679 1963; x_wconf 63' lang='grc' dir='ltr'><em>αι</em></span> <span class='ocrx_word' id='word_1_273' title='bbox 3731 1907 3800 1973; x_wconf 61' lang='grc' dir='ltr'><em>ιι,</em></span> 
     </span>
    </p>
   </div>
   <div class='ocr_carea' id='block_1_34' title="bbox 539 1994 2115 2077">
    <p class='ocr_par' dir='ltr' id='par_1_34' title="bbox 539 1994 2115 2077">
     <span class='ocr_line' id='line_1_34' title="bbox 539 1994 2115 2077; baseline -0.011 -15"><span class='ocrx_word' id='word_1_274' title='bbox 539 2023 674 2077; x_wconf 88' lang='lat' dir='ltr'><strong><em>quae</em></strong></span> <span class='ocrx_word' id='word_1_275' title='bbox 700 2012 987 2069; x_wconf 85' lang='lat' dir='ltr'><strong><em>moventur,</em></strong></span> <span class='ocrx_word' id='word_1_276' title='bbox 1011 2009 1181 2056; x_wconf 90' lang='lat' dir='ltr'><strong><em>motus</em></strong></span> <span class='ocrx_word' id='word_1_277' title='bbox 1226 2000 1396 2069; x_wconf 85' lang='lat' dir='ltr'><strong><em>ipsum</em></strong></span> <span class='ocrx_word' id='word_1_278' title='bbox 1445 1996 1501 2050; x_wconf 89' lang='lat' dir='ltr'><strong><em>in</em></strong></span> <span class='ocrx_word' id='word_1_279' title='bbox 1526 2012 1605 2060; x_wconf 92' lang='lat' dir='ltr'><strong><em>eo,</em></strong></span> <span class='ocrx_word' id='word_1_280' title='bbox 1634 1994 1771 2065; x_wconf 88' lang='lat' dir='ltr'><strong><em>quod</em></strong></span> <span class='ocrx_word' id='word_1_281' title='bbox 1794 2009 1994 2063; x_wconf 89' lang='lat' dir='ltr'><strong><em>semper</em></strong></span> <span class='ocrx_word' id='word_1_282' title='bbox 2019 2000 2115 2057; x_wconf 85' lang='lat' dir='ltr'><strong><em>est,</em></strong></span> 
     </span>
    </p>
   </div>
   <div class='ocr_carea' id='block_1_35' title="bbox 543 2084 2116 2157">
    <p class='ocr_par' dir='ltr' id='par_1_35' title="bbox 543 2084 2116 2157">
     <span class='ocr_line' id='line_1_35' title="bbox 543 2084 2116 2157; baseline -0.012 -3"><span class='ocrx_word' id='word_1_283' title='bbox 543 2101 667 2153; x_wconf 85' lang='lat' dir='ltr'><strong><em>bene</em></strong></span> <span class='ocrx_word' id='word_1_284' title='bbox 712 2112 821 2152; x_wconf 87' lang='lat' dir='ltr'><strong><em>esse</em></strong></span> <span class='ocrx_word' id='word_1_285' title='bbox 868 2102 967 2149; x_wconf 90' lang='lat' dir='ltr'><strong><em>est.</em></strong></span> <span class='ocrx_word' id='word_1_286' title='bbox 1021 2090 1171 2147; x_wconf 86' lang='lat' dir='ltr'><strong><em>Sicut</em></strong></span> <span class='ocrx_word' id='word_1_287' title='bbox 1209 2098 1257 2145; x_wconf 89' lang='lat' dir='ltr'><strong><em>et</em></strong></span> <span class='ocrx_word' id='word_1_288' title='bbox 1296 2087 1608 2157; x_wconf 85' lang='lat' dir='ltr'><strong><em>principium</em></strong></span> <span class='ocrx_word' id='word_1_289' title='bbox 1649 2093 1723 2139; x_wconf 90' lang='lat' dir='ltr'><strong><em>est</em></strong></span> <span class='ocrx_word' id='word_1_290' title='bbox 1763 2084 1931 2154; x_wconf 90' lang='lat' dir='ltr'><strong><em>ipsum</em></strong></span> <span class='ocrx_word' id='word_1_291' title='bbox 1972 2098 2116 2148; x_wconf 87' lang='lat' dir='ltr'><strong><em>esse,</em></strong></span> 
     </span>
    </p>
   </div>
   <div class='ocr_carea' id='block_1_36' title="bbox 540 2168 2117 2261">
    <p class='ocr_par' dir='ltr' id='par_1_36' title="bbox 540 2168 2117 2261">
     <span class='ocr_line' id='line_1_36' title="bbox 540 2168 2117 2261; baseline -0.013 -14"><span class='ocrx_word' id='word_1_292' title='bbox 540 2190 680 2261; x_wconf 88' lang='lat' dir='ltr'><strong><em>quod</em></strong></span> <span class='ocrx_word' id='word_1_293' title='bbox 715 2186 926 2260; x_wconf 87' lang='lat' dir='ltr'><strong><em>quidem</em></strong></span> <span class='ocrx_word' id='word_1_294' title='bbox 960 2194 1034 2254; x_wconf 80' lang='lat' dir='ltr'><strong><em>est</em></strong></span> <span class='ocrx_word' id='word_1_295' title='bbox 1071 2181 1236 2246; x_wconf 89' lang='lat' dir='ltr'><strong><em>Deus,</em></strong></span> <span class='ocrx_word' id='word_1_296' title='bbox 1276 2179 1366 2250; x_wconf 88' lang='lat' dir='ltr'><strong><em>qui</em></strong></span> <span class='ocrx_word' id='word_1_297' title='bbox 1400 2187 1447 2232; x_wconf 91' lang='lat' dir='ltr'><strong><em>et</em></strong></span> <span class='ocrx_word' id='word_1_298' title='bbox 1479 2192 1588 2232; x_wconf 83' lang='lat' dir='ltr'><strong><em>esse</em></strong></span> <span class='ocrx_word' id='word_1_299' title='bbox 1624 2175 1736 2239; x_wconf 87' lang='lat' dir='ltr'><strong><em>dat,</em></strong></span> <span class='ocrx_word' id='word_1_300' title='bbox 1773 2184 1823 2228; x_wconf 90' lang='lat' dir='ltr'><strong><em>et</em></strong></span> <span class='ocrx_word' id='word_1_301' title='bbox 1857 2168 1981 2228; x_wconf 66' lang='lat' dir='ltr'><strong><em>b‘ene</em></strong></span> <span class='ocrx_word' id='word_1_302' title='bbox 2009 2189 2117 2227; x_wconf 88' lang='lat' dir='ltr'><strong><em>esse</em></strong></span> 
     </span>
    </p>
   </div>
   <div class='ocr_carea' id='block_1_37' title="bbox 541 2266 2119 2351">
    <p class='ocr_par' dir='ltr' id='par_1_37' title="bbox 541 2266 2119 2351">
     <span class='ocr_line' id='line_1_37' title="bbox 541 2266 2119 2351; baseline -0.011 -14"><span class='ocrx_word' id='word_1_303' title='bbox 541 2285 734 2348; x_wconf 86' lang='lat' dir='ltr'><strong><em>donat,</em></strong></span> <span class='ocrx_word' id='word_1_304' title='bbox 767 2278 889 2351; x_wconf 86' lang='lat' dir='ltr'><strong><em>jure</em></strong></span> <span class='ocrx_word' id='word_1_305' title='bbox 915 2273 1226 2347; x_wconf 86' lang='lat' dir='ltr'><strong><em>principium</em></strong></span> <span class='ocrx_word' id='word_1_306' title='bbox 1252 2280 1302 2326; x_wconf 88' lang='lat' dir='ltr'><strong><em>et</em></strong></span> <span class='ocrx_word' id='word_1_307' title='bbox 1327 2271 1469 2340; x_wconf 82' lang='lat' dir='ltr'><strong><em>ﬁnis.</em></strong></span> <span class='ocrx_word' id='word_1_308' title='bbox 1501 2268 1587 2323; x_wconf 81' lang='lat' dir='ltr'><strong><em>Ea:</em></strong></span> <span class='ocrx_word' id='word_1_309' title='bbox 1620 2269 1730 2339; x_wconf 90' lang='lat' dir='ltr'><strong><em>ipso</em></strong></span> <span class='ocrx_word' id='word_1_310' title='bbox 1768 2268 1907 2320; x_wconf 88' lang='lat' dir='ltr'><strong><em>enim</em></strong></span> <span class='ocrx_word' id='word_1_311' title='bbox 1939 2275 1988 2321; x_wconf 90' lang='lat' dir='ltr'><strong><em>et</em></strong></span> <span class='ocrx_word' id='word_1_312' title='bbox 2028 2266 2119 2320; x_wconf 90' lang='lat' dir='ltr'><strong><em>ab-</em></strong></span> 
     </span>
    </p>
   </div>
   <div class='ocr_carea' id='block_1_38' title="bbox 542 2358 2118 2435">
    <p class='ocr_par' dir='ltr' id='par_1_38' title="bbox 542 2358 2118 2435">
     <span class='ocr_line' id='line_1_38' title="bbox 542 2358 2118 2435; baseline -0.015 -1"><span class='ocrx_word' id='word_1_313' title='bbox 542 2376 710 2434; x_wconf 86' lang='lat' dir='ltr'><strong><em>solute</em></strong></span> <span class='ocrx_word' id='word_1_314' title='bbox 757 2371 950 2428; x_wconf 82' lang='lat' dir='ltr'><strong><em>moveri</em></strong></span> <span class='ocrx_word' id='word_1_315' title='bbox 999 2382 1121 2434; x_wconf 88' lang='lat' dir='ltr'><strong><em>nos,</em></strong></span> <span class='ocrx_word' id='word_1_316' title='bbox 1168 2375 1228 2421; x_wconf 85' lang='lat' dir='ltr'><strong><em>ut</em></strong></span> <span class='ocrx_word' id='word_1_317' title='bbox 1257 2384 1288 2419; x_wconf 87' lang='lat' dir='ltr'><strong><em>a</em></strong></span> <span class='ocrx_word' id='word_1_318' title='bbox 1326 2363 1601 2435; x_wconf 89' lang='lat' dir='ltr'><strong><em>principio,</em></strong></span> <span class='ocrx_word' id='word_1_319' title='bbox 1637 2370 1685 2414; x_wconf 87' lang='lat' dir='ltr'><strong><em>et</em></strong></span> <span class='ocrx_word' id='word_1_320' title='bbox 1724 2375 1927 2432; x_wconf 88' lang='lat' dir='ltr'><strong><em>quoquo</em></strong></span> <span class='ocrx_word' id='word_1_321' title='bbox 1965 2358 2118 2413; x_wconf 91' lang='lat' dir='ltr'><strong><em>modo</em></strong></span> 
     </span>
    </p>
   </div>
   <div class='ocr_carea' id='block_1_39' title="bbox 540 2451 2122 2529">
    <p class='ocr_par' dir='ltr' id='par_1_39' title="bbox 540 2451 2122 2529">
     <span class='ocr_line' id='line_1_39' title="bbox 540 2451 2122 2529; baseline -0.015 -4"><span class='ocrx_word' id='word_1_322' title='bbox 540 2468 737 2525; x_wconf 80' lang='lat' dir='ltr'><strong><em>moveri</em></strong></span> <span class='ocrx_word' id='word_1_323' title='bbox 764 2466 832 2521; x_wconf 89' lang='lat' dir='ltr'><strong><em>ad</em></strong></span> <span class='ocrx_word' id='word_1_324' title='bbox 862 2481 946 2529; x_wconf 85' lang='lat' dir='ltr'><strong><em>se,</em></strong></span> <span class='ocrx_word' id='word_1_325' title='bbox 992 2472 1047 2515; x_wconf 91' lang='lat' dir='ltr'><strong><em>ut</em></strong></span> <span class='ocrx_word' id='word_1_326' title='bbox 1088 2459 1156 2513; x_wconf 90' lang='lat' dir='ltr'><strong><em>ad</em></strong></span> <span class='ocrx_word' id='word_1_327' title='bbox 1194 2458 1387 2527; x_wconf 83' lang='lat' dir='ltr'><strong><em>ﬁnem,</em></strong></span> <span class='ocrx_word' id='word_1_328' title='bbox 1428 2465 1523 2510; x_wconf 90' lang='lat' dir='ltr'><strong><em>est.</em></strong></span> <span class='ocrx_word' id='word_1_329' title='bbox 1567 2451 1628 2509; x_wconf 91' lang='lat' dir='ltr'><strong><em>Si</em></strong></span> <span class='ocrx_word' id='word_1_330' title='bbox 1671 2461 1843 2506; x_wconf 87' lang='lat' dir='ltr'><strong><em>autem</em></strong></span> <span class='ocrx_word' id='word_1_331' title='bbox 1890 2458 2122 2505; x_wconf 84' lang='lat' dir='ltr'><strong><em>movetur</em></strong></span> 
     </span>
    </p>
   </div>
   <div class='ocr_carea' id='block_1_40' title="bbox 544 2539 2122 2616">
    <p class='ocr_par' dir='ltr' id='par_1_40' title="bbox 544 2539 2122 2616">
     <span class='ocr_line' id='line_1_40' title="bbox 544 2539 2122 2616; baseline -0.013 -1"><span class='ocrx_word' id='word_1_332' title='bbox 544 2553 1030 2616; x_wconf 87' lang='lat' dir='ltr'><strong><em>conrationabiliter</em></strong></span> <span class='ocrx_word' id='word_1_333' title='bbox 1057 2550 1254 2605; x_wconf 82' lang='lat' dir='ltr'><strong><em>sibimet</em></strong></span> <span class='ocrx_word' id='word_1_334' title='bbox 1284 2542 1689 2602; x_wconf 76' lang='lat' dir='ltr'><strong><em>intellectualiter</em></strong></span> <span class='ocrx_word' id='word_1_335' title='bbox 1720 2542 1741 2573; x_wconf 75' lang='grc'><strong><em>’⁵</em></strong></span> <span class='ocrx_word' id='word_1_336' title='bbox 1796 2539 2122 2596; x_wconf 87' lang='lat' dir='ltr'><strong><em>intellectua-</em></strong></span> 
     </span>
    </p>
   </div>
   <div class='ocr_carea' id='block_1_41' title="bbox 541 2633 2121 2717">
    <p class='ocr_par' dir='ltr' id='par_1_41' title="bbox 541 2633 2121 2717">
     <span class='ocr_line' id='line_1_41' title="bbox 541 2633 2121 2717; baseline -0.013 -12"><span class='ocrx_word' id='word_1_337' title='bbox 541 2651 622 2717; x_wconf 90' lang='lat' dir='ltr'><strong><em>le,</em></strong></span> <span class='ocrx_word' id='word_1_338' title='bbox 654 2646 863 2703; x_wconf 91' lang='lat' dir='ltr'><strong><em>omnino</em></strong></span> <span class='ocrx_word' id='word_1_339' title='bbox 894 2646 1049 2701; x_wconf 85' lang='lat' dir='ltr'><strong><em>etiam</em></strong></span> <span class='ocrx_word' id='word_1_340' title='bbox 1076 2640 1338 2711; x_wconf 79' lang='lat' dir='ltr'><strong><em>intelligit.</em></strong></span> <span class='ocrx_word' id='word_1_341' title='bbox 1382 2636 1439 2693; x_wconf 88' lang='lat' dir='ltr'><strong><em>Si</em></strong></span> <span class='ocrx_word' id='word_1_342' title='bbox 1477 2647 1649 2691; x_wconf 89' lang='lat' dir='ltr'><strong><em>autem</em></strong></span> <span class='ocrx_word' id='word_1_343' title='bbox 1693 2633 1969 2704; x_wconf 84' lang='lat' dir='ltr'><strong><em>intelligit,</em></strong></span> <span class='ocrx_word' id='word_1_344' title='bbox 2012 2649 2121 2686; x_wconf 88' lang='lat' dir='ltr'><strong><em>om-</em></strong></span> 
     </span>
    </p>
   </div>
   <div class='ocr_carea' id='block_1_42' title="bbox 542 2725 2120 2806">
    <p class='ocr_par' dir='ltr' id='par_1_42' title="bbox 542 2725 2120 2806">
     <span class='ocr_line' id='line_1_42' title="bbox 542 2725 2120 2806; baseline -0.013 -10"><span class='ocrx_word' id='word_1_345' title='bbox 542 2742 669 2796; x_wconf 86' lang='lat' dir='ltr'><strong><em>nino</em></strong></span> <span class='ocrx_word' id='word_1_346' title='bbox 696 2746 875 2803; x_wconf 88' lang='lat' dir='ltr'><strong><em>amat,</em></strong></span> <span class='ocrx_word' id='word_1_347' title='bbox 908 2734 1047 2806; x_wconf 86' lang='lat' dir='ltr'><strong><em>quod</em></strong></span> <span class='ocrx_word' id='word_1_348' title='bbox 1074 2732 1335 2802; x_wconf 86' lang='lat' dir='ltr'><strong><em>intelligit.</em></strong></span> <span class='ocrx_word' id='word_1_349' title='bbox 1374 2728 1435 2784; x_wconf 91' lang='lat' dir='ltr'><strong><em>Si</em></strong></span> <span class='ocrx_word' id='word_1_350' title='bbox 1466 2737 1643 2792; x_wconf 91' lang='lat' dir='ltr'><strong><em>amat,</em></strong></span> <span class='ocrx_word' id='word_1_351' title='bbox 1672 2726 1872 2797; x_wconf 79' lang='lat' dir='ltr'><strong><em>patitur</em></strong></span> <span class='ocrx_word' id='word_1_352' title='bbox 1909 2725 2120 2779; x_wconf 90' lang='lat' dir='ltr'><strong><em>omnino</em></strong></span> 
     </span>
    </p>
   </div>
   <div class='ocr_carea' id='block_1_43' title="bbox 543 2817 2120 2901">
    <p class='ocr_par' dir='ltr' id='par_1_43' title="bbox 543 2817 2120 2901">
     <span class='ocr_line' id='line_1_43' title="bbox 543 2817 2120 2901; baseline -0.011 -14"><span class='ocrx_word' id='word_1_353' title='bbox 543 2831 613 2887; x_wconf 89' lang='lat' dir='ltr'><strong><em>ad</em></strong></span> <span class='ocrx_word' id='word_1_354' title='bbox 638 2831 842 2901; x_wconf 86' lang='lat' dir='ltr'><strong><em>ipsum,</em></strong></span> <span class='ocrx_word' id='word_1_355' title='bbox 870 2839 925 2883; x_wconf 90' lang='lat' dir='ltr'><strong><em>ut</em></strong></span> <span class='ocrx_word' id='word_1_356' title='bbox 954 2825 1209 2891; x_wconf 89' lang='lat' dir='ltr'><strong><em>amabile,</em></strong></span> <span class='ocrx_word' id='word_1_357' title='bbox 1252 2839 1536 2877; x_wconf 73' lang='lat' dir='ltr'><strong><em>excessum.</em></strong></span> <span class='ocrx_word' id='word_1_358' title='bbox 1582 2817 1641 2875; x_wconf 89' lang='lat' dir='ltr'><strong><em>Si</em></strong></span> <span class='ocrx_word' id='word_1_359' title='bbox 1683 2829 1857 2873; x_wconf 88' lang='lat' dir='ltr'><strong><em>autem</em></strong></span> <span class='ocrx_word' id='word_1_360' title='bbox 1902 2820 2120 2889; x_wconf 87' lang='lat' dir='ltr'><strong><em>patitur,</em></strong></span> 
     </span>
    </p>
   </div>
   <div class='ocr_carea' id='block_1_44' title="bbox 542 2909 2123 2992">
    <p class='ocr_par' dir='ltr' id='par_1_44' title="bbox 542 2909 2123 2992">
     <span class='ocr_line' id='line_1_44' title="bbox 542 2909 2123 2992; baseline -0.009 -17"><span class='ocrx_word' id='word_1_361' title='bbox 542 2919 775 2992; x_wconf 82' lang='lat' dir='ltr'><strong><em>profecto</em></strong></span> <span class='ocrx_word' id='word_1_362' title='bbox 801 2919 955 2973; x_wconf 88' lang='lat' dir='ltr'><strong><em>etiam</em></strong></span> <span class='ocrx_word' id='word_1_363' title='bbox 997 2917 1226 2986; x_wconf 73' lang='lat' dir='ltr'><strong><em>festinat.</em></strong></span> <span class='ocrx_word' id='word_1_364' title='bbox 1265 2912 1323 2968; x_wconf 90' lang='lat' dir='ltr'><strong><em>Si</em></strong></span> <span class='ocrx_word' id='word_1_365' title='bbox 1364 2913 1610 2983; x_wconf 78' lang='lat' dir='ltr'><strong><em>festinat,</em></strong></span> <span class='ocrx_word' id='word_1_366' title='bbox 1651 2912 1860 2965; x_wconf 87' lang='lat' dir='ltr'><strong><em>omnino</em></strong></span> <span class='ocrx_word' id='word_1_367' title='bbox 1900 2909 2123 2965; x_wconf 84' lang='lat' dir='ltr'><strong><em>intendit</em></strong></span> 
     </span>
    </p>
   </div>
   <div class='ocr_carea' id='block_1_45' title="bbox 543 3002 2120 3065">
    <p class='ocr_par' dir='ltr' id='par_1_45' title="bbox 543 3002 2120 3065">
     <span class='ocr_line' id='line_1_45' title="bbox 543 3002 2120 3065; baseline -0.006 -1"><span class='ocrx_word' id='word_1_368' title='bbox 543 3008 774 3065; x_wconf 80' lang='lat' dir='ltr'><strong><em>ualidum</em></strong></span> <span class='ocrx_word' id='word_1_369' title='bbox 801 3018 1015 3062; x_wconf 88' lang='lat' dir='ltr'><strong><em>motum.</em></strong></span> <span class='ocrx_word' id='word_1_370' title='bbox 1049 3007 1107 3061; x_wconf 84' lang='lat' dir='ltr'><strong><em>Si</em></strong></span> <span class='ocrx_word' id='word_1_371' title='bbox 1151 3016 1322 3060; x_wconf 89' lang='lat' dir='ltr'><strong><em>autem</em></strong></span> <span class='ocrx_word' id='word_1_372' title='bbox 1364 3004 1585 3058; x_wconf 86' lang='lat' dir='ltr'><strong><em>intendit</em></strong></span> <span class='ocrx_word' id='word_1_373' title='bbox 1625 3002 1857 3056; x_wconf 79' lang='lat' dir='ltr'><strong><em>calidum</em></strong></span> <span class='ocrx_word' id='word_1_374' title='bbox 1893 3011 2120 3065; x_wconf 88' lang='lat' dir='ltr'><strong><em>motum,</em></strong></span> 
     </span>
    </p>
   </div>
   <div class='ocr_carea' id='block_1_46' title="bbox 546 3098 2123 3171">
    <p class='ocr_par' dir='ltr' id='par_1_46' title="bbox 546 3098 2123 3171">
     <span class='ocr_line' id='line_1_46' title="bbox 546 3098 2123 3171; baseline -0.006 -15"><span class='ocrx_word' id='word_1_375' title='bbox 546 3117 651 3157; x_wconf 89' lang='lat' dir='ltr'><strong><em>non</em></strong></span> <span class='ocrx_word' id='word_1_376' title='bbox 673 3110 809 3167; x_wconf 90' lang='lat' dir='ltr'><strong><em>stat,</em></strong></span> <span class='ocrx_word' id='word_1_377' title='bbox 835 3114 1102 3171; x_wconf 86' lang='lat' dir='ltr'><strong><em>quousque</em></strong></span> <span class='ocrx_word' id='word_1_378' title='bbox 1129 3098 1221 3165; x_wconf 78' lang='lat' dir='ltr'><strong><em>ﬁat</em></strong></span> <span class='ocrx_word' id='word_1_379' title='bbox 1247 3106 1412 3151; x_wconf 88' lang='lat' dir='ltr'><strong><em>totum</em></strong></span> <span class='ocrx_word' id='word_1_380' title='bbox 1440 3098 1491 3150; x_wconf 91' lang='lat' dir='ltr'><strong><em>in</em></strong></span> <span class='ocrx_word' id='word_1_381' title='bbox 1521 3105 1626 3150; x_wconf 91' lang='lat' dir='ltr'><strong><em>toto</em></strong></span> <span class='ocrx_word' id='word_1_382' title='bbox 1656 3105 1851 3161; x_wconf 89' lang='lat' dir='ltr'><strong><em>amato,</em></strong></span> <span class='ocrx_word' id='word_1_383' title='bbox 1881 3105 1927 3149; x_wconf 86' lang='lat' dir='ltr'><strong><em>et</em></strong></span> <span class='ocrx_word' id='word_1_384' title='bbox 1959 3113 1991 3148; x_wconf 90' lang='lat' dir='ltr'><strong><em>a</em></strong></span> <span class='ocrx_word' id='word_1_385' title='bbox 2019 3103 2123 3148; x_wconf 87' lang='lat' dir='ltr'><strong><em>toto</em></strong></span> 
     </span>
    </p>
   </div>
   <div class='ocr_carea' id='block_1_47' title="bbox 546 3184 2125 3263">
    <p class='ocr_par' dir='ltr' id='par_1_47' title="bbox 546 3184 2125 3263">
     <span class='ocr_line' id='line_1_47' title="bbox 546 3184 2125 3263; baseline -0.007 -15"><span class='ocrx_word' id='word_1_386' title='bbox 546 3191 1030 3263; x_wconf 80' lang='lat' dir='ltr'><strong><em>comprehendatur,</em></strong></span> <span class='ocrx_word' id='word_1_387' title='bbox 1080 3188 1295 3241; x_wconf 87' lang='lat' dir='ltr'><strong><em>libenter</em></strong></span> <span class='ocrx_word' id='word_1_388' title='bbox 1341 3196 1506 3242; x_wconf 88' lang='lat' dir='ltr'><strong><em>totum</em></strong></span> <span class='ocrx_word' id='word_1_389' title='bbox 1554 3186 1838 3239; x_wconf 88' lang='lat' dir='ltr'><strong><em>secundum</em></strong></span> <span class='ocrx_word' id='word_1_390' title='bbox 1885 3184 2125 3239; x_wconf 83' lang='lat' dir='ltr'><strong><em>volunta-</em></strong></span> 
     </span>
    </p>
   </div>
   <div class='ocr_carea' id='block_1_48' title="bbox 2220 2000 3805 2071">
    <p class='ocr_par' dir='ltr' id='par_1_48' title="bbox 2220 2000 3805 2071">
     <span class='ocr_line' id='line_1_48' title="bbox 2220 2000 3805 2071; baseline -0.001 -16"><span class='ocrx_word' id='word_1_391' title='bbox 2220 2000 2568 2071; x_wconf 43' lang='lat' dir='ltr'><strong><em>quamlquod</em></strong></span> <span class='ocrx_word' id='word_1_392' title='bbox 2628 2002 2693 2055; x_wconf 89' lang='lat' dir='ltr'><strong><em>de</em></strong></span> <span class='ocrx_word' id='word_1_393' title='bbox 2747 2014 2809 2055; x_wconf 87' lang='lat' dir='ltr'><strong><em>se</em></strong></span> <span class='ocrx_word' id='word_1_394' title='bbox 2849 2000 3048 2055; x_wconf 85' lang='lat' dir='ltr'><strong><em>dicitur</em></strong></span> <span class='ocrx_word' id='word_1_395' title='bbox 3093 2008 3153 2053; x_wconf 90' lang='lat' dir='ltr'><strong><em>et</em></strong></span> <span class='ocrx_word' id='word_1_396' title='bbox 3200 2000 3553 2070; x_wconf 79' lang='lat' dir='ltr'><strong><em>intelligitur,</em></strong></span> <span class='ocrx_word' id='word_1_397' title='bbox 3606 2000 3805 2070; x_wconf 78' lang='lat' dir='ltr'><strong><em>quovis</em></strong></span> 
     </span>
    </p>
   </div>
   <div class='ocr_carea' id='block_1_49' title="bbox 2218 2087 3799 2159">
    <p class='ocr_par' dir='ltr' id='par_1_49' title="bbox 2218 2087 3799 2159">
     <span class='ocr_line' id='line_1_49' title="bbox 2218 2087 3799 2159; baseline -0.003 -13"><span class='ocrx_word' id='word_1_398' title='bbox 2218 2090 2380 2147; x_wconf 90' lang='lat' dir='ltr'><strong><em>modo</em></strong></span> <span class='ocrx_word' id='word_1_399' title='bbox 2441 2097 2495 2144; x_wconf 89' lang='lat' dir='ltr'><strong><em>et</em></strong></span> <span class='ocrx_word' id='word_1_400' title='bbox 2542 2089 2754 2144; x_wconf 83' lang='lat' dir='ltr'><strong><em>dicatur</em></strong></span> <span class='ocrx_word' id='word_1_401' title='bbox 2809 2089 2935 2158; x_wconf 80' lang='lat' dir='ltr'><strong><em>quid</em></strong></span> <span class='ocrx_word' id='word_1_402' title='bbox 2964 2089 3035 2144; x_wconf 89' lang='lat' dir='ltr'><strong><em>de</em></strong></span> <span class='ocrx_word' id='word_1_403' title='bbox 3060 2103 3126 2145; x_wconf 90' lang='lat' dir='ltr'><strong><em>eo</em></strong></span> <span class='ocrx_word' id='word_1_404' title='bbox 3153 2097 3207 2144; x_wconf 89' lang='lat' dir='ltr'><strong><em>et</em></strong></span> <span class='ocrx_word' id='word_1_405' title='bbox 3255 2087 3601 2159; x_wconf 76' lang='lat' dir='ltr'><strong><em>intelligatur.</em></strong></span> <span class='ocrx_word' id='word_1_406' title='bbox 3653 2087 3799 2143; x_wconf 78' lang='lat' dir='ltr'><strong><em>Btsc&#39;.</em></strong></span> 
     </span>
    </p>
   </div>
   <div class='ocr_carea' id='block_1_50' title="bbox 2220 2177 3802 2248">
    <p class='ocr_par' dir='ltr' id='par_1_50' title="bbox 2220 2177 3802 2248">
     <span class='ocr_line' id='line_1_50' title="bbox 2220 2177 3802 2248; baseline -0.003 -12"><span class='ocrx_word' id='word_1_407' title='bbox 2220 2178 2365 2236; x_wconf 85' lang='lat' dir='ltr'><strong><em>Haec</em></strong></span> <span class='ocrx_word' id='word_1_408' title='bbox 2395 2179 2526 2235; x_wconf 90' lang='lat' dir='ltr'><strong><em>mihi</em></strong></span> <span class='ocrx_word' id='word_1_409' title='bbox 2556 2180 2701 2234; x_wconf 89' lang='lat' dir='ltr'><strong><em>clare</em></strong></span> <span class='ocrx_word' id='word_1_410' title='bbox 2726 2178 3025 2246; x_wconf 84' lang='lat' dir='ltr'><strong><em>lucescunt,</em></strong></span> <span class='ocrx_word' id='word_1_411' title='bbox 3058 2187 3117 2237; x_wconf 90' lang='lat' dir='ltr'><strong><em>ut</em></strong></span> <span class='ocrx_word' id='word_1_412' title='bbox 3145 2179 3355 2248; x_wconf 79' lang='lat' dir='ltr'><strong><em>opinor.</em></strong></span> <span class='ocrx_word' id='word_1_413' title='bbox 3384 2177 3524 2233; x_wconf 67' lang='lat' dir='ltr'><strong><em>Man.</em></strong></span> <span class='ocrx_word' id='word_1_414' title='bbox 3554 2177 3621 2232; x_wconf 89' lang='lat' dir='ltr'><strong><em>Si-</em></strong></span> <span class='ocrx_word' id='word_1_415' title='bbox 3634 2177 3802 2248; x_wconf 82' lang='lat' dir='ltr'><strong><em>igitur</em></strong></span> 
     </span>
    </p>
   </div>
   <div class='ocr_carea' id='block_1_51' title="bbox 2217 2269 3805 2338">
    <p class='ocr_par' dir='ltr' id='par_1_51' title="bbox 2217 2269 3805 2338">
     <span class='ocr_line' id='line_1_51' title="bbox 2217 2269 3805 2338; baseline -0.003 -8"><span class='ocrx_word' id='word_1_416' title='bbox 2217 2288 2429 2331; x_wconf 89' lang='lat' dir='ltr'><strong><em>omnem</em></strong></span> <span class='ocrx_word' id='word_1_417' title='bbox 2460 2283 2662 2328; x_wconf 90' lang='lat' dir='ltr'><strong><em>motum</em></strong></span> <span class='ocrx_word' id='word_1_418' title='bbox 2706 2280 2988 2328; x_wconf 80' lang='lat' dir='ltr'><strong><em>creaturae</em></strong></span> <span class='ocrx_word' id='word_1_419' title='bbox 3028 2272 3339 2338; x_wconf 73' lang='lat' dir='ltr'><strong><em>distribuis,</em></strong></span> <span class='ocrx_word' id='word_1_420' title='bbox 3363 2272 3545 2326; x_wconf 79' lang='lat' dir='ltr'><strong><em>Deum</em></strong></span> <span class='ocrx_word' id='word_1_421' title='bbox 3574 2285 3709 2325; x_wconf 84' lang='lat' dir='ltr'><strong><em>vero</em></strong></span> <span class='ocrx_word' id='word_1_422' title='bbox 3735 2269 3805 2325; x_wconf 90' lang='lat' dir='ltr'><strong><em>li-</em></strong></span> 
     </span>
    </p>
   </div>
   <div class='ocr_carea' id='block_1_52' title="bbox 2217 2363 3808 2430">
    <p class='ocr_par' dir='ltr' id='par_1_52' title="bbox 2217 2363 3808 2430">
     <span class='ocr_line' id='line_1_52' title="bbox 2217 2363 3808 2430; baseline -0.003 -10"><span class='ocrx_word' id='word_1_423' title='bbox 2217 2365 2409 2421; x_wconf 87' lang='lat' dir='ltr'><strong><em>berum</em></strong></span> <span class='ocrx_word' id='word_1_424' title='bbox 2447 2365 2595 2420; x_wconf 90' lang='lat' dir='ltr'><strong><em>omni</em></strong></span> <span class='ocrx_word' id='word_1_425' title='bbox 2635 2374 2783 2418; x_wconf 89' lang='lat' dir='ltr'><strong><em>motu</em></strong></span> <span class='ocrx_word' id='word_1_426' title='bbox 2832 2364 2990 2430; x_wconf 83' lang='lat' dir='ltr'><strong><em>facis,</em></strong></span> <span class='ocrx_word' id='word_1_427' title='bbox 3022 2372 3275 2419; x_wconf 82' lang='lat' dir='ltr'><strong><em>tantaene</em></strong></span> <span class='ocrx_word' id='word_1_428' title='bbox 3317 2363 3593 2419; x_wconf 82' lang='lat' dir='ltr'><strong><em>tarditatis</em></strong></span> <span class='ocrx_word' id='word_1_429' title='bbox 3627 2377 3718 2427; x_wconf 86' lang='lat' dir='ltr'><strong><em>es,-</em></strong></span> <span class='ocrx_word' id='word_1_430' title='bbox 3746 2370 3808 2417; x_wconf 89' lang='lat' dir='ltr'><strong><em>ut</em></strong></span> 
     </span>
    </p>
   </div>
   <div class='ocr_carea' id='block_1_53' title="bbox 2219 2452 3807 2526">
    <p class='ocr_par' dir='ltr' id='par_1_53' title="bbox 2219 2452 3807 2526">
     <span class='ocr_line' id='line_1_53' title="bbox 2219 2452 3807 2526; baseline -0.002 -13"><span class='ocrx_word' id='word_1_431' title='bbox 2219 2457 2290 2522; x_wconf 85' lang='lat' dir='ltr'><strong><em>ei,</em></strong></span> <span class='ocrx_word' id='word_1_432' title='bbox 2323 2472 2353 2511; x_wconf 90' lang='lat' dir='ltr'><strong><em>a</em></strong></span> <span class='ocrx_word' id='word_1_433' title='bbox 2397 2470 2507 2526; x_wconf 89' lang='lat' dir='ltr'><strong><em>quo</em></strong></span> <span class='ocrx_word' id='word_1_434' title='bbox 2545 2469 2763 2511; x_wconf 89' lang='lat' dir='ltr'><strong><em>omnem</em></strong></span> <span class='ocrx_word' id='word_1_435' title='bbox 2810 2465 3020 2511; x_wconf 85' lang='lat' dir='ltr'><strong><em>motum</em></strong></span> <span class='ocrx_word' id='word_1_436' title='bbox 3049 2453 3344 2520; x_wconf 82' lang='lat' dir='ltr'><strong><em>abstrahis,</em></strong></span> <span class='ocrx_word' id='word_1_437' title='bbox 3380 2452 3558 2509; x_wconf 81' lang='lat' dir='ltr'><strong><em>facere</em></strong></span> <span class='ocrx_word' id='word_1_438' title='bbox 3586 2453 3669 2510; x_wconf 87' lang='lat' dir='ltr'><strong><em>vel</em></strong></span> <span class='ocrx_word' id='word_1_439' title='bbox 3695 2452 3807 2524; x_wconf 84' lang='lat' dir='ltr'><strong><em>pati</em></strong></span> 
     </span>
    </p>
   </div>
   <div class='ocr_carea' id='block_1_54' title="bbox 2222 2545 3818 2615">
    <p class='ocr_par' dir='ltr' id='par_1_54' title="bbox 2222 2545 3818 2615">
     <span class='ocr_line' id='line_1_54' title="bbox 2222 2545 3818 2615; baseline -0.003 -11"><span class='ocrx_word' id='word_1_440' title='bbox 2222 2548 2451 2615; x_wconf 84' lang='lat' dir='ltr'><strong><em>tribuas,</em></strong></span> <span class='ocrx_word' id='word_1_441' title='bbox 2484 2563 2607 2603; x_wconf 88' lang='lat' dir='ltr'><strong><em>cum</em></strong></span> <span class='ocrx_word' id='word_1_442' title='bbox 2640 2547 2745 2602; x_wconf 89' lang='lat' dir='ltr'><strong><em>ista</em></strong></span> <span class='ocrx_word' id='word_1_443' title='bbox 2772 2547 2878 2602; x_wconf 90' lang='lat' dir='ltr'><strong><em>duo</em></strong></span> <span class='ocrx_word' id='word_1_444' title='bbox 2910 2545 3279 2602; x_wconf 75' lang='lat' dir='ltr'><strong><em>indubitanter</em></strong></span> <span class='ocrx_word' id='word_1_445' title='bbox 3319 2558 3427 2601; x_wconf 86' lang='lat' dir='ltr'><strong><em>non</em></strong></span> <span class='ocrx_word' id='word_1_446' title='bbox 3469 2545 3572 2600; x_wconf 85' lang='lat' dir='ltr'><strong><em>nisi</em></strong></span> <span class='ocrx_word' id='word_1_447' title='bbox 3614 2545 3668 2601; x_wconf 86' lang='lat' dir='ltr'><strong><em>in</em></strong></span> <span class='ocrx_word' id='word_1_448' title='bbox 3697 2545 3818 2611; x_wconf 86' lang='lat' dir='ltr'><strong><em>his,-</em></strong></span> 
     </span>
    </p>
   </div>
   <div class='ocr_carea' id='block_1_55' title="bbox 2222 2636 3808 2712">
    <p class='ocr_par' dir='ltr' id='par_1_55' title="bbox 2222 2636 3808 2712">
     <span class='ocr_line' id='line_1_55' title="bbox 2222 2636 3808 2712; baseline -0.003 -16"><span class='ocrx_word' id='word_1_449' title='bbox 2222 2641 2422 2712; x_wconf 88' lang='lat' dir='ltr'><strong><em>quibus</em></strong></span> <span class='ocrx_word' id='word_1_450' title='bbox 2442 2648 2622 2695; x_wconf 87' lang='lat' dir='ltr'><strong><em>motus</em></strong></span> <span class='ocrx_word' id='word_1_451' title='bbox 2652 2640 2814 2705; x_wconf 88' lang='lat' dir='ltr'><strong><em>inest,</em></strong></span> <span class='ocrx_word' id='word_1_452' title='bbox 2840 2637 2956 2693; x_wconf 91' lang='lat' dir='ltr'><strong><em>ﬁeri</em></strong></span> <span class='ocrx_word' id='word_1_453' title='bbox 2986 2652 3144 2709; x_wconf 85' lang='lat' dir='ltr'><strong><em>posse</em></strong></span> <span class='ocrx_word' id='word_1_454' title='bbox 3169 2637 3441 2710; x_wconf 84' lang='lat' dir='ltr'><strong><em>prioribus</em></strong></span> <span class='ocrx_word' id='word_1_455' title='bbox 3477 2636 3808 2693; x_wconf 72' lang='lat' dir='ltr'><strong><em>rationabili-</em></strong></span> 
     </span>
    </p>
   </div>
   <div class='ocr_carea' id='block_1_56' title="bbox 2220 2728 3805 2797">
    <p class='ocr_par' dir='ltr' id='par_1_56' title="bbox 2220 2728 3805 2797">
     <span class='ocr_line' id='line_1_56' title="bbox 2220 2728 3805 2797; baseline -0.003 -8"><span class='ocrx_word' id='word_1_456' title='bbox 2220 2732 2323 2789; x_wconf 89' lang='lat' dir='ltr'><strong><em>bus</em></strong></span> <span class='ocrx_word' id='word_1_457' title='bbox 2349 2731 2805 2797; x_wconf 86' lang='lat' dir='ltr'><strong><em>conclusionibus,</em></strong></span> <span class='ocrx_word' id='word_1_458' title='bbox 2831 2739 2891 2785; x_wconf 90' lang='lat' dir='ltr'><strong><em>ut</em></strong></span> <span class='ocrx_word' id='word_1_459' title='bbox 2919 2730 3173 2796; x_wconf 73' lang='lat' dir='ltr'><strong><em>arbitror,</em></strong></span> <span class='ocrx_word' id='word_1_460' title='bbox 3220 2745 3337 2785; x_wconf 84' lang='lat' dir='ltr'><strong><em>non</em></strong></span> <span class='ocrx_word' id='word_1_461' title='bbox 3382 2730 3599 2784; x_wconf 83' lang='lat' dir='ltr'><strong><em>incaute</em></strong></span> <span class='ocrx_word' id='word_1_462' title='bbox 3646 2728 3805 2784; x_wconf 87' lang='lat' dir='ltr'><strong><em>dede-</em></strong></span> 
     </span>
    </p>
   </div>
   <div class='ocr_carea' id='block_1_57' title="bbox 2221 2817 3808 2892">
    <p class='ocr_par' dir='ltr' id='par_1_57' title="bbox 2221 2817 3808 2892">
     <span class='ocr_line' id='line_1_57' title="bbox 2221 2817 3808 2892; baseline -0.003 -14"><span class='ocrx_word' id='word_1_463' title='bbox 2221 2823 2333 2879; x_wconf 87' lang='lat' dir='ltr'><strong><em>ris?</em></strong></span> <span class='ocrx_word' id='word_1_464' title='bbox 2348 2822 2494 2878; x_wconf 76' lang='lat' dir='ltr'><strong><em>Disc.</em></strong></span> <span class='ocrx_word' id='word_1_465' title='bbox 2510 2821 2587 2877; x_wconf 89' lang='lat' dir='ltr'><strong><em>De</em></strong></span> <span class='ocrx_word' id='word_1_466' title='bbox 2606 2821 2715 2892; x_wconf 88' lang='lat' dir='ltr'><strong><em>pati</em></strong></span> <span class='ocrx_word' id='word_1_467' title='bbox 2739 2820 2888 2877; x_wconf 90' lang='lat' dir='ltr'><strong><em>nullo</em></strong></span> <span class='ocrx_word' id='word_1_468' title='bbox 2909 2821 3069 2877; x_wconf 88' lang='lat' dir='ltr'><strong><em>modo</em></strong></span> <span class='ocrx_word' id='word_1_469' title='bbox 3082 2819 3399 2887; x_wconf 71' lang='lat' dir='ltr'><strong><em>dubitarim,</em></strong></span> <span class='ocrx_word' id='word_1_470' title='bbox 3421 2817 3808 2889; x_wconf 87' lang='lat' dir='ltr'><strong><em>impassibilem</em></strong></span> 
     </span>
    </p>
   </div>
   <div class='ocr_carea' id='block_1_58' title="bbox 2222 2906 3803 2982">
    <p class='ocr_par' dir='ltr' id='par_1_58' title="bbox 2222 2906 3803 2982">
     <span class='ocr_line' id='line_1_58' title="bbox 2222 2906 3803 2982; baseline -0.002 -15"><span class='ocrx_word' id='word_1_471' title='bbox 2222 2927 2459 2982; x_wconf 85' lang='lat' dir='ltr'><strong><em>namque</em></strong></span> <span class='ocrx_word' id='word_1_472' title='bbox 2498 2911 2667 2966; x_wconf 91' lang='lat' dir='ltr'><strong><em>Deum</em></strong></span> <span class='ocrx_word' id='word_1_473' title='bbox 2709 2923 2830 2967; x_wconf 85' lang='lat' dir='ltr'><strong><em>esse</em></strong></span> <span class='ocrx_word' id='word_1_474' title='bbox 2863 2910 3083 2966; x_wconf 87' lang='lat' dir='ltr'><strong><em>omnino</em></strong></span> <span class='ocrx_word' id='word_1_475' title='bbox 3126 2916 3179 2964; x_wconf 91' lang='lat' dir='ltr'><strong><em>et</em></strong></span> <span class='ocrx_word' id='word_1_476' title='bbox 3223 2907 3386 2964; x_wconf 89' lang='lat' dir='ltr'><strong><em>credo</em></strong></span> <span class='ocrx_word' id='word_1_477' title='bbox 3434 2915 3489 2964; x_wconf 86' lang='lat' dir='ltr'><strong><em>et</em></strong></span> <span class='ocrx_word' id='word_1_478' title='bbox 3518 2906 3803 2979; x_wconf 77' lang='lat' dir='ltr'><strong><em>intelligo:</em></strong></span> 
     </span>
    </p>
   </div>
   <div class='ocr_carea' id='block_1_59' title="bbox 2220 2998 3806 3074">
    <p class='ocr_par' dir='ltr' id='par_1_59' title="bbox 2220 2998 3806 3074">
     <span class='ocr_line' id='line_1_59' title="bbox 2220 2998 3806 3074; baseline -0.002 -18"><span class='ocrx_word' id='word_1_479' title='bbox 2220 3003 2529 3074; x_wconf 86' lang='lat' dir='ltr'><strong><em>passionem</em></strong></span> <span class='ocrx_word' id='word_1_480' title='bbox 2567 3000 2717 3067; x_wconf 80' lang='lat' dir='ltr'><strong><em>dico,</em></strong></span> <span class='ocrx_word' id='word_1_481' title='bbox 2737 3016 2878 3072; x_wconf 89' lang='lat' dir='ltr'><strong><em>quae</em></strong></span> <span class='ocrx_word' id='word_1_482' title='bbox 2904 3000 3192 3071; x_wconf 90' lang='lat' dir='ltr'><strong><em>opponitur</em></strong></span> <span class='ocrx_word' id='word_1_483' title='bbox 3216 2999 3416 3064; x_wconf 87' lang='lat' dir='ltr'><strong><em>facere,</em></strong></span> <span class='ocrx_word' id='word_1_484' title='bbox 3466 2998 3629 3054; x_wconf 82' lang='lat' dir='ltr'><strong><em>idest</em></strong></span> <span class='ocrx_word' id='word_1_485' title='bbox 3670 2999 3806 3055; x_wconf 89' lang='lat' dir='ltr'><strong><em>ﬁeri.</em></strong></span> 
     </span>
    </p>
   </div>
   <div class='ocr_carea' id='block_1_60' title="bbox 2225 3090 3810 3162">
    <p class='ocr_par' dir='ltr' id='par_1_60' title="bbox 2225 3090 3810 3162">
     <span class='ocr_line' id='line_1_60' title="bbox 2225 3090 3810 3162; baseline -0.002 -13"><span class='ocrx_word' id='word_1_486' title='bbox 2225 3093 2358 3161; x_wconf 83' lang='lat' dir='ltr'><strong><em>Quis</em></strong></span> <span class='ocrx_word' id='word_1_487' title='bbox 2382 3093 2527 3149; x_wconf 88' lang='lat' dir='ltr'><strong><em>enim</em></strong></span> <span class='ocrx_word' id='word_1_488' title='bbox 2567 3092 2766 3147; x_wconf 77' lang='lat' dir='ltr'><strong><em>dixerit</em></strong></span> <span class='ocrx_word' id='word_1_489' title='bbox 2794 3102 2890 3149; x_wconf 89' lang='lat' dir='ltr'><strong><em>aut</em></strong></span> <span class='ocrx_word' id='word_1_490' title='bbox 2918 3091 3232 3157; x_wconf 86' lang='lat' dir='ltr'><strong><em>crediderit,</em></strong></span> <span class='ocrx_word' id='word_1_491' title='bbox 3275 3098 3481 3160; x_wconf 88' lang='lat' dir='ltr'><strong><em>quanto</em></strong></span> <span class='ocrx_word' id='word_1_492' title='bbox 3528 3090 3703 3162; x_wconf 77' lang='lat' dir='ltr'><strong><em>magis</em></strong></span> <span class='ocrx_word' id='word_1_493' title='bbox 3725 3090 3810 3146; x_wconf 82' lang='lat' dir='ltr'><strong><em>in-</em></strong></span> 
     </span>
    </p>
   </div>
   <div class='ocr_carea' id='block_1_61' title="bbox 2228 3182 3813 3261">
    <p class='ocr_par' dir='ltr' id='par_1_61' title="bbox 2228 3182 3813 3261">
     <span class='ocr_line' id='line_1_61' title="bbox 2228 3182 3813 3261; baseline -0.001 -20"><span class='ocrx_word' id='word_1_494' title='bbox 2228 3185 2514 3250; x_wconf 81' lang='lat' dir='ltr'><strong><em>tellexerit,</em></strong></span> <span class='ocrx_word' id='word_1_495' title='bbox 2564 3185 2731 3239; x_wconf 88' lang='lat' dir='ltr'><strong><em>Deum</em></strong></span> <span class='ocrx_word' id='word_1_496' title='bbox 2782 3183 2894 3253; x_wconf 89' lang='lat' dir='ltr'><strong><em>pati</em></strong></span> <span class='ocrx_word' id='word_1_497' title='bbox 2943 3183 3086 3251; x_wconf 87' lang='lat' dir='ltr'><strong><em>ﬁeri,</em></strong></span> <span class='ocrx_word' id='word_1_498' title='bbox 3129 3184 3256 3238; x_wconf 90' lang='lat' dir='ltr'><strong><em>dum</em></strong></span> <span class='ocrx_word' id='word_1_499' title='bbox 3285 3182 3529 3261; x_wconf 71' lang='lat' dir='ltr'><strong><em>Creatoc-</em></strong></span> <span class='ocrx_word' id='word_1_500' title='bbox 3558 3182 3647 3248; x_wconf 86' lang='lat' dir='ltr'><strong><em>sit,</em></strong></span> <span class='ocrx_word' id='word_1_501' title='bbox 3701 3197 3813 3239; x_wconf 89' lang='lat' dir='ltr'><strong><em>non</em></strong></span> 
     </span>
    </p>
   </div>
   <div class='ocr_carea' id='block_1_62' title="bbox 546 3273 3811 3353">
    <p class='ocr_par' dir='ltr' id='par_1_62' title="bbox 546 3273 3811 3353">
     <span class='ocr_line' id='line_1_62' title="bbox 546 3273 3811 3353; baseline -0.003 -14"><span class='ocrx_word' id='word_1_502' title='bbox 546 3294 676 3353; x_wconf 87' lang='lat' dir='ltr'><strong><em>tem,</em></strong></span> <span class='ocrx_word' id='word_1_503' title='bbox 699 3283 985 3338; x_wconf 81' lang='lat' dir='ltr'><strong><em>salutarem</em></strong></span> <span class='ocrx_word' id='word_1_504' title='bbox 1010 3281 1269 3349; x_wconf 85' lang='lat' dir='ltr'><strong><em>accipiens</em></strong></span> <span class='ocrx_word' id='word_1_505' title='bbox 1294 3278 1856 3341; x_wconf 87' lang='lat' dir='ltr'><strong><em>circumscriptionem,</em></strong></span> <span class='ocrx_word' id='word_1_506' title='bbox 1884 3286 1939 3330; x_wconf 89' lang='lat' dir='ltr'><strong><em>ut</em></strong></span> <span class='ocrx_word' id='word_1_507' title='bbox 1961 3286 2125 3331; x_wconf 89' lang='lat' dir='ltr'><strong><em>totum</em></strong></span> <span class='ocrx_word' id='word_1_508' title='bbox 2153 3281 2200 3345; x_wconf 84' lang='lat' dir='ltr'><strong><em>C</em></strong></span> <span class='ocrx_word' id='word_1_509' title='bbox 2229 3275 2513 3332; x_wconf 85' lang='lat' dir='ltr'><strong><em>creatura?</em></strong></span> <span class='ocrx_word' id='word_1_510' title='bbox 2551 3274 2684 3329; x_wconf 90' lang='lat' dir='ltr'><strong><em>Dum</em></strong></span> <span class='ocrx_word' id='word_1_511' title='bbox 2710 3275 2876 3340; x_wconf 87' lang='lat' dir='ltr'><strong><em>enim,</em></strong></span> <span class='ocrx_word' id='word_1_512' title='bbox 2905 3283 2964 3330; x_wconf 88' lang='lat' dir='ltr'><strong><em>ut</em></strong></span> <span class='ocrx_word' id='word_1_513' title='bbox 2988 3274 3307 3345; x_wconf 86' lang='lat' dir='ltr'><strong><em>jamdudum</em></strong></span> <span class='ocrx_word' id='word_1_514' title='bbox 3337 3275 3481 3330; x_wconf 71' lang='lat' dir='ltr'><strong><em>inter</em></strong></span> <span class='ocrx_word' id='word_1_515' title='bbox 3503 3286 3602 3330; x_wconf 87' lang='lat' dir='ltr'><strong><em>nos</em></strong></span> <span class='ocrx_word' id='word_1_516' title='bbox 3623 3273 3811 3330; x_wconf 64' lang='lat' dir='ltr'><strong><em>confe-v</em></strong></span> 
     </span>
    </p>
   </div>
   <div class='ocr_carea' id='block_1_63' title="bbox 547 3368 2125 3444">
    <p class='ocr_par' dir='ltr' id='par_1_63' title="bbox 547 3368 2125 3444">
     <span class='ocr_line' id='line_1_63' title="bbox 547 3368 2125 3444; baseline -0.004 -15"><span class='ocrx_word' id='word_1_517' title='bbox 547 3383 654 3429; x_wconf 88' lang='lat' dir='ltr'><strong><em>toto</em></strong></span> <span class='ocrx_word' id='word_1_518' title='bbox 683 3374 942 3444; x_wconf 75' lang='lat' dir='ltr'><strong><em>afficiatur</em></strong></span> <span class='ocrx_word' id='word_1_519' title='bbox 963 3369 1435 3434; x_wconf 84' lang='lat' dir='ltr'><strong><em>circumscribente,</em></strong></span> <span class='ocrx_word' id='word_1_520' title='bbox 1475 3380 1529 3423; x_wconf 91' lang='lat' dir='ltr'><strong><em>ut</em></strong></span> <span class='ocrx_word' id='word_1_521' title='bbox 1571 3368 1698 3421; x_wconf 84' lang='lat' dir='ltr'><strong><em>nihil</em></strong></span> <span class='ocrx_word' id='word_1_522' title='bbox 1731 3368 1938 3421; x_wconf 88' lang='lat' dir='ltr'><strong><em>omnino</em></strong></span> <span class='ocrx_word' id='word_1_523' title='bbox 1975 3378 2125 3422; x_wconf 88' lang='lat' dir='ltr'><strong><em>restet</em></strong></span> 
     </span>
    </p>
   </div>
   <div class='ocr_carea' id='block_1_64' title="bbox 546 3459 2127 3534">
    <p class='ocr_par' dir='ltr' id='par_1_64' title="bbox 546 3459 2127 3534">
     <span class='ocr_line' id='line_1_64' title="bbox 546 3459 2127 3534; baseline -0.006 -13"><span class='ocrx_word' id='word_1_524' title='bbox 546 3466 673 3521; x_wconf 73' lang='lat' dir='ltr'><strong><em>uelle</em></strong></span> <span class='ocrx_word' id='word_1_525' title='bbox 702 3482 765 3519; x_wconf 74' lang='lat' dir='ltr'><strong><em>ea:</em></strong></span> <span class='ocrx_word' id='word_1_526' title='bbox 794 3465 960 3534; x_wconf 83' lang='lat' dir='ltr'><strong><em>seipso</em></strong></span> <span class='ocrx_word' id='word_1_527' title='bbox 990 3463 1217 3533; x_wconf 87' lang='lat' dir='ltr'><strong><em>seipsum</em></strong></span> <span class='ocrx_word' id='word_1_528' title='bbox 1246 3471 1411 3515; x_wconf 87' lang='lat' dir='ltr'><strong><em>totum</em></strong></span> <span class='ocrx_word' id='word_1_529' title='bbox 1441 3476 1748 3531; x_wconf 86' lang='lat' dir='ltr'><strong><em>cognoscere</em></strong></span> <span class='ocrx_word' id='word_1_530' title='bbox 1778 3459 1996 3513; x_wconf 83' lang='lat' dir='ltr'><strong><em>valendo</em></strong></span> <span class='ocrx_word' id='word_1_531' title='bbox 2027 3460 2127 3513; x_wconf 90' lang='lat' dir='ltr'><strong><em>cir-</em></strong></span> 
     </span>
    </p>
   </div>
   <div class='ocr_carea' id='block_1_65' title="bbox 550 3552 2131 3626">
    <p class='ocr_par' dir='ltr' id='par_1_65' title="bbox 550 3552 2131 3626">
     <span class='ocr_line' id='line_1_65' title="bbox 550 3552 2131 3626; baseline -0.006 -13"><span class='ocrx_word' id='word_1_532' title='bbox 550 3558 921 3626; x_wconf 88' lang='lat' dir='ltr'><strong><em>cumscriptum</em></strong></span> <span class='ocrx_word' id='word_1_533' title='bbox 943 3596 958 3621; x_wconf 96' lang='lat'><strong><em>,</em></strong></span> <span class='ocrx_word' id='word_1_534' title='bbox 984 3554 1073 3609; x_wconf 90' lang='lat' dir='ltr'><strong><em>sed</em></strong></span> <span class='ocrx_word' id='word_1_535' title='bbox 1103 3569 1166 3607; x_wconf 76' lang='lat' dir='ltr'><strong><em>ea:</em></strong></span> <span class='ocrx_word' id='word_1_536' title='bbox 1194 3552 1647 3607; x_wconf 85' lang='lat' dir='ltr'><strong><em>circumscribcnle</em></strong></span> <span class='ocrx_word' id='word_1_537' title='bbox 1673 3592 1687 3617; x_wconf 93' lang='lat'><strong><em>,</em></strong></span> <span class='ocrx_word' id='word_1_538' title='bbox 1734 3552 1866 3606; x_wconf 87' lang='lat' dir='ltr'><strong><em>sicut</em></strong></span> <span class='ocrx_word' id='word_1_539' title='bbox 1909 3568 2001 3604; x_wconf 90' lang='lat' dir='ltr'><strong><em>aer</em></strong></span> <span class='ocrx_word' id='word_1_540' title='bbox 2040 3568 2131 3621; x_wconf 84' lang='lat' dir='ltr'><strong><em>per</em></strong></span> 
     </span>
    </p>
   </div>
   <div class='ocr_carea' id='block_1_66' title="bbox 549 3640 2130 3713">
    <p class='ocr_par' dir='ltr' id='par_1_66' title="bbox 549 3640 2130 3713">
     <span class='ocr_line' id='line_1_66' title="bbox 549 3640 2130 3713; baseline -0.004 -12"><span class='ocrx_word' id='word_1_541' title='bbox 549 3654 716 3701; x_wconf 85' lang='lat' dir='ltr'><strong><em>totum</em></strong></span> <span class='ocrx_word' id='word_1_542' title='bbox 740 3643 1069 3699; x_wconf 89' lang='lat' dir='ltr'><strong><em>illuminatur</em></strong></span> <span class='ocrx_word' id='word_1_543' title='bbox 1095 3642 1290 3697; x_wconf 86' lang='lat' dir='ltr'><strong><em>lumine</em></strong></span> <span class='ocrx_word' id='word_1_544' title='bbox 1313 3683 1327 3708; x_wconf 90' lang='lat'><strong><em>,</em></strong></span> <span class='ocrx_word' id='word_1_545' title='bbox 1359 3653 1403 3697; x_wconf 89' lang='lat' dir='ltr'><strong><em>et</em></strong></span> <span class='ocrx_word' id='word_1_546' title='bbox 1447 3644 1564 3713; x_wconf 89' lang='lat' dir='ltr'><strong><em>igne</em></strong></span> <span class='ocrx_word' id='word_1_547' title='bbox 1605 3640 1800 3710; x_wconf 85' lang='lat' dir='ltr'><strong><em>ferrum</em></strong></span> <span class='ocrx_word' id='word_1_548' title='bbox 1831 3652 1995 3695; x_wconf 88' lang='lat' dir='ltr'><strong><em>totum</em></strong></span> <span class='ocrx_word' id='word_1_549' title='bbox 2023 3651 2130 3695; x_wconf 92' lang='lat' dir='ltr'><strong><em>toto</em></strong></span> 
     </span>
    </p>
   </div>
   <div class='ocr_carea' id='block_1_67' title="bbox 551 3717 2132 3808">
    <p class='ocr_par' dir='ltr' id='par_1_67' title="bbox 551 3717 2132 3808">
     <span class='ocr_line' id='line_1_67' title="bbox 551 3717 2132 3808; baseline -0.004 -15"><span class='ocrx_word' id='word_1_550' title='bbox 551 3736 912 3808; x_wconf 84' lang='lat' dir='ltr'><strong><em>liquefactum.</em></strong></span> <span class='ocrx_word' id='word_1_551' title='bbox 954 3734 1221 3801; x_wconf 80' lang='lat' dir='ltr'><strong><em>Videsne,</em></strong></span> <span class='ocrx_word' id='word_1_552' title='bbox 1263 3734 1530 3804; x_wconf 89' lang='lat' dir='ltr'><strong><em>quomodo</em></strong></span> <span class='ocrx_word' id='word_1_553' title='bbox 1564 3717 2132 3803; x_wconf 80' lang='lat' dir='ltr'><strong><em>praedictus-venera-</em></strong></span> 
     </span>
    </p>
   </div>
   <div class='ocr_carea' id='block_1_68' title="bbox 552 3823 2136 3899">
    <p class='ocr_par' dir='ltr' id='par_1_68' title="bbox 552 3823 2136 3899">
     <span class='ocr_line' id='line_1_68' title="bbox 552 3823 2136 3899; baseline -0.004 -13"><span class='ocrx_word' id='word_1_554' title='bbox 552 3828 680 3886; x_wconf 89' lang='lat' dir='ltr'><strong><em>bilis</em></strong></span> <span class='ocrx_word' id='word_1_555' title='bbox 711 3827 970 3899; x_wconf 77' lang='lat' dir='ltr'><strong><em>magister</em></strong></span> <span class='ocrx_word' id='word_1_556' title='bbox 1002 3841 1225 3881; x_wconf 85' lang='lat' dir='ltr'><strong><em>omnem</em></strong></span> <span class='ocrx_word' id='word_1_557' title='bbox 1247 3834 1449 3881; x_wconf 88' lang='lat' dir='ltr'><strong><em>motum</em></strong></span> <span class='ocrx_word' id='word_1_558' title='bbox 1478 3824 1500 3855; x_wconf 80' lang='grc'><em>⁸</em></span> <span class='ocrx_word' id='word_1_559' title='bbox 1558 3839 1663 3878; x_wconf 90' lang='lat' dir='ltr'><strong><em>non</em></strong></span> <span class='ocrx_word' id='word_1_560' title='bbox 1701 3823 1804 3879; x_wconf 86' lang='lat' dir='ltr'><strong><em>nisi</em></strong></span> <span class='ocrx_word' id='word_1_561' title='bbox 1839 3823 1959 3889; x_wconf 90' lang='lat' dir='ltr'><strong><em>his,</em></strong></span> <span class='ocrx_word' id='word_1_562' title='bbox 1998 3838 2136 3893; x_wconf 88' lang='lat' dir='ltr'><strong><em>quae</em></strong></span> 
     </span>
    </p>
   </div>
   <div class='ocr_carea' id='block_1_69' title="bbox 552 3912 2133 3990">
    <p class='ocr_par' dir='ltr' id='par_1_69' title="bbox 552 3912 2133 3990">
     <span class='ocr_line' id='line_1_69' title="bbox 552 3912 2133 3990; baseline -0.004 -16"><span class='ocrx_word' id='word_1_563' title='bbox 552 3934 586 3974; x_wconf 88' lang='lat' dir='ltr'><strong><em>a</em></strong></span> <span class='ocrx_word' id='word_1_564' title='bbox 624 3915 893 3990; x_wconf 89' lang='lat' dir='ltr'><strong><em>principio</em></strong></span> <span class='ocrx_word' id='word_1_565' title='bbox 937 3916 1231 3983; x_wconf 87' lang='lat' dir='ltr'><strong><em>inchoant,</em></strong></span> <span class='ocrx_word' id='word_1_566' title='bbox 1277 3925 1332 3970; x_wconf 85' lang='lat' dir='ltr'><strong><em>et</em></strong></span> <span class='ocrx_word' id='word_1_567' title='bbox 1372 3930 1469 3985; x_wconf 89' lang='lat' dir='ltr'><strong><em>per</em></strong></span> <span class='ocrx_word' id='word_1_568' title='bbox 1508 3912 1806 3969; x_wconf 85' lang='lat' dir='ltr'><strong><em>naturalem</em></strong></span> <span class='ocrx_word' id='word_1_569' title='bbox 1834 3922 2037 3969; x_wconf 90' lang='lat' dir='ltr'><strong><em>motum</em></strong></span> <span class='ocrx_word' id='word_1_570' title='bbox 2066 3912 2133 3968; x_wconf 88' lang='lat' dir='ltr'><strong><em>ad</em></strong></span> 
     </span>
    </p>
   </div>
   <div class='ocr_carea' id='block_1_70' title="bbox 548 4007 2139 4077">
    <p class='ocr_par' dir='ltr' id='par_1_70' title="bbox 548 4007 2139 4077">
     <span class='ocr_line' id='line_1_70' title="bbox 548 4007 2139 4077; baseline -0.003 -10"><span class='ocrx_word' id='word_1_571' title='bbox 548 4010 716 4069; x_wconf 88' lang='lat' dir='ltr'><strong><em>ﬁnem</em></strong></span> <span class='ocrx_word' id='word_1_572' title='bbox 753 4024 908 4065; x_wconf 89' lang='lat' dir='ltr'><strong><em>suum</em></strong></span> <span class='ocrx_word' id='word_1_573' title='bbox 946 4007 1201 4075; x_wconf 88' lang='lat' dir='ltr'><strong><em>tendunt,</em></strong></span> <span class='ocrx_word' id='word_1_574' title='bbox 1241 4007 1431 4063; x_wconf 87' lang='lat' dir='ltr'><strong><em>edocet</em></strong></span> <span class='ocrx_word' id='word_1_575' title='bbox 1466 4008 1691 4075; x_wconf 84' lang='lat' dir='ltr'><strong><em>inesse,</em></strong></span> <span class='ocrx_word' id='word_1_576' title='bbox 1728 4007 2013 4077; x_wconf 81' lang='lat' dir='ltr'><strong><em>ipsumque</em></strong></span> <span class='ocrx_word' id='word_1_577' title='bbox 2040 4022 2139 4062; x_wconf 87' lang='lat' dir='ltr'><strong><em>na-</em></strong></span> 
     </span>
    </p>
   </div>
   <div class='ocr_carea' id='block_1_71' title="bbox 549 4097 2135 4170">
    <p class='ocr_par' dir='ltr' id='par_1_71' title="bbox 549 4097 2135 4170">
     <span class='ocr_line' id='line_1_71' title="bbox 549 4097 2135 4170; baseline -0.004 -11"><span class='ocrx_word' id='word_1_578' title='bbox 549 4102 781 4159; x_wconf 75' lang='lat' dir='ltr'><strong><em>turalem</em></strong></span> <span class='ocrx_word' id='word_1_579' title='bbox 825 4109 1029 4156; x_wconf 89' lang='lat' dir='ltr'><strong><em>motum</em></strong></span> <span class='ocrx_word' id='word_1_580' title='bbox 1080 4098 1368 4170; x_wconf 88' lang='lat' dir='ltr'><strong><em>tripliciter</em></strong></span> <span class='ocrx_word' id='word_1_581' title='bbox 1417 4098 1641 4155; x_wconf 88' lang='lat' dir='ltr'><strong><em>deﬁniat</em></strong></span> <span class='ocrx_word' id='word_1_582' title='bbox 1685 4098 1805 4153; x_wconf 90' lang='lat' dir='ltr'><strong><em>sic:</em></strong></span> <span class='ocrx_word' id='word_1_583' title='bbox 1841 4097 2012 4152; x_wconf 83' lang='lat' dir='ltr'><strong><em>Motus</em></strong></span> <span class='ocrx_word' id='word_1_584' title='bbox 2061 4106 2135 4152; x_wconf 89' lang='lat' dir='ltr'><strong><em>est</em></strong></span> 
     </span>
    </p>
   </div>
   <div class='ocr_carea' id='block_1_72' title="bbox 550 4189 2133 4259">
    <p class='ocr_par' dir='ltr' id='par_1_72' title="bbox 550 4189 2133 4259">
     <span class='ocr_line' id='line_1_72' title="bbox 550 4189 2133 4259; baseline -0.005 -9"><span class='ocrx_word' id='word_1_585' title='bbox 550 4194 721 4250; x_wconf 72' lang='lat' dir='ltr'><strong><em>uirtus</em></strong></span> <span class='ocrx_word' id='word_1_586' title='bbox 752 4193 1012 4246; x_wconf 88' lang='lat' dir='ltr'><strong><em>naturalis</em></strong></span> <span class='ocrx_word' id='word_1_587' title='bbox 1041 4190 1109 4244; x_wconf 89' lang='lat' dir='ltr'><strong><em>ad</em></strong></span> <span class='ocrx_word' id='word_1_588' title='bbox 1141 4207 1294 4244; x_wconf 87' lang='lat' dir='ltr'><strong><em>suum</em></strong></span> <span class='ocrx_word' id='word_1_589' title='bbox 1320 4190 1475 4258; x_wconf 81' lang='lat' dir='ltr'><strong><em>ﬁnem</em></strong></span> <span class='ocrx_word' id='word_1_590' title='bbox 1509 4190 1763 4259; x_wconf 78' lang='lat' dir='ltr'><strong><em>festinans</em></strong></span> <span class='ocrx_word' id='word_1_591' title='bbox 1809 4189 1829 4219; x_wconf 79' lang='lat'>°</span> <span class='ocrx_word' id='word_1_592' title='bbox 1854 4230 1868 4254; x_wconf 94' lang='lat'><strong><em>,</em></strong></span> <span class='ocrx_word' id='word_1_593' title='bbox 1905 4189 1989 4244; x_wconf 89' lang='lat' dir='ltr'><strong><em>vel</em></strong></span> <span class='ocrx_word' id='word_1_594' title='bbox 2025 4189 2133 4245; x_wconf 88' lang='lat' dir='ltr'><strong><em>sic:</em></strong></span> 
     </span>
    </p>
   </div>
   <div class='ocr_carea' id='block_1_73' title="bbox 554 4280 2137 4356">
    <p class='ocr_par' dir='ltr' id='par_1_73' title="bbox 554 4280 2137 4356">
     <span class='ocr_line' id='line_1_73' title="bbox 554 4280 2137 4356; baseline -0.005 -12"><span class='ocrx_word' id='word_1_595' title='bbox 554 4283 737 4344; x_wconf 68' lang='lat' dir='ltr'><strong><em>Motus</em></strong></span> <span class='ocrx_word' id='word_1_596' title='bbox 769 4294 843 4343; x_wconf 82' lang='lat' dir='ltr'><strong><em>est</em></strong></span> <span class='ocrx_word' id='word_1_597' title='bbox 871 4285 1045 4356; x_wconf 82' lang='lat' dir='ltr'><strong><em>passio</em></strong></span> <span class='ocrx_word' id='word_1_598' title='bbox 1074 4299 1138 4338; x_wconf 72' lang='lat' dir='ltr'><strong><em>ea:</em></strong></span> <span class='ocrx_word' id='word_1_599' title='bbox 1166 4282 1330 4335; x_wconf 89' lang='lat' dir='ltr'><strong><em>altero</em></strong></span> <span class='ocrx_word' id='word_1_600' title='bbox 1358 4283 1567 4336; x_wconf 85' lang='lat' dir='ltr'><strong><em>veniens</em></strong></span> <span class='ocrx_word' id='word_1_601' title='bbox 1597 4282 1666 4335; x_wconf 89' lang='lat' dir='ltr'><strong><em>ad</em></strong></span> <span class='ocrx_word' id='word_1_602' title='bbox 1697 4280 1920 4335; x_wconf 88' lang='lat' dir='ltr'><strong><em>alterum</em></strong></span> <span class='ocrx_word' id='word_1_603' title='bbox 1939 4322 1955 4348; x_wconf 94' lang='lat'><strong><em>,</em></strong></span> <span class='ocrx_word' id='word_1_604' title='bbox 1985 4280 2137 4350; x_wconf 83' lang='lat' dir='ltr'><strong><em>cujus</em></strong></span> 
     </span>
    </p>
   </div>
   <div class='ocr_carea' id='block_1_74' title="bbox 555 4371 2141 4449">
    <p class='ocr_par' dir='ltr' id='par_1_74' title="bbox 555 4371 2141 4449">
     <span class='ocr_line' id='line_1_74' title="bbox 555 4371 2141 4449; baseline -0.006 -14"><span class='ocrx_word' id='word_1_605' title='bbox 555 4380 678 4449; x_wconf 66' lang='lat' dir='ltr'><strong><em>ﬁnis</em></strong></span> <span class='ocrx_word' id='word_1_606' title='bbox 706 4388 780 4434; x_wconf 86' lang='lat' dir='ltr'><strong><em>est</em></strong></span> <span class='ocrx_word' id='word_1_607' title='bbox 816 4374 1207 4449; x_wconf 87' lang='lat' dir='ltr'><strong><em>impassibilitas</em></strong></span> <span class='ocrx_word' id='word_1_608' title='bbox 1231 4412 1250 4441; x_wconf 94' lang='lat'><strong><em>,</em></strong></span> <span class='ocrx_word' id='word_1_609' title='bbox 1288 4381 1379 4429; x_wconf 89' lang='lat' dir='ltr'><strong><em>aut</em></strong></span> <span class='ocrx_word' id='word_1_610' title='bbox 1418 4374 1540 4430; x_wconf 89' lang='lat' dir='ltr'><strong><em>sic:</em></strong></span> <span class='ocrx_word' id='word_1_611' title='bbox 1579 4371 1755 4426; x_wconf 84' lang='lat' dir='ltr'><strong><em>Motus</em></strong></span> <span class='ocrx_word' id='word_1_612' title='bbox 1795 4381 1869 4425; x_wconf 87' lang='lat' dir='ltr'><strong><em>est</em></strong></span> <span class='ocrx_word' id='word_1_613' title='bbox 1906 4373 2141 4441; x_wconf 84' lang='lat' dir='ltr'><strong><em>operatio</em></strong></span> 
     </span>
    </p>
   </div>
   <div class='ocr_carea' id='block_1_75' title="bbox 555 4461 2140 4541">
    <p class='ocr_par' dir='ltr' id='par_1_75' title="bbox 555 4461 2140 4541">
     <span class='ocr_line' id='line_1_75' title="bbox 555 4461 2140 4541; baseline -0.004 -13"><span class='ocrx_word' id='word_1_614' title='bbox 555 4477 761 4539; x_wconf 89' lang='lat' dir='ltr'><strong><em>activa,</em></strong></span> <span class='ocrx_word' id='word_1_615' title='bbox 809 4472 959 4541; x_wconf 86' lang='lat' dir='ltr'><strong><em>cujus</em></strong></span> <span class='ocrx_word' id='word_1_616' title='bbox 1001 4461 1122 4540; x_wconf 74' lang='lat' dir='ltr'><strong><em>ﬁnis</em></strong></span> <span class='ocrx_word' id='word_1_617' title='bbox 1155 4478 1228 4523; x_wconf 86' lang='lat' dir='ltr'><strong><em>est</em></strong></span> <span class='ocrx_word' id='word_1_618' title='bbox 1268 4485 1360 4539; x_wconf 79' lang='lat' dir='ltr'><strong><em>per</em></strong></span> <span class='ocrx_word' id='word_1_619' title='bbox 1392 4467 1619 4537; x_wconf 86' lang='lat' dir='ltr'><strong><em>seipsam</em></strong></span> <span class='ocrx_word' id='word_1_620' title='bbox 1655 4465 1952 4537; x_wconf 77' lang='lat' dir='ltr'><strong><em>perfectio?</em></strong></span> <span class='ocrx_word' id='word_1_621' title='bbox 1986 4464 2140 4531; x_wconf 86' lang='lat' dir='ltr'><strong><em>Quod</em></strong></span> 
     </span>
    </p>
   </div>
   <div class='ocr_carea' id='block_1_76' title="bbox 560 4556 2137 4631">
    <p class='ocr_par' dir='ltr' id='par_1_76' title="bbox 560 4556 2137 4631">
     <span class='ocr_line' id='line_1_76' title="bbox 560 4556 2137 4631; baseline -0.004 -13"><span class='ocrx_word' id='word_1_622' title='bbox 560 4574 739 4620; x_wconf 87' lang='lat' dir='ltr'><strong><em>autem</em></strong></span> <span class='ocrx_word' id='word_1_623' title='bbox 779 4563 951 4631; x_wconf 80' lang='lat' dir='ltr'><strong><em>dixit,</em></strong></span> <span class='ocrx_word' id='word_1_624' title='bbox 990 4570 1160 4616; x_wconf 86' lang='lat' dir='ltr'><strong><em>motus</em></strong></span> <span class='ocrx_word' id='word_1_625' title='bbox 1198 4569 1271 4614; x_wconf 90' lang='lat' dir='ltr'><strong><em>est</em></strong></span> <span class='ocrx_word' id='word_1_626' title='bbox 1310 4562 1484 4630; x_wconf 85' lang='lat' dir='ltr'><strong><em>passio</em></strong></span> <span class='ocrx_word' id='word_1_627' title='bbox 1524 4559 1587 4613; x_wconf 90' lang='lat' dir='ltr'><strong><em>ab</em></strong></span> <span class='ocrx_word' id='word_1_628' title='bbox 1629 4557 1793 4612; x_wconf 87' lang='lat' dir='ltr'><strong><em>altero</em></strong></span> <span class='ocrx_word' id='word_1_629' title='bbox 1828 4556 2029 4613; x_wconf 84' lang='lat' dir='ltr'><strong><em>ueniens</em></strong></span> <span class='ocrx_word' id='word_1_630' title='bbox 2067 4557 2137 4611; x_wconf 88' lang='lat' dir='ltr'><strong><em>ad</em></strong></span> 
     </span>
    </p>
   </div>
   <div class='ocr_carea' id='block_1_77' title="bbox 2233 3366 3808 3440">
    <p class='ocr_par' dir='ltr' id='par_1_77' title="bbox 2233 3366 3808 3440">
     <span class='ocr_line' id='line_1_77' title="bbox 2233 3366 3808 3440; baseline -0.003 -14"><span class='ocrx_word' id='word_1_631' title='bbox 2233 3379 2379 3426; x_wconf 90' lang='lat' dir='ltr'><strong><em>ctum</em></strong></span> <span class='ocrx_word' id='word_1_632' title='bbox 2414 3378 2515 3433; x_wconf 89' lang='lat' dir='ltr'><strong><em>est,</em></strong></span> <span class='ocrx_word' id='word_1_633' title='bbox 2560 3366 2676 3423; x_wconf 68' lang='lat' dir='ltr'><strong><em>ﬁeri</em></strong></span> <span class='ocrx_word' id='word_1_634' title='bbox 2703 3367 2847 3423; x_wconf 87' lang='lat' dir='ltr'><strong><em>Deus</em></strong></span> <span class='ocrx_word' id='word_1_635' title='bbox 2884 3367 3103 3435; x_wconf 90' lang='lat' dir='ltr'><strong><em>dicitur,</em></strong></span> <span class='ocrx_word' id='word_1_636' title='bbox 3142 3368 3370 3440; x_wconf 87' lang='lat' dir='ltr'><strong><em>ﬁgurata</em></strong></span> <span class='ocrx_word' id='word_1_637' title='bbox 3396 3366 3625 3439; x_wconf 84' lang='lat' dir='ltr'><strong><em>quadam</em></strong></span> <span class='ocrx_word' id='word_1_638' title='bbox 3653 3366 3808 3423; x_wconf 86' lang='lat' dir='ltr'><strong><em>locu-</em></strong></span> 
     </span>
    </p>
   </div>
   <div class='ocr_carea' id='block_1_78' title="bbox 2233 3456 3814 3529">
    <p class='ocr_par' dir='ltr' id='par_1_78' title="bbox 2233 3456 3814 3529">
     <span class='ocr_line' id='line_1_78' title="bbox 2233 3456 3814 3529; baseline -0.003 -13"><span class='ocrx_word' id='word_1_639' title='bbox 2233 3461 2378 3516; x_wconf 90' lang='lat' dir='ltr'><strong><em>tione</em></strong></span> <span class='ocrx_word' id='word_1_640' title='bbox 2406 3459 2511 3515; x_wconf 91' lang='lat' dir='ltr'><strong><em>dici</em></strong></span> <span class='ocrx_word' id='word_1_641' title='bbox 2531 3458 2880 3514; x_wconf 86' lang='lat' dir='ltr'><strong><em>manifestum</em></strong></span> <span class='ocrx_word' id='word_1_642' title='bbox 2909 3467 3012 3513; x_wconf 84' lang='lat' dir='ltr'><strong><em>est.</em></strong></span> <span class='ocrx_word' id='word_1_643' title='bbox 3040 3456 3183 3513; x_wconf 83' lang='lat' dir='ltr'><strong><em>Fieri</em></strong></span> <span class='ocrx_word' id='word_1_644' title='bbox 3211 3457 3472 3529; x_wconf 85' lang='lat' dir='ltr'><strong><em>siquidem</em></strong></span> <span class='ocrx_word' id='word_1_645' title='bbox 3492 3457 3814 3513; x_wconf 79' lang='lat' dir='ltr'><strong><em>aestimatur</em></strong></span> 
     </span>
    </p>
   </div>
   <div class='ocr_carea' id='block_1_79' title="bbox 2233 3550 3813 3618">
    <p class='ocr_par' dir='ltr' id='par_1_79' title="bbox 2233 3550 3813 3618">
     <span class='ocr_line' id='line_1_79' title="bbox 2233 3550 3813 3618; baseline -0.003 -9"><span class='ocrx_word' id='word_1_646' title='bbox 2233 3555 2292 3609; x_wconf 87' lang='lat' dir='ltr'><strong><em>in</em></strong></span> <span class='ocrx_word' id='word_1_647' title='bbox 2328 3553 2590 3609; x_wconf 84' lang='lat' dir='ltr'><strong><em>creaturis</em></strong></span> <span class='ocrx_word' id='word_1_648' title='bbox 2619 3552 2729 3607; x_wconf 85' lang='lat' dir='ltr'><strong><em>suis</em></strong></span> <span class='ocrx_word' id='word_1_649' title='bbox 2758 3550 3162 3618; x_wconf 77' lang='lat' dir='ltr'><strong><em>universallter,</em></strong></span> <span class='ocrx_word' id='word_1_650' title='bbox 3193 3552 3402 3608; x_wconf 55' lang='lat' dir='ltr'><strong><em>dumvin</em></strong></span> <span class='ocrx_word' id='word_1_651' title='bbox 3448 3550 3527 3606; x_wconf 82' lang='lat' dir='ltr'><strong><em>eis</em></strong></span> <span class='ocrx_word' id='word_1_652' title='bbox 3567 3566 3674 3605; x_wconf 88' lang='lat' dir='ltr'><strong><em>non</em></strong></span> <span class='ocrx_word' id='word_1_653' title='bbox 3720 3563 3813 3605; x_wconf 87' lang='lat' dir='ltr'><strong><em>so-</em></strong></span> 
     </span>
    </p>
   </div>
   <div class='ocr_carea' id='block_1_80' title="bbox 2235 3642 3814 3714">
    <p class='ocr_par' dir='ltr' id='par_1_80' title="bbox 2235 3642 3814 3714">
     <span class='ocr_line' id='line_1_80' title="bbox 2235 3642 3814 3714; baseline -0.004 -13"><span class='ocrx_word' id='word_1_654' title='bbox 2235 3645 2345 3701; x_wconf 91' lang='lat' dir='ltr'><strong><em>lum</em></strong></span> <span class='ocrx_word' id='word_1_655' title='bbox 2395 3643 2713 3714; x_wconf 85' lang='lat' dir='ltr'><strong><em>intelligitur</em></strong></span> <span class='ocrx_word' id='word_1_656' title='bbox 2756 3656 2898 3709; x_wconf 85' lang='lat' dir='ltr'><strong><em>esse,</em></strong></span> <span class='ocrx_word' id='word_1_657' title='bbox 2945 3642 3062 3697; x_wconf 84' lang='lat' dir='ltr'><strong><em>sine</em></strong></span> <span class='ocrx_word' id='word_1_658' title='bbox 3110 3657 3217 3713; x_wconf 90' lang='lat' dir='ltr'><strong><em>quo</em></strong></span> <span class='ocrx_word' id='word_1_659' title='bbox 3253 3657 3373 3698; x_wconf 88' lang='lat' dir='ltr'><strong><em>esse</em></strong></span> <span class='ocrx_word' id='word_1_660' title='bbox 3416 3656 3524 3697; x_wconf 88' lang='lat' dir='ltr'><strong><em>non</em></strong></span> <span class='ocrx_word' id='word_1_661' title='bbox 3567 3647 3814 3711; x_wconf 86' lang='lat' dir='ltr'><strong><em>possunt,</em></strong></span> 
     </span>
    </p>
   </div>
   <div class='ocr_carea' id='block_1_81' title="bbox 2237 3734 3857 3793">
    <p class='ocr_par' dir='ltr' id='par_1_81' title="bbox 2237 3734 3857 3793">
     <span class='ocr_line' id='line_1_81' title="bbox 2237 3734 3857 3793; baseline -0.004 0"><span class='ocrx_word' id='word_1_662' title='bbox 2237 3737 2331 3793; x_wconf 86' lang='lat' dir='ltr'><strong><em>sed</em></strong></span> <span class='ocrx_word' id='word_1_663' title='bbox 2357 3737 2520 3792; x_wconf 88' lang='lat' dir='ltr'><strong><em>etiam</em></strong></span> <span class='ocrx_word' id='word_1_664' title='bbox 2550 3735 2594 3766; x_wconf 80' lang='grc'><strong><em>¹³</em></strong></span> <span class='ocrx_word' id='word_1_665' title='bbox 2622 3751 2812 3791; x_wconf 90' lang='lat' dir='ltr'><strong><em>eorum</em></strong></span> <span class='ocrx_word' id='word_1_666' title='bbox 2837 3735 3069 3791; x_wconf 80' lang='lat' dir='ltr'><strong><em>essentia</em></strong></span> <span class='ocrx_word' id='word_1_667' title='bbox 3100 3735 3190 3791; x_wconf 87' lang='lat' dir='ltr'><strong><em>sit.</em></strong></span> <span class='ocrx_word' id='word_1_668' title='bbox 3235 3735 3377 3790; x_wconf 79' lang='lat' dir='ltr'><strong><em>Esse</em></strong></span> <span class='ocrx_word' id='word_1_669' title='bbox 3397 3734 3533 3789; x_wconf 82' lang='lat' dir='ltr'><strong><em>enim</em></strong></span> <span class='ocrx_word' id='word_1_670' title='bbox 3582 3735 3811 3788; x_wconf 82' lang='lat' dir='ltr'><strong><em>omaium</em></strong></span> <span class='ocrx_word' id='word_1_671' title='bbox 3854 3772 3857 3777; x_wconf 54' lang='grc' dir='ltr'><strong><em>μ</em></strong></span> 
     </span>
    </p>
   </div>
   <div class='ocr_carea' id='block_1_82' title="bbox 2238 3822 3814 3897">
    <p class='ocr_par' dir='ltr' id='par_1_82' title="bbox 2238 3822 3814 3897">
     <span class='ocr_line' id='line_1_82' title="bbox 2238 3822 3814 3897; baseline -0.005 -13"><span class='ocrx_word' id='word_1_672' title='bbox 2238 3835 2333 3893; x_wconf 86' lang='lat' dir='ltr'><strong><em>est,</em></strong></span> <span class='ocrx_word' id='word_1_673' title='bbox 2361 3842 2624 3897; x_wconf 87' lang='lat' dir='ltr'><strong><em>superesse</em></strong></span> <span class='ocrx_word' id='word_1_674' title='bbox 2644 3823 2903 3880; x_wconf 80' lang='lat' dir='ltr'><strong><em>Dioiuitas</em></strong></span> <span class='ocrx_word' id='word_1_675' title='bbox 2949 3826 3018 3893; x_wconf 74' lang='lat'><strong><em>“,</em></strong></span> <span class='ocrx_word' id='word_1_676' title='bbox 3050 3832 3110 3880; x_wconf 89' lang='lat' dir='ltr'><strong><em>ut</em></strong></span> <span class='ocrx_word' id='word_1_677' title='bbox 3143 3835 3360 3880; x_wconf 89' lang='lat' dir='ltr'><strong><em>sanctus</em></strong></span> <span class='ocrx_word' id='word_1_678' title='bbox 3390 3826 3479 3881; x_wconf 34' lang='lat' dir='ltr'><strong><em>ait:</em></strong></span> <span class='ocrx_word' id='word_1_679' title='bbox 3510 3822 3814 3895; x_wconf 85' lang='lat' dir='ltr'><strong><em>Dionysius.</em></strong></span> 
     </span>
    </p>
   </div>
   <div class='ocr_carea' id='block_1_83' title="bbox 2237 3915 3820 3983">
    <p class='ocr_par' dir='ltr' id='par_1_83' title="bbox 2237 3915 3820 3983">
     <span class='ocr_line' id='line_1_83' title="bbox 2237 3915 3820 3983; baseline -0.003 -10"><span class='ocrx_word' id='word_1_680' title='bbox 2237 3917 2446 3973; x_wconf 88' lang='lat' dir='ltr'><strong><em>Dicitur</em></strong></span> <span class='ocrx_word' id='word_1_681' title='bbox 2470 3917 2634 3973; x_wconf 89' lang='lat' dir='ltr'><strong><em>etiam</em></strong></span> <span class='ocrx_word' id='word_1_682' title='bbox 2659 3916 2703 3949; x_wconf 74' lang='grc'><strong><em>⁸⁵</em></strong></span> <span class='ocrx_word' id='word_1_683' title='bbox 2729 3916 2785 3971; x_wconf 88' lang='lat' dir='ltr'><strong><em>in</em></strong></span> <span class='ocrx_word' id='word_1_684' title='bbox 2811 3916 3094 3971; x_wconf 86' lang='lat' dir='ltr'><strong><em>animabus</em></strong></span> <span class='ocrx_word' id='word_1_685' title='bbox 3113 3915 3355 3970; x_wconf 90' lang='lat' dir='ltr'><strong><em>ﬁdelium</em></strong></span> <span class='ocrx_word' id='word_1_686' title='bbox 3399 3916 3540 3983; x_wconf 87' lang='lat' dir='ltr'><strong><em>ﬁeri,</em></strong></span> <span class='ocrx_word' id='word_1_687' title='bbox 3580 3916 3703 3970; x_wconf 85' lang='lat' dir='ltr'><strong><em>dum</em></strong></span> <span class='ocrx_word' id='word_1_688' title='bbox 3724 3922 3820 3969; x_wconf 84' lang='lat' dir='ltr'><strong><em>aut</em></strong></span> 
     </span>
    </p>
   </div>
   <div class='ocr_carea' id='block_1_84' title="bbox 2236 4009 3825 4081">
    <p class='ocr_par' dir='ltr' id='par_1_84' title="bbox 2236 4009 3825 4081">
     <span class='ocr_line' id='line_1_84' title="bbox 2236 4009 3825 4081; baseline -0.003 -16"><span class='ocrx_word' id='word_1_689' title='bbox 2236 4025 2335 4081; x_wconf 90' lang='lat' dir='ltr'><strong><em>per</em></strong></span> <span class='ocrx_word' id='word_1_690' title='bbox 2383 4009 2542 4065; x_wconf 88' lang='lat' dir='ltr'><strong><em>ﬁdem</em></strong></span> <span class='ocrx_word' id='word_1_691' title='bbox 2583 4018 2637 4065; x_wconf 91' lang='lat' dir='ltr'><strong><em>et</em></strong></span> <span class='ocrx_word' id='word_1_692' title='bbox 2660 4009 2914 4065; x_wconf 90' lang='lat' dir='ltr'><strong><em>virtutem</em></strong></span> <span class='ocrx_word' id='word_1_693' title='bbox 2954 4010 3009 4064; x_wconf 90' lang='lat' dir='ltr'><strong><em>in</em></strong></span> <span class='ocrx_word' id='word_1_694' title='bbox 3062 4009 3141 4065; x_wconf 91' lang='lat' dir='ltr'><strong><em>eis</em></strong></span> <span class='ocrx_word' id='word_1_695' title='bbox 3194 4009 3522 4079; x_wconf 84' lang='lat' dir='ltr'><strong><em>concipitur,</em></strong></span> <span class='ocrx_word' id='word_1_696' title='bbox 3575 4016 3668 4064; x_wconf 85' lang='lat' dir='ltr'><strong><em>aut</em></strong></span> <span class='ocrx_word' id='word_1_697' title='bbox 3725 4022 3825 4078; x_wconf 87' lang='lat' dir='ltr'><strong><em>per</em></strong></span> 
     </span>
    </p>
   </div>
   <div class='ocr_carea' id='block_1_85' title="bbox 2239 4097 3822 4171">
    <p class='ocr_par' dir='ltr' id='par_1_85' title="bbox 2239 4097 3822 4171">
     <span class='ocr_line' id='line_1_85' title="bbox 2239 4097 3822 4171; baseline -0.003 -14"><span class='ocrx_word' id='word_1_698' title='bbox 2239 4101 2401 4157; x_wconf 84' lang='lat' dir='ltr'><strong><em>ﬁdem</em></strong></span> <span class='ocrx_word' id='word_1_699' title='bbox 2423 4100 2657 4171; x_wconf 89' lang='lat' dir='ltr'><strong><em>quodam</em></strong></span> <span class='ocrx_word' id='word_1_700' title='bbox 2682 4101 2843 4156; x_wconf 88' lang='lat' dir='ltr'><strong><em>modo</em></strong></span> <span class='ocrx_word' id='word_1_701' title='bbox 2868 4100 3086 4156; x_wconf 87' lang='lat' dir='ltr'><strong><em>inchoat</em></strong></span> <span class='ocrx_word' id='word_1_702' title='bbox 3112 4099 3360 4171; x_wconf 84' lang='lat' dir='ltr'><strong><em>intelligi.</em></strong></span> <span class='ocrx_word' id='word_1_703' title='bbox 3395 4098 3481 4154; x_wconf 84' lang='lat' dir='ltr'><strong><em>Nil</em></strong></span> <span class='ocrx_word' id='word_1_704' title='bbox 3506 4099 3652 4156; x_wconf 87' lang='lat' dir='ltr'><strong><em>enim</em></strong></span> <span class='ocrx_word' id='word_1_705' title='bbox 3674 4097 3822 4153; x_wconf 88' lang='lat' dir='ltr'><strong><em>aliud</em></strong></span> 
     </span>
    </p>
   </div>
   <div class='ocr_carea' id='block_1_86' title="bbox 2242 4189 3824 4262">
    <p class='ocr_par' dir='ltr' id='par_1_86' title="bbox 2242 4189 3824 4262">
     <span class='ocr_line' id='line_1_86' title="bbox 2242 4189 3824 4262; baseline -0.004 -13"><span class='ocrx_word' id='word_1_706' title='bbox 2242 4202 2325 4249; x_wconf 85' lang='lat' dir='ltr'><strong><em>est</em></strong></span> <span class='ocrx_word' id='word_1_707' title='bbox 2366 4193 2535 4259; x_wconf 72' lang='lat' dir='ltr'><strong><em>ﬁdes,</em></strong></span> <span class='ocrx_word' id='word_1_708' title='bbox 2569 4202 2627 4248; x_wconf 91' lang='lat' dir='ltr'><strong><em>ut</em></strong></span> <span class='ocrx_word' id='word_1_709' title='bbox 2656 4192 2866 4262; x_wconf 89' lang='lat' dir='ltr'><strong><em>opinor,</em></strong></span> <span class='ocrx_word' id='word_1_710' title='bbox 2896 4189 3002 4246; x_wconf 84' lang='lat' dir='ltr'><strong><em>nisi</em></strong></span> <span class='ocrx_word' id='word_1_711' title='bbox 3051 4189 3379 4260; x_wconf 78' lang='lat' dir='ltr'><strong><em>principium</em></strong></span> <span class='ocrx_word' id='word_1_712' title='bbox 3416 4190 3706 4260; x_wconf 77' lang='lat' dir='ltr'><strong><em>quoddam,</em></strong></span> <span class='ocrx_word' id='word_1_713' title='bbox 3754 4202 3824 4242; x_wconf 78' lang='lat' dir='ltr'><strong><em>ex</em></strong></span> 
     </span>
    </p>
   </div>
   <div class='ocr_carea' id='block_1_87' title="bbox 2242 4280 3824 4356">
    <p class='ocr_par' dir='ltr' id='par_1_87' title="bbox 2242 4280 3824 4356">
     <span class='ocr_line' id='line_1_87' title="bbox 2242 4280 3824 4356; baseline -0.004 -16"><span class='ocrx_word' id='word_1_714' title='bbox 2242 4299 2351 4356; x_wconf 89' lang='lat' dir='ltr'><strong><em>quo</em></strong></span> <span class='ocrx_word' id='word_1_715' title='bbox 2383 4284 2623 4356; x_wconf 86' lang='lat' dir='ltr'><strong><em>cognitio</em></strong></span> <span class='ocrx_word' id='word_1_716' title='bbox 2666 4282 2947 4340; x_wconf 84' lang='lat' dir='ltr'><strong><em>Creatoris</em></strong></span> <span class='ocrx_word' id='word_1_717' title='bbox 2988 4282 3045 4338; x_wconf 91' lang='lat' dir='ltr'><strong><em>in</em></strong></span> <span class='ocrx_word' id='word_1_718' title='bbox 3094 4290 3293 4341; x_wconf 87' lang='lat' dir='ltr'><strong><em>natura</em></strong></span> <span class='ocrx_word' id='word_1_719' title='bbox 3352 4281 3658 4338; x_wconf 88' lang='lat' dir='ltr'><strong><em>rationabili</em></strong></span> <span class='ocrx_word' id='word_1_720' title='bbox 3706 4280 3824 4336; x_wconf 89' lang='lat' dir='ltr'><strong><em>ﬁeri</em></strong></span> 
     </span>
    </p>
   </div>
   <div class='ocr_carea' id='block_1_88' title="bbox 2245 4373 3829 4449">
    <p class='ocr_par' dir='ltr' id='par_1_88' title="bbox 2245 4373 3829 4449">
     <span class='ocr_line' id='line_1_88' title="bbox 2245 4373 3829 4449; baseline -0.004 -17"><span class='ocrx_word' id='word_1_721' title='bbox 2245 4377 2456 4449; x_wconf 89' lang='lat' dir='ltr'><strong><em>incipit.</em></strong></span> <span class='ocrx_word' id='word_1_722' title='bbox 2510 4376 2589 4433; x_wconf 91' lang='lat' dir='ltr'><strong><em>De</em></strong></span> <span class='ocrx_word' id='word_1_723' title='bbox 2614 4376 2796 4433; x_wconf 83' lang='lat' dir='ltr'><strong><em>facere</em></strong></span> <span class='ocrx_word' id='word_1_724' title='bbox 2828 4389 2956 4431; x_wconf 90' lang='lat' dir='ltr'><strong><em>vero</em></strong></span> <span class='ocrx_word' id='word_1_725' title='bbox 3000 4373 3044 4406; x_wconf 80' lang='lat'><strong>“</strong></span> <span class='ocrx_word' id='word_1_726' title='bbox 3074 4375 3310 4431; x_wconf 90' lang='lat' dir='ltr'><strong><em>nondum</em></strong></span> <span class='ocrx_word' id='word_1_727' title='bbox 3356 4374 3502 4431; x_wconf 85' lang='lat' dir='ltr'><strong><em>clare</em></strong></span> <span class='ocrx_word' id='word_1_728' title='bbox 3522 4374 3703 4438; x_wconf 84' lang='lat' dir='ltr'><strong><em>video,</em></strong></span> <span class='ocrx_word' id='word_1_729' title='bbox 3746 4380 3829 4426; x_wconf 86' lang='lat' dir='ltr'><strong><em>to-</em></strong></span> 
     </span>
    </p>
   </div>
   <div class='ocr_carea' id='block_1_89' title="bbox 2242 4462 3826 4539">
    <p class='ocr_par' dir='ltr' id='par_1_89' title="bbox 2242 4462 3826 4539">
     <span class='ocr_line' id='line_1_89' title="bbox 2242 4462 3826 4539; baseline -0.006 -14"><span class='ocrx_word' id='word_1_730' title='bbox 2242 4476 2356 4525; x_wconf 84' lang='lat' dir='ltr'><strong><em>tam</em></strong></span> <span class='ocrx_word' id='word_1_731' title='bbox 2442 4484 2649 4525; x_wconf 86' lang='lat' dir='ltr'><strong><em>sacram</em></strong></span> <span class='ocrx_word' id='word_1_732' title='bbox 2721 4467 3056 4539; x_wconf 87' lang='lat' dir='ltr'><strong><em>Scripturam</em></strong></span> <span class='ocrx_word' id='word_1_733' title='bbox 3083 4508 3099 4533; x_wconf 93' lang='lat'><strong><em>,</em></strong></span> <span class='ocrx_word' id='word_1_734' title='bbox 3165 4466 3595 4535; x_wconf 88' lang='lat' dir='ltr'><strong><em>catholicamque</em></strong></span> <span class='ocrx_word' id='word_1_735' title='bbox 3668 4462 3826 4518; x_wconf 86' lang='lat' dir='ltr'><strong><em>ﬁdem</em></strong></span> 
     </span>
    </p>
   </div>
   <div class='ocr_carea' id='block_1_90' title="bbox 2244 4553 3829 4618">
    <p class='ocr_par' dir='ltr' id='par_1_90' title="bbox 2244 4553 3829 4618">
     <span class='ocr_line' id='line_1_90' title="bbox 2244 4553 3829 4618; baseline -0.003 -5"><span class='ocrx_word' id='word_1_736' title='bbox 2244 4558 2505 4617; x_wconf 87' lang='lat' dir='ltr'><strong><em>factorem</em></strong></span> <span class='ocrx_word' id='word_1_737' title='bbox 2536 4561 2778 4618; x_wconf 90' lang='lat' dir='ltr'><strong><em>omnium</em></strong></span> <span class='ocrx_word' id='word_1_738' title='bbox 2806 4559 2975 4614; x_wconf 89' lang='lat' dir='ltr'><strong><em>Deum</em></strong></span> <span class='ocrx_word' id='word_1_739' title='bbox 2998 4558 3155 4615; x_wconf 83' lang='lat' dir='ltr'><strong><em>fateri</em></strong></span> <span class='ocrx_word' id='word_1_740' title='bbox 3179 4559 3421 4615; x_wconf 62' lang='lat' dir='ltr'><strong><em>audiens;</em></strong></span> <span class='ocrx_word' id='word_1_741' title='bbox 3455 4556 3593 4611; x_wconf 74' lang='lat' dir='ltr'><strong><em>Mm.</em></strong></span> <span class='ocrx_word' id='word_1_742' title='bbox 3622 4553 3829 4609; x_wconf 89' lang='lat' dir='ltr'><strong><em>Facere</em></strong></span> 
     </span>
    </p>
   </div>
   <div class='ocr_carea' id='block_1_91' title="bbox 562 4643 3824 4720">
    <p class='ocr_par' dir='ltr' id='par_1_91' title="bbox 562 4643 3824 4720">
     <span class='ocr_line' id='line_1_91' title="bbox 562 4643 3824 4720; baseline -0.004 -11"><span class='ocrx_word' id='word_1_743' title='bbox 562 4654 789 4709; x_wconf 88' lang='lat' dir='ltr'><strong><em>alterum</em></strong></span> <span class='ocrx_word' id='word_1_744' title='bbox 813 4693 827 4719; x_wconf 93' lang='lat'><strong><em>,</em></strong></span> <span class='ocrx_word' id='word_1_745' title='bbox 861 4653 985 4707; x_wconf 89' lang='lat' dir='ltr'><strong><em>dum</em></strong></span> <span class='ocrx_word' id='word_1_746' title='bbox 1025 4651 1089 4706; x_wconf 88' lang='lat' dir='ltr'><strong><em>de</em></strong></span> <span class='ocrx_word' id='word_1_747' title='bbox 1122 4651 1142 4682; x_wconf 85' lang='lat'><strong><em>&quot;</em></strong></span> <span class='ocrx_word' id='word_1_748' title='bbox 1198 4652 1428 4705; x_wconf 88' lang='lat' dir='ltr'><strong><em>naturali</em></strong></span> <span class='ocrx_word' id='word_1_749' title='bbox 1468 4658 1615 4706; x_wconf 92' lang='lat' dir='ltr'><strong><em>motu</em></strong></span> <span class='ocrx_word' id='word_1_750' title='bbox 1657 4648 1993 4720; x_wconf 83' lang='lat' dir='ltr'><strong><em>intelligitur,</em></strong></span> <span class='ocrx_word' id='word_1_751' title='bbox 2029 4664 2138 4704; x_wconf 86' lang='lat' dir='ltr'><strong><em>non</em></strong></span> <span class='ocrx_word' id='word_1_752' title='bbox 2163 4649 2219 4711; x_wconf 82' lang='grc' dir='ltr'><strong><em>Β</em></strong></span> <span class='ocrx_word' id='word_1_753' title='bbox 2244 4650 2361 4706; x_wconf 89' lang='lat' dir='ltr'><strong><em>sine</em></strong></span> <span class='ocrx_word' id='word_1_754' title='bbox 2389 4657 2537 4705; x_wconf 85' lang='lat' dir='ltr'><strong><em>motu</em></strong></span> <span class='ocrx_word' id='word_1_755' title='bbox 2567 4650 2814 4707; x_wconf 79' lang='lat' dir='ltr'><strong><em>facientis</em></strong></span> <span class='ocrx_word' id='word_1_756' title='bbox 2842 4664 2965 4705; x_wconf 84' lang='lat' dir='ltr'><strong><em>esse</em></strong></span> <span class='ocrx_word' id='word_1_757' title='bbox 2993 4665 3100 4705; x_wconf 92' lang='lat' dir='ltr'><strong><em>non</em></strong></span> <span class='ocrx_word' id='word_1_758' title='bbox 3120 4663 3277 4719; x_wconf 88' lang='lat' dir='ltr'><strong><em>posse</em></strong></span> <span class='ocrx_word' id='word_1_759' title='bbox 3296 4647 3411 4718; x_wconf 88' lang='lat' dir='ltr'><strong><em>jam</em></strong></span> <span class='ocrx_word' id='word_1_760' title='bbox 3444 4643 3824 4701; x_wconf 77' lang='lat' dir='ltr'><strong><em>dedisti.Drsc.</em></strong></span> 
     </span>
    </p>
   </div>
   <div class='ocr_carea' id='block_1_92' title="bbox 562 4731 3830 4812">
    <p class='ocr_par' dir='ltr' id='par_1_92' title="bbox 562 4731 3830 4812">
     <span class='ocr_line' id='line_1_92' title="bbox 562 4731 3830 4812; baseline -0.003 -14"><span class='ocrx_word' id='word_1_761' title='bbox 562 4742 642 4798; x_wconf 80' lang='lat' dir='ltr'><strong><em>ita</em></strong></span> <span class='ocrx_word' id='word_1_762' title='bbox 692 4750 775 4798; x_wconf 90' lang='lat' dir='ltr'><strong><em>est</em></strong></span> <span class='ocrx_word' id='word_1_763' title='bbox 820 4738 1224 4810; x_wconf 84' lang='lat' dir='ltr'><strong><em>intelligendum</em></strong></span> <span class='ocrx_word' id='word_1_764' title='bbox 1251 4778 1267 4805; x_wconf 96' lang='lat'><strong><em>,</em></strong></span> <span class='ocrx_word' id='word_1_765' title='bbox 1303 4748 1363 4792; x_wconf 91' lang='lat' dir='ltr'><strong><em>ut</em></strong></span> <span class='ocrx_word' id='word_1_766' title='bbox 1396 4739 1537 4795; x_wconf 86' lang='lat' dir='ltr'><strong><em>aliud</em></strong></span> <span class='ocrx_word' id='word_1_767' title='bbox 1574 4739 1646 4793; x_wconf 89' lang='lat' dir='ltr'><strong><em>sit</em></strong></span> <span class='ocrx_word' id='word_1_768' title='bbox 1687 4739 2044 4811; x_wconf 86' lang='lat' dir='ltr'><strong><em>principium,</em></strong></span> <span class='ocrx_word' id='word_1_769' title='bbox 2074 4753 2143 4795; x_wconf 80' lang='lat' dir='ltr'><strong><em>ex</em></strong></span> <span class='ocrx_word' id='word_1_770' title='bbox 2246 4740 2398 4798; x_wconf 88' lang='lat' dir='ltr'><strong><em>Dedi.</em></strong></span> <span class='ocrx_word' id='word_1_771' title='bbox 2419 4737 3376 4812; x_wconf 48' lang='lat' dir='ltr'><strong><em>MamAutigiturmotuvaeodabis,</em></strong></span> <span class='ocrx_word' id='word_1_772' title='bbox 3392 4736 3509 4792; x_wconf 88' lang='lat' dir='ltr'><strong><em>sine</em></strong></span> <span class='ocrx_word' id='word_1_773' title='bbox 3525 4731 3830 4804; x_wconf 88' lang='lat' dir='ltr'><strong><em>quofacere</em></strong></span> 
     </span>
    </p>
   </div>
   <div class='ocr_carea' id='block_1_93' title="bbox 561 4826 3830 4915">
    <p class='ocr_par' dir='ltr' id='par_1_93' title="bbox 561 4826 3830 4915">
     <span class='ocr_line' id='line_1_93' title="bbox 561 4826 3830 4915; baseline -0.004 -20"><span class='ocrx_word' id='word_1_774' title='bbox 561 4852 672 4915; x_wconf 83' lang='lat' dir='ltr'><strong><em>quo</em></strong></span> <span class='ocrx_word' id='word_1_775' title='bbox 710 4832 979 4907; x_wconf 89' lang='lat' dir='ltr'><strong><em>passibilis</em></strong></span> <span class='ocrx_word' id='word_1_776' title='bbox 1018 4840 1229 4898; x_wconf 88' lang='lat' dir='ltr'><strong><em>motus,</em></strong></span> <span class='ocrx_word' id='word_1_777' title='bbox 1274 4831 1328 4886; x_wconf 90' lang='lat' dir='ltr'><strong><em>id</em></strong></span> <span class='ocrx_word' id='word_1_778' title='bbox 1366 4839 1478 4897; x_wconf 88' lang='lat' dir='ltr'><strong><em>est,</em></strong></span> <span class='ocrx_word' id='word_1_779' title='bbox 1509 4839 1715 4886; x_wconf 90' lang='lat' dir='ltr'><strong><em>motum</em></strong></span> <span class='ocrx_word' id='word_1_780' title='bbox 1749 4848 1905 4886; x_wconf 91' lang='lat' dir='ltr'><strong><em>suum</em></strong></span> <span class='ocrx_word' id='word_1_781' title='bbox 1931 4835 2146 4904; x_wconf 86' lang='lat' dir='ltr'><strong><em>patiens</em></strong></span> <span class='ocrx_word' id='word_1_782' title='bbox 2249 4849 2357 4891; x_wconf 89' lang='lat' dir='ltr'><strong><em>non</em></strong></span> <span class='ocrx_word' id='word_1_783' title='bbox 2380 4832 2732 4906; x_wconf 77' lang='lat' dir='ltr'><strong><em>intelligitur,</em></strong></span> <span class='ocrx_word' id='word_1_784' title='bbox 2761 4842 2857 4890; x_wconf 90' lang='lat' dir='ltr'><strong><em>aut</em></strong></span> <span class='ocrx_word' id='word_1_785' title='bbox 2887 4833 3047 4891; x_wconf 89' lang='lat' dir='ltr'><strong><em>simul</em></strong></span> <span class='ocrx_word' id='word_1_786' title='bbox 3074 4827 3648 4890; x_wconf 66' lang='lat' dir='ltr'><strong><em>amotum-etfacere</em></strong></span> <span class='ocrx_word' id='word_1_787' title='bbox 3672 4826 3830 4882; x_wconf 89' lang='lat' dir='ltr'><strong><em>abeo</em></strong></span> 
     </span>
    </p>
   </div>
   <div class='ocr_carea' id='block_1_94' title="bbox 560 4923 2486 4999">
    <p class='ocr_par' dir='ltr' id='par_1_94' title="bbox 560 4923 2486 4999">
     <span class='ocr_line' id='line_1_94' title="bbox 560 4923 2486 4999; baseline -0.004 -8"><span class='ocrx_word' id='word_1_788' title='bbox 560 4935 801 4999; x_wconf 78' lang='lat' dir='ltr'><strong><em>Inchoat,</em></strong></span> <span class='ocrx_word' id='word_1_789' title='bbox 822 4938 877 4985; x_wconf 89' lang='lat' dir='ltr'><strong><em>et</em></strong></span> <span class='ocrx_word' id='word_1_790' title='bbox 902 4928 1045 4984; x_wconf 89' lang='lat' dir='ltr'><strong><em>aliud</em></strong></span> <span class='ocrx_word' id='word_1_791' title='bbox 1074 4926 1226 4994; x_wconf 88' lang='lat' dir='ltr'><strong><em>ﬁnis,</em></strong></span> <span class='ocrx_word' id='word_1_792' title='bbox 1256 4939 1419 4996; x_wconf 89' lang='lat' dir='ltr'><strong><em>quem</em></strong></span> <span class='ocrx_word' id='word_1_793' title='bbox 1449 4923 1684 4996; x_wconf 87' lang='lat' dir='ltr'><strong><em>appetit,</em></strong></span> <span class='ocrx_word' id='word_1_794' title='bbox 1716 4924 1842 4978; x_wconf 87' lang='lat' dir='ltr'><strong><em>dum</em></strong></span> <span class='ocrx_word' id='word_1_795' title='bbox 1870 4926 2144 4994; x_wconf 87' lang='lat' dir='ltr'><strong><em>omnium,</em></strong></span> <span class='ocrx_word' id='word_1_796' title='bbox 2253 4926 2486 4985; x_wconf 84' lang='lat' dir='ltr'><strong><em>auferes.</em></strong></span> 
     </span>
    </p>
   </div>
   <div class='ocr_carea' id='block_1_95' title="bbox 564 5013 3831 5098">
    <p class='ocr_par' dir='ltr' id='par_1_95' title="bbox 564 5013 3831 5098">
     <span class='ocr_line' id='line_1_95' title="bbox 564 5013 3831 5098; baseline -0.005 -15"><span class='ocrx_word' id='word_1_797' title='bbox 564 5040 705 5098; x_wconf 87' lang='lat' dir='ltr'><strong><em>quae</em></strong></span> <span class='ocrx_word' id='word_1_798' title='bbox 753 5019 1076 5079; x_wconf 87' lang='lat' dir='ltr'><strong><em>naturaliter</em></strong></span> <span class='ocrx_word' id='word_1_799' title='bbox 1124 5027 1406 5074; x_wconf 81' lang='lat' dir='ltr'><strong><em>moventur</em></strong></span> <span class='ocrx_word' id='word_1_800' title='bbox 1434 5017 1485 5084; x_wconf 82' lang='grc'><strong><em>⁸,</em></strong></span> <span class='ocrx_word' id='word_1_801' title='bbox 1543 5013 1865 5086; x_wconf 87' lang='lat' dir='ltr'><strong><em>principium</em></strong></span> <span class='ocrx_word' id='word_1_802' title='bbox 1915 5023 1969 5069; x_wconf 89' lang='lat' dir='ltr'><strong><em>et</em></strong></span> <span class='ocrx_word' id='word_1_803' title='bbox 2019 5014 2144 5072; x_wconf 87' lang='lat' dir='ltr'><strong><em>ﬁnis</em></strong></span> <span class='ocrx_word' id='word_1_804' title='bbox 2327 5017 2416 5074; x_wconf 70' lang='lat'><strong><em>72.</em></strong></span> <span class='ocrx_word' id='word_1_805' title='bbox 2456 5018 2605 5075; x_wconf 85' lang='lat' dir='ltr'><strong><em>Haec</em></strong></span> <span class='ocrx_word' id='word_1_806' title='bbox 2642 5019 2787 5075; x_wconf 87' lang='lat' dir='ltr'><strong><em>enim</em></strong></span> <span class='ocrx_word' id='word_1_807' title='bbox 2830 5019 2934 5076; x_wconf 88' lang='lat' dir='ltr'><strong><em>duo</em></strong></span> <span class='ocrx_word' id='word_1_808' title='bbox 2980 5022 3123 5076; x_wconf 87' lang='lat' dir='ltr'><strong><em>inter</em></strong></span> <span class='ocrx_word' id='word_1_809' title='bbox 3163 5033 3248 5086; x_wconf 88' lang='lat' dir='ltr'><strong><em>ea,</em></strong></span> <span class='ocrx_word' id='word_1_810' title='bbox 3297 5032 3438 5089; x_wconf 88' lang='lat' dir='ltr'><strong><em>quae</em></strong></span> <span class='ocrx_word' id='word_1_811' title='bbox 3479 5013 3640 5098; x_wconf 74' lang='lat' dir='ltr'><strong><em>simul</em></strong></span> <span class='ocrx_word' id='word_1_812' title='bbox 3686 5020 3831 5077; x_wconf 88' lang='lat' dir='ltr'><strong><em>sunt,</em></strong></span> 
     </span>
    </p>
   </div>
   <div class='ocr_carea' id='block_1_96' title="bbox 561 5088 3831 5182">
    <p class='ocr_par' dir='ltr' id='par_1_96' title="bbox 561 5088 3831 5182">
     <span class='ocr_line' id='line_1_96' title="bbox 561 5088 3831 5182; baseline -0.007 -4"><span class='ocrx_word' id='word_1_813' title='bbox 561 5088 732 5179; x_wconf 72' lang='lat' dir='ltr'><strong><em>unum</em></strong></span> <span class='ocrx_word' id='word_1_814' title='bbox 765 5117 874 5182; x_wconf 85' lang='lat' dir='ltr'><strong><em>sit;</em></strong></span> <span class='ocrx_word' id='word_1_815' title='bbox 907 5123 992 5172; x_wconf 90' lang='lat' dir='ltr'><strong><em>est</em></strong></span> <span class='ocrx_word' id='word_1_816' title='bbox 1016 5114 1160 5170; x_wconf 89' lang='lat' dir='ltr'><strong><em>enim</em></strong></span> <span class='ocrx_word' id='word_1_817' title='bbox 1189 5113 1363 5178; x_wconf 89' lang='lat' dir='ltr'><strong><em>Deus,</em></strong></span> <span class='ocrx_word' id='word_1_818' title='bbox 1394 5127 1426 5167; x_wconf 90' lang='lat' dir='ltr'><strong><em>a</em></strong></span> <span class='ocrx_word' id='word_1_819' title='bbox 1452 5124 1593 5182; x_wconf 85' lang='lat' dir='ltr'><strong><em>quo,</em></strong></span> <span class='ocrx_word' id='word_1_820' title='bbox 1625 5117 1679 5166; x_wconf 87' lang='lat' dir='ltr'><strong><em>et</em></strong></span> <span class='ocrx_word' id='word_1_821' title='bbox 1719 5124 1819 5180; x_wconf 38' lang='lat' dir='ltr'><strong><em>per.</em></strong></span> <span class='ocrx_word' id='word_1_822' title='bbox 1858 5124 2020 5180; x_wconf 88' lang='lat' dir='ltr'><strong><em>quem</em></strong></span> <span class='ocrx_word' id='word_1_823' title='bbox 2045 5149 2061 5174; x_wconf 89' lang='lat'><strong><em>,</em></strong></span> <span class='ocrx_word' id='word_1_824' title='bbox 2089 5116 2147 5165; x_wconf 90' lang='lat' dir='ltr'><strong><em>et</em></strong></span> <span class='ocrx_word' id='word_1_825' title='bbox 2253 5119 2669 5182; x_wconf 86' lang='lat' dir='ltr'><strong><em>computantur,</em></strong></span> <span class='ocrx_word' id='word_1_826' title='bbox 2701 5110 2966 5180; x_wconf 84' lang='lat' dir='ltr'><strong><em>simulque</em></strong></span> <span class='ocrx_word' id='word_1_827' title='bbox 2991 5112 3245 5167; x_wconf 85' lang='lat' dir='ltr'><strong><em>oriuntur</em></strong></span> <span class='ocrx_word' id='word_1_828' title='bbox 3269 5088 3329 5165; x_wconf 79' lang='lat' dir='ltr'><strong><em>et</em></strong></span> <span class='ocrx_word' id='word_1_829' title='bbox 3366 5088 3637 5164; x_wconf 61' lang='lat' dir='ltr'><strong><em>occiduntt</em></strong></span> <span class='ocrx_word' id='word_1_830' title='bbox 3686 5103 3831 5157; x_wconf 79' lang='lat' dir='ltr'><strong><em>Disc.</em></strong></span> 
     </span>
    </p>
   </div>
   <div class='ocr_carea' id='block_1_97' title="bbox 564 5191 3837 5285">
    <p class='ocr_par' dir='ltr' id='par_1_97' title="bbox 564 5191 3837 5285">
     <span class='ocr_line' id='line_1_97' title="bbox 564 5191 3837 5285; baseline -0.008 -14"><span class='ocrx_word' id='word_1_831' title='bbox 564 5213 636 5271; x_wconf 77' lang='lat' dir='ltr'><strong><em>ad</em></strong></span> <span class='ocrx_word' id='word_1_832' title='bbox 663 5226 826 5285; x_wconf 89' lang='lat' dir='ltr'><strong><em>quem</em></strong></span> <span class='ocrx_word' id='word_1_833' title='bbox 870 5216 1156 5265; x_wconf 86' lang='lat' dir='ltr'><strong><em>moventur</em></strong></span> <span class='ocrx_word' id='word_1_834' title='bbox 1189 5204 1368 5261; x_wconf 87' lang='lat' dir='ltr'><strong><em>omnia</em></strong></span> <span class='ocrx_word' id='word_1_835' title='bbox 1396 5223 1411 5260; x_wconf 90' lang='lat'><strong>:</strong></span> <span class='ocrx_word' id='word_1_836' title='bbox 1457 5203 1552 5261; x_wconf 87' lang='lat' dir='ltr'><strong><em>sed</em></strong></span> <span class='ocrx_word' id='word_1_837' title='bbox 1592 5203 1717 5274; x_wconf 88' lang='lat' dir='ltr'><strong><em>quia</em></strong></span> <span class='ocrx_word' id='word_1_838' title='bbox 1760 5202 1911 5258; x_wconf 83' lang='lat' dir='ltr'><strong><em>alius.</em></strong></span> <span class='ocrx_word' id='word_1_839' title='bbox 1936 5202 2144 5258; x_wconf 84' lang='lat' dir='ltr'><strong><em>intelle-</em></strong></span> <span class='ocrx_word' id='word_1_840' title='bbox 2252 5199 2454 5262; x_wconf 82' lang='lat' dir='ltr'><strong><em>Motum</em></strong></span> <span class='ocrx_word' id='word_1_841' title='bbox 2481 5203 2593 5258; x_wconf 88' lang='lat' dir='ltr'><strong><em>Deo</em></strong></span> <span class='ocrx_word' id='word_1_842' title='bbox 2619 5202 2749 5258; x_wconf 83' lang='lat' dir='ltr'><strong><em>dare</em></strong></span> <span class='ocrx_word' id='word_1_843' title='bbox 2767 5216 2876 5258; x_wconf 86' lang='lat' dir='ltr'><strong><em>non</em></strong></span> <span class='ocrx_word' id='word_1_844' title='bbox 2910 5217 3154 5272; x_wconf 81' lang='lat' dir='ltr'><strong><em>possum,</em></strong></span> <span class='ocrx_word' id='word_1_845' title='bbox 3184 5201 3278 5272; x_wconf 86' lang='lat' dir='ltr'><strong><em>qui</em></strong></span> <span class='ocrx_word' id='word_1_846' title='bbox 3301 5199 3453 5256; x_wconf 82' lang='lat' dir='ltr'><strong><em>solus</em></strong></span> <span class='ocrx_word' id='word_1_847' title='bbox 3487 5191 3837 5285; x_wconf 82' lang='lat' dir='ltr'><strong><em>immutabilis</em></strong></span> 
     </span>
    </p>
   </div>
   <div class='ocr_carea' id='block_1_98' title="bbox 568 5282 3836 5371">
    <p class='ocr_par' dir='ltr' id='par_1_98' title="bbox 568 5282 3836 5371">
     <span class='ocr_line' id='line_1_98' title="bbox 568 5282 3836 5371; baseline -0.007 -10"><span class='ocrx_word' id='word_1_848' title='bbox 568 5282 700 5363; x_wconf 73' lang='lat' dir='ltr'><strong><em>ctus</em></strong></span> <span class='ocrx_word' id='word_1_849' title='bbox 713 5311 801 5361; x_wconf 82' lang='lat' dir='ltr'><strong><em>est</em></strong></span> <span class='ocrx_word' id='word_1_850' title='bbox 826 5302 852 5338; x_wconf 79' lang='grc'><strong>⁹</strong></span> <span class='ocrx_word' id='word_1_851' title='bbox 878 5297 1159 5371; x_wconf 89' lang='lat' dir='ltr'><strong><em>principii,</em></strong></span> <span class='ocrx_word' id='word_1_852' title='bbox 1194 5305 1249 5355; x_wconf 90' lang='lat' dir='ltr'><strong><em>et</em></strong></span> <span class='ocrx_word' id='word_1_853' title='bbox 1277 5295 1415 5352; x_wconf 87' lang='lat' dir='ltr'><strong><em>alius</em></strong></span> <span class='ocrx_word' id='word_1_854' title='bbox 1444 5293 1750 5351; x_wconf 87' lang='lat' dir='ltr'><strong><em>intellectus</em></strong></span> <span class='ocrx_word' id='word_1_855' title='bbox 1788 5292 1942 5359; x_wconf 87' lang='lat' dir='ltr'><strong><em>ﬁnis,</em></strong></span> <span class='ocrx_word' id='word_1_856' title='bbox 1991 5292 2140 5348; x_wconf 92' lang='lat' dir='ltr'><strong><em>ideo-</em></strong></span> <span class='ocrx_word' id='word_1_857' title='bbox 2253 5300 2358 5359; x_wconf 90' lang='lat' dir='ltr'><strong><em>est,</em></strong></span> <span class='ocrx_word' id='word_1_858' title='bbox 2386 5308 2486 5349; x_wconf 89' lang='lat' dir='ltr'><strong><em>nec</em></strong></span> <span class='ocrx_word' id='word_1_859' title='bbox 2510 5292 2694 5359; x_wconf 88' lang='lat' dir='ltr'><strong><em>habet,</em></strong></span> <span class='ocrx_word' id='word_1_860' title='bbox 2722 5308 2848 5363; x_wconf 85' lang='lat' dir='ltr'><strong><em>quo,</em></strong></span> <span class='ocrx_word' id='word_1_861' title='bbox 2874 5292 2958 5350; x_wconf 87' lang='lat' dir='ltr'><strong><em>vel</em></strong></span> <span class='ocrx_word' id='word_1_862' title='bbox 2994 5292 3061 5348; x_wconf 88' lang='lat' dir='ltr'><strong><em>ad</em></strong></span> <span class='ocrx_word' id='word_1_863' title='bbox 3100 5292 3229 5365; x_wconf 92' lang='lat' dir='ltr'><strong><em>quid</em></strong></span> <span class='ocrx_word' id='word_1_864' title='bbox 3273 5307 3332 5349; x_wconf 90' lang='lat' dir='ltr'><strong><em>se</em></strong></span> <span class='ocrx_word' id='word_1_865' title='bbox 3358 5298 3597 5357; x_wconf 86' lang='lat' dir='ltr'><strong><em>moveat,</em></strong></span> <span class='ocrx_word' id='word_1_866' title='bbox 3634 5301 3752 5344; x_wconf 90' lang='lat' dir='ltr'><strong><em>cum</em></strong></span> <span class='ocrx_word' id='word_1_867' title='bbox 3781 5282 3836 5339; x_wconf 92' lang='lat' dir='ltr'><strong><em>in</em></strong></span> 
     </span>
    </p>
   </div>
   <div class='ocr_carea' id='block_1_99' title="bbox 1834 5444 2527 5505">
    <p class='ocr_par' dir='ltr' id='par_1_99' title="bbox 1834 5444 2527 5505">
     <span class='ocr_line' id='line_1_99' title="bbox 1834 5444 2527 5505; baseline 0 -3"><span class='ocrx_word' id='word_1_868' title='bbox 1834 5445 1919 5502; x_wconf 84' lang='lat' dir='ltr'><strong>VA</strong></span> <span class='ocrx_word' id='word_1_869' title='bbox 1929 5446 2088 5501; x_wconf 83' lang='lat' dir='ltr'><strong><em>RIAE</em></strong></span> <span class='ocrx_word' id='word_1_870' title='bbox 2126 5444 2527 5505; x_wconf 88' lang='lat' dir='ltr'><strong><em>LECTIONES.</em></strong></span> 
     </span>
    </p>
   </div>
   <div class='ocr_carea' id='block_1_100' title="bbox 689 5558 2888 5635">
    <p class='ocr_par' dir='ltr' id='par_1_100' title="bbox 689 5558 2888 5635">
     <span class='ocr_line' id='line_1_100' title="bbox 689 5558 2888 5635; baseline -0.005 -8"><span class='ocrx_word' id='word_1_871' title='bbox 689 5569 797 5627; x_wconf 83' lang='lat' dir='ltr'><strong><em>Sic.</em></strong></span> <span class='ocrx_word' id='word_1_872' title='bbox 828 5566 998 5635; x_wconf 79' lang='lat' dir='ltr'><strong><em>CDE;</em></strong></span> <span class='ocrx_word' id='word_1_873' title='bbox 1042 5571 1083 5623; x_wconf 85' lang='lat' dir='ltr'><strong>A</strong></span> <span class='ocrx_word' id='word_1_874' title='bbox 1112 5563 1508 5622; x_wconf 84' lang='lat' dir='ltr'><strong><em>universaliter.</em></strong></span> <span class='ocrx_word' id='word_1_875' title='bbox 1601 5558 1936 5635; x_wconf 29' lang='lat' dir='ltr'><strong><em>A’__Sic__:’_il_)E</em></strong></span> <span class='ocrx_word' id='word_1_876' title='bbox 1963 5576 1986 5635; x_wconf 65' lang='grc' dir='ltr'><strong><em>;Δ</em></strong></span> <span class='ocrx_word' id='word_1_877' title='bbox 2028 5569 2104 5635; x_wconf 77' lang='lat' dir='ltr'><strong><em>est</em></strong></span> <span class='ocrx_word' id='word_1_878' title='bbox 2138 5576 2266 5635; x_wconf 28' lang='lat' dir='ltr'><strong><em>Aom.</em></strong></span> <span class='ocrx_word' id='word_1_879' title='bbox 2319 5562 2376 5635; x_wconf 69' lang='lat'><strong><em>(1.</em></strong></span> <span class='ocrx_word' id='word_1_880' title='bbox 2492 5561 2512 5592; x_wconf 86' lang='grc'>⁸</span> <span class='ocrx_word' id='word_1_881' title='bbox 2540 5561 2634 5635; x_wconf 80' lang='lat' dir='ltr'><strong><em>Sic</em></strong></span> <span class='ocrx_word' id='word_1_882' title='bbox 2690 5561 2888 5635; x_wconf 79' lang='lat' dir='ltr'><strong><em>ACD_E.</em></strong></span> 
     </span>
    </p>
   </div>
   <div class='ocr_carea' id='block_1_101' title="bbox 575 5623 3842 5709">
    <p class='ocr_par' dir='ltr' id='par_1_101' title="bbox 575 5623 3842 5709">
     <span class='ocr_line' id='line_1_101' title="bbox 575 5623 3842 5709; baseline -0.006 -11"><span class='ocrx_word' id='word_1_883' title='bbox 575 5623 780 5698; x_wconf 51' lang='lat' dir='ltr'><strong><em>biliter:</em></strong></span> <span class='ocrx_word' id='word_1_884' title='bbox 828 5623 1164 5700; x_wconf 28' lang='lat' dir='ltr'><strong><em>&#39;LWSiﬁo&#39;ADE;</em></strong></span> <span class='ocrx_word' id='word_1_885' title='bbox 1195 5636 1319 5709; x_wconf 70' lang='lat' dir='ltr'><strong><em>Qin</em></strong></span> <span class='ocrx_word' id='word_1_886' title='bbox 1342 5646 1531 5709; x_wconf 54' lang='lat' dir='ltr'><strong><em>unum.</em></strong></span> <span class='ocrx_word' id='word_1_887' title='bbox 1598 5631 1618 5663; x_wconf 84' lang='grc'><strong><em>⁸</em></strong></span> <span class='ocrx_word' id='word_1_888' title='bbox 1646 5631 1739 5687; x_wconf 90' lang='lat' dir='ltr'><strong><em>Sic</em></strong></span> <span class='ocrx_word' id='word_1_889' title='bbox 1760 5630 1892 5709; x_wconf 79' lang='lat' dir='ltr'><strong><em>CDE</em></strong></span> <span class='ocrx_word' id='word_1_890' title='bbox 1917 5623 2294 5709; x_wconf 42' lang='grc' dir='ltr'><strong><em>λέληίεειξῃ-αηε</em></strong></span> <span class='ocrx_word' id='word_1_891' title='bbox 2311 5632 2467 5700; x_wconf 84' lang='lat' dir='ltr'><strong><em>ﬁnem</em></strong></span> <span class='ocrx_word' id='word_1_892' title='bbox 2490 5633 2637 5709; x_wconf 31' lang='lat' dir='ltr'><strong><em>;s(est</em></strong></span> <span class='ocrx_word' id='word_1_893' title='bbox 2664 5648 2774 5709; x_wconf 83' lang='lat' dir='ltr'><strong><em>om.</em></strong></span> <span class='ocrx_word' id='word_1_894' title='bbox 2803 5633 2989 5709; x_wconf 75' lang='lat' dir='ltr'><strong><em>D_._)__&#39;</em></strong></span> <span class='ocrx_word' id='word_1_895' title='bbox 3023 5630 3312 5709; x_wconf 67' lang='lat' dir='ltr'><strong><em>§i_c_ADl_3;</em></strong></span> <span class='ocrx_word' id='word_1_896' title='bbox 3338 5623 3404 5683; x_wconf 83' lang='lat' dir='ltr'><strong><em>de</em></strong></span> <span class='ocrx_word' id='word_1_897' title='bbox 3418 5626 3620 5709; x_wconf 55' lang='lat' dir='ltr'><strong><em>oni.</em></strong></span> <span class='ocrx_word' id='word_1_898' title='bbox 3674 5623 3842 5709; x_wconf 46' lang='lat' dir='ltr'><strong><em>fugio</em></strong></span> 
     </span>
    </p>
   </div>
   <div class='ocr_carea' id='block_1_102' title="bbox 574 5692 3839 5779">
    <p class='ocr_par' dir='ltr' id='par_1_102' title="bbox 574 5692 3839 5779">
     <span class='ocr_line' id='line_1_102' title="bbox 574 5692 3839 5779; baseline -0.004 -9"><span class='ocrx_word' id='word_1_899' title='bbox 574 5692 824 5779; x_wconf 62' lang='lat' dir='ltr'><strong><em>cum</em></strong></span> <span class='ocrx_word' id='word_1_900' title='bbox 862 5692 1079 5779; x_wconf 52' lang='lat' dir='ltr'><strong><em>uitiati;</em></strong></span> <span class='ocrx_word' id='word_1_901' title='bbox 1123 5692 1174 5779; x_wconf 52' lang='lat' dir='ltr'><strong><em>fa</em></strong></span> <span class='ocrx_word' id='word_1_902' title='bbox 1209 5705 1300 5761; x_wconf 90' lang='lat' dir='ltr'><strong><em>Sic</em></strong></span> <span class='ocrx_word' id='word_1_903' title='bbox 1332 5704 1502 5779; x_wconf 58' lang='lat' dir='ltr'><strong><em>epis;</em></strong></span> <span class='ocrx_word' id='word_1_904' title='bbox 1547 5712 1756 5779; x_wconf 74' lang='lat' dir='ltr'><strong><em>est._om.</em></strong></span> <span class='ocrx_word' id='word_1_905' title='bbox 1789 5702 1865 5779; x_wconf 84' lang='lat' dir='ltr'><strong><em>A_._</em></strong></span> <span class='ocrx_word' id='word_1_906' title='bbox 1912 5692 1974 5779; x_wconf 57' lang='lat' dir='ltr'><strong><em>3f</em></strong></span> <span class='ocrx_word' id='word_1_907' title='bbox 2008 5692 2236 5779; x_wconf 63' lang='lat' dir='ltr'><strong><em>SigCE;</em></strong></span> <span class='ocrx_word' id='word_1_908' title='bbox 2267 5692 2734 5773; x_wconf 39' lang='lat' dir='ltr'><strong><em>A&#39;quarD‘quod.</em></strong></span> <span class='ocrx_word' id='word_1_909' title='bbox 2774 5692 3000 5779; x_wconf 48' lang='lat' dir='ltr'><strong><em>“‘f&#39;Sic</em></strong></span> <span class='ocrx_word' id='word_1_910' title='bbox 3026 5702 3197 5779; x_wconf 67' lang='lat' dir='ltr'><strong><em>con;</em></strong></span> <span class='ocrx_word' id='word_1_911' title='bbox 3227 5701 3272 5755; x_wconf 76' lang='grc' dir='ltr'>Α</span> <span class='ocrx_word' id='word_1_912' title='bbox 3297 5692 3364 5754; x_wconf 57' lang='grc' dir='ltr'><strong><em>ετ.</em></strong></span> <span class='ocrx_word' id='word_1_913' title='bbox 3474 5697 3513 5728; x_wconf 71' lang='grc' dir='ltr'><em>ι’</em></span> <span class='ocrx_word' id='word_1_914' title='bbox 3543 5692 3839 5779; x_wconf 60' lang='grc' dir='ltr'><strong><em>ξίρᾼριῖς</em></strong></span> 
     </span>
    </p>
   </div>
   <div class='ocr_carea' id='block_1_103' title="bbox 572 5764 3841 5909">
    <p class='ocr_par' dir='ltr' id='par_1_103' title="bbox 572 5764 3841 5909">
     <span class='ocr_line' id='line_1_103' title="bbox 572 5764 3841 5845; baseline -0.009 1"><span class='ocrx_word' id='word_1_915' title='bbox 572 5764 879 5836; x_wconf 31' lang='lat' dir='ltr'><strong><em>(vl—Fidae“</em></strong></span> <span class='ocrx_word' id='word_1_916' title='bbox 903 5778 1041 5831; x_wconf 68' lang='grc' dir='ltr'><em>εηίηι</em></span> <span class='ocrx_word' id='word_1_917' title='bbox 1066 5793 1082 5840; x_wconf 86' lang='grc'><em>;</em></span> <span class='ocrx_word' id='word_1_918' title='bbox 1113 5776 1205 5845; x_wconf 70' lang='lat'><strong><em>(65¢</em></strong></span> <span class='ocrx_word' id='word_1_919' title='bbox 1246 5791 1353 5830; x_wconf 57' lang='lat' dir='ltr'><strong><em>0m.</em></strong></span> <span class='ocrx_word' id='word_1_920' title='bbox 1386 5764 1499 5843; x_wconf 62' lang='grc' dir='ltr'><strong><em>[Μ’</em></strong></span> <span class='ocrx_word' id='word_1_921' title='bbox 1552 5774 1595 5805; x_wconf 72' lang='grc'><strong><em>³³</em></strong></span> <span class='ocrx_word' id='word_1_922' title='bbox 1620 5774 1663 5829; x_wconf 82' lang='grc' dir='ltr'><strong>Α</strong></span> <span class='ocrx_word' id='word_1_923' title='bbox 1690 5784 1737 5828; x_wconf 83' lang='grc' dir='ltr'><strong><em>ει</em></strong></span> <span class='ocrx_word' id='word_1_924' title='bbox 1831 5771 1875 5804; x_wconf 72' lang='grc' dir='ltr'><strong><em>¹δ</em></strong></span> <span class='ocrx_word' id='word_1_925' title='bbox 1910 5771 2000 5826; x_wconf 85' lang='lat' dir='ltr'><strong><em>Sic</em></strong></span> <span class='ocrx_word' id='word_1_926' title='bbox 2025 5770 2146 5838; x_wconf 84' lang='lat' dir='ltr'><strong><em>CE;</em></strong></span> <span class='ocrx_word' id='word_1_927' title='bbox 2173 5764 2231 5831; x_wconf 38' lang='lat' dir='ltr'><strong><em>A&#39;</em></strong></span> <span class='ocrx_word' id='word_1_928' title='bbox 2250 5764 2532 5843; x_wconf 76' lang='lat' dir='ltr'><strong><em>superesse</em></strong></span> <span class='ocrx_word' id='word_1_929' title='bbox 2560 5764 2733 5831; x_wconf 78' lang='lat' dir='ltr'><strong><em>autem</em></strong></span> <span class='ocrx_word' id='word_1_930' title='bbox 2764 5773 3091 5840; x_wconf 81' lang='lat' dir='ltr'><strong><em>Dioinitatts;</em></strong></span> <span class='ocrx_word' id='word_1_931' title='bbox 3124 5764 3385 5841; x_wconf 77' lang='lat' dir='ltr'><strong><em>Dsemper</em></strong></span> <span class='ocrx_word' id='word_1_932' title='bbox 3415 5786 3524 5825; x_wconf 84' lang='lat' dir='ltr'><strong><em>esse</em></strong></span> <span class='ocrx_word' id='word_1_933' title='bbox 3544 5764 3805 5821; x_wconf 82' lang='lat' dir='ltr'><strong><em>Dirinitas</em></strong></span> <span class='ocrx_word' id='word_1_934' title='bbox 3823 5780 3841 5829; x_wconf 87' lang='lat'><strong><em>;</em></strong></span> 
     </span>
     <span class='ocr_line' id='line_1_104' title="bbox 577 5841 2859 5909; baseline -0.013 0"><span class='ocrx_word' id='word_1_935' title='bbox 577 5850 627 5893; x_wconf 82' lang='grc'><strong><em>¹⁸</em></strong></span> <span class='ocrx_word' id='word_1_936' title='bbox 651 5851 695 5909; x_wconf 92' lang='lat' dir='ltr'><strong><em>D</em></strong></span> <span class='ocrx_word' id='word_1_937' title='bbox 722 5850 890 5909; x_wconf 83' lang='lat' dir='ltr'><strong><em>enim;</em></strong></span> <span class='ocrx_word' id='word_1_938' title='bbox 930 5845 968 5901; x_wconf 85' lang='lat' dir='ltr'><strong><em>C</em></strong></span> <span class='ocrx_word' id='word_1_939' title='bbox 1001 5847 1155 5899; x_wconf 76' lang='lat' dir='ltr'><strong><em>etiam</em></strong></span> <span class='ocrx_word' id='word_1_940' title='bbox 1195 5856 1261 5899; x_wconf 88' lang='lat' dir='ltr'><strong><em>et.</em></strong></span> <span class='ocrx_word' id='word_1_941' title='bbox 1344 5843 1385 5875; x_wconf 82' lang='lat'>&quot;</span> <span class='ocrx_word' id='word_1_942' title='bbox 1415 5843 1455 5897; x_wconf 93' lang='lat' dir='ltr'><strong><em>D</em></strong></span> <span class='ocrx_word' id='word_1_943' title='bbox 1483 5845 1639 5899; x_wconf 81' lang='lat' dir='ltr'><strong><em>enim.</em></strong></span> <span class='ocrx_word' id='word_1_944' title='bbox 2245 5841 2261 5855; x_wconf 90' lang='lat'><strong>&#39;</strong></span> <span class='ocrx_word' id='word_1_945' title='bbox 2852 5885 2859 5891; x_wconf 54' lang='grc'><em>,</em></span> 
     </span>
    </p>
   </div>
   <div class='ocr_carea' id='block_1_104' title="bbox 577 5841 2859 5913">
    <p class='ocr_par' dir='ltr' id='par_1_104' title="bbox 577 5841 2859 5913">
     <span class='ocr_line' id='line_1_105' title="bbox 577 5841 2859 5913; baseline -0.025 -2"><span class='ocrx_word' id='word_1_946' title='bbox 577 5850 627 5893; x_wconf 84' lang='grc'><strong><em>¹⁸</em></strong></span> <span class='ocrx_word' id='word_1_947' title='bbox 651 5851 695 5909; x_wconf 92' lang='lat' dir='ltr'><strong><em>D</em></strong></span> <span class='ocrx_word' id='word_1_948' title='bbox 722 5850 890 5913; x_wconf 83' lang='lat' dir='ltr'><strong><em>enim;</em></strong></span> <span class='ocrx_word' id='word_1_949' title='bbox 930 5845 968 5901; x_wconf 85' lang='lat' dir='ltr'><strong><em>C</em></strong></span> <span class='ocrx_word' id='word_1_950' title='bbox 1001 5841 1155 5899; x_wconf 75' lang='lat' dir='ltr'><strong><em>etiam</em></strong></span> <span class='ocrx_word' id='word_1_951' title='bbox 1195 5856 1261 5899; x_wconf 88' lang='lat' dir='ltr'><strong><em>et.</em></strong></span> <span class='ocrx_word' id='word_1_952' title='bbox 1344 5843 1385 5875; x_wconf 82' lang='lat'>&quot;</span> <span class='ocrx_word' id='word_1_953' title='bbox 1415 5841 1639 5899; x_wconf 28' lang='lat' dir='ltr'><strong><em>D‘cnim.</em></strong></span> <span class='ocrx_word' id='word_1_954' title='bbox 2245 5841 2261 5855; x_wconf 87' lang='lat'><strong>-</strong></span> <span class='ocrx_word' id='word_1_955' title='bbox 2317 5841 2334 5843; x_wconf 33' lang='grc' dir='ltr'>κ</span> <span class='ocrx_word' id='word_1_956' title='bbox 2852 5885 2859 5891; x_wconf 20' lang='grc' dir='ltr'><strong>ν</strong></span> 
     </span>
    </p>
   </div>
   <div class='ocr_carea' id='block_1_105' title="bbox 2996 5554 3843 5625">
    <p class='ocr_par' dir='ltr' id='par_1_105' title="bbox 2996 5554 3843 5625">
     <span class='ocr_line' id='line_1_106' title="bbox 2996 5554 3843 5625; baseline -0.013 -9"><span class='ocrx_word' id='word_1_957' title='bbox 2996 5561 3018 5592; x_wconf 73' lang='grc'>⁸</span> <span class='ocrx_word' id='word_1_958' title='bbox 3054 5559 3143 5615; x_wconf 90' lang='lat' dir='ltr'><strong><em>Sic</em></strong></span> <span class='ocrx_word' id='word_1_959' title='bbox 3199 5557 3370 5625; x_wconf 88' lang='lat' dir='ltr'><strong><em>CDE;</em></strong></span> <span class='ocrx_word' id='word_1_960' title='bbox 3420 5558 3465 5610; x_wconf 89' lang='lat' dir='ltr'><strong>A</strong></span> <span class='ocrx_word' id='word_1_961' title='bbox 3518 5554 3843 5625; x_wconf 66' lang='lat' dir='ltr'><strong><em>intellectua-</em></strong></span> 
     </span>
    </p>
   </div>
  </div>
