  <div class='ocr_page' id='page_1' title='image "/cluster/home/n/w/nwhite01/storage/ocr_20150623/122/pst.000018028355/296.png"; bbox 0 0 2097 3138; ppageno 0'>
   <div class='ocr_carea' id='block_1_1' title="bbox 212 209 262 251">
    <p class='ocr_par' dir='ltr' id='par_1_1' title="bbox 212 209 262 251">
     <span class='ocr_line' id='line_1_1' title="bbox 212 209 262 251; baseline -0.04 0"><span class='ocrx_word' id='word_1_1' title='bbox 212 209 262 251; x_wconf 68' lang='lat' dir='ltr'><strong>5n</strong></span> 
     </span>
    </p>
   </div>
   <div class='ocr_carea' id='block_1_2' title="bbox 655 218 1415 258">
    <p class='ocr_par' dir='ltr' id='par_1_2' title="bbox 655 218 1415 258">
     <span class='ocr_line' id='line_1_2' title="bbox 655 218 1415 258; baseline -0.001 -12"><span class='ocrx_word' id='word_1_2' title='bbox 655 220 698 247; x_wconf 84' lang='lat' dir='ltr'><strong>DE</strong></span> <span class='ocrx_word' id='word_1_3' title='bbox 717 220 886 258; x_wconf 81' lang='lat' dir='ltr'><strong>DIVISIONE</strong></span> <span class='ocrx_word' id='word_1_4' title='bbox 912 218 1085 246; x_wconf 75' lang='lat' dir='ltr'><strong>NATURAE.</strong></span> <span class='ocrx_word' id='word_1_5' title='bbox 1105 233 1139 239; x_wconf 86' lang='lat'><strong><em>—-</em></strong></span> <span class='ocrx_word' id='word_1_6' title='bbox 1158 219 1257 246; x_wconf 81' lang='lat' dir='ltr'><strong>LIBER</strong></span> <span class='ocrx_word' id='word_1_7' title='bbox 1278 219 1415 246; x_wconf 78' lang='lat' dir='ltr'><strong>PRIMUS.</strong></span> 
     </span>
    </p>
   </div>
   <div class='ocr_carea' id='block_1_3' title="bbox 1793 221 1845 248">
    <p class='ocr_par' dir='ltr' id='par_1_3' title="bbox 1793 221 1845 248">
     <span class='ocr_line' id='line_1_3' title="bbox 1793 221 1845 248; baseline 0.019 -1"><span class='ocrx_word' id='word_1_8' title='bbox 1793 221 1845 248; x_wconf 78' lang='grc'><strong>518</strong></span> 
     </span>
    </p>
   </div>
   <div class='ocr_carea' id='block_1_4' title="bbox 214 274 1846 319">
    <p class='ocr_par' dir='ltr' id='par_1_4' title="bbox 214 274 1846 319">
     <span class='ocr_line' id='line_1_4' title="bbox 214 274 1846 319; baseline -0.004 -8"><span class='ocrx_word' id='word_1_9' title='bbox 214 285 273 319; x_wconf 89' lang='lat' dir='ltr'><strong>ipso</strong></span> <span class='ocrx_word' id='word_1_10' title='bbox 289 277 380 310; x_wconf 84' lang='lat' dir='ltr'><strong>omnia</strong></span> <span class='ocrx_word' id='word_1_11' title='bbox 394 280 446 308; x_wconf 92' lang='lat' dir='ltr'><strong>siut</strong></span> <span class='ocrx_word' id='word_1_12' title='bbox 464 279 484 313; x_wconf 73' lang='grc'><strong>⁸,</strong></span> <span class='ocrx_word' id='word_1_13' title='bbox 498 279 579 306; x_wconf 85' lang='lat' dir='ltr'><strong>immo</strong></span> <span class='ocrx_word' id='word_1_14' title='bbox 594 285 654 305; x_wconf 90' lang='lat' dir='ltr'><strong>cum</strong></span> <span class='ocrx_word' id='word_1_15' title='bbox 668 278 703 305; x_wconf 92' lang='lat' dir='ltr'><strong>sit</strong></span> <span class='ocrx_word' id='word_1_16' title='bbox 715 278 770 314; x_wconf 85' lang='lat' dir='ltr'><strong>ipse</strong></span> <span class='ocrx_word' id='word_1_17' title='bbox 784 279 883 306; x_wconf 81' lang='lat' dir='ltr'><strong>omnia.</strong></span> <span class='ocrx_word' id='word_1_18' title='bbox 903 278 1004 305; x_wconf 84' lang='lat' dir='ltr'><strong>Facere</strong></span> <span class='ocrx_word' id='word_1_19' title='bbox 1016 279 1043 309; x_wconf 74' lang='grc' dir='ltr'>Α</span> <span class='ocrx_word' id='word_1_20' title='bbox 1056 276 1273 304; x_wconf 85' lang='lat' dir='ltr'><strong>etcoesscntiale.</strong></span> <span class='ocrx_word' id='word_1_21' title='bbox 1292 276 1362 303; x_wconf 83' lang='lat' dir='ltr'><strong>DISC.</strong></span> <span class='ocrx_word' id='word_1_22' title='bbox 1372 275 1410 302; x_wconf 86' lang='lat' dir='ltr'><strong>Ita</strong></span> <span class='ocrx_word' id='word_1_23' title='bbox 1418 275 1665 311; x_wconf 78' lang='lat' dir='ltr'><strong>credoetintelligo.</strong></span> <span class='ocrx_word' id='word_1_24' title='bbox 1675 274 1744 303; x_wconf 75' lang='lat' dir='ltr'><strong>MAG.</strong></span> <span class='ocrx_word' id='word_1_25' title='bbox 1754 276 1846 305; x_wconf 84' lang='lat' dir='ltr'><strong>Duone</strong></span> 
     </span>
    </p>
   </div>
   <div class='ocr_carea' id='block_1_5' title="bbox 215 320 1002 359">
    <p class='ocr_par' dir='ltr' id='par_1_5' title="bbox 215 320 1002 359">
     <span class='ocr_line' id='line_1_5' title="bbox 215 320 1002 359; baseline -0.006 -4"><span class='ocrx_word' id='word_1_26' title='bbox 215 336 280 355; x_wconf 87' lang='lat' dir='ltr'><strong>vero</strong></span> <span class='ocrx_word' id='word_1_27' title='bbox 293 327 327 354; x_wconf 91' lang='lat' dir='ltr'><strong>ab</strong></span> <span class='ocrx_word' id='word_1_28' title='bbox 340 334 372 353; x_wconf 88' lang='lat' dir='ltr'><strong>eo</strong></span> <span class='ocrx_word' id='word_1_29' title='bbox 385 325 489 352; x_wconf 88' lang='lat' dir='ltr'><strong>auferre</strong></span> <span class='ocrx_word' id='word_1_30' title='bbox 501 332 553 352; x_wconf 91' lang='lat' dir='ltr'><strong>non</strong></span> <span class='ocrx_word' id='word_1_31' title='bbox 573 331 694 359; x_wconf 81' lang='lat' dir='ltr'><strong>possum,</strong></span> <span class='ocrx_word' id='word_1_32' title='bbox 710 332 772 351; x_wconf 92' lang='lat' dir='ltr'><strong>cum</strong></span> <span class='ocrx_word' id='word_1_33' title='bbox 787 324 822 351; x_wconf 91' lang='lat' dir='ltr'><strong>sit</strong></span> <span class='ocrx_word' id='word_1_34' title='bbox 845 323 932 351; x_wconf 92' lang='lat' dir='ltr'><strong>factor</strong></span> <span class='ocrx_word' id='word_1_35' title='bbox 947 320 1002 351; x_wconf 86' lang='lat' dir='ltr'><strong>om-</strong></span> 
     </span>
    </p>
   </div>
   <div class='ocr_carea' id='block_1_6' title="bbox 216 367 1006 406">
    <p class='ocr_par' dir='ltr' id='par_1_6' title="bbox 216 367 1006 406">
     <span class='ocr_line' id='line_1_6' title="bbox 216 367 1006 406; baseline -0.008 -5"><span class='ocrx_word' id='word_1_36' title='bbox 216 374 299 402; x_wconf 91' lang='lat' dir='ltr'><strong>nium.</strong></span> <span class='ocrx_word' id='word_1_37' title='bbox 308 372 375 399; x_wconf 79' lang='lat' dir='ltr'><strong>MAG.</strong></span> <span class='ocrx_word' id='word_1_38' title='bbox 384 370 542 406; x_wconf 77' lang='lat' dir='ltr'><strong>Segregabis</strong></span> <span class='ocrx_word' id='word_1_39' title='bbox 555 376 619 404; x_wconf 80' lang='lat' dir='ltr'><strong>ergo</strong></span> <span class='ocrx_word' id='word_1_40' title='bbox 632 374 734 397; x_wconf 89' lang='lat' dir='ltr'><strong>motum</strong></span> <span class='ocrx_word' id='word_1_41' title='bbox 745 368 876 396; x_wconf 89' lang='lat' dir='ltr'><strong>etfacere.</strong></span> <span class='ocrx_word' id='word_1_42' title='bbox 886 369 958 396; x_wconf 88' lang='lat' dir='ltr'><strong>Dlsc.</strong></span> <span class='ocrx_word' id='word_1_43' title='bbox 967 367 1006 396; x_wconf 83' lang='lat' dir='ltr'><strong>Ne</strong></span> 
     </span>
    </p>
   </div>
   <div class='ocr_carea' id='block_1_7' title="bbox 218 413 1006 452">
    <p class='ocr_par' dir='ltr' id='par_1_7' title="bbox 218 413 1006 452">
     <span class='ocr_line' id='line_1_7' title="bbox 218 413 1006 452; baseline -0.008 -7"><span class='ocrx_word' id='word_1_44' title='bbox 218 419 242 446; x_wconf 93' lang='lat' dir='ltr'><strong>id</strong></span> <span class='ocrx_word' id='word_1_45' title='bbox 254 417 370 452; x_wconf 86' lang='lat' dir='ltr'><strong>quidem,</strong></span> <span class='ocrx_word' id='word_1_46' title='bbox 385 417 448 443; x_wconf 89' lang='lat' dir='ltr'><strong>dum</strong></span> <span class='ocrx_word' id='word_1_47' title='bbox 467 415 655 450; x_wconf 83' lang='lat' dir='ltr'><strong>iuseparabilia</strong></span> <span class='ocrx_word' id='word_1_48' title='bbox 668 422 728 443; x_wconf 90' lang='lat' dir='ltr'><strong>esse</strong></span> <span class='ocrx_word' id='word_1_49' title='bbox 749 422 764 441; x_wconf 88' lang='lat' dir='ltr'><strong>a</strong></span> <span class='ocrx_word' id='word_1_50' title='bbox 788 422 816 442; x_wconf 91' lang='lat' dir='ltr'><strong>se</strong></span> <span class='ocrx_word' id='word_1_51' title='bbox 832 414 949 441; x_wconf 82' lang='lat' dir='ltr'><strong>invicem</strong></span> <span class='ocrx_word' id='word_1_52' title='bbox 966 413 1006 440; x_wconf 92' lang='lat' dir='ltr'><strong>vi-</strong></span> 
     </span>
    </p>
   </div>
   <div class='ocr_carea' id='block_1_8' title="bbox 217 455 1007 497">
    <p class='ocr_par' dir='ltr' id='par_1_8' title="bbox 217 455 1007 497">
     <span class='ocr_line' id='line_1_8' title="bbox 217 455 1007 497; baseline -0.008 -6"><span class='ocrx_word' id='word_1_53' title='bbox 217 465 273 492; x_wconf 88' lang='lat' dir='ltr'><strong>deo.</strong></span> <span class='ocrx_word' id='word_1_54' title='bbox 287 463 355 490; x_wconf 79' lang='lat' dir='ltr'><strong>MAG.</strong></span> <span class='ocrx_word' id='word_1_55' title='bbox 364 455 432 496; x_wconf 82' lang='lat' dir='ltr'><strong>Quid</strong></span> <span class='ocrx_word' id='word_1_56' title='bbox 440 469 505 497; x_wconf 80' lang='lat' dir='ltr'><strong>ergo</strong></span> <span class='ocrx_word' id='word_1_57' title='bbox 512 461 632 489; x_wconf 88' lang='lat' dir='ltr'><strong>facturus</strong></span> <span class='ocrx_word' id='word_1_58' title='bbox 640 461 693 488; x_wconf 88' lang='lat' dir='ltr'><strong>eris</strong></span> <span class='ocrx_word' id='word_1_59' title='bbox 701 460 712 487; x_wconf 83' lang='lat'><strong>?</strong></span> <span class='ocrx_word' id='word_1_60' title='bbox 723 460 795 488; x_wconf 82' lang='lat' dir='ltr'><strong>Dtsc.</strong></span> <span class='ocrx_word' id='word_1_61' title='bbox 805 457 915 491; x_wconf 77' lang='lat' dir='ltr'><strong>Neseio&#39;;</strong></span> <span class='ocrx_word' id='word_1_62' title='bbox 925 463 1007 493; x_wconf 88' lang='lat' dir='ltr'><strong>atque</strong></span> 
     </span>
    </p>
   </div>
   <div class='ocr_carea' id='block_1_9' title="bbox 216 501 1006 543">
    <p class='ocr_par' dir='ltr' id='par_1_9' title="bbox 216 501 1006 543">
     <span class='ocr_line' id='line_1_9' title="bbox 216 501 1006 543; baseline -0.009 -6"><span class='ocrx_word' id='word_1_63' title='bbox 216 501 274 537; x_wconf 82' lang='lat' dir='ltr'><strong>ideo</strong></span> <span class='ocrx_word' id='word_1_64' title='bbox 296 505 368 536; x_wconf 83' lang='lat' dir='ltr'><strong>viam</strong></span> <span class='ocrx_word' id='word_1_65' title='bbox 387 510 398 525; x_wconf 84' lang='lat'><strong>&#39;</strong></span> <span class='ocrx_word' id='word_1_66' title='bbox 412 507 548 543; x_wconf 86' lang='lat' dir='ltr'><strong>Quandam</strong></span> <span class='ocrx_word' id='word_1_67' title='bbox 560 507 624 535; x_wconf 91' lang='lat' dir='ltr'><strong>mihi</strong></span> <span class='ocrx_word' id='word_1_68' title='bbox 640 506 756 542; x_wconf 87' lang='lat' dir='ltr'><strong>aperias,</strong></span> <span class='ocrx_word' id='word_1_69' title='bbox 772 511 930 539; x_wconf 85' lang='lat' dir='ltr'><strong>summaque</strong></span> <span class='ocrx_word' id='word_1_70' title='bbox 954 504 1006 531; x_wconf 88' lang='lat' dir='ltr'><strong>hac</strong></span> 
     </span>
    </p>
   </div>
   <div class='ocr_carea' id='block_1_10' title="bbox 213 549 1007 587">
    <p class='ocr_par' dir='ltr' id='par_1_10' title="bbox 213 549 1007 587">
     <span class='ocr_line' id='line_1_10' title="bbox 213 549 1007 587; baseline -0.008 -4"><span class='ocrx_word' id='word_1_71' title='bbox 213 550 370 583; x_wconf 82' lang='lat' dir='ltr'><strong>difficultate</strong></span> <span class='ocrx_word' id='word_1_72' title='bbox 387 562 431 582; x_wconf 90' lang='lat' dir='ltr'><strong>me</strong></span> <span class='ocrx_word' id='word_1_73' title='bbox 445 549 555 586; x_wconf 80' lang='lat' dir='ltr'><strong>liberes,</strong></span> <span class='ocrx_word' id='word_1_74' title='bbox 568 553 666 580; x_wconf 86' lang='lat' dir='ltr'><strong>obnixe</strong></span> <span class='ocrx_word' id='word_1_75' title='bbox 678 552 808 587; x_wconf 89' lang='lat' dir='ltr'><strong>supplico.</strong></span> <span class='ocrx_word' id='word_1_76' title='bbox 822 550 890 578; x_wconf 74' lang='lat' dir='ltr'><strong>MAG.</strong></span> <span class='ocrx_word' id='word_1_77' title='bbox 908 550 1007 585; x_wconf 83' lang='lat' dir='ltr'><strong>Accipe</strong></span> 
     </span>
    </p>
   </div>
   <div class='ocr_carea' id='block_1_11' title="bbox 214 593 1006 637">
    <p class='ocr_par' dir='ltr' id='par_1_11' title="bbox 214 593 1006 637">
     <span class='ocr_line' id='line_1_11' title="bbox 214 593 1006 637; baseline -0.008 -9"><span class='ocrx_word' id='word_1_78' title='bbox 214 601 295 637; x_wconf 80' lang='lat' dir='ltr'><strong>igitur</strong></span> <span class='ocrx_word' id='word_1_79' title='bbox 309 601 383 628; x_wconf 88' lang='lat' dir='ltr'><strong>hunc</strong></span> <span class='ocrx_word' id='word_1_80' title='bbox 406 599 587 627; x_wconf 85' lang='lat' dir='ltr'><strong>ratiocinandi</strong></span> <span class='ocrx_word' id='word_1_81' title='bbox 610 605 793 633; x_wconf 81' lang='lat' dir='ltr'><strong>progressum.</strong></span> <span class='ocrx_word' id='word_1_82' title='bbox 808 593 878 630; x_wconf 83' lang='lat' dir='ltr'><strong>Quid</strong></span> <span class='ocrx_word' id='word_1_83' title='bbox 894 596 941 623; x_wconf 90' lang='lat' dir='ltr'><strong>tibi</strong></span> <span class='ocrx_word' id='word_1_84' title='bbox 965 595 1006 622; x_wconf 88' lang='lat' dir='ltr'><strong>vi-</strong></span> 
     </span>
    </p>
   </div>
   <div class='ocr_carea' id='block_1_12' title="bbox 216 641 1008 678">
    <p class='ocr_par' dir='ltr' id='par_1_12' title="bbox 216 641 1008 678">
     <span class='ocr_line' id='line_1_12' title="bbox 216 641 1008 678; baseline -0.005 -5"><span class='ocrx_word' id='word_1_85' title='bbox 216 647 323 673; x_wconf 80' lang='lat' dir='ltr'><strong>detur?</strong></span> <span class='ocrx_word' id='word_1_86' title='bbox 358 644 428 672; x_wconf 78' lang='lat' dir='ltr'><strong>Num</strong></span> <span class='ocrx_word' id='word_1_87' title='bbox 462 642 534 672; x_wconf 85' lang='lat' dir='ltr'><strong>Deus</strong></span> <span class='ocrx_word' id='word_1_88' title='bbox 563 643 631 677; x_wconf 86' lang='lat' dir='ltr'><strong>erat,</strong></span> <span class='ocrx_word' id='word_1_89' title='bbox 671 644 827 678; x_wconf 79' lang='lat' dir='ltr'><strong>priusquam</strong></span> <span class='ocrx_word' id='word_1_90' title='bbox 850 642 939 670; x_wconf 84' lang='lat' dir='ltr'><strong>omnia</strong></span> <span class='ocrx_word' id='word_1_91' title='bbox 968 641 1008 669; x_wconf 88' lang='lat' dir='ltr'><strong>fa-</strong></span> 
     </span>
    </p>
   </div>
   <div class='ocr_carea' id='block_1_13' title="bbox 217 683 1007 721">
    <p class='ocr_par' dir='ltr' id='par_1_13' title="bbox 217 683 1007 721">
     <span class='ocr_line' id='line_1_13' title="bbox 217 683 1007 721; baseline -0.008 -2"><span class='ocrx_word' id='word_1_92' title='bbox 217 683 308 719; x_wconf 69' lang='lat' dir='ltr'><strong>ceret?</strong></span> <span class='ocrx_word' id='word_1_93' title='bbox 321 690 394 718; x_wconf 84' lang='lat' dir='ltr'><strong>DISC.</strong></span> <span class='ocrx_word' id='word_1_94' title='bbox 410 689 523 717; x_wconf 86' lang='lat' dir='ltr'><strong>Videtur</strong></span> <span class='ocrx_word' id='word_1_95' title='bbox 535 689 600 716; x_wconf 90' lang='lat' dir='ltr'><strong>mihi</strong></span> <span class='ocrx_word' id='word_1_96' title='bbox 612 688 704 716; x_wconf 84' lang='lat' dir='ltr'><strong>fuisse.</strong></span> <span class='ocrx_word' id='word_1_97' title='bbox 716 687 786 716; x_wconf 76' lang='grc' dir='ltr'><strong>ΜΑσ.</strong></span> <span class='ocrx_word' id='word_1_98' title='bbox 798 687 928 715; x_wconf 81' lang='lat' dir='ltr'><strong>Accidens</strong></span> <span class='ocrx_word' id='word_1_99' title='bbox 943 694 1007 721; x_wconf 83' lang='lat' dir='ltr'><strong>ergo</strong></span> 
     </span>
    </p>
   </div>
   <div class='ocr_carea' id='block_1_14' title="bbox 218 733 1008 769">
    <p class='ocr_par' dir='ltr' id='par_1_14' title="bbox 218 733 1008 769">
     <span class='ocr_line' id='line_1_14' title="bbox 218 733 1008 769; baseline -0.009 -4"><span class='ocrx_word' id='word_1_100' title='bbox 218 738 243 765; x_wconf 88' lang='lat' dir='ltr'><strong>ei</strong></span> <span class='ocrx_word' id='word_1_101' title='bbox 271 737 281 752; x_wconf 91' lang='grc'><strong><em>³</em></strong></span> <span class='ocrx_word' id='word_1_102' title='bbox 306 735 476 764; x_wconf 87' lang='lat' dir='ltr'><strong>eratfacere.</strong></span> <span class='ocrx_word' id='word_1_103' title='bbox 502 734 569 761; x_wconf 86' lang='lat' dir='ltr'><strong>Nam</strong></span> <span class='ocrx_word' id='word_1_104' title='bbox 600 733 671 769; x_wconf 87' lang='lat' dir='ltr'><strong>quod</strong></span> <span class='ocrx_word' id='word_1_105' title='bbox 700 733 725 760; x_wconf 88' lang='lat' dir='ltr'><strong>ei</strong></span> <span class='ocrx_word' id='word_1_106' title='bbox 754 737 925 760; x_wconf 83' lang='lat' dir='ltr'><strong>coaeternum</strong></span> <span class='ocrx_word' id='word_1_107' title='bbox 954 740 1008 759; x_wconf 89' lang='lat' dir='ltr'><strong>non</strong></span> 
     </span>
    </p>
   </div>
   <div class='ocr_carea' id='block_1_15' title="bbox 217 779 1006 819">
    <p class='ocr_par' dir='ltr' id='par_1_15' title="bbox 217 779 1006 819">
     <span class='ocr_line' id='line_1_15' title="bbox 217 779 1006 819; baseline -0.008 -8"><span class='ocrx_word' id='word_1_108' title='bbox 217 788 259 811; x_wconf 86' lang='lat' dir='ltr'><strong>est</strong></span> <span class='ocrx_word' id='word_1_109' title='bbox 283 788 363 818; x_wconf 88' lang='lat' dir='ltr'><strong>atque</strong></span> <span class='ocrx_word' id='word_1_110' title='bbox 385 780 575 813; x_wconf 86' lang='lat' dir='ltr'><strong>coessentiale,</strong></span> <span class='ocrx_word' id='word_1_111' title='bbox 590 784 648 819; x_wconf 14' lang='lat' dir='ltr'><strong>[aut</strong></span> <span class='ocrx_word' id='word_1_112' title='bbox 671 779 745 807; x_wconf 83' lang='lat' dir='ltr'><strong>aliud</strong></span> <span class='ocrx_word' id='word_1_113' title='bbox 764 784 841 807; x_wconf 80' lang='lat' dir='ltr'><strong>extra</strong></span> <span class='ocrx_word' id='word_1_114' title='bbox 868 786 930 806; x_wconf 90' lang='lat' dir='ltr'><strong>eum</strong></span> <span class='ocrx_word' id='word_1_115' title='bbox 954 782 1006 809; x_wconf 89' lang='lat' dir='ltr'><strong>est,</strong></span> 
     </span>
    </p>
   </div>
   <div class='ocr_carea' id='block_1_16' title="bbox 217 822 1009 861">
    <p class='ocr_par' dir='ltr' id='par_1_16' title="bbox 217 822 1009 861">
     <span class='ocr_line' id='line_1_16' title="bbox 217 822 1009 861; baseline -0.009 -5"><span class='ocrx_word' id='word_1_116' title='bbox 217 833 263 856; x_wconf 88' lang='lat' dir='ltr'><strong>aut</strong></span> <span class='ocrx_word' id='word_1_117' title='bbox 291 826 315 855; x_wconf 82' lang='lat' dir='ltr'><strong>ei</strong></span> <span class='ocrx_word' id='word_1_118' title='bbox 342 827 475 855; x_wconf 85' lang='lat' dir='ltr'><strong>accidens.</strong></span> <span class='ocrx_word' id='word_1_119' title='bbox 489 826 561 853; x_wconf 85' lang='lat' dir='ltr'><strong>DlSC.</strong></span> <span class='ocrx_word' id='word_1_120' title='bbox 576 822 655 852; x_wconf 78' lang='lat' dir='ltr'><strong>Aliud</strong></span> <span class='ocrx_word' id='word_1_121' title='bbox 671 827 779 861; x_wconf 86' lang='lat' dir='ltr'><strong>praeter</strong></span> <span class='ocrx_word' id='word_1_122' title='bbox 811 832 872 851; x_wconf 91' lang='lat' dir='ltr'><strong>eum</strong></span> <span class='ocrx_word' id='word_1_123' title='bbox 885 827 913 851; x_wconf 91' lang='lat' dir='ltr'><strong>et</strong></span> <span class='ocrx_word' id='word_1_124' title='bbox 931 826 1009 849; x_wconf 79' lang='lat' dir='ltr'><strong>extra</strong></span> 
     </span>
    </p>
   </div>
   <div class='ocr_carea' id='block_1_17' title="bbox 215 864 1008 905">
    <p class='ocr_par' dir='ltr' id='par_1_17' title="bbox 215 864 1008 905">
     <span class='ocr_line' id='line_1_17' title="bbox 215 864 1008 905; baseline -0.006 -5"><span class='ocrx_word' id='word_1_125' title='bbox 215 881 276 901; x_wconf 90' lang='lat' dir='ltr'><strong>eum</strong></span> <span class='ocrx_word' id='word_1_126' title='bbox 300 880 361 900; x_wconf 88' lang='lat' dir='ltr'><strong>esse</strong></span> <span class='ocrx_word' id='word_1_127' title='bbox 387 872 439 899; x_wconf 71' lang='lat' dir='ltr'><strong>nan</strong></span> <span class='ocrx_word' id='word_1_128' title='bbox 463 866 627 899; x_wconf 75' lang='lat' dir='ltr'><strong>crediderim</strong></span> <span class='ocrx_word' id='word_1_129' title='bbox 649 879 656 903; x_wconf 86' lang='lat'><strong>;</strong></span> <span class='ocrx_word' id='word_1_130' title='bbox 683 871 709 897; x_wconf 92' lang='lat' dir='ltr'><strong>in</strong></span> <span class='ocrx_word' id='word_1_131' title='bbox 737 870 796 905; x_wconf 90' lang='lat' dir='ltr'><strong>ipso</strong></span> <span class='ocrx_word' id='word_1_132' title='bbox 822 870 895 897; x_wconf 87' lang='lat' dir='ltr'><strong>enim</strong></span> <span class='ocrx_word' id='word_1_133' title='bbox 918 864 1008 896; x_wconf 83' lang='lat' dir='ltr'><strong>omnia</strong></span> 
     </span>
    </p>
   </div>
   <div class='ocr_carea' id='block_1_18' title="bbox 213 912 1007 951">
    <p class='ocr_par' dir='ltr' id='par_1_18' title="bbox 213 912 1007 951">
     <span class='ocr_line' id='line_1_18' title="bbox 213 912 1007 951; baseline -0.003 -7"><span class='ocrx_word' id='word_1_134' title='bbox 213 922 276 945; x_wconf 90' lang='lat' dir='ltr'><strong>sunt</strong></span> <span class='ocrx_word' id='word_1_135' title='bbox 289 918 301 950; x_wconf 76' lang='lat'><strong>,‘</strong></span> <span class='ocrx_word' id='word_1_136' title='bbox 322 921 350 944; x_wconf 79' lang='lat' dir='ltr'><strong>et</strong></span> <span class='ocrx_word' id='word_1_137' title='bbox 373 916 384 932; x_wconf 78' lang='grc'>⁸</span> <span class='ocrx_word' id='word_1_138' title='bbox 414 917 490 944; x_wconf 82' lang='lat' dir='ltr'><strong>extra</strong></span> <span class='ocrx_word' id='word_1_139' title='bbox 514 917 600 951; x_wconf 90' lang='lat' dir='ltr'><strong>ipsum</strong></span> <span class='ocrx_word' id='word_1_140' title='bbox 624 915 690 943; x_wconf 92' lang='lat' dir='ltr'><strong>nihil</strong></span> <span class='ocrx_word' id='word_1_141' title='bbox 702 919 763 949; x_wconf 89' lang='lat' dir='ltr'><strong>est,</strong></span> <span class='ocrx_word' id='word_1_142' title='bbox 792 912 1007 950; x_wconf 81' lang='lat' dir='ltr'><strong>nullumque&#39;ei</strong></span> 
     </span>
    </p>
   </div>
   <div class='ocr_carea' id='block_1_19' title="bbox 1044 321 1847 362">
    <p class='ocr_par' dir='ltr' id='par_1_19' title="bbox 1044 321 1847 362">
     <span class='ocr_line' id='line_1_19' title="bbox 1044 321 1847 362; baseline -0.002 -11"><span class='ocrx_word' id='word_1_143' title='bbox 1044 324 1188 359; x_wconf 78' lang='lat' dir='ltr'><strong>quaedam</strong></span> <span class='ocrx_word' id='word_1_144' title='bbox 1211 327 1275 362; x_wconf 89' lang='lat' dir='ltr'><strong>sunt</strong></span> <span class='ocrx_word' id='word_1_145' title='bbox 1297 322 1369 350; x_wconf 88' lang='lat' dir='ltr'><strong>Deus</strong></span> <span class='ocrx_word' id='word_1_146' title='bbox 1391 326 1419 349; x_wconf 85' lang='lat' dir='ltr'><strong>et</strong></span> <span class='ocrx_word' id='word_1_147' title='bbox 1442 329 1519 349; x_wconf 89' lang='lat' dir='ltr'><strong>suum</strong></span> <span class='ocrx_word' id='word_1_148' title='bbox 1544 321 1642 354; x_wconf 88' lang='lat' dir='ltr'><strong>facere,</strong></span> <span class='ocrx_word' id='word_1_149' title='bbox 1671 322 1722 349; x_wconf 89' lang='lat' dir='ltr'><strong>hoc</strong></span> <span class='ocrx_word' id='word_1_150' title='bbox 1740 327 1781 349; x_wconf 90' lang='lat' dir='ltr'><strong>est</strong></span> <span class='ocrx_word' id='word_1_151' title='bbox 1799 330 1847 350; x_wconf 84' lang='lat' dir='ltr'><strong>sua</strong></span> 
     </span>
    </p>
   </div>
   <div class='ocr_carea' id='block_1_20' title="bbox 1057 367 1845 402">
    <p class='ocr_par' dir='ltr' id='par_1_20' title="bbox 1057 367 1845 402">
     <span class='ocr_line' id='line_1_20' title="bbox 1057 367 1845 402; baseline -0.001 -5"><span class='ocrx_word' id='word_1_152' title='bbox 1057 369 1138 401; x_wconf 84' lang='lat' dir='ltr'><strong>actio,</strong></span> <span class='ocrx_word' id='word_1_153' title='bbox 1169 377 1203 396; x_wconf 88' lang='lat' dir='ltr'><strong>an</strong></span> <span class='ocrx_word' id='word_1_154' title='bbox 1236 375 1319 397; x_wconf 89' lang='lat' dir='ltr'><strong>unum</strong></span> <span class='ocrx_word' id='word_1_155' title='bbox 1335 367 1450 402; x_wconf 79' lang='lat' dir='ltr'><strong>simplex</strong></span> <span class='ocrx_word' id='word_1_156' title='bbox 1465 371 1546 401; x_wconf 87' lang='lat' dir='ltr'><strong>atque</strong></span> <span class='ocrx_word' id='word_1_157' title='bbox 1561 367 1748 394; x_wconf 83' lang='lat' dir='ltr'><strong>individuum?</strong></span> <span class='ocrx_word' id='word_1_158' title='bbox 1773 368 1845 396; x_wconf 88' lang='lat' dir='ltr'><strong>Dtsc.</strong></span> 
     </span>
    </p>
   </div>
   <div class='ocr_carea' id='block_1_21' title="bbox 1058 409 1846 443">
    <p class='ocr_par' dir='ltr' id='par_1_21' title="bbox 1058 409 1846 443">
     <span class='ocr_line' id='line_1_21' title="bbox 1058 409 1846 443; baseline -0.001 0"><span class='ocrx_word' id='word_1_159' title='bbox 1058 415 1146 443; x_wconf 88' lang='lat' dir='ltr'><strong>Unum</strong></span> <span class='ocrx_word' id='word_1_160' title='bbox 1168 422 1227 442; x_wconf 86' lang='lat' dir='ltr'><strong>esse</strong></span> <span class='ocrx_word' id='word_1_161' title='bbox 1245 414 1332 441; x_wconf 89' lang='lat' dir='ltr'><strong>video.</strong></span> <span class='ocrx_word' id='word_1_162' title='bbox 1357 414 1429 443; x_wconf 87' lang='lat' dir='ltr'><strong>Deus</strong></span> <span class='ocrx_word' id='word_1_163' title='bbox 1451 413 1522 441; x_wconf 90' lang='lat' dir='ltr'><strong>enim</strong></span> <span class='ocrx_word' id='word_1_164' title='bbox 1537 421 1678 440; x_wconf 90' lang='lat' dir='ltr'><strong>numerum</strong></span> <span class='ocrx_word' id='word_1_165' title='bbox 1695 409 1724 441; x_wconf 86' lang='lat' dir='ltr'><strong>in</strong></span> <span class='ocrx_word' id='word_1_166' title='bbox 1741 421 1771 441; x_wconf 79' lang='lat' dir='ltr'><strong>9e</strong></span> <span class='ocrx_word' id='word_1_167' title='bbox 1793 423 1846 442; x_wconf 92' lang='lat' dir='ltr'><strong>non</strong></span> 
     </span>
    </p>
   </div>
   <div class='ocr_carea' id='block_1_22' title="bbox 1058 457 1847 494">
    <p class='ocr_par' dir='ltr' id='par_1_22' title="bbox 1058 457 1847 494">
     <span class='ocr_line' id='line_1_22' title="bbox 1058 457 1847 494; baseline 0.001 -7"><span class='ocrx_word' id='word_1_168' title='bbox 1058 460 1163 494; x_wconf 81' lang='lat' dir='ltr'><strong>recipit,</strong></span> <span class='ocrx_word' id='word_1_169' title='bbox 1184 459 1311 494; x_wconf 88' lang='lat' dir='ltr'><strong>quoniam</strong></span> <span class='ocrx_word' id='word_1_170' title='bbox 1326 457 1399 486; x_wconf 86' lang='lat' dir='ltr'><strong>solus</strong></span> <span class='ocrx_word' id='word_1_171' title='bbox 1421 457 1625 486; x_wconf 89' lang='lat' dir='ltr'><strong>innumerabilis</strong></span> <span class='ocrx_word' id='word_1_172' title='bbox 1643 463 1695 492; x_wconf 83' lang='lat' dir='ltr'><strong>est,</strong></span> <span class='ocrx_word' id='word_1_173' title='bbox 1712 463 1739 487; x_wconf 88' lang='lat' dir='ltr'><strong>et</strong></span> <span class='ocrx_word' id='word_1_174' title='bbox 1753 467 1847 488; x_wconf 77' lang='lat' dir='ltr'><strong>nume-</strong></span> 
     </span>
    </p>
   </div>
   <div class='ocr_carea' id='block_1_23' title="bbox 1057 499 1849 541">
    <p class='ocr_par' dir='ltr' id='par_1_23' title="bbox 1057 499 1849 541">
     <span class='ocr_line' id='line_1_23' title="bbox 1057 499 1849 541; baseline 0.003 -10"><span class='ocrx_word' id='word_1_175' title='bbox 1057 512 1104 531; x_wconf 88' lang='lat' dir='ltr'><strong>rus</strong></span> <span class='ocrx_word' id='word_1_176' title='bbox 1120 504 1177 532; x_wconf 92' lang='lat' dir='ltr'><strong>sine</strong></span> <span class='ocrx_word' id='word_1_177' title='bbox 1192 511 1313 535; x_wconf 86' lang='lat' dir='ltr'><strong>numero,</strong></span> <span class='ocrx_word' id='word_1_178' title='bbox 1335 499 1362 530; x_wconf 66' lang='grc' dir='ltr'><strong>(Ξῑ</strong></span> <span class='ocrx_word' id='word_1_179' title='bbox 1378 511 1459 541; x_wconf 86' lang='lat' dir='ltr'><strong>supra</strong></span> <span class='ocrx_word' id='word_1_180' title='bbox 1479 511 1586 531; x_wconf 91' lang='lat' dir='ltr'><strong>omnem</strong></span> <span class='ocrx_word' id='word_1_181' title='bbox 1601 512 1742 532; x_wconf 89' lang='lat' dir='ltr'><strong>numerum</strong></span> <span class='ocrx_word' id='word_1_182' title='bbox 1764 513 1849 533; x_wconf 78' lang='lat' dir='ltr'><strong>causa</strong></span> 
     </span>
    </p>
   </div>
   <div class='ocr_carea' id='block_1_24' title="bbox 1058 549 1848 586">
    <p class='ocr_par' dir='ltr' id='par_1_24' title="bbox 1058 549 1848 586">
     <span class='ocr_line' id='line_1_24' title="bbox 1058 549 1848 586; baseline 0.003 -8"><span class='ocrx_word' id='word_1_183' title='bbox 1058 551 1178 579; x_wconf 90' lang='lat' dir='ltr'><strong>omnium</strong></span> <span class='ocrx_word' id='word_1_184' title='bbox 1201 558 1385 578; x_wconf 86' lang='lat' dir='ltr'><strong>numerorum.</strong></span> <span class='ocrx_word' id='word_1_185' title='bbox 1402 550 1472 578; x_wconf 80' lang='lat' dir='ltr'><strong>MAG.</strong></span> <span class='ocrx_word' id='word_1_186' title='bbox 1498 549 1555 578; x_wconf 85' lang='lat' dir='ltr'><strong>Non</strong></span> <span class='ocrx_word' id='word_1_187' title='bbox 1568 559 1631 586; x_wconf 78' lang='lat' dir='ltr'><strong>ergo</strong></span> <span class='ocrx_word' id='word_1_188' title='bbox 1644 552 1716 579; x_wconf 80' lang='lat' dir='ltr'><strong>aliud</strong></span> <span class='ocrx_word' id='word_1_189' title='bbox 1728 556 1770 580; x_wconf 89' lang='lat' dir='ltr'><strong>est</strong></span> <span class='ocrx_word' id='word_1_190' title='bbox 1792 552 1848 580; x_wconf 89' lang='lat' dir='ltr'><strong>Deo</strong></span> 
     </span>
    </p>
   </div>
   <div class='ocr_carea' id='block_1_25' title="bbox 1057 592 1849 632">
    <p class='ocr_par' dir='ltr' id='par_1_25' title="bbox 1057 592 1849 632">
     <span class='ocr_line' id='line_1_25' title="bbox 1057 592 1849 632; baseline 0.003 -8"><span class='ocrx_word' id='word_1_191' title='bbox 1057 604 1128 630; x_wconf 91' lang='lat' dir='ltr'><strong>esse,</strong></span> <span class='ocrx_word' id='word_1_192' title='bbox 1144 601 1170 624; x_wconf 91' lang='lat' dir='ltr'><strong>et</strong></span> <span class='ocrx_word' id='word_1_193' title='bbox 1191 596 1262 624; x_wconf 88' lang='lat' dir='ltr'><strong>aliud</strong></span> <span class='ocrx_word' id='word_1_194' title='bbox 1276 592 1376 628; x_wconf 82' lang='lat' dir='ltr'><strong>facere,</strong></span> <span class='ocrx_word' id='word_1_195' title='bbox 1391 596 1438 623; x_wconf 87' lang='lat' dir='ltr'><strong>sed</strong></span> <span class='ocrx_word' id='word_1_196' title='bbox 1453 596 1477 624; x_wconf 90' lang='lat' dir='ltr'><strong>ei</strong></span> <span class='ocrx_word' id='word_1_197' title='bbox 1494 604 1554 624; x_wconf 89' lang='lat' dir='ltr'><strong>esse</strong></span> <span class='ocrx_word' id='word_1_198' title='bbox 1573 597 1600 624; x_wconf 93' lang='lat' dir='ltr'><strong>id</strong></span> <span class='ocrx_word' id='word_1_199' title='bbox 1626 597 1711 632; x_wconf 90' lang='lat' dir='ltr'><strong>ipsum</strong></span> <span class='ocrx_word' id='word_1_200' title='bbox 1727 603 1768 626; x_wconf 86' lang='lat' dir='ltr'><strong>est</strong></span> <span class='ocrx_word' id='word_1_201' title='bbox 1788 599 1810 614; x_wconf 86' lang='grc'><strong>¹⁶</strong></span> <span class='ocrx_word' id='word_1_202' title='bbox 1821 603 1849 626; x_wconf 85' lang='lat' dir='ltr'><strong>et</strong></span> 
     </span>
    </p>
   </div>
   <div class='ocr_carea' id='block_1_26' title="bbox 1059 636 1845 672">
    <p class='ocr_par' dir='ltr' id='par_1_26' title="bbox 1059 636 1845 672">
     <span class='ocr_line' id='line_1_26' title="bbox 1059 636 1845 672; baseline 0.004 -3"><span class='ocrx_word' id='word_1_203' title='bbox 1059 642 1158 670; x_wconf 87' lang='lat' dir='ltr'><strong>facere.</strong></span> <span class='ocrx_word' id='word_1_204' title='bbox 1176 642 1249 669; x_wconf 85' lang='lat' dir='ltr'><strong>Dtsc.</strong></span> <span class='ocrx_word' id='word_1_205' title='bbox 1261 642 1329 669; x_wconf 84' lang='lat' dir='ltr'><strong>Huic</strong></span> <span class='ocrx_word' id='word_1_206' title='bbox 1345 642 1510 670; x_wconf 87' lang='lat' dir='ltr'><strong>conclusioni</strong></span> <span class='ocrx_word' id='word_1_207' title='bbox 1524 636 1651 671; x_wconf 83' lang='lat' dir='ltr'><strong>resistere</strong></span> <span class='ocrx_word' id='word_1_208' title='bbox 1674 651 1727 671; x_wconf 95' lang='lat' dir='ltr'><strong>non</strong></span> <span class='ocrx_word' id='word_1_209' title='bbox 1751 645 1845 672; x_wconf 89' lang='lat' dir='ltr'><strong>audeo.</strong></span> 
     </span>
    </p>
   </div>
   <div class='ocr_carea' id='block_1_27' title="bbox 1059 688 1848 723">
    <p class='ocr_par' dir='ltr' id='par_1_27' title="bbox 1059 688 1848 723">
     <span class='ocr_line' id='line_1_27' title="bbox 1059 688 1848 723; baseline 0.001 -7"><span class='ocrx_word' id='word_1_210' title='bbox 1059 688 1128 716; x_wconf 72' lang='lat' dir='ltr'><strong>MAG.</strong></span> <span class='ocrx_word' id='word_1_211' title='bbox 1138 688 1204 716; x_wconf 87' lang='lat' dir='ltr'><strong>Cum</strong></span> <span class='ocrx_word' id='word_1_212' title='bbox 1217 696 1281 723; x_wconf 73' lang='lat' dir='ltr'><strong>ergo</strong></span> <span class='ocrx_word' id='word_1_213' title='bbox 1290 688 1424 721; x_wconf 83' lang='lat' dir='ltr'><strong>audimus,</strong></span> <span class='ocrx_word' id='word_1_214' title='bbox 1432 688 1515 715; x_wconf 92' lang='lat' dir='ltr'><strong>Deum</strong></span> <span class='ocrx_word' id='word_1_215' title='bbox 1523 689 1612 716; x_wconf 87' lang='lat' dir='ltr'><strong>omnia</strong></span> <span class='ocrx_word' id='word_1_216' title='bbox 1619 689 1718 723; x_wconf 87' lang='lat' dir='ltr'><strong>facere,</strong></span> <span class='ocrx_word' id='word_1_217' title='bbox 1730 689 1766 716; x_wconf 92' lang='lat' dir='ltr'><strong>nil</strong></span> <span class='ocrx_word' id='word_1_218' title='bbox 1777 691 1848 718; x_wconf 88' lang='lat' dir='ltr'><strong>aliud</strong></span> 
     </span>
    </p>
   </div>
   <div class='ocr_carea' id='block_1_28' title="bbox 1059 727 1848 769">
    <p class='ocr_par' dir='ltr' id='par_1_28' title="bbox 1059 727 1848 769">
     <span class='ocr_line' id='line_1_28' title="bbox 1059 727 1848 769; baseline 0.003 -8"><span class='ocrx_word' id='word_1_219' title='bbox 1059 731 1187 761; x_wconf 86' lang='lat' dir='ltr'><strong>debemus</strong></span> <span class='ocrx_word' id='word_1_220' title='bbox 1201 731 1359 768; x_wconf 79' lang='lat' dir='ltr'><strong>intelligere,</strong></span> <span class='ocrx_word' id='word_1_221' title='bbox 1380 727 1463 768; x_wconf 82' lang='lat' dir='ltr'><strong>quam</strong></span> <span class='ocrx_word' id='word_1_222' title='bbox 1477 733 1560 761; x_wconf 89' lang='lat' dir='ltr'><strong>Deum</strong></span> <span class='ocrx_word' id='word_1_223' title='bbox 1581 734 1608 761; x_wconf 91' lang='lat' dir='ltr'><strong>in</strong></span> <span class='ocrx_word' id='word_1_224' title='bbox 1628 735 1753 767; x_wconf 84' lang='lat' dir='ltr'><strong>omnibus</strong></span> <span class='ocrx_word' id='word_1_225' title='bbox 1779 743 1848 769; x_wconf 87' lang='lat' dir='ltr'><strong>esse,</strong></span> 
     </span>
    </p>
   </div>
   <div class='ocr_carea' id='block_1_29' title="bbox 1059 773 1848 816">
    <p class='ocr_par' dir='ltr' id='par_1_29' title="bbox 1059 773 1848 816">
     <span class='ocr_line' id='line_1_29' title="bbox 1059 773 1848 816; baseline 0.005 -11"><span class='ocrx_word' id='word_1_226' title='bbox 1059 779 1111 805; x_wconf 92' lang='lat' dir='ltr'><strong>hoc</strong></span> <span class='ocrx_word' id='word_1_227' title='bbox 1124 782 1177 811; x_wconf 89' lang='lat' dir='ltr'><strong>est,</strong></span> <span class='ocrx_word' id='word_1_228' title='bbox 1199 778 1345 806; x_wconf 84' lang='lat' dir='ltr'><strong>essentiam</strong></span> <span class='ocrx_word' id='word_1_229' title='bbox 1370 779 1490 807; x_wconf 90' lang='lat' dir='ltr'><strong>omnium</strong></span> <span class='ocrx_word' id='word_1_230' title='bbox 1512 781 1668 808; x_wconf 84' lang='lat' dir='ltr'><strong>subsistere.</strong></span> <span class='ocrx_word' id='word_1_231' title='bbox 1695 773 1753 816; x_wconf 83' lang='lat' dir='ltr'><strong>Ipse</strong></span> <span class='ocrx_word' id='word_1_232' title='bbox 1776 782 1848 809; x_wconf 88' lang='lat' dir='ltr'><strong>enim</strong></span> 
     </span>
    </p>
   </div>
   <div class='ocr_carea' id='block_1_30' title="bbox 1060 815 1847 864">
    <p class='ocr_par' dir='ltr' id='par_1_30' title="bbox 1060 815 1847 864">
     <span class='ocr_line' id='line_1_30' title="bbox 1060 815 1847 864; baseline 0.003 -13"><span class='ocrx_word' id='word_1_233' title='bbox 1060 822 1133 851; x_wconf 67' lang='lat' dir='ltr'><strong>s&#39;olus</strong></span> <span class='ocrx_word' id='word_1_234' title='bbox 1150 830 1198 858; x_wconf 86' lang='lat' dir='ltr'><strong>per</strong></span> <span class='ocrx_word' id='word_1_235' title='bbox 1220 830 1248 850; x_wconf 92' lang='lat' dir='ltr'><strong>se</strong></span> <span class='ocrx_word' id='word_1_236' title='bbox 1271 830 1333 850; x_wconf 87' lang='lat' dir='ltr'><strong>vere</strong></span> <span class='ocrx_word' id='word_1_237' title='bbox 1355 815 1406 864; x_wconf 79' lang='lat' dir='ltr'><strong>est,</strong></span> <span class='ocrx_word' id='word_1_238' title='bbox 1420 828 1448 852; x_wconf 88' lang='lat' dir='ltr'><strong>et</strong></span> <span class='ocrx_word' id='word_1_239' title='bbox 1470 832 1559 858; x_wconf 90' lang='lat' dir='ltr'><strong>omne,</strong></span> <span class='ocrx_word' id='word_1_240' title='bbox 1583 825 1653 860; x_wconf 90' lang='lat' dir='ltr'><strong>quod</strong></span> <span class='ocrx_word' id='word_1_241' title='bbox 1668 833 1730 864; x_wconf 79' lang='lat' dir='ltr'><strong>vere</strong></span> <span class='ocrx_word' id='word_1_242' title='bbox 1753 826 1779 853; x_wconf 94' lang='lat' dir='ltr'><strong>in</strong></span> <span class='ocrx_word' id='word_1_243' title='bbox 1794 826 1847 860; x_wconf 83' lang='lat' dir='ltr'><strong>his,</strong></span> 
     </span>
    </p>
   </div>
   <div class='ocr_carea' id='block_1_31' title="bbox 1060 862 1848 905">
    <p class='ocr_par' dir='ltr' id='par_1_31' title="bbox 1060 862 1848 905">
     <span class='ocr_line' id='line_1_31' title="bbox 1060 862 1848 905; baseline 0.005 -10"><span class='ocrx_word' id='word_1_244' title='bbox 1060 863 1129 904; x_wconf 85' lang='lat' dir='ltr'><strong>quae</strong></span> <span class='ocrx_word' id='word_1_245' title='bbox 1146 874 1218 902; x_wconf 89' lang='lat' dir='ltr'><strong>sunt,</strong></span> <span class='ocrx_word' id='word_1_246' title='bbox 1231 868 1328 897; x_wconf 90' lang='lat' dir='ltr'><strong>dicitur</strong></span> <span class='ocrx_word' id='word_1_247' title='bbox 1351 862 1421 903; x_wconf 85' lang='lat' dir='ltr'><strong>esse,</strong></span> <span class='ocrx_word' id='word_1_248' title='bbox 1443 870 1501 905; x_wconf 88' lang='lat' dir='ltr'><strong>ipse</strong></span> <span class='ocrx_word' id='word_1_249' title='bbox 1516 871 1587 898; x_wconf 88' lang='lat' dir='ltr'><strong>solus</strong></span> <span class='ocrx_word' id='word_1_250' title='bbox 1607 877 1656 899; x_wconf 89' lang='lat' dir='ltr'><strong>est.</strong></span> <span class='ocrx_word' id='word_1_251' title='bbox 1684 862 1756 899; x_wconf 72' lang='lat' dir='ltr'><strong>Nihil</strong></span> <span class='ocrx_word' id='word_1_252' title='bbox 1776 871 1848 899; x_wconf 85' lang='lat' dir='ltr'><strong>enim</strong></span> 
     </span>
    </p>
   </div>
   <div class='ocr_carea' id='block_1_32' title="bbox 1060 913 1850 953">
    <p class='ocr_par' dir='ltr' id='par_1_32' title="bbox 1060 913 1850 953">
     <span class='ocr_line' id='line_1_32' title="bbox 1060 913 1850 953; baseline 0.003 -9"><span class='ocrx_word' id='word_1_253' title='bbox 1060 925 1163 951; x_wconf 87' lang='lat' dir='ltr'><strong>eorum,</strong></span> <span class='ocrx_word' id='word_1_254' title='bbox 1178 924 1246 952; x_wconf 89' lang='lat' dir='ltr'><strong>quae</strong></span> <span class='ocrx_word' id='word_1_255' title='bbox 1260 921 1331 950; x_wconf 91' lang='lat' dir='ltr'><strong>sunt,</strong></span> <span class='ocrx_word' id='word_1_256' title='bbox 1346 925 1395 952; x_wconf 88' lang='lat' dir='ltr'><strong>per</strong></span> <span class='ocrx_word' id='word_1_257' title='bbox 1407 913 1441 945; x_wconf 84' lang='lat' dir='ltr'><strong>se</strong></span> <span class='ocrx_word' id='word_1_258' title='bbox 1450 918 1537 953; x_wconf 90' lang='lat' dir='ltr'><strong>ipsum</strong></span> <span class='ocrx_word' id='word_1_259' title='bbox 1557 926 1621 946; x_wconf 86' lang='lat' dir='ltr'><strong>vere</strong></span> <span class='ocrx_word' id='word_1_260' title='bbox 1640 923 1690 946; x_wconf 89' lang='lat' dir='ltr'><strong>est.</strong></span> <span class='ocrx_word' id='word_1_261' title='bbox 1705 918 1850 952; x_wconf 77' lang='lat' dir='ltr'><strong>Quodcun-</strong></span> 
     </span>
    </p>
   </div>
   <div class='ocr_carea' id='block_1_33' title="bbox 215 955 1848 1005">
    <p class='ocr_par' dir='ltr' id='par_1_33' title="bbox 215 955 1848 1005">
     <span class='ocr_line' id='line_1_33' title="bbox 215 955 1848 1005; baseline 0 -13"><span class='ocrx_word' id='word_1_262' title='bbox 215 960 340 1005; x_wconf 83' lang='lat' dir='ltr'><strong>acci&#39;déns</strong></span> <span class='ocrx_word' id='word_1_263' title='bbox 369 955 470 992; x_wconf 46' lang='lat' dir='ltr'><strong>timuere</strong></span> <span class='ocrx_word' id='word_1_264' title='bbox 498 964 629 992; x_wconf 88' lang='lat' dir='ltr'><strong>dederim.</strong></span> <span class='ocrx_word' id='word_1_265' title='bbox 665 963 790 999; x_wconf 81' lang='lat' dir='ltr'><strong>Alioquin</strong></span> <span class='ocrx_word' id='word_1_266' title='bbox 818 963 933 998; x_wconf 80' lang='lat' dir='ltr'><strong>simplex</strong></span> <span class='ocrx_word' id='word_1_267' title='bbox 953 967 1045 998; x_wconf 71' lang='lat' dir='ltr'><strong>non];</strong></span> <span class='ocrx_word' id='word_1_268' title='bbox 1060 971 1112 999; x_wconf 87' lang='lat' dir='ltr'><strong>que</strong></span> <span class='ocrx_word' id='word_1_269' title='bbox 1140 969 1229 990; x_wconf 90' lang='lat' dir='ltr'><strong>autem</strong></span> <span class='ocrx_word' id='word_1_270' title='bbox 1260 962 1288 990; x_wconf 91' lang='lat' dir='ltr'><strong>in</strong></span> <span class='ocrx_word' id='word_1_271' title='bbox 1309 970 1340 991; x_wconf 91' lang='lat' dir='ltr'><strong>eo</strong></span> <span class='ocrx_word' id='word_1_272' title='bbox 1364 970 1427 990; x_wconf 85' lang='lat' dir='ltr'><strong>vere</strong></span> <span class='ocrx_word' id='word_1_273' title='bbox 1451 963 1618 999; x_wconf 73' lang='lat' dir='ltr'><strong>intelligitur,</strong></span> <span class='ocrx_word' id='word_1_274' title='bbox 1642 964 1848 1005; x_wconf 76' lang='lat' dir='ltr'><strong>participatione</strong></span> 
     </span>
    </p>
   </div>
   <div class='ocr_carea' id='block_1_34' title="bbox 217 1000 1007 1044">
    <p class='ocr_par' dir='ltr' id='par_1_34' title="bbox 217 1000 1007 1044">
     <span class='ocr_line' id='line_1_34' title="bbox 217 1000 1007 1044; baseline -0.004 -6"><span class='ocrx_word' id='word_1_275' title='bbox 217 1014 269 1044; x_wconf 82' lang='lat' dir='ltr'><strong>est,</strong></span> <span class='ocrx_word' id='word_1_276' title='bbox 285 1000 377 1038; x_wconf 32' lang='lat' dir='ltr'><strong>s&#39;e&#39;d&#39;ex</strong></span> <span class='ocrx_word' id='word_1_277' title='bbox 393 1010 509 1038; x_wconf 83' lang='lat' dir='ltr'><strong>essentia</strong></span> <span class='ocrx_word' id='word_1_278' title='bbox 530 1003 559 1037; x_wconf 89' lang='lat' dir='ltr'><strong>et</strong></span> <span class='ocrx_word' id='word_1_279' title='bbox 576 1009 761 1037; x_wconf 87' lang='lat' dir='ltr'><strong>accidentibus</strong></span> <span class='ocrx_word' id='word_1_280' title='bbox 780 1009 914 1044; x_wconf 84' lang='lat' dir='ltr'><strong>quaedam</strong></span> <span class='ocrx_word' id='word_1_281' title='bbox 934 1016 1007 1036; x_wconf 79' lang='lat' dir='ltr'><strong>com-</strong></span> 
     </span>
    </p>
   </div>
   <div class='ocr_carea' id='block_1_35' title="bbox 219 1051 1007 1091">
    <p class='ocr_par' dir='ltr' id='par_1_35' title="bbox 219 1051 1007 1091">
     <span class='ocr_line' id='line_1_35' title="bbox 219 1051 1007 1091; baseline -0.003 -8"><span class='ocrx_word' id='word_1_282' title='bbox 219 1051 326 1091; x_wconf 85' lang='lat' dir='ltr'><strong>positio.</strong></span> <span class='ocrx_word' id='word_1_283' title='bbox 344 1055 410 1083; x_wconf 87' lang='lat' dir='ltr'><strong>Nam</strong></span> <span class='ocrx_word' id='word_1_284' title='bbox 433 1055 455 1082; x_wconf 87' lang='lat' dir='ltr'><strong>si</strong></span> <span class='ocrx_word' id='word_1_285' title='bbox 481 1054 553 1082; x_wconf 87' lang='lat' dir='ltr'><strong>aliud</strong></span> <span class='ocrx_word' id='word_1_286' title='bbox 573 1062 634 1082; x_wconf 91' lang='lat' dir='ltr'><strong>cum</strong></span> <span class='ocrx_word' id='word_1_287' title='bbox 661 1055 721 1089; x_wconf 90' lang='lat' dir='ltr'><strong>ipso</strong></span> <span class='ocrx_word' id='word_1_288' title='bbox 738 1054 909 1090; x_wconf 78' lang='lat' dir='ltr'><strong>intelligitur,</strong></span> <span class='ocrx_word' id='word_1_289' title='bbox 935 1054 1007 1089; x_wconf 91' lang='lat' dir='ltr'><strong>Quod</strong></span> 
     </span>
    </p>
   </div>
   <div class='ocr_carea' id='block_1_36' title="bbox 216 1096 1007 1137">
    <p class='ocr_par' dir='ltr' id='par_1_36' title="bbox 216 1096 1007 1137">
     <span class='ocr_line' id='line_1_36' title="bbox 216 1096 1007 1137; baseline -0.001 -9"><span class='ocrx_word' id='word_1_290' title='bbox 216 1101 273 1137; x_wconf 87' lang='lat' dir='ltr'><strong>ipse</strong></span> <span class='ocrx_word' id='word_1_291' title='bbox 287 1099 341 1129; x_wconf 88' lang='lat' dir='ltr'><strong>non</strong></span> <span class='ocrx_word' id='word_1_292' title='bbox 365 1106 417 1134; x_wconf 88' lang='lat' dir='ltr'><strong>est,</strong></span> <span class='ocrx_word' id='word_1_293' title='bbox 432 1101 479 1128; x_wconf 85' lang='lat' dir='ltr'><strong>aut</strong></span> <span class='ocrx_word' id='word_1_294' title='bbox 494 1100 521 1128; x_wconf 79' lang='lat' dir='ltr'><strong>si</strong></span> <span class='ocrx_word' id='word_1_295' title='bbox 542 1100 678 1135; x_wconf 85' lang='lat' dir='ltr'><strong>quippiam</strong></span> <span class='ocrx_word' id='word_1_296' title='bbox 704 1100 728 1127; x_wconf 92' lang='lat' dir='ltr'><strong>ei</strong></span> <span class='ocrx_word' id='word_1_297' title='bbox 752 1099 862 1133; x_wconf 87' lang='lat' dir='ltr'><strong>accidit,</strong></span> <span class='ocrx_word' id='word_1_298' title='bbox 886 1096 1007 1135; x_wconf 65' lang='lat' dir='ltr'><strong>proiectio</strong></span> 
     </span>
    </p>
   </div>
   <div class='ocr_carea' id='block_1_37' title="bbox 214 1141 1008 1182">
    <p class='ocr_par' dir='ltr' id='par_1_37' title="bbox 214 1141 1008 1182">
     <span class='ocr_line' id='line_1_37' title="bbox 214 1141 1008 1182; baseline 0 -9"><span class='ocrx_word' id='word_1_299' title='bbox 214 1143 301 1182; x_wconf 87' lang='lat' dir='ltr'><strong>neque</strong></span> <span class='ocrx_word' id='word_1_300' title='bbox 316 1146 436 1175; x_wconf 79' lang='lat' dir='ltr'><strong>inﬁnitus</strong></span> <span class='ocrx_word' id='word_1_301' title='bbox 451 1142 501 1180; x_wconf 70' lang='lat' dir='ltr'><strong>est,</strong></span> <span class='ocrx_word' id='word_1_302' title='bbox 521 1154 607 1181; x_wconf 90' lang='lat' dir='ltr'><strong>neque</strong></span> <span class='ocrx_word' id='word_1_303' title='bbox 629 1141 763 1181; x_wconf 73' lang='lat' dir='ltr'><strong>simplex;</strong></span> <span class='ocrx_word' id='word_1_304' title='bbox 786 1145 860 1181; x_wconf 88' lang='lat' dir='ltr'><strong>Quod</strong></span> <span class='ocrx_word' id='word_1_305' title='bbox 884 1145 952 1174; x_wconf 78' lang='lat' dir='ltr'><strong>fides</strong></span> <span class='ocrx_word' id='word_1_306' title='bbox 962 1143 1008 1173; x_wconf 76' lang='lat' dir='ltr'><strong>ca-</strong></span> 
     </span>
    </p>
   </div>
   <div class='ocr_carea' id='block_1_38' title="bbox 216 1185 1008 1228">
    <p class='ocr_par' dir='ltr' id='par_1_38' title="bbox 216 1185 1008 1228">
     <span class='ocr_line' id='line_1_38' title="bbox 216 1185 1008 1228; baseline 0 -8"><span class='ocrx_word' id='word_1_307' title='bbox 216 1185 327 1226; x_wconf 71' lang='lat' dir='ltr'><strong>tli&#39;dli&#39;ca,</strong></span> <span class='ocrx_word' id='word_1_308' title='bbox 343 1188 460 1228; x_wconf 82' lang='lat' dir='ltr'><strong>veraque</strong></span> <span class='ocrx_word' id='word_1_309' title='bbox 479 1193 549 1220; x_wconf 80' lang='lat' dir='ltr'><strong>ratio</strong></span> <span class='ocrx_word' id='word_1_310' title='bbox 568 1192 726 1221; x_wconf 80' lang='lat' dir='ltr'><strong>ﬁrmissime</strong></span> <span class='ocrx_word' id='word_1_311' title='bbox 746 1192 871 1228; x_wconf 79' lang='lat' dir='ltr'><strong>denegat.</strong></span> <span class='ocrx_word' id='word_1_312' title='bbox 897 1191 1008 1220; x_wconf 70' lang='lat' dir='ltr'><strong>Fatetur</strong></span> 
     </span>
    </p>
   </div>
   <div class='ocr_carea' id='block_1_39' title="bbox 217 1230 1008 1273">
    <p class='ocr_par' dir='ltr' id='par_1_39' title="bbox 217 1230 1008 1273">
     <span class='ocr_line' id='line_1_39' title="bbox 217 1230 1008 1273; baseline 0.003 -9"><span class='ocrx_word' id='word_1_313' title='bbox 217 1234 291 1265; x_wconf 83' lang='lat' dir='ltr'><strong>enim</strong></span> <span class='ocrx_word' id='word_1_314' title='bbox 314 1230 398 1265; x_wconf 74' lang='lat' dir='ltr'><strong>Deum</strong></span> <span class='ocrx_word' id='word_1_315' title='bbox 413 1237 548 1265; x_wconf 83' lang='lat' dir='ltr'><strong>infinitum</strong></span> <span class='ocrx_word' id='word_1_316' title='bbox 573 1245 642 1270; x_wconf 86' lang='lat' dir='ltr'><strong>esse,</strong></span> <span class='ocrx_word' id='word_1_317' title='bbox 665 1232 861 1273; x_wconf 80' lang='lat' dir='ltr'><strong>plusquequam</strong></span> <span class='ocrx_word' id='word_1_318' title='bbox 876 1238 886 1253; x_wconf 79' lang='grc'>⁸</span> <span class='ocrx_word' id='word_1_319' title='bbox 920 1234 1008 1266; x_wconf 82' lang='lat' dir='ltr'><strong>infini-</strong></span> 
     </span>
    </p>
   </div>
   <div class='ocr_carea' id='block_1_40' title="bbox 216 1274 1007 1321">
    <p class='ocr_par' dir='ltr' id='par_1_40' title="bbox 216 1274 1007 1321">
     <span class='ocr_line' id='line_1_40' title="bbox 216 1274 1007 1321; baseline 0.003 -12"><span class='ocrx_word' id='word_1_320' title='bbox 216 1274 275 1309; x_wconf 82' lang='lat' dir='ltr'><strong>tum</strong></span> <span class='ocrx_word' id='word_1_321' title='bbox 288 1280 519 1321; x_wconf 77' lang='lat' dir='ltr'><strong>;infinitas‘enim&#39;</strong></span> <span class='ocrx_word' id='word_1_322' title='bbox 530 1278 699 1311; x_wconf 60' lang='lat' dir='ltr'><strong>inﬂni&#39;t&#39;orum&#39;</strong></span> <span class='ocrx_word' id='word_1_323' title='bbox 716 1288 757 1311; x_wconf 86' lang='lat' dir='ltr'><strong>est</strong></span> <span class='ocrx_word' id='word_1_324' title='bbox 776 1292 783 1310; x_wconf 85' lang='lat'><strong>:</strong></span> <span class='ocrx_word' id='word_1_325' title='bbox 798 1287 826 1311; x_wconf 91' lang='lat' dir='ltr'><strong>et</strong></span> <span class='ocrx_word' id='word_1_326' title='bbox 848 1283 1007 1319; x_wconf 84' lang='lat' dir='ltr'><strong>simplicem,</strong></span> 
     </span>
    </p>
   </div>
   <div class='ocr_carea' id='block_1_41' title="bbox 215 1323 1009 1364">
    <p class='ocr_par' dir='ltr' id='par_1_41' title="bbox 215 1323 1009 1364">
     <span class='ocr_line' id='line_1_41' title="bbox 215 1323 1009 1364; baseline 0.004 -10"><span class='ocrx_word' id='word_1_327' title='bbox 215 1331 244 1355; x_wconf 90' lang='lat' dir='ltr'><strong>et</strong></span> <span class='ocrx_word' id='word_1_328' title='bbox 272 1327 413 1363; x_wconf 89' lang='lat' dir='ltr'><strong>plusquam</strong></span> <span class='ocrx_word' id='word_1_329' title='bbox 449 1328 624 1364; x_wconf 83' lang='lat' dir='ltr'><strong>simplicem;</strong></span> <span class='ocrx_word' id='word_1_330' title='bbox 655 1324 779 1356; x_wconf 86' lang='lat' dir='ltr'><strong>omnium</strong></span> <span class='ocrx_word' id='word_1_331' title='bbox 804 1329 877 1357; x_wconf 90' lang='lat' dir='ltr'><strong>enim</strong></span> <span class='ocrx_word' id='word_1_332' title='bbox 897 1323 1009 1364; x_wconf 63' lang='lat' dir='ltr'><strong>&#39;simpli-</strong></span> 
     </span>
    </p>
   </div>
   <div class='ocr_carea' id='block_1_42' title="bbox 214 1371 1007 1409">
    <p class='ocr_par' dir='ltr' id='par_1_42' title="bbox 214 1371 1007 1409">
     <span class='ocr_line' id='line_1_42' title="bbox 214 1371 1007 1409; baseline 0.003 -9"><span class='ocrx_word' id='word_1_333' title='bbox 214 1372 285 1400; x_wconf 83' lang='lat' dir='ltr'><strong>cium</strong></span> <span class='ocrx_word' id='word_1_334' title='bbox 312 1373 473 1409; x_wconf 86' lang='lat' dir='ltr'><strong>simplicitas</strong></span> <span class='ocrx_word' id='word_1_335' title='bbox 500 1378 551 1401; x_wconf 91' lang='lat' dir='ltr'><strong>est.</strong></span> <span class='ocrx_word' id='word_1_336' title='bbox 582 1373 616 1401; x_wconf 91' lang='lat' dir='ltr'><strong>Et</strong></span> <span class='ocrx_word' id='word_1_337' title='bbox 647 1373 708 1402; x_wconf 77' lang='lat' dir='ltr'><strong>cum</strong></span> <span class='ocrx_word' id='word_1_338' title='bbox 744 1374 801 1409; x_wconf 90' lang='lat' dir='ltr'><strong>ipso</strong></span> <span class='ocrx_word' id='word_1_339' title='bbox 823 1374 835 1390; x_wconf 86' lang='grc'><strong>⁷</strong></span> <span class='ocrx_word' id='word_1_340' title='bbox 858 1371 925 1402; x_wconf 87' lang='lat' dir='ltr'><strong>nihil</strong></span> <span class='ocrx_word' id='word_1_341' title='bbox 949 1383 1007 1403; x_wconf 84' lang='lat' dir='ltr'><strong>esse</strong></span> 
     </span>
    </p>
   </div>
   <div class='ocr_carea' id='block_1_43' title="bbox 214 1415 1007 1455">
    <p class='ocr_par' dir='ltr' id='par_1_43' title="bbox 214 1415 1007 1455">
     <span class='ocr_line' id='line_1_43' title="bbox 214 1415 1007 1455; baseline 0.005 -10"><span class='ocrx_word' id='word_1_342' title='bbox 214 1417 301 1446; x_wconf 86' lang='lat' dir='ltr'><strong>credit</strong></span> <span class='ocrx_word' id='word_1_343' title='bbox 332 1419 375 1446; x_wconf 92' lang='lat' dir='ltr'><strong>vel</strong></span> <span class='ocrx_word' id='word_1_344' title='bbox 406 1419 542 1455; x_wconf 83' lang='lat' dir='ltr'><strong>intelligit,</strong></span> <span class='ocrx_word' id='word_1_345' title='bbox 565 1419 694 1454; x_wconf 86' lang='lat' dir='ltr'><strong>quoniam</strong></span> <span class='ocrx_word' id='word_1_346' title='bbox 734 1420 791 1455; x_wconf 87' lang='lat' dir='ltr'><strong>ipse</strong></span> <span class='ocrx_word' id='word_1_347' title='bbox 817 1425 858 1448; x_wconf 90' lang='lat' dir='ltr'><strong>est</strong></span> <span class='ocrx_word' id='word_1_348' title='bbox 889 1415 1007 1449; x_wconf 78' lang='lat' dir='ltr'><strong>ambitus</strong></span> 
     </span>
    </p>
   </div>
   <div class='ocr_carea' id='block_1_44' title="bbox 215 1459 1006 1502">
    <p class='ocr_par' dir='ltr' id='par_1_44' title="bbox 215 1459 1006 1502">
     <span class='ocr_line' id='line_1_44' title="bbox 215 1459 1006 1502; baseline 0.006 -12"><span class='ocrx_word' id='word_1_349' title='bbox 215 1464 347 1497; x_wconf 87' lang='lat' dir='ltr'><strong>omnium,</strong></span> <span class='ocrx_word' id='word_1_350' title='bbox 372 1473 440 1500; x_wconf 88' lang='lat' dir='ltr'><strong>quae</strong></span> <span class='ocrx_word' id='word_1_351' title='bbox 468 1470 540 1497; x_wconf 74' lang='lat' dir='ltr'><strong>sunt,</strong></span> <span class='ocrx_word' id='word_1_352' title='bbox 562 1470 587 1492; x_wconf 87' lang='lat' dir='ltr'><strong>et</strong></span> <span class='ocrx_word' id='word_1_353' title='bbox 613 1474 681 1500; x_wconf 87' lang='lat' dir='ltr'><strong>quae</strong></span> <span class='ocrx_word' id='word_1_354' title='bbox 703 1474 753 1493; x_wconf 83' lang='lat' dir='ltr'><strong>non</strong></span> <span class='ocrx_word' id='word_1_355' title='bbox 778 1464 861 1498; x_wconf 79' lang='lat' dir='ltr'><strong>sunt,</strong></span> <span class='ocrx_word' id='word_1_356' title='bbox 886 1459 916 1494; x_wconf 73' lang='lat' dir='ltr'><strong>et&#39;</strong></span> <span class='ocrx_word' id='word_1_357' title='bbox 936 1466 1006 1502; x_wconf 76' lang='lat' dir='ltr'><strong>quae</strong></span> 
     </span>
    </p>
   </div>
   <div class='ocr_carea' id='block_1_45' title="bbox 214 1506 1005 1547">
    <p class='ocr_par' dir='ltr' id='par_1_45' title="bbox 214 1506 1005 1547">
     <span class='ocr_line' id='line_1_45' title="bbox 214 1506 1005 1547; baseline 0.008 -13"><span class='ocrx_word' id='word_1_358' title='bbox 214 1514 277 1535; x_wconf 89' lang='lat' dir='ltr'><strong>esse</strong></span> <span class='ocrx_word' id='word_1_359' title='bbox 290 1514 413 1542; x_wconf 87' lang='lat' dir='ltr'><strong>possunt,</strong></span> <span class='ocrx_word' id='word_1_360' title='bbox 431 1515 458 1537; x_wconf 91' lang='lat' dir='ltr'><strong>et</strong></span> <span class='ocrx_word' id='word_1_361' title='bbox 473 1518 542 1543; x_wconf 82' lang='lat' dir='ltr'><strong>quae</strong></span> <span class='ocrx_word' id='word_1_362' title='bbox 557 1518 616 1538; x_wconf 86' lang='lat' dir='ltr'><strong>esse</strong></span> <span class='ocrx_word' id='word_1_363' title='bbox 629 1520 680 1539; x_wconf 90' lang='lat' dir='ltr'><strong>non</strong></span> <span class='ocrx_word' id='word_1_364' title='bbox 697 1516 818 1546; x_wconf 83' lang='lat' dir='ltr'><strong>possunt,</strong></span> <span class='ocrx_word' id='word_1_365' title='bbox 841 1518 868 1539; x_wconf 88' lang='lat' dir='ltr'><strong>et</strong></span> <span class='ocrx_word' id='word_1_366' title='bbox 889 1506 958 1547; x_wconf 70' lang='lat' dir='ltr'><strong>Quae</strong></span> <span class='ocrx_word' id='word_1_367' title='bbox 979 1513 1005 1541; x_wconf 92' lang='lat' dir='ltr'><strong>ei</strong></span> 
     </span>
    </p>
   </div>
   <div class='ocr_carea' id='block_1_46' title="bbox 216 1554 1004 1590">
    <p class='ocr_par' dir='ltr' id='par_1_46' title="bbox 216 1554 1004 1590">
     <span class='ocr_line' id='line_1_46' title="bbox 216 1554 1004 1590; baseline 0.01 -12"><span class='ocrx_word' id='word_1_368' title='bbox 216 1559 262 1579; x_wconf 88' lang='lat' dir='ltr'><strong>seu</strong></span> <span class='ocrx_word' id='word_1_369' title='bbox 276 1554 286 1568; x_wconf 71' lang='grc'><strong>⁸</strong></span> <span class='ocrx_word' id='word_1_370' title='bbox 301 1554 437 1582; x_wconf 83' lang='lat' dir='ltr'><strong>contraria</strong></span> <span class='ocrx_word' id='word_1_371' title='bbox 452 1562 498 1582; x_wconf 83' lang='lat' dir='ltr'><strong>seu</strong></span> <span class='ocrx_word' id='word_1_372' title='bbox 514 1556 635 1590; x_wconf 83' lang='lat' dir='ltr'><strong>opposita</strong></span> <span class='ocrx_word' id='word_1_373' title='bbox 659 1557 782 1584; x_wconf 80' lang='lat' dir='ltr'><strong>videntur</strong></span> <span class='ocrx_word' id='word_1_374' title='bbox 807 1565 876 1590; x_wconf 85' lang='lat' dir='ltr'><strong>esse,</strong></span> <span class='ocrx_word' id='word_1_375' title='bbox 897 1562 927 1585; x_wconf 90' lang='lat' dir='ltr'><strong>ut</strong></span> <span class='ocrx_word' id='word_1_376' title='bbox 950 1567 1004 1586; x_wconf 93' lang='lat' dir='ltr'><strong>non</strong></span> 
     </span>
    </p>
   </div>
   <div class='ocr_carea' id='block_1_47' title="bbox 216 1597 1004 1638">
    <p class='ocr_par' dir='ltr' id='par_1_47' title="bbox 216 1597 1004 1638">
     <span class='ocr_line' id='line_1_47' title="bbox 216 1597 1004 1638; baseline 0.009 -13"><span class='ocrx_word' id='word_1_377' title='bbox 216 1597 304 1626; x_wconf 86' lang='lat' dir='ltr'><strong>dicam</strong></span> <span class='ocrx_word' id='word_1_378' title='bbox 323 1599 420 1627; x_wconf 86' lang='lat' dir='ltr'><strong>similia</strong></span> <span class='ocrx_word' id='word_1_379' title='bbox 439 1606 467 1628; x_wconf 93' lang='lat' dir='ltr'><strong>et</strong></span> <span class='ocrx_word' id='word_1_380' title='bbox 479 1602 626 1629; x_wconf 78' lang='lat' dir='ltr'><strong>dissimilia.</strong></span> <span class='ocrx_word' id='word_1_381' title='bbox 647 1603 693 1630; x_wconf 84' lang='lat' dir='ltr'><strong>Est</strong></span> <span class='ocrx_word' id='word_1_382' title='bbox 709 1603 779 1630; x_wconf 86' lang='lat' dir='ltr'><strong>enim</strong></span> <span class='ocrx_word' id='word_1_383' title='bbox 804 1604 860 1638; x_wconf 80' lang='lat' dir='ltr'><strong>ipse</strong></span> <span class='ocrx_word' id='word_1_384' title='bbox 874 1604 1004 1632; x_wconf 89' lang='lat' dir='ltr'><strong>similium</strong></span> 
     </span>
    </p>
   </div>
   <div class='ocr_carea' id='block_1_48' title="bbox 1058 1003 1849 1045">
    <p class='ocr_par' dir='ltr' id='par_1_48' title="bbox 1058 1003 1849 1045">
     <span class='ocr_line' id='line_1_48' title="bbox 1058 1003 1849 1045; baseline 0.001 -9"><span class='ocrx_word' id='word_1_385' title='bbox 1058 1007 1150 1044; x_wconf 84' lang='lat' dir='ltr'><strong>ipsius,</strong></span> <span class='ocrx_word' id='word_1_386' title='bbox 1166 1008 1246 1036; x_wconf 92' lang='lat' dir='ltr'><strong>unius</strong></span> <span class='ocrx_word' id='word_1_387' title='bbox 1260 1007 1309 1043; x_wconf 66' lang='lat' dir='ltr'><strong>qui&#39;</strong></span> <span class='ocrx_word' id='word_1_388' title='bbox 1319 1007 1392 1036; x_wconf 87' lang='lat' dir='ltr'><strong>solus</strong></span> <span class='ocrx_word' id='word_1_389' title='bbox 1404 1017 1452 1045; x_wconf 83' lang='lat' dir='ltr'><strong>per</strong></span> <span class='ocrx_word' id='word_1_390' title='bbox 1466 1009 1584 1045; x_wconf 90' lang='lat' dir='ltr'><strong>seipsum</strong></span> <span class='ocrx_word' id='word_1_391' title='bbox 1597 1003 1665 1037; x_wconf 51' lang='lat' dir='ltr'><strong>vere&#39;</strong></span> <span class='ocrx_word' id='word_1_392' title='bbox 1678 1003 1701 1025; x_wconf 49' lang='grc'><strong>¹⁷’</strong></span> <span class='ocrx_word' id='word_1_393' title='bbox 1713 1015 1763 1043; x_wconf 90' lang='lat' dir='ltr'><strong>est,</strong></span> <span class='ocrx_word' id='word_1_394' title='bbox 1777 1011 1849 1038; x_wconf 87' lang='lat' dir='ltr'><strong>acci-</strong></span> 
     </span>
    </p>
   </div>
   <div class='ocr_carea' id='block_1_49' title="bbox 1057 1048 1848 1092">
    <p class='ocr_par' dir='ltr' id='par_1_49' title="bbox 1057 1048 1848 1092">
     <span class='ocr_line' id='line_1_49' title="bbox 1057 1048 1848 1092; baseline 0.005 -12"><span class='ocrx_word' id='word_1_395' title='bbox 1057 1053 1106 1089; x_wconf 90' lang='lat' dir='ltr'><strong>pit.</strong></span> <span class='ocrx_word' id='word_1_396' title='bbox 1118 1053 1190 1082; x_wconf 83' lang='lat' dir='ltr'><strong>DISC.</strong></span> <span class='ocrx_word' id='word_1_397' title='bbox 1202 1053 1256 1080; x_wconf 84' lang='lat' dir='ltr'><strong>Nec</strong></span> <span class='ocrx_word' id='word_1_398' title='bbox 1269 1054 1319 1082; x_wconf 89' lang='lat' dir='ltr'><strong>hoc</strong></span> <span class='ocrx_word' id='word_1_399' title='bbox 1331 1062 1430 1090; x_wconf 85' lang='lat' dir='ltr'><strong>negare</strong></span> <span class='ocrx_word' id='word_1_400' title='bbox 1451 1048 1543 1082; x_wconf 81' lang='lat' dir='ltr'><strong>velim.</strong></span> <span class='ocrx_word' id='word_1_401' title='bbox 1556 1049 1624 1082; x_wconf 76' lang='lat' dir='ltr'><strong>MAG.</strong></span> <span class='ocrx_word' id='word_1_402' title='bbox 1637 1051 1759 1084; x_wconf 81' lang='lat' dir='ltr'><strong>Videsne</strong></span> <span class='ocrx_word' id='word_1_403' title='bbox 1773 1064 1848 1092; x_wconf 78' lang='lat' dir='ltr'><strong>ergo,</strong></span> 
     </span>
    </p>
   </div>
   <div class='ocr_carea' id='block_1_50' title="bbox 1058 1094 1849 1141">
    <p class='ocr_par' dir='ltr' id='par_1_50' title="bbox 1058 1094 1849 1141">
     <span class='ocr_line' id='line_1_50' title="bbox 1058 1094 1849 1141; baseline 0.006 -16"><span class='ocrx_word' id='word_1_404' title='bbox 1058 1098 1286 1133; x_wconf 53' lang='lat' dir='ltr'><strong>quemadmoduui‘</strong></span> <span class='ocrx_word' id='word_1_405' title='bbox 1299 1098 1366 1141; x_wconf 66' lang='lat' dir='ltr'><strong>vera</strong></span> <span class='ocrx_word' id='word_1_406' title='bbox 1384 1098 1457 1128; x_wconf 82' lang='lat' dir='ltr'><strong>ratio</strong></span> <span class='ocrx_word' id='word_1_407' title='bbox 1472 1098 1640 1141; x_wconf 70' lang='lat' dir='ltr'><strong>categoriam</strong></span> <span class='ocrx_word' id='word_1_408' title='bbox 1654 1094 1769 1141; x_wconf 78' lang='lat' dir='ltr'><strong>faciendi</strong></span> <span class='ocrx_word' id='word_1_409' title='bbox 1785 1109 1798 1141; x_wconf 51' lang='grc' dir='ltr'>ξ</span> <span class='ocrx_word' id='word_1_410' title='bbox 1814 1110 1849 1130; x_wconf 80' lang='lat' dir='ltr'><strong>ex</strong></span> 
     </span>
    </p>
   </div>
   <div class='ocr_carea' id='block_1_51' title="bbox 1058 1138 1848 1186">
    <p class='ocr_par' dir='ltr' id='par_1_51' title="bbox 1058 1138 1848 1186">
     <span class='ocr_line' id='line_1_51' title="bbox 1058 1138 1848 1186; baseline 0.006 -15"><span class='ocrx_word' id='word_1_411' title='bbox 1058 1149 1155 1172; x_wconf 89' lang='lat' dir='ltr'><strong>natura</strong></span> <span class='ocrx_word' id='word_1_412' title='bbox 1171 1145 1261 1173; x_wconf 91' lang='lat' dir='ltr'><strong>divina</strong></span> <span class='ocrx_word' id='word_1_413' title='bbox 1282 1138 1390 1181; x_wconf 79' lang='lat' dir='ltr'><strong>penitus</strong></span> <span class='ocrx_word' id='word_1_414' title='bbox 1415 1138 1556 1186; x_wconf 41' lang='lat' dir='ltr'><strong>segregat,</strong></span> <span class='ocrx_word' id='word_1_415' title='bbox 1570 1138 1803 1183; x_wconf 65' lang='lat' dir='ltr'><strong>mutabilibuSQUe</strong></span> <span class='ocrx_word' id='word_1_416' title='bbox 1817 1156 1848 1176; x_wconf 79' lang='lat' dir='ltr'><strong>ac</strong></span> 
     </span>
    </p>
   </div>
   <div class='ocr_carea' id='block_1_52' title="bbox 1058 1188 1847 1227">
    <p class='ocr_par' dir='ltr' id='par_1_52' title="bbox 1058 1188 1847 1227">
     <span class='ocr_line' id='line_1_52' title="bbox 1058 1188 1847 1227; baseline 0.003 -7"><span class='ocrx_word' id='word_1_417' title='bbox 1058 1191 1261 1227; x_wconf 85' lang='lat' dir='ltr'><strong>temporalibus,</strong></span> <span class='ocrx_word' id='word_1_418' title='bbox 1283 1189 1470 1227; x_wconf 84' lang='lat' dir='ltr'><strong>principioque</strong></span> <span class='ocrx_word' id='word_1_419' title='bbox 1489 1201 1520 1220; x_wconf 90' lang='lat' dir='ltr'><strong>ac</strong></span> <span class='ocrx_word' id='word_1_420' title='bbox 1545 1191 1598 1221; x_wconf 83' lang='lat' dir='ltr'><strong>line</strong></span> <span class='ocrx_word' id='word_1_421' title='bbox 1615 1188 1709 1221; x_wconf 80' lang='lat' dir='ltr'><strong>carere</strong></span> <span class='ocrx_word' id='word_1_422' title='bbox 1722 1202 1776 1222; x_wconf 90' lang='lat' dir='ltr'><strong>non</strong></span> <span class='ocrx_word' id='word_1_423' title='bbox 1801 1202 1847 1222; x_wconf 85' lang='lat' dir='ltr'><strong>va-</strong></span> 
     </span>
    </p>
   </div>
   <div class='ocr_carea' id='block_1_53' title="bbox 1058 1236 1847 1276">
    <p class='ocr_par' dir='ltr' id='par_1_53' title="bbox 1058 1236 1847 1276">
     <span class='ocr_line' id='line_1_53' title="bbox 1058 1236 1847 1276; baseline 0.005 -12"><span class='ocrx_word' id='word_1_424' title='bbox 1058 1237 1174 1265; x_wconf 91' lang='lat' dir='ltr'><strong>lentibus</strong></span> <span class='ocrx_word' id='word_1_425' title='bbox 1183 1238 1338 1266; x_wconf 83' lang='lat' dir='ltr'><strong>distribuit?</strong></span> <span class='ocrx_word' id='word_1_426' title='bbox 1348 1236 1419 1266; x_wconf 82' lang='lat' dir='ltr'><strong>Dtsc.</strong></span> <span class='ocrx_word' id='word_1_427' title='bbox 1435 1238 1491 1266; x_wconf 84' lang='lat' dir='ltr'><strong>Hoc</strong></span> <span class='ocrx_word' id='word_1_428' title='bbox 1501 1247 1607 1274; x_wconf 88' lang='lat' dir='ltr'><strong>quoque</strong></span> <span class='ocrx_word' id='word_1_429' title='bbox 1618 1239 1690 1268; x_wconf 90' lang='lat' dir='ltr'><strong>clare</strong></span> <span class='ocrx_word' id='word_1_430' title='bbox 1699 1240 1847 1276; x_wconf 88' lang='lat' dir='ltr'><strong>perspicio;</strong></span> 
     </span>
    </p>
   </div>
   <div class='ocr_carea' id='block_1_54' title="bbox 1059 1279 1848 1320">
    <p class='ocr_par' dir='ltr' id='par_1_54' title="bbox 1059 1279 1848 1320">
     <span class='ocr_line' id='line_1_54' title="bbox 1059 1279 1848 1320; baseline 0.005 -9"><span class='ocrx_word' id='word_1_431' title='bbox 1059 1284 1087 1311; x_wconf 82' lang='lat' dir='ltr'><strong>et</strong></span> <span class='ocrx_word' id='word_1_432' title='bbox 1101 1283 1158 1318; x_wconf 91' lang='lat' dir='ltr'><strong>jam</strong></span> <span class='ocrx_word' id='word_1_433' title='bbox 1174 1284 1196 1299; x_wconf 82' lang='grc'><strong>¹⁸</strong></span> <span class='ocrx_word' id='word_1_434' title='bbox 1207 1291 1278 1311; x_wconf 91' lang='lat' dir='ltr'><strong>nunc</strong></span> <span class='ocrx_word' id='word_1_435' title='bbox 1294 1283 1395 1311; x_wconf 80' lang='lat' dir='ltr'><strong>milium</strong></span> <span class='ocrx_word' id='word_1_436' title='bbox 1410 1281 1618 1320; x_wconf 60' lang='lat' dir='ltr'><strong>categoriam&#39;in</strong></span> <span class='ocrx_word' id='word_1_437' title='bbox 1634 1279 1718 1315; x_wconf 85' lang='lat' dir='ltr'><strong>Deum</strong></span> <span class='ocrx_word' id='word_1_438' title='bbox 1742 1286 1848 1319; x_wconf 81' lang='lat' dir='ltr'><strong>cadere,</strong></span> 
     </span>
    </p>
   </div>
   <div class='ocr_carea' id='block_1_55' title="bbox 1059 1328 1389 1365">
    <p class='ocr_par' dir='ltr' id='par_1_55' title="bbox 1059 1328 1389 1365">
     <span class='ocr_line' id='line_1_55' title="bbox 1059 1328 1389 1365; baseline 0.003 -10"><span class='ocrx_word' id='word_1_439' title='bbox 1059 1328 1246 1356; x_wconf 87' lang='lat' dir='ltr'><strong>incunctanter</strong></span> <span class='ocrx_word' id='word_1_440' title='bbox 1262 1329 1389 1365; x_wconf 79' lang='lat' dir='ltr'><strong>intelligo.</strong></span> 
     </span>
    </p>
   </div>
   <div class='ocr_carea' id='block_1_56' title="bbox 1093 1412 1846 1453">
    <p class='ocr_par' dir='ltr' id='par_1_56' title="bbox 1093 1412 1846 1453">
     <span class='ocr_line' id='line_1_56' title="bbox 1093 1412 1846 1453; baseline 0.015 -11"><span class='ocrx_word' id='word_1_441' title='bbox 1093 1415 1137 1443; x_wconf 76' lang='grc'><strong>75.</strong></span> <span class='ocrx_word' id='word_1_442' title='bbox 1158 1415 1228 1450; x_wconf 86' lang='lat' dir='ltr'><strong>Quid</strong></span> <span class='ocrx_word' id='word_1_443' title='bbox 1241 1416 1340 1451; x_wconf 82' lang='lat' dir='ltr'><strong>igitur?</strong></span> <span class='ocrx_word' id='word_1_444' title='bbox 1352 1412 1420 1445; x_wconf 71' lang='lat' dir='ltr'><strong>Nam</strong></span> <span class='ocrx_word' id='word_1_445' title='bbox 1439 1420 1533 1447; x_wconf 86' lang='lat' dir='ltr'><strong>eadem</strong></span> <span class='ocrx_word' id='word_1_446' title='bbox 1549 1421 1652 1449; x_wconf 87' lang='lat' dir='ltr'><strong>ratione</strong></span> <span class='ocrx_word' id='word_1_447' title='bbox 1665 1421 1793 1453; x_wconf 84' lang='lat' dir='ltr'><strong>debemus</strong></span> <span class='ocrx_word' id='word_1_448' title='bbox 1807 1426 1846 1453; x_wconf 89' lang='lat' dir='ltr'><strong>in-</strong></span> 
     </span>
    </p>
   </div>
   <div class='ocr_carea' id='block_1_57' title="bbox 1058 1461 1847 1506">
    <p class='ocr_par' dir='ltr' id='par_1_57' title="bbox 1058 1461 1847 1506">
     <span class='ocr_line' id='line_1_57' title="bbox 1058 1461 1847 1506; baseline 0.015 -18"><span class='ocrx_word' id='word_1_449' title='bbox 1058 1461 1161 1497; x_wconf 89' lang='lat' dir='ltr'><strong>spicere</strong></span> <span class='ocrx_word' id='word_1_450' title='bbox 1177 1463 1297 1490; x_wconf 92' lang='lat' dir='ltr'><strong>omnium</strong></span> <span class='ocrx_word' id='word_1_451' title='bbox 1320 1464 1464 1492; x_wconf 89' lang='lat' dir='ltr'><strong>verborum</strong></span> <span class='ocrx_word' id='word_1_452' title='bbox 1478 1486 1485 1499; x_wconf 90' lang='lat'><strong>,</strong></span> <span class='ocrx_word' id='word_1_453' title='bbox 1508 1474 1576 1501; x_wconf 83' lang='lat' dir='ltr'><strong>quae</strong></span> <span class='ocrx_word' id='word_1_454' title='bbox 1607 1464 1684 1496; x_wconf 81' lang='lat' dir='ltr'><strong>sacra</strong></span> <span class='ocrx_word' id='word_1_455' title='bbox 1708 1469 1847 1506; x_wconf 78' lang='lat' dir='ltr'><strong>Scriptura</strong></span> 
     </span>
    </p>
   </div>
   <div class='ocr_carea' id='block_1_58' title="bbox 1058 1507 1847 1548">
    <p class='ocr_par' dir='ltr' id='par_1_58' title="bbox 1058 1507 1847 1548">
     <span class='ocr_line' id='line_1_58' title="bbox 1058 1507 1847 1548; baseline 0.016 -15"><span class='ocrx_word' id='word_1_456' title='bbox 1058 1507 1091 1534; x_wconf 90' lang='lat' dir='ltr'><strong>de</strong></span> <span class='ocrx_word' id='word_1_457' title='bbox 1106 1507 1196 1535; x_wconf 85' lang='lat' dir='ltr'><strong>divina</strong></span> <span class='ocrx_word' id='word_1_458' title='bbox 1221 1507 1322 1536; x_wconf 82' lang='lat' dir='ltr'><strong>natura</strong></span> <span class='ocrx_word' id='word_1_459' title='bbox 1337 1507 1488 1545; x_wconf 76' lang='lat' dir='ltr'><strong>praedicat,</strong></span> <span class='ocrx_word' id='word_1_460' title='bbox 1509 1512 1646 1548; x_wconf 70' lang='lat' dir='ltr'><strong>virtutem,</strong></span> <span class='ocrx_word' id='word_1_461' title='bbox 1668 1521 1697 1543; x_wconf 93' lang='lat' dir='ltr'><strong>ut</strong></span> <span class='ocrx_word' id='word_1_462' title='bbox 1718 1510 1754 1544; x_wconf 78' lang='lat' dir='ltr'><strong>iiii</strong></span> <span class='ocrx_word' id='word_1_463' title='bbox 1776 1519 1847 1546; x_wconf 87' lang='lat' dir='ltr'><strong>aliud</strong></span> 
     </span>
    </p>
   </div>
   <div class='ocr_carea' id='block_1_59' title="bbox 1057 1549 1846 1596">
    <p class='ocr_par' dir='ltr' id='par_1_59' title="bbox 1057 1549 1846 1596">
     <span class='ocr_line' id='line_1_59' title="bbox 1057 1549 1846 1596; baseline 0.016 -18"><span class='ocrx_word' id='word_1_464' title='bbox 1057 1558 1105 1588; x_wconf 86' lang='lat' dir='ltr'><strong>per</strong></span> <span class='ocrx_word' id='word_1_465' title='bbox 1130 1560 1161 1580; x_wconf 86' lang='lat' dir='ltr'><strong>ca</strong></span> <span class='ocrx_word' id='word_1_466' title='bbox 1176 1552 1351 1583; x_wconf 76' lang='lat' dir='ltr'><strong>aestimemus</strong></span> <span class='ocrx_word' id='word_1_467' title='bbox 1364 1549 1521 1591; x_wconf 76' lang='lat' dir='ltr'><strong>signiﬁcari,</strong></span> <span class='ocrx_word' id='word_1_468' title='bbox 1545 1551 1654 1594; x_wconf 70' lang='lat' dir='ltr'><strong>praeter</strong></span> <span class='ocrx_word' id='word_1_469' title='bbox 1674 1557 1760 1596; x_wconf 79' lang='lat' dir='ltr'><strong>ipsam</strong></span> <span class='ocrx_word' id='word_1_470' title='bbox 1782 1564 1846 1591; x_wconf 85' lang='lat' dir='ltr'><strong>sim-</strong></span> 
     </span>
    </p>
   </div>
   <div class='ocr_carea' id='block_1_60' title="bbox 1057 1596 1847 1645">
    <p class='ocr_par' dir='ltr' id='par_1_60' title="bbox 1057 1596 1847 1645">
     <span class='ocr_line' id='line_1_60' title="bbox 1057 1596 1847 1645; baseline 0.016 -21"><span class='ocrx_word' id='word_1_471' title='bbox 1057 1597 1164 1632; x_wconf 82' lang='lat' dir='ltr'><strong>pliccm,</strong></span> <span class='ocrx_word' id='word_1_472' title='bbox 1199 1599 1447 1640; x_wconf 86' lang='lat' dir='ltr'><strong>incommutabilem</strong></span> <span class='ocrx_word' id='word_1_473' title='bbox 1463 1623 1470 1635; x_wconf 94' lang='lat'><strong>,</strong></span> <span class='ocrx_word' id='word_1_474' title='bbox 1495 1596 1847 1645; x_wconf 75' lang='lat' dir='ltr'><strong>incomprehensibilemque</strong></span> 
     </span>
    </p>
   </div>
   <div class='ocr_carea' id='block_1_61' title="bbox 215 1639 1005 1684">
    <p class='ocr_par' dir='ltr' id='par_1_61' title="bbox 215 1643 1003 1684">
     <span class='ocr_line' id='line_1_61' title="bbox 215 1643 1003 1684; baseline 0.009 -13"><span class='ocrx_word' id='word_1_475' title='bbox 215 1643 406 1678; x_wconf 49' lang='lat' dir='ltr'><strong>similitudoget</strong></span> <span class='ocrx_word' id='word_1_476' title='bbox 417 1645 602 1675; x_wconf 86' lang='lat' dir='ltr'><strong>dissimilitudo</strong></span> <span class='ocrx_word' id='word_1_477' title='bbox 612 1648 790 1681; x_wconf 79' lang='lat' dir='ltr'><strong>dissimilium,</strong></span> <span class='ocrx_word' id='word_1_478' title='bbox 801 1646 984 1684; x_wconf 80' lang='lat' dir='ltr'><strong>oppositornm</strong></span> <span class='ocrx_word' id='word_1_479' title='bbox 993 1651 1003 1666; x_wconf 80' lang='grc'>⁹</span> 
     </span>
    </p>
   </div>
   <div class='ocr_carea' id='block_1_62' title="bbox 1056 1639 1844 1684">
    <p class='ocr_par' dir='ltr' id='par_1_62' title="bbox 1057 1639 1844 1683">
     <span class='ocr_line' id='line_1_62' title="bbox 1057 1639 1844 1683; baseline 0.015 -13"><span class='ocrx_word' id='word_1_480' title='bbox 1057 1644 1130 1671; x_wconf 88' lang='lat' dir='ltr'><strong>omni</strong></span> <span class='ocrx_word' id='word_1_481' title='bbox 1147 1639 1289 1673; x_wconf 66' lang='lat' dir='ltr'><strong>intellectu</strong></span> <span class='ocrx_word' id='word_1_482' title='bbox 1303 1654 1335 1674; x_wconf 91' lang='lat' dir='ltr'><strong>ac</strong></span> <span class='ocrx_word' id='word_1_483' title='bbox 1354 1643 1551 1683; x_wconf 72' lang='lat' dir='ltr'><strong>signiﬁcatiOne</strong></span> <span class='ocrx_word' id='word_1_484' title='bbox 1569 1650 1686 1679; x_wconf 81' lang='lat' dir='ltr'><strong>divinam</strong></span> <span class='ocrx_word' id='word_1_485' title='bbox 1699 1639 1844 1683; x_wconf 63' lang='lat' dir='ltr'><strong>essentiam</strong></span> 
     </span>
    </p>
   </div>
   <div class='ocr_carea' id='block_1_63' title="bbox 212 1691 1003 1726">
    <p class='ocr_par' dir='ltr' id='par_1_63' title="bbox 212 1691 1003 1726">
     <span class='ocr_line' id='line_1_63' title="bbox 212 1691 1003 1726; baseline 0.011 -9"><span class='ocrx_word' id='word_1_486' title='bbox 212 1691 365 1725; x_wconf 87' lang='lat' dir='ltr'><strong>oppositio,</strong></span> <span class='ocrx_word' id='word_1_487' title='bbox 403 1697 429 1720; x_wconf 92' lang='lat' dir='ltr'><strong>et</strong></span> <span class='ocrx_word' id='word_1_488' title='bbox 465 1696 663 1722; x_wconf 86' lang='lat' dir='ltr'><strong>contrariorum</strong></span> <span class='ocrx_word' id='word_1_489' title='bbox 701 1697 888 1725; x_wconf 84' lang='lat' dir='ltr'><strong>contrarietas.</strong></span> <span class='ocrx_word' id='word_1_490' title='bbox 929 1696 1003 1726; x_wconf 87' lang='lat' dir='ltr'><strong>Haec</strong></span> 
     </span>
    </p>
   </div>
   <div class='ocr_carea' id='block_1_64' title="bbox 212 1734 1003 1777">
    <p class='ocr_par' dir='ltr' id='par_1_64' title="bbox 212 1734 1003 1777">
     <span class='ocr_line' id='line_1_64' title="bbox 212 1734 1003 1777; baseline 0.011 -14"><span class='ocrx_word' id='word_1_491' title='bbox 212 1734 388 1765; x_wconf 52' lang='lat' dir='ltr'><strong>enim&#39;omnia</strong></span> <span class='ocrx_word' id='word_1_492' title='bbox 397 1738 508 1773; x_wconf 89' lang='lat' dir='ltr'><strong>pulchra</strong></span> <span class='ocrx_word' id='word_1_493' title='bbox 520 1740 702 1777; x_wconf 77' lang='lat' dir='ltr'><strong>ineti&#39;abilique</strong></span> <span class='ocrx_word' id='word_1_494' title='bbox 718 1743 864 1771; x_wconf 85' lang='lat' dir='ltr'><strong>harmonia</strong></span> <span class='ocrx_word' id='word_1_495' title='bbox 878 1744 904 1771; x_wconf 91' lang='lat' dir='ltr'><strong>in</strong></span> <span class='ocrx_word' id='word_1_496' title='bbox 921 1753 1003 1772; x_wconf 88' lang='lat' dir='ltr'><strong>unam</strong></span> 
     </span>
    </p>
   </div>
   <div class='ocr_carea' id='block_1_65' title="bbox 213 1781 1003 1826">
    <p class='ocr_par' dir='ltr' id='par_1_65' title="bbox 213 1781 1003 1826">
     <span class='ocr_line' id='line_1_65' title="bbox 213 1781 1003 1826; baseline 0.011 -16"><span class='ocrx_word' id='word_1_497' title='bbox 213 1781 382 1812; x_wconf 84' lang='lat' dir='ltr'><strong>concordiam</strong></span> <span class='ocrx_word' id='word_1_498' title='bbox 400 1786 421 1801; x_wconf 87' lang='grc'><strong>¹⁰</strong></span> <span class='ocrx_word' id='word_1_499' title='bbox 435 1786 536 1822; x_wconf 81' lang='lat' dir='ltr'><strong>colligit</strong></span> <span class='ocrx_word' id='word_1_500' title='bbox 549 1793 629 1823; x_wconf 90' lang='lat' dir='ltr'><strong>atque</strong></span> <span class='ocrx_word' id='word_1_501' title='bbox 643 1791 790 1825; x_wconf 89' lang='lat' dir='ltr'><strong>componit.</strong></span> <span class='ocrx_word' id='word_1_502' title='bbox 812 1787 884 1818; x_wconf 76' lang='lat' dir='ltr'><strong>Nam</strong></span> <span class='ocrx_word' id='word_1_503' title='bbox 895 1799 963 1826; x_wconf 89' lang='lat' dir='ltr'><strong>quae</strong></span> <span class='ocrx_word' id='word_1_504' title='bbox 977 1792 1003 1819; x_wconf 89' lang='lat' dir='ltr'><strong>in</strong></span> 
     </span>
    </p>
   </div>
   <div class='ocr_carea' id='block_1_66' title="bbox 213 1828 1003 1870">
    <p class='ocr_par' dir='ltr' id='par_1_66' title="bbox 213 1828 1003 1870">
     <span class='ocr_line' id='line_1_66' title="bbox 213 1828 1003 1870; baseline 0.01 -14"><span class='ocrx_word' id='word_1_505' title='bbox 213 1830 333 1865; x_wconf 86' lang='lat' dir='ltr'><strong>partibus</strong></span> <span class='ocrx_word' id='word_1_506' title='bbox 348 1828 533 1860; x_wconf 83' lang='lat' dir='ltr'><strong>universitatis</strong></span> <span class='ocrx_word' id='word_1_507' title='bbox 557 1835 678 1870; x_wconf 85' lang='lat' dir='ltr'><strong>opposita</strong></span> <span class='ocrx_word' id='word_1_508' title='bbox 699 1836 807 1864; x_wconf 89' lang='lat' dir='ltr'><strong>sibimet</strong></span> <span class='ocrx_word' id='word_1_509' title='bbox 819 1833 943 1864; x_wconf 84' lang='lat' dir='ltr'><strong>videntur</strong></span> <span class='ocrx_word' id='word_1_510' title='bbox 964 1842 1003 1865; x_wconf 88' lang='lat' dir='ltr'><strong>at-</strong></span> 
     </span>
    </p>
   </div>
   <div class='ocr_carea' id='block_1_67' title="bbox 214 1877 1010 1915">
    <p class='ocr_par' dir='ltr' id='par_1_67' title="bbox 214 1877 1010 1915">
     <span class='ocr_line' id='line_1_67' title="bbox 214 1877 1010 1915; baseline 0.011 -13"><span class='ocrx_word' id='word_1_511' title='bbox 214 1883 265 1910; x_wconf 89' lang='lat' dir='ltr'><strong>que</strong></span> <span class='ocrx_word' id='word_1_512' title='bbox 284 1877 420 1906; x_wconf 79' lang='lat' dir='ltr'><strong>centraria</strong></span> <span class='ocrx_word' id='word_1_513' title='bbox 443 1883 469 1906; x_wconf 88' lang='lat' dir='ltr'><strong>et</strong></span> <span class='ocrx_word' id='word_1_514' title='bbox 488 1887 503 1906; x_wconf 88' lang='lat' dir='ltr'><strong>a</strong></span> <span class='ocrx_word' id='word_1_515' title='bbox 523 1888 552 1907; x_wconf 87' lang='lat' dir='ltr'><strong>se</strong></span> <span class='ocrx_word' id='word_1_516' title='bbox 578 1882 694 1909; x_wconf 88' lang='lat' dir='ltr'><strong>invicem</strong></span> <span class='ocrx_word' id='word_1_517' title='bbox 714 1879 834 1915; x_wconf 83' lang='lat' dir='ltr'><strong>dissona,</strong></span> <span class='ocrx_word' id='word_1_518' title='bbox 860 1878 923 1911; x_wconf 87' lang='lat' dir='ltr'><strong>dum</strong></span> <span class='ocrx_word' id='word_1_519' title='bbox 939 1885 957 1899; x_wconf 89' lang='lat'>”</span> <span class='ocrx_word' id='word_1_520' title='bbox 976 1884 1010 1911; x_wconf 47' lang='lat' dir='ltr'><strong>in&#39;</strong></span> 
     </span>
    </p>
   </div>
   <div class='ocr_carea' id='block_1_68' title="bbox 214 1921 1005 1961">
    <p class='ocr_par' dir='ltr' id='par_1_68' title="bbox 214 1921 1005 1961">
     <span class='ocr_line' id='line_1_68' title="bbox 214 1921 1005 1961; baseline 0.013 -14"><span class='ocrx_word' id='word_1_521' title='bbox 214 1921 414 1956; x_wconf 62' lang='lat' dir='ltr'><strong>generali&#39;s’sima</strong></span> <span class='ocrx_word' id='word_1_522' title='bbox 440 1921 523 1961; x_wconf 83' lang='lat' dir='ltr'><strong>ipsius</strong></span> <span class='ocrx_word' id='word_1_523' title='bbox 544 1924 727 1956; x_wconf 84' lang='lat' dir='ltr'><strong>univcrsitatis</strong></span> <span class='ocrx_word' id='word_1_524' title='bbox 751 1929 891 1956; x_wconf 87' lang='lat' dir='ltr'><strong>harmonia</strong></span> <span class='ocrx_word' id='word_1_525' title='bbox 916 1929 1005 1958; x_wconf 80' lang='lat' dir='ltr'><strong>eousi-</strong></span> 
     </span>
    </p>
   </div>
   <div class='ocr_carea' id='block_1_69' title="bbox 216 1965 1002 2009">
    <p class='ocr_par' dir='ltr' id='par_1_69' title="bbox 216 1965 1002 2009">
     <span class='ocr_line' id='line_1_69' title="bbox 216 1965 1002 2009; baseline 0.013 -17"><span class='ocrx_word' id='word_1_526' title='bbox 216 1965 345 1994; x_wconf 84' lang='lat' dir='ltr'><strong>derantur&#39;</strong></span> <span class='ocrx_word' id='word_1_527' title='bbox 370 1969 403 2002; x_wconf 84' lang='lat'><strong>“,</strong></span> <span class='ocrx_word' id='word_1_528' title='bbox 434 1970 619 1999; x_wconf 80' lang='lat' dir='ltr'><strong>convenientia</strong></span> <span class='ocrx_word' id='word_1_529' title='bbox 657 1980 827 2009; x_wconf 85' lang='lat' dir='ltr'><strong>consonaque</strong></span> <span class='ocrx_word' id='word_1_530' title='bbox 846 1979 916 2001; x_wconf 88' lang='lat' dir='ltr'><strong>sunt.</strong></span> <span class='ocrx_word' id='word_1_531' title='bbox 933 1974 1002 2003; x_wconf 80' lang='lat' dir='ltr'><strong>MAG.</strong></span> 
     </span>
    </p>
   </div>
   <div class='ocr_carea' id='block_1_70' title="bbox 214 2011 1003 2054">
    <p class='ocr_par' dir='ltr' id='par_1_70' title="bbox 214 2011 1003 2054">
     <span class='ocr_line' id='line_1_70' title="bbox 214 2011 1003 2054; baseline 0.011 -15"><span class='ocrx_word' id='word_1_532' title='bbox 214 2011 300 2041; x_wconf 76' lang='lat' dir='ltr'><strong>Recte</strong></span> <span class='ocrx_word' id='word_1_533' title='bbox 316 2013 451 2050; x_wconf 77' lang='lat' dir='ltr'><strong>intelligis,</strong></span> <span class='ocrx_word' id='word_1_534' title='bbox 475 2020 502 2044; x_wconf 89' lang='lat' dir='ltr'><strong>et</strong></span> <span class='ocrx_word' id='word_1_535' title='bbox 516 2017 585 2051; x_wconf 90' lang='lat' dir='ltr'><strong>vide,</strong></span> <span class='ocrx_word' id='word_1_536' title='bbox 602 2018 635 2045; x_wconf 85' lang='lat' dir='ltr'><strong>ne</strong></span> <span class='ocrx_word' id='word_1_537' title='bbox 647 2018 711 2053; x_wconf 89' lang='lat' dir='ltr'><strong>Quid</strong></span> <span class='ocrx_word' id='word_1_538' title='bbox 729 2019 762 2046; x_wconf 91' lang='lat' dir='ltr'><strong>de</strong></span> <span class='ocrx_word' id='word_1_539' title='bbox 779 2020 830 2052; x_wconf 84' lang='lat' dir='ltr'><strong>his,</strong></span> <span class='ocrx_word' id='word_1_540' title='bbox 850 2027 918 2054; x_wconf 85' lang='lat' dir='ltr'><strong>quae</strong></span> <span class='ocrx_word' id='word_1_541' title='bbox 931 2029 1003 2048; x_wconf 86' lang='lat' dir='ltr'><strong>nunc</strong></span> 
     </span>
    </p>
   </div>
   <div class='ocr_carea' id='block_1_71' title="bbox 215 2058 1002 2103">
    <p class='ocr_par' dir='ltr' id='par_1_71' title="bbox 215 2058 1002 2103">
     <span class='ocr_line' id='line_1_71' title="bbox 215 2058 1002 2103; baseline 0.01 -18"><span class='ocrx_word' id='word_1_542' title='bbox 215 2058 332 2092; x_wconf 85' lang='lat' dir='ltr'><strong>dederis,</strong></span> <span class='ocrx_word' id='word_1_543' title='bbox 348 2059 381 2088; x_wconf 83' lang='lat' dir='ltr'><strong>de</strong></span> <span class='ocrx_word' id='word_1_544' title='bbox 394 2059 483 2103; x_wconf 69' lang='lat' dir='ltr'><strong>celero</strong></span> <span class='ocrx_word' id='word_1_545' title='bbox 498 2067 524 2090; x_wconf 89' lang='lat' dir='ltr'><strong>te</strong></span> <span class='ocrx_word' id='word_1_546' title='bbox 539 2063 644 2091; x_wconf 84' lang='lat' dir='ltr'><strong>dedisse</strong></span> <span class='ocrx_word' id='word_1_547' title='bbox 658 2065 802 2100; x_wconf 88' lang='lat' dir='ltr'><strong>poeniteat.</strong></span> <span class='ocrx_word' id='word_1_548' title='bbox 820 2066 892 2093; x_wconf 85' lang='lat' dir='ltr'><strong>DISC.</strong></span> <span class='ocrx_word' id='word_1_549' title='bbox 910 2066 1002 2102; x_wconf 79' lang='lat' dir='ltr'><strong>Ingre-</strong></span> 
     </span>
    </p>
   </div>
   <div class='ocr_carea' id='block_1_72' title="bbox 215 2103 1004 2147">
    <p class='ocr_par' dir='ltr' id='par_1_72' title="bbox 215 2103 1004 2147">
     <span class='ocr_line' id='line_1_72' title="bbox 215 2103 1004 2147; baseline 0.01 -15"><span class='ocrx_word' id='word_1_550' title='bbox 215 2103 288 2138; x_wconf 89' lang='lat' dir='ltr'><strong>dere,</strong></span> <span class='ocrx_word' id='word_1_551' title='bbox 298 2114 351 2141; x_wconf 90' lang='lat' dir='ltr'><strong>quo</strong></span> <span class='ocrx_word' id='word_1_552' title='bbox 364 2107 416 2141; x_wconf 82' lang='lat' dir='ltr'><strong>vis,</strong></span> <span class='ocrx_word' id='word_1_553' title='bbox 426 2107 520 2136; x_wconf 88' lang='lat' dir='ltr'><strong>ordine</strong></span> <span class='ocrx_word' id='word_1_554' title='bbox 532 2118 539 2142; x_wconf 86' lang='lat'><strong>;</strong></span> <span class='ocrx_word' id='word_1_555' title='bbox 553 2114 579 2138; x_wconf 87' lang='lat' dir='ltr'><strong>te</strong></span> <span class='ocrx_word' id='word_1_556' title='bbox 591 2118 700 2146; x_wconf 86' lang='lat' dir='ltr'><strong>sequar,</strong></span> <span class='ocrx_word' id='word_1_557' title='bbox 716 2115 742 2138; x_wconf 89' lang='lat' dir='ltr'><strong>et</strong></span> <span class='ocrx_word' id='word_1_558' title='bbox 757 2111 935 2146; x_wconf 83' lang='lat' dir='ltr'><strong>quodcunque</strong></span> <span class='ocrx_word' id='word_1_559' title='bbox 946 2112 1004 2147; x_wconf 90' lang='lat' dir='ltr'><strong>jam</strong></span> 
     </span>
    </p>
   </div>
   <div class='ocr_carea' id='block_1_73' title="bbox 215 2150 1001 2192">
    <p class='ocr_par' dir='ltr' id='par_1_73' title="bbox 215 2150 1001 2192">
     <span class='ocr_line' id='line_1_73' title="bbox 215 2150 1001 2192; baseline 0.009 -15"><span class='ocrx_word' id='word_1_560' title='bbox 215 2157 387 2184; x_wconf 79' lang='lat' dir='ltr'><strong>concessero.</strong></span> <span class='ocrx_word' id='word_1_561' title='bbox 404 2155 457 2180; x_wconf 72' lang='lat' dir='ltr'><strong>min</strong></span> <span class='ocrx_word' id='word_1_562' title='bbox 472 2157 603 2188; x_wconf 77' lang='lat' dir='ltr'><strong>repetant.</strong></span> <span class='ocrx_word' id='word_1_563' title='bbox 623 2150 692 2183; x_wconf 78' lang='lat' dir='ltr'><strong>MAG.</strong></span> <span class='ocrx_word' id='word_1_564' title='bbox 705 2155 776 2184; x_wconf 79' lang='lat' dir='ltr'><strong>Deus</strong></span> <span class='ocrx_word' id='word_1_565' title='bbox 787 2163 851 2192; x_wconf 72' lang='lat' dir='ltr'><strong>ergo</strong></span> <span class='ocrx_word' id='word_1_566' title='bbox 864 2164 917 2183; x_wconf 88' lang='lat' dir='ltr'><strong>non</strong></span> <span class='ocrx_word' id='word_1_567' title='bbox 933 2161 1001 2190; x_wconf 83' lang='lat' dir='ltr'><strong>erat,</strong></span> 
     </span>
    </p>
   </div>
   <div class='ocr_carea' id='block_1_74' title="bbox 212 2195 1003 2231">
    <p class='ocr_par' dir='ltr' id='par_1_74' title="bbox 212 2195 1003 2231">
     <span class='ocr_line' id='line_1_74' title="bbox 212 2195 1003 2231; baseline 0.01 -10"><span class='ocrx_word' id='word_1_568' title='bbox 212 2195 370 2231; x_wconf 83' lang='lat' dir='ltr'><strong>priusquam</strong></span> <span class='ocrx_word' id='word_1_569' title='bbox 381 2198 471 2226; x_wconf 86' lang='lat' dir='ltr'><strong>omnia</strong></span> <span class='ocrx_word' id='word_1_570' title='bbox 478 2198 588 2227; x_wconf 80' lang='lat' dir='ltr'><strong>faceret.</strong></span> <span class='ocrx_word' id='word_1_571' title='bbox 602 2200 741 2229; x_wconf 82' lang='lat' dir='ltr'><strong>Disc.Non</strong></span> <span class='ocrx_word' id='word_1_572' title='bbox 757 2207 824 2229; x_wconf 90' lang='lat' dir='ltr'><strong>erat.</strong></span> <span class='ocrx_word' id='word_1_573' title='bbox 835 2200 861 2229; x_wconf 89' lang='lat' dir='ltr'><strong>Si</strong></span> <span class='ocrx_word' id='word_1_574' title='bbox 876 2200 1003 2230; x_wconf 61' lang='lat' dir='ltr'><strong>enixn&#39;es-</strong></span> 
     </span>
    </p>
   </div>
   <div class='ocr_carea' id='block_1_75' title="bbox 213 2242 1003 2277">
    <p class='ocr_par' dir='ltr' id='par_1_75' title="bbox 213 2242 1003 2277">
     <span class='ocr_line' id='line_1_75' title="bbox 213 2242 1003 2277; baseline 0.013 -10"><span class='ocrx_word' id='word_1_575' title='bbox 213 2246 264 2273; x_wconf 88' lang='lat' dir='ltr'><strong>set,</strong></span> <span class='ocrx_word' id='word_1_576' title='bbox 282 2242 370 2270; x_wconf 86' lang='lat' dir='ltr'><strong>facere</strong></span> <span class='ocrx_word' id='word_1_577' title='bbox 380 2245 467 2273; x_wconf 91' lang='lat' dir='ltr'><strong>omnia</strong></span> <span class='ocrx_word' id='word_1_578' title='bbox 488 2246 512 2273; x_wconf 92' lang='lat' dir='ltr'><strong>ei</strong></span> <span class='ocrx_word' id='word_1_579' title='bbox 531 2246 553 2262; x_wconf 81' lang='grc'>¹⁸</span> <span class='ocrx_word' id='word_1_580' title='bbox 566 2246 709 2275; x_wconf 83' lang='lat' dir='ltr'><strong>accideret.</strong></span> <span class='ocrx_word' id='word_1_581' title='bbox 730 2248 763 2275; x_wconf 91' lang='lat' dir='ltr'><strong>Et</strong></span> <span class='ocrx_word' id='word_1_582' title='bbox 784 2250 805 2276; x_wconf 89' lang='lat' dir='ltr'><strong>si</strong></span> <span class='ocrx_word' id='word_1_583' title='bbox 822 2249 846 2276; x_wconf 90' lang='lat' dir='ltr'><strong>ei</strong></span> <span class='ocrx_word' id='word_1_584' title='bbox 867 2249 1003 2277; x_wconf 73' lang='lat' dir='ltr'><strong>accideret</strong></span> 
     </span>
    </p>
   </div>
   <div class='ocr_carea' id='block_1_76' title="bbox 213 2287 999 2331">
    <p class='ocr_par' dir='ltr' id='par_1_76' title="bbox 213 2287 999 2331">
     <span class='ocr_line' id='line_1_76' title="bbox 213 2287 999 2331; baseline 0.014 -18"><span class='ocrx_word' id='word_1_585' title='bbox 213 2287 304 2314; x_wconf 85' lang='lat' dir='ltr'><strong>omnia</strong></span> <span class='ocrx_word' id='word_1_586' title='bbox 327 2287 426 2322; x_wconf 71' lang='lat' dir='ltr'><strong>facere,</strong></span> <span class='ocrx_word' id='word_1_587' title='bbox 447 2295 536 2319; x_wconf 87' lang='lat' dir='ltr'><strong>motus</strong></span> <span class='ocrx_word' id='word_1_588' title='bbox 550 2297 577 2320; x_wconf 86' lang='lat' dir='ltr'><strong>et</strong></span> <span class='ocrx_word' id='word_1_589' title='bbox 593 2297 698 2328; x_wconf 86' lang='lat' dir='ltr'><strong>tempus</strong></span> <span class='ocrx_word' id='word_1_590' title='bbox 719 2294 746 2321; x_wconf 92' lang='lat' dir='ltr'><strong>in</strong></span> <span class='ocrx_word' id='word_1_591' title='bbox 769 2302 801 2322; x_wconf 88' lang='lat' dir='ltr'><strong>eo</strong></span> <span class='ocrx_word' id='word_1_592' title='bbox 816 2295 999 2331; x_wconf 79' lang='lat' dir='ltr'><strong>intelligeren-</strong></span> 
     </span>
    </p>
   </div>
   <div class='ocr_carea' id='block_1_77' title="bbox 1056 1690 1844 1731">
    <p class='ocr_par' dir='ltr' id='par_1_77' title="bbox 1056 1690 1844 1731">
     <span class='ocr_line' id='line_1_77' title="bbox 1056 1690 1844 1731; baseline 0.015 -15"><span class='ocrx_word' id='word_1_593' title='bbox 1056 1693 1084 1717; x_wconf 89' lang='lat' dir='ltr'><strong>et</strong></span> <span class='ocrx_word' id='word_1_594' title='bbox 1097 1690 1237 1725; x_wconf 85' lang='lat' dir='ltr'><strong>plusQuam</strong></span> <span class='ocrx_word' id='word_1_595' title='bbox 1249 1691 1413 1720; x_wconf 76' lang='lat' dir='ltr'><strong>essentiam?</strong></span> <span class='ocrx_word' id='word_1_596' title='bbox 1428 1693 1508 1723; x_wconf 87' lang='lat' dir='ltr'><strong>Verbi</strong></span> <span class='ocrx_word' id='word_1_597' title='bbox 1523 1694 1621 1731; x_wconf 73' lang='lat' dir='ltr'><strong>gratia,</strong></span> <span class='ocrx_word' id='word_1_598' title='bbox 1638 1692 1700 1725; x_wconf 85' lang='lat' dir='ltr'><strong>dum</strong></span> <span class='ocrx_word' id='word_1_599' title='bbox 1721 1700 1844 1729; x_wconf 80' lang='lat' dir='ltr'><strong>audimus</strong></span> 
     </span>
    </p>
   </div>
   <div class='ocr_carea' id='block_1_78' title="bbox 1057 1736 1843 1782">
    <p class='ocr_par' dir='ltr' id='par_1_78' title="bbox 1057 1736 1843 1782">
     <span class='ocr_line' id='line_1_78' title="bbox 1057 1736 1843 1782; baseline 0.018 -20"><span class='ocrx_word' id='word_1_600' title='bbox 1057 1736 1141 1764; x_wconf 84' lang='lat' dir='ltr'><strong>Deum</strong></span> <span class='ocrx_word' id='word_1_601' title='bbox 1154 1736 1230 1770; x_wconf 85' lang='lat' dir='ltr'><strong>velle,</strong></span> <span class='ocrx_word' id='word_1_602' title='bbox 1254 1743 1282 1765; x_wconf 94' lang='lat' dir='ltr'><strong>et</strong></span> <span class='ocrx_word' id='word_1_603' title='bbox 1296 1746 1398 1773; x_wconf 87' lang='lat' dir='ltr'><strong>amare,</strong></span> <span class='ocrx_word' id='word_1_604' title='bbox 1426 1744 1471 1768; x_wconf 89' lang='lat' dir='ltr'><strong>aut</strong></span> <span class='ocrx_word' id='word_1_605' title='bbox 1484 1741 1606 1777; x_wconf 72' lang='lat' dir='ltr'><strong>diligere,</strong></span> <span class='ocrx_word' id='word_1_606' title='bbox 1622 1744 1724 1779; x_wconf 87' lang='lat' dir='ltr'><strong>videre,</strong></span> <span class='ocrx_word' id='word_1_607' title='bbox 1739 1744 1843 1782; x_wconf 82' lang='lat' dir='ltr'><strong>audire,</strong></span> 
     </span>
    </p>
   </div>
   <div class='ocr_carea' id='block_1_79' title="bbox 1056 1784 1843 1828">
    <p class='ocr_par' dir='ltr' id='par_1_79' title="bbox 1056 1784 1843 1828">
     <span class='ocr_line' id='line_1_79' title="bbox 1056 1784 1843 1828; baseline 0.018 -19"><span class='ocrx_word' id='word_1_608' title='bbox 1056 1786 1200 1818; x_wconf 86' lang='lat' dir='ltr'><strong>ceteraque</strong></span> <span class='ocrx_word' id='word_1_609' title='bbox 1220 1784 1313 1818; x_wconf 84' lang='lat' dir='ltr'><strong>verba,</strong></span> <span class='ocrx_word' id='word_1_610' title='bbox 1340 1793 1408 1820; x_wconf 86' lang='lat' dir='ltr'><strong>quae</strong></span> <span class='ocrx_word' id='word_1_611' title='bbox 1434 1787 1467 1815; x_wconf 92' lang='lat' dir='ltr'><strong>de</strong></span> <span class='ocrx_word' id='word_1_612' title='bbox 1488 1796 1521 1816; x_wconf 89' lang='lat' dir='ltr'><strong>eo</strong></span> <span class='ocrx_word' id='word_1_613' title='bbox 1545 1789 1696 1824; x_wconf 84' lang='lat' dir='ltr'><strong>praedicari</strong></span> <span class='ocrx_word' id='word_1_614' title='bbox 1721 1788 1843 1828; x_wconf 74' lang='lat' dir='ltr'><strong>possunt,</strong></span> 
     </span>
    </p>
   </div>
   <div class='ocr_carea' id='block_1_80' title="bbox 1056 1827 1845 1877">
    <p class='ocr_par' dir='ltr' id='par_1_80' title="bbox 1056 1827 1845 1877">
     <span class='ocr_line' id='line_1_80' title="bbox 1056 1827 1845 1877; baseline 0.016 -21"><span class='ocrx_word' id='word_1_615' title='bbox 1056 1828 1093 1856; x_wconf 92' lang='lat' dir='ltr'><strong>nil</strong></span> <span class='ocrx_word' id='word_1_616' title='bbox 1109 1827 1181 1857; x_wconf 89' lang='lat' dir='ltr'><strong>aliud</strong></span> <span class='ocrx_word' id='word_1_617' title='bbox 1203 1836 1309 1875; x_wconf 85' lang='lat' dir='ltr'><strong>oportet</strong></span> <span class='ocrx_word' id='word_1_618' title='bbox 1332 1840 1380 1860; x_wconf 91' lang='lat' dir='ltr'><strong>nos</strong></span> <span class='ocrx_word' id='word_1_619' title='bbox 1404 1834 1535 1870; x_wconf 78' lang='lat' dir='ltr'><strong>cogitare,</strong></span> <span class='ocrx_word' id='word_1_620' title='bbox 1551 1836 1601 1864; x_wconf 89' lang='lat' dir='ltr'><strong>nisi</strong></span> <span class='ocrx_word' id='word_1_621' title='bbox 1619 1827 1781 1868; x_wconf 63' lang='lat' dir='ltr'><strong>ineﬂitliilem</strong></span> <span class='ocrx_word' id='word_1_622' title='bbox 1805 1842 1845 1877; x_wconf 91' lang='lat' dir='ltr'><strong>ip-</strong></span> 
     </span>
    </p>
   </div>
   <div class='ocr_carea' id='block_1_81' title="bbox 1056 1874 1845 1915">
    <p class='ocr_par' dir='ltr' id='par_1_81' title="bbox 1056 1874 1845 1915">
     <span class='ocr_line' id='line_1_81' title="bbox 1056 1874 1845 1915; baseline 0.019 -15"><span class='ocrx_word' id='word_1_623' title='bbox 1056 1874 1111 1901; x_wconf 89' lang='lat' dir='ltr'><strong>sius</strong></span> <span class='ocrx_word' id='word_1_624' title='bbox 1123 1875 1268 1903; x_wconf 86' lang='lat' dir='ltr'><strong>essentiam</strong></span> <span class='ocrx_word' id='word_1_625' title='bbox 1290 1881 1371 1912; x_wconf 88' lang='lat' dir='ltr'><strong>atque</strong></span> <span class='ocrx_word' id='word_1_626' title='bbox 1382 1879 1509 1906; x_wconf 89' lang='lat' dir='ltr'><strong>virtutem</strong></span> <span class='ocrx_word' id='word_1_627' title='bbox 1525 1884 1745 1913; x_wconf 88' lang='lat' dir='ltr'><strong>eonnaturalibus</strong></span> <span class='ocrx_word' id='word_1_628' title='bbox 1766 1874 1845 1915; x_wconf 78' lang='lat' dir='ltr'><strong>nobis</strong></span> 
     </span>
    </p>
   </div>
   <div class='ocr_carea' id='block_1_82' title="bbox 1055 1921 1841 1969">
    <p class='ocr_par' dir='ltr' id='par_1_82' title="bbox 1055 1921 1841 1969">
     <span class='ocr_line' id='line_1_82' title="bbox 1055 1921 1841 1969; baseline 0.02 -23"><span class='ocrx_word' id='word_1_629' title='bbox 1055 1921 1296 1955; x_wconf 63' lang='lat' dir='ltr'><strong>signiﬁcationibus</strong></span> <span class='ocrx_word' id='word_1_630' title='bbox 1310 1925 1425 1957; x_wconf 85' lang='lat' dir='ltr'><strong>suaderi,</strong></span> <span class='ocrx_word' id='word_1_631' title='bbox 1448 1934 1482 1953; x_wconf 93' lang='lat' dir='ltr'><strong>ne</strong></span> <span class='ocrx_word' id='word_1_632' title='bbox 1498 1927 1525 1954; x_wconf 94' lang='lat' dir='ltr'><strong>in</strong></span> <span class='ocrx_word' id='word_1_633' title='bbox 1536 1932 1639 1956; x_wconf 89' lang='lat' dir='ltr'><strong>tantum</strong></span> <span class='ocrx_word' id='word_1_634' title='bbox 1663 1930 1725 1958; x_wconf 75' lang='lat' dir='ltr'><strong>vera</strong></span> <span class='ocrx_word' id='word_1_635' title='bbox 1748 1941 1780 1961; x_wconf 86' lang='lat' dir='ltr'><strong>ac</strong></span> <span class='ocrx_word' id='word_1_636' title='bbox 1797 1935 1841 1969; x_wconf 77' lang='lat' dir='ltr'><strong>pia</strong></span> 
     </span>
    </p>
   </div>
   <div class='ocr_carea' id='block_1_83' title="bbox 1056 1966 1843 2009">
    <p class='ocr_par' dir='ltr' id='par_1_83' title="bbox 1056 1966 1843 2009">
     <span class='ocr_line' id='line_1_83' title="bbox 1056 1966 1843 2009; baseline 0.019 -16"><span class='ocrx_word' id='word_1_637' title='bbox 1056 1966 1210 1995; x_wconf 79' lang='lat' dir='ltr'><strong>Christiana</strong></span> <span class='ocrx_word' id='word_1_638' title='bbox 1230 1968 1323 2004; x_wconf 72' lang='lat' dir='ltr'><strong>religio</strong></span> <span class='ocrx_word' id='word_1_639' title='bbox 1336 1971 1367 1998; x_wconf 92' lang='lat' dir='ltr'><strong>de</strong></span> <span class='ocrx_word' id='word_1_640' title='bbox 1381 1970 1511 2000; x_wconf 84' lang='lat' dir='ltr'><strong>Creatore</strong></span> <span class='ocrx_word' id='word_1_641' title='bbox 1522 1975 1645 2002; x_wconf 92' lang='lat' dir='ltr'><strong>omnium</strong></span> <span class='ocrx_word' id='word_1_642' title='bbox 1659 1976 1744 2009; x_wconf 88' lang='lat' dir='ltr'><strong>sileat,</strong></span> <span class='ocrx_word' id='word_1_643' title='bbox 1761 1966 1843 2009; x_wconf 54' lang='lat' dir='ltr'><strong>ut-nil</strong></span> 
     </span>
    </p>
   </div>
   <div class='ocr_carea' id='block_1_84' title="bbox 1056 2012 1844 2053">
    <p class='ocr_par' dir='ltr' id='par_1_84' title="bbox 1056 2012 1844 2053">
     <span class='ocr_line' id='line_1_84' title="bbox 1056 2012 1844 2053; baseline 0.018 -15"><span class='ocrx_word' id='word_1_644' title='bbox 1056 2012 1088 2039; x_wconf 88' lang='lat' dir='ltr'><strong>de</strong></span> <span class='ocrx_word' id='word_1_645' title='bbox 1104 2020 1135 2039; x_wconf 89' lang='lat' dir='ltr'><strong>eo</strong></span> <span class='ocrx_word' id='word_1_646' title='bbox 1149 2012 1200 2040; x_wconf 72' lang='lat' dir='ltr'><strong>fari</strong></span> <span class='ocrx_word' id='word_1_647' title='bbox 1217 2014 1325 2048; x_wconf 85' lang='lat' dir='ltr'><strong>audeat,</strong></span> <span class='ocrx_word' id='word_1_648' title='bbox 1346 2015 1378 2042; x_wconf 88' lang='lat' dir='ltr'><strong>ad</strong></span> <span class='ocrx_word' id='word_1_649' title='bbox 1392 2016 1552 2052; x_wconf 89' lang='lat' dir='ltr'><strong>simplicium</strong></span> <span class='ocrx_word' id='word_1_650' title='bbox 1569 2020 1720 2049; x_wconf 88' lang='lat' dir='ltr'><strong>animorum</strong></span> <span class='ocrx_word' id='word_1_651' title='bbox 1743 2023 1844 2053; x_wconf 83' lang='lat' dir='ltr'><strong>instru-</strong></span> 
     </span>
    </p>
   </div>
   <div class='ocr_carea' id='block_1_85' title="bbox 1056 2058 1841 2099">
    <p class='ocr_par' dir='ltr' id='par_1_85' title="bbox 1056 2058 1841 2099">
     <span class='ocr_line' id='line_1_85' title="bbox 1056 2058 1841 2099; baseline 0.018 -15"><span class='ocrx_word' id='word_1_652' title='bbox 1056 2058 1181 2091; x_wconf 82' lang='lat' dir='ltr'><strong>ctionem,</strong></span> <span class='ocrx_word' id='word_1_653' title='bbox 1200 2060 1452 2096; x_wconf 87' lang='lat' dir='ltr'><strong>haereticorumque</strong></span> <span class='ocrx_word' id='word_1_654' title='bbox 1466 2070 1573 2099; x_wconf 89' lang='lat' dir='ltr'><strong>semper</strong></span> <span class='ocrx_word' id='word_1_655' title='bbox 1586 2066 1693 2094; x_wconf 81' lang='lat' dir='ltr'><strong>veritati</strong></span> <span class='ocrx_word' id='word_1_656' title='bbox 1711 2068 1841 2099; x_wconf 84' lang='lat' dir='ltr'><strong>insidian-</strong></span> 
     </span>
    </p>
   </div>
   <div class='ocr_carea' id='block_1_86' title="bbox 1057 2104 1842 2148">
    <p class='ocr_par' dir='ltr' id='par_1_86' title="bbox 1057 2104 1842 2148">
     <span class='ocr_line' id='line_1_86' title="bbox 1057 2104 1842 2148; baseline 0.017 -18"><span class='ocrx_word' id='word_1_657' title='bbox 1057 2104 1133 2138; x_wconf 87' lang='lat' dir='ltr'><strong>tium,</strong></span> <span class='ocrx_word' id='word_1_658' title='bbox 1146 2112 1259 2140; x_wconf 87' lang='lat' dir='ltr'><strong>eamque</strong></span> <span class='ocrx_word' id='word_1_659' title='bbox 1282 2113 1377 2134; x_wconf 87' lang='lat' dir='ltr'><strong>eruere</strong></span> <span class='ocrx_word' id='word_1_660' title='bbox 1396 2107 1585 2142; x_wconf 88' lang='lat' dir='ltr'><strong>laborantium,</strong></span> <span class='ocrx_word' id='word_1_661' title='bbox 1609 2112 1750 2148; x_wconf 86' lang='lat' dir='ltr'><strong>minusque</strong></span> <span class='ocrx_word' id='word_1_662' title='bbox 1771 2115 1798 2142; x_wconf 92' lang='lat' dir='ltr'><strong>iu</strong></span> <span class='ocrx_word' id='word_1_663' title='bbox 1811 2124 1842 2144; x_wconf 81' lang='lat' dir='ltr'><strong>ea</strong></span> 
     </span>
    </p>
   </div>
   <div class='ocr_carea' id='block_1_87' title="bbox 1055 2149 1841 2191">
    <p class='ocr_par' dir='ltr' id='par_1_87' title="bbox 1055 2149 1841 2191">
     <span class='ocr_line' id='line_1_87' title="bbox 1055 2149 1841 2191; baseline 0.018 -15"><span class='ocrx_word' id='word_1_664' title='bbox 1055 2149 1175 2178; x_wconf 83' lang='lat' dir='ltr'><strong>eruditos</strong></span> <span class='ocrx_word' id='word_1_665' title='bbox 1202 2151 1293 2178; x_wconf 85' lang='lat' dir='ltr'><strong>fallere</strong></span> <span class='ocrx_word' id='word_1_666' title='bbox 1313 2154 1508 2187; x_wconf 88' lang='lat' dir='ltr'><strong>appetentium,</strong></span> <span class='ocrx_word' id='word_1_667' title='bbox 1531 2155 1692 2186; x_wconf 83' lang='lat' dir='ltr'><strong>refellendas</strong></span> <span class='ocrx_word' id='word_1_668' title='bbox 1716 2161 1841 2191; x_wconf 74' lang='lat' dir='ltr'><strong>astutias.</strong></span> 
     </span>
    </p>
   </div>
   <div class='ocr_carea' id='block_1_88' title="bbox 1054 2196 1842 2243">
    <p class='ocr_par' dir='ltr' id='par_1_88' title="bbox 1054 2196 1842 2243">
     <span class='ocr_line' id='line_1_88' title="bbox 1054 2196 1842 2243; baseline 0.02 -20"><span class='ocrx_word' id='word_1_669' title='bbox 1054 2196 1113 2224; x_wconf 84' lang='lat' dir='ltr'><strong>Non</strong></span> <span class='ocrx_word' id='word_1_670' title='bbox 1135 2197 1206 2225; x_wconf 88' lang='lat' dir='ltr'><strong>aliud</strong></span> <span class='ocrx_word' id='word_1_671' title='bbox 1229 2198 1318 2233; x_wconf 86' lang='lat' dir='ltr'><strong>itaque</strong></span> <span class='ocrx_word' id='word_1_672' title='bbox 1343 2200 1397 2227; x_wconf 89' lang='lat' dir='ltr'><strong>Deo</strong></span> <span class='ocrx_word' id='word_1_673' title='bbox 1421 2209 1489 2234; x_wconf 86' lang='lat' dir='ltr'><strong>esse,</strong></span> <span class='ocrx_word' id='word_1_674' title='bbox 1515 2207 1541 2229; x_wconf 89' lang='lat' dir='ltr'><strong>et</strong></span> <span class='ocrx_word' id='word_1_675' title='bbox 1565 2204 1641 2238; x_wconf 89' lang='lat' dir='ltr'><strong>velle,</strong></span> <span class='ocrx_word' id='word_1_676' title='bbox 1662 2208 1800 2243; x_wconf 78' lang='lat' dir='ltr'><strong>etfacere,</strong></span> <span class='ocrx_word' id='word_1_677' title='bbox 1815 2216 1842 2239; x_wconf 82' lang='lat' dir='ltr'><strong>et</strong></span> 
     </span>
    </p>
   </div>
   <div class='ocr_carea' id='block_1_89' title="bbox 1054 2244 1838 2288">
    <p class='ocr_par' dir='ltr' id='par_1_89' title="bbox 1054 2244 1838 2288">
     <span class='ocr_line' id='line_1_89' title="bbox 1054 2244 1838 2288; baseline 0.017 -18"><span class='ocrx_word' id='word_1_678' title='bbox 1054 2251 1155 2277; x_wconf 82' lang='lat' dir='ltr'><strong>amare,</strong></span> <span class='ocrx_word' id='word_1_679' title='bbox 1168 2249 1194 2271; x_wconf 85' lang='lat' dir='ltr'><strong>et</strong></span> <span class='ocrx_word' id='word_1_680' title='bbox 1206 2244 1326 2280; x_wconf 76' lang='lat' dir='ltr'><strong>diligere,</strong></span> <span class='ocrx_word' id='word_1_681' title='bbox 1344 2249 1371 2272; x_wconf 86' lang='lat' dir='ltr'><strong>et</strong></span> <span class='ocrx_word' id='word_1_682' title='bbox 1388 2246 1487 2280; x_wconf 88' lang='lat' dir='ltr'><strong>videre,</strong></span> <span class='ocrx_word' id='word_1_683' title='bbox 1509 2252 1652 2285; x_wconf 89' lang='lat' dir='ltr'><strong>ceteraque</strong></span> <span class='ocrx_word' id='word_1_684' title='bbox 1676 2253 1838 2288; x_wconf 87' lang='lat' dir='ltr'><strong>hujusmodi,</strong></span> 
     </span>
    </p>
   </div>
   <div class='ocr_carea' id='block_1_90' title="bbox 1054 2291 1839 2334">
    <p class='ocr_par' dir='ltr' id='par_1_90' title="bbox 1054 2291 1839 2334">
     <span class='ocr_line' id='line_1_90' title="bbox 1054 2291 1839 2334; baseline 0.014 -16"><span class='ocrx_word' id='word_1_685' title='bbox 1054 2299 1123 2326; x_wconf 86' lang='lat' dir='ltr'><strong>quae</strong></span> <span class='ocrx_word' id='word_1_686' title='bbox 1143 2291 1176 2318; x_wconf 85' lang='lat' dir='ltr'><strong>de</strong></span> <span class='ocrx_word' id='word_1_687' title='bbox 1199 2299 1240 2324; x_wconf 90' lang='lat' dir='ltr'><strong>co,</strong></span> <span class='ocrx_word' id='word_1_688' title='bbox 1263 2295 1292 2318; x_wconf 91' lang='lat' dir='ltr'><strong>ut</strong></span> <span class='ocrx_word' id='word_1_689' title='bbox 1314 2291 1439 2326; x_wconf 79' lang='lat' dir='ltr'><strong>diximus,</strong></span> <span class='ocrx_word' id='word_1_690' title='bbox 1465 2300 1576 2327; x_wconf 88' lang='lat' dir='ltr'><strong>possunt</strong></span> <span class='ocrx_word' id='word_1_691' title='bbox 1598 2300 1763 2334; x_wconf 83' lang='lat' dir='ltr'><strong>praedicari,</strong></span> <span class='ocrx_word' id='word_1_692' title='bbox 1793 2305 1839 2330; x_wconf 81' lang='lat' dir='ltr'><strong>sed</strong></span> 
     </span>
    </p>
   </div>
   <div class='ocr_carea' id='block_1_91' title="bbox 213 2333 1837 2383">
    <p class='ocr_par' dir='ltr' id='par_1_91' title="bbox 213 2333 1837 2383">
     <span class='ocr_line' id='line_1_91' title="bbox 213 2333 1837 2383; baseline 0.014 -23"><span class='ocrx_word' id='word_1_693' title='bbox 213 2337 256 2359; x_wconf 90' lang='lat' dir='ltr'><strong>tur</strong></span> <span class='ocrx_word' id='word_1_694' title='bbox 273 2333 303 2360; x_wconf 76' lang='lat'><strong>“.</strong></span> <span class='ocrx_word' id='word_1_695' title='bbox 327 2334 446 2364; x_wconf 75' lang='lat' dir='ltr'><strong>Moveret</strong></span> <span class='ocrx_word' id='word_1_696' title='bbox 459 2338 531 2365; x_wconf 92' lang='lat' dir='ltr'><strong>enim</strong></span> <span class='ocrx_word' id='word_1_697' title='bbox 555 2344 583 2365; x_wconf 87' lang='lat' dir='ltr'><strong>se</strong></span> <span class='ocrx_word' id='word_1_698' title='bbox 598 2339 632 2366; x_wconf 84' lang='lat' dir='ltr'><strong>ad</strong></span> <span class='ocrx_word' id='word_1_699' title='bbox 652 2347 683 2366; x_wconf 89' lang='lat' dir='ltr'><strong>ea</strong></span> <span class='ocrx_word' id='word_1_700' title='bbox 702 2340 832 2373; x_wconf 85' lang='lat' dir='ltr'><strong>facienda,</strong></span> <span class='ocrx_word' id='word_1_701' title='bbox 855 2349 924 2375; x_wconf 88' lang='lat' dir='ltr'><strong>quae</strong></span> <span class='ocrx_word' id='word_1_702' title='bbox 944 2342 1001 2377; x_wconf 89' lang='lat' dir='ltr'><strong>jam</strong></span> <span class='ocrx_word' id='word_1_703' title='bbox 1014 2339 1041 2370; x_wconf 90' lang='lat' dir='ltr'><strong>D</strong></span> <span class='ocrx_word' id='word_1_704' title='bbox 1054 2338 1121 2367; x_wconf 67' lang='lat' dir='ltr'><strong>haec</strong></span> <span class='ocrx_word' id='word_1_705' title='bbox 1132 2337 1221 2366; x_wconf 69' lang='lat' dir='ltr'><strong>omnia</strong></span> <span class='ocrx_word' id='word_1_706' title='bbox 1234 2336 1327 2371; x_wconf 67' lang='grc' dir='ltr'><strong>ίηίρδο</strong></span> <span class='ocrx_word' id='word_1_707' title='bbox 1335 2345 1416 2365; x_wconf 73' lang='lat' dir='ltr'><strong>unum</strong></span> <span class='ocrx_word' id='word_1_708' title='bbox 1430 2339 1628 2377; x_wconf 58' lang='lat' dir='ltr'><strong>“ipsumque”</strong></span> <span class='ocrx_word' id='word_1_709' title='bbox 1640 2347 1837 2383; x_wconf 66' lang='lat' dir='ltr'><strong>aCCiPICDdum.</strong></span> 
     </span>
    </p>
   </div>
   <div class='ocr_carea' id='block_1_92' title="bbox 212 2381 998 2420">
    <p class='ocr_par' dir='ltr' id='par_1_92' title="bbox 212 2381 998 2420">
     <span class='ocr_line' id='line_1_92' title="bbox 212 2381 998 2420; baseline 0.014 -14"><span class='ocrx_word' id='word_1_710' title='bbox 212 2387 263 2406; x_wconf 84' lang='lat' dir='ltr'><strong>nou</strong></span> <span class='ocrx_word' id='word_1_711' title='bbox 286 2381 308 2396; x_wconf 77' lang='lat'><strong>“’</strong></span> <span class='ocrx_word' id='word_1_712' title='bbox 332 2381 444 2417; x_wconf 86' lang='lat' dir='ltr'><strong>fecerat,</strong></span> <span class='ocrx_word' id='word_1_713' title='bbox 468 2383 640 2419; x_wconf 82' lang='lat' dir='ltr'><strong>temporcqu&#39;e</strong></span> <span class='ocrx_word' id='word_1_714' title='bbox 670 2387 842 2420; x_wconf 85' lang='lat' dir='ltr'><strong>praecederet</strong></span> <span class='ocrx_word' id='word_1_715' title='bbox 864 2388 998 2416; x_wconf 88' lang='lat' dir='ltr'><strong>actionem</strong></span> 
     </span>
    </p>
   </div>
   <div class='ocr_carea' id='block_1_93' title="bbox 213 2428 999 2467">
    <p class='ocr_par' dir='ltr' id='par_1_93' title="bbox 213 2428 999 2467">
     <span class='ocr_line' id='line_1_93' title="bbox 213 2428 999 2467; baseline 0.015 -15"><span class='ocrx_word' id='word_1_716' title='bbox 213 2432 298 2459; x_wconf 83' lang='lat' dir='ltr'><strong>suam,</strong></span> <span class='ocrx_word' id='word_1_717' title='bbox 321 2436 393 2463; x_wconf 86' lang='lat' dir='ltr'><strong>quae</strong></span> <span class='ocrx_word' id='word_1_718' title='bbox 409 2437 459 2457; x_wconf 89' lang='lat' dir='ltr'><strong>nec</strong></span> <span class='ocrx_word' id='word_1_719' title='bbox 482 2430 533 2458; x_wconf 81' lang='lat' dir='ltr'><strong>sibi</strong></span> <span class='ocrx_word' id='word_1_720' title='bbox 553 2428 740 2461; x_wconf 86' lang='lat' dir='ltr'><strong>coessentialis</strong></span> <span class='ocrx_word' id='word_1_721' title='bbox 760 2438 828 2467; x_wconf 87' lang='lat' dir='ltr'><strong>erat,</strong></span> <span class='ocrx_word' id='word_1_722' title='bbox 854 2442 905 2463; x_wconf 88' lang='lat' dir='ltr'><strong>nec</strong></span> <span class='ocrx_word' id='word_1_723' title='bbox 920 2441 999 2464; x_wconf 75' lang='lat' dir='ltr'><strong>coae-</strong></span> 
     </span>
    </p>
   </div>
   <div class='ocr_carea' id='block_1_94' title="bbox 213 2473 999 2517">
    <p class='ocr_par' dir='ltr' id='par_1_94' title="bbox 213 2473 999 2517">
     <span class='ocr_line' id='line_1_94' title="bbox 213 2473 999 2517; baseline 0.017 -19"><span class='ocrx_word' id='word_1_724' title='bbox 213 2474 299 2500; x_wconf 81' lang='lat' dir='ltr'><strong>terna.</strong></span> <span class='ocrx_word' id='word_1_725' title='bbox 314 2473 383 2503; x_wconf 72' lang='lat' dir='ltr'><strong>MAG.</strong></span> <span class='ocrx_word' id='word_1_726' title='bbox 400 2474 581 2505; x_wconf 84' lang='lat' dir='ltr'><strong>Coaetet‘num</strong></span> <span class='ocrx_word' id='word_1_727' title='bbox 591 2477 673 2517; x_wconf 79' lang='lat' dir='ltr'><strong>igitur</strong></span> <span class='ocrx_word' id='word_1_728' title='bbox 686 2476 728 2508; x_wconf 85' lang='lat' dir='ltr'><strong>est</strong></span> <span class='ocrx_word' id='word_1_729' title='bbox 747 2480 891 2517; x_wconf 83' lang='lat' dir='ltr'><strong>Deo_suum</strong></span> <span class='ocrx_word' id='word_1_730' title='bbox 908 2481 999 2511; x_wconf 79' lang='lat' dir='ltr'><strong>fatere</strong></span> 
     </span>
    </p>
   </div>
   <div class='ocr_carea' id='block_1_95' title="bbox 1054 2383 1840 2429">
    <p class='ocr_par' dir='ltr' id='par_1_95' title="bbox 1054 2383 1840 2429">
     <span class='ocr_line' id='line_1_95' title="bbox 1054 2383 1840 2429; baseline 0.017 -17"><span class='ocrx_word' id='word_1_731' title='bbox 1054 2393 1183 2420; x_wconf 87' lang='lat' dir='ltr'><strong>suamque</strong></span> <span class='ocrx_word' id='word_1_732' title='bbox 1197 2383 1358 2414; x_wconf 82' lang='lat' dir='ltr'><strong>ineﬂabilem</strong></span> <span class='ocrx_word' id='word_1_733' title='bbox 1373 2387 1516 2416; x_wconf 76' lang='lat' dir='ltr'><strong>essentiam</strong></span> <span class='ocrx_word' id='word_1_734' title='bbox 1532 2396 1563 2417; x_wconf 82' lang='lat' dir='ltr'><strong>ee</strong></span> <span class='ocrx_word' id='word_1_735' title='bbox 1577 2391 1671 2426; x_wconf 88' lang='lat' dir='ltr'><strong>modo,</strong></span> <span class='ocrx_word' id='word_1_736' title='bbox 1684 2401 1738 2429; x_wconf 82' lang='lat' dir='ltr'><strong>quo</strong></span> <span class='ocrx_word' id='word_1_737' title='bbox 1758 2403 1787 2424; x_wconf 87' lang='lat' dir='ltr'><strong>se</strong></span> <span class='ocrx_word' id='word_1_738' title='bbox 1804 2397 1840 2425; x_wconf 85' lang='lat' dir='ltr'><strong>si-</strong></span> 
     </span>
    </p>
   </div>
   <div class='ocr_carea' id='block_1_96' title="bbox 1053 2431 1838 2475">
    <p class='ocr_par' dir='ltr' id='par_1_96' title="bbox 1053 2431 1838 2475">
     <span class='ocr_line' id='line_1_96' title="bbox 1053 2431 1838 2475; baseline 0.014 -15"><span class='ocrx_word' id='word_1_739' title='bbox 1053 2431 1175 2469; x_wconf 71' lang='lat' dir='ltr'><strong>gnificari</strong></span> <span class='ocrx_word' id='word_1_740' title='bbox 1186 2431 1261 2466; x_wconf 84' lang='lat' dir='ltr'><strong>sinit,</strong></span> <span class='ocrx_word' id='word_1_741' title='bbox 1272 2431 1417 2460; x_wconf 82' lang='lat' dir='ltr'><strong>insinuant.</strong></span> <span class='ocrx_word' id='word_1_742' title='bbox 1430 2432 1502 2463; x_wconf 82' lang='lat' dir='ltr'><strong>Dtsc.</strong></span> <span class='ocrx_word' id='word_1_743' title='bbox 1511 2435 1568 2464; x_wconf 94' lang='lat' dir='ltr'><strong>Non</strong></span> <span class='ocrx_word' id='word_1_744' title='bbox 1579 2437 1651 2465; x_wconf 86' lang='lat' dir='ltr'><strong>aliud</strong></span> <span class='ocrx_word' id='word_1_745' title='bbox 1662 2440 1779 2475; x_wconf 89' lang='lat' dir='ltr'><strong>quidem.</strong></span> <span class='ocrx_word' id='word_1_746' title='bbox 1789 2443 1838 2471; x_wconf 90' lang='lat' dir='ltr'><strong>Ubi</strong></span> 
     </span>
    </p>
   </div>
   <div class='ocr_carea' id='block_1_97' title="bbox 1052 2481 1835 2523">
    <p class='ocr_par' dir='ltr' id='par_1_97' title="bbox 1052 2481 1835 2523">
     <span class='ocr_line' id='line_1_97' title="bbox 1052 2481 1835 2523; baseline 0.008 -12"><span class='ocrx_word' id='word_1_747' title='bbox 1052 2482 1124 2511; x_wconf 89' lang='lat' dir='ltr'><strong>enim</strong></span> <span class='ocrx_word' id='word_1_748' title='bbox 1135 2483 1180 2510; x_wconf 85' lang='lat' dir='ltr'><strong>est</strong></span> <span class='ocrx_word' id='word_1_749' title='bbox 1191 2487 1257 2509; x_wconf 78' lang='lat' dir='ltr'><strong>vera</strong></span> <span class='ocrx_word' id='word_1_750' title='bbox 1275 2482 1305 2509; x_wconf 80' lang='lat' dir='ltr'><strong>et</strong></span> <span class='ocrx_word' id='word_1_751' title='bbox 1313 2482 1425 2509; x_wconf 76' lang='lat' dir='ltr'><strong>aeterna</strong></span> <span class='ocrx_word' id='word_1_752' title='bbox 1435 2485 1464 2509; x_wconf 89' lang='lat' dir='ltr'><strong>et</strong></span> <span class='ocrx_word' id='word_1_753' title='bbox 1475 2481 1625 2512; x_wconf 86' lang='lat' dir='ltr'><strong>insolubilis</strong></span> <span class='ocrx_word' id='word_1_754' title='bbox 1645 2493 1692 2520; x_wconf 89' lang='lat' dir='ltr'><strong>per</strong></span> <span class='ocrx_word' id='word_1_755' title='bbox 1708 2495 1736 2515; x_wconf 89' lang='lat' dir='ltr'><strong>se</strong></span> <span class='ocrx_word' id='word_1_756' title='bbox 1751 2488 1835 2523; x_wconf 88' lang='lat' dir='ltr'><strong>ipsam</strong></span> 
     </span>
    </p>
   </div>
   <div class='ocr_carea' id='block_1_98' title="bbox 851 2544 1387 2585">
    <p class='ocr_par' dir='ltr' id='par_1_98' title="bbox 851 2544 1387 2585">
     <span class='ocr_line' id='line_1_98' title="bbox 851 2544 1387 2585; baseline 0.009 -4"><span class='ocrx_word' id='word_1_757' title='bbox 851 2551 978 2583; x_wconf 61' lang='lat' dir='ltr'><strong>vanus</strong></span> <span class='ocrx_word' id='word_1_758' title='bbox 998 2549 1200 2585; x_wconf 71' lang='lat' dir='ltr'><strong>Laertam.</strong></span> <span class='ocrx_word' id='word_1_759' title='bbox 1314 2544 1334 2574; x_wconf 52' lang='grc' dir='ltr'><em>ν</em></span> <span class='ocrx_word' id='word_1_760' title='bbox 1361 2569 1387 2576; x_wconf 54' lang='grc' dir='ltr'><strong>ω</strong></span> 
     </span>
    </p>
   </div>
   <div class='ocr_carea' id='block_1_99' title="bbox 246 2599 659 2635">
    <p class='ocr_par' dir='ltr' id='par_1_99' title="bbox 246 2599 659 2635">
     <span class='ocr_line' id='line_1_99' title="bbox 246 2599 659 2635; baseline 0.019 -8"><span class='ocrx_word' id='word_1_761' title='bbox 246 2599 314 2628; x_wconf 87' lang='lat' dir='ltr'><strong>&#39;Slc</strong></span> <span class='ocrx_word' id='word_1_762' title='bbox 335 2601 397 2635; x_wconf 72' lang='lat' dir='ltr'><strong>(1E;</strong></span> <span class='ocrx_word' id='word_1_763' title='bbox 420 2603 470 2631; x_wconf 50' lang='lat' dir='ltr'><strong>A13&quot;</strong></span> <span class='ocrx_word' id='word_1_764' title='bbox 488 2603 538 2633; x_wconf 71' lang='lat' dir='ltr'><strong>sint</strong></span> <span class='ocrx_word' id='word_1_765' title='bbox 562 2605 659 2635; x_wconf 69' lang='lat' dir='ltr'><strong>omnia.</strong></span> 
     </span>
    </p>
   </div>
   <div class='ocr_carea' id='block_1_100' title="bbox 207 2637 696 2673">
    <p class='ocr_par' dir='ltr' id='par_1_100' title="bbox 207 2637 696 2673">
     <span class='ocr_line' id='line_1_100' title="bbox 207 2637 696 2673; baseline 0.022 -13"><span class='ocrx_word' id='word_1_766' title='bbox 207 2637 338 2673; x_wconf 30' lang='grc' dir='ltr'><strong>ςιμρῐηζᾼ.</strong></span> <span class='ocrx_word' id='word_1_767' title='bbox 376 2638 387 2653; x_wconf 85' lang='grc'><strong><em>⁵</em></strong></span> <span class='ocrx_word' id='word_1_768' title='bbox 399 2638 445 2667; x_wconf 85' lang='lat' dir='ltr'><strong>Sic</strong></span> <span class='ocrx_word' id='word_1_769' title='bbox 458 2640 539 2673; x_wconf 84' lang='lat' dir='ltr'><strong>CDE;</strong></span> <span class='ocrx_word' id='word_1_770' title='bbox 550 2642 573 2669; x_wconf 84' lang='lat' dir='ltr'><strong>A</strong></span> <span class='ocrx_word' id='word_1_771' title='bbox 586 2643 696 2671; x_wconf 86' lang='lat' dir='ltr'><strong>nullum.</strong></span> 
     </span>
    </p>
   </div>
   <div class='ocr_carea' id='block_1_101' title="bbox 706 2603 1615 2646">
    <p class='ocr_par' dir='ltr' id='par_1_101' title="bbox 706 2603 1615 2646">
     <span class='ocr_line' id='line_1_101' title="bbox 706 2603 1615 2646; baseline 0.004 -10"><span class='ocrx_word' id='word_1_772' title='bbox 706 2610 718 2624; x_wconf 89' lang='grc'>¹</span> <span class='ocrx_word' id='word_1_773' title='bbox 731 2604 775 2646; x_wconf 76' lang='lat' dir='ltr'><strong>Sic</strong></span> <span class='ocrx_word' id='word_1_774' title='bbox 797 2609 878 2646; x_wconf 85' lang='lat' dir='ltr'><strong>CDE;</strong></span> <span class='ocrx_word' id='word_1_775' title='bbox 899 2612 920 2638; x_wconf 86' lang='lat' dir='ltr'><strong>A</strong></span> <span class='ocrx_word' id='word_1_776' title='bbox 933 2612 1008 2646; x_wconf 90' lang='lat' dir='ltr'><strong>ideo,</strong></span> <span class='ocrx_word' id='word_1_777' title='bbox 1029 2617 1058 2639; x_wconf 84' lang='lat' dir='ltr'><strong>ut</strong></span> <span class='ocrx_word' id='word_1_778' title='bbox 1080 2603 1259 2642; x_wconf 36' lang='lat' dir='ltr'><strong>viamwcet.“</strong></span> <span class='ocrx_word' id='word_1_779' title='bbox 1285 2606 1453 2645; x_wconf 59' lang='lat' dir='ltr'><strong>’Sie&#39;ADE;</strong></span> <span class='ocrx_word' id='word_1_780' title='bbox 1472 2621 1495 2640; x_wconf 79' lang='grc' dir='ltr'><strong>ιι</strong></span> <span class='ocrx_word' id='word_1_781' title='bbox 1515 2618 1569 2640; x_wconf 88' lang='lat' dir='ltr'><strong>om.</strong></span> <span class='ocrx_word' id='word_1_782' title='bbox 1584 2616 1615 2642; x_wconf 83' lang='lat' dir='ltr'><strong>C.</strong></span> 
     </span>
    </p>
   </div>
   <div class='ocr_carea' id='block_1_102' title="bbox 736 2644 1833 2699">
    <p class='ocr_par' dir='ltr' id='par_1_102' title="bbox 736 2644 1833 2699">
     <span class='ocr_line' id='line_1_102' title="bbox 736 2644 1833 2699; baseline 0.008 -27"><span class='ocrx_word' id='word_1_783' title='bbox 736 2644 746 2660; x_wconf 83' lang='grc'><strong><em>⁸</em></strong></span> <span class='ocrx_word' id='word_1_784' title='bbox 759 2645 805 2673; x_wconf 90' lang='lat' dir='ltr'><strong>Sic</strong></span> <span class='ocrx_word' id='word_1_785' title='bbox 815 2645 875 2678; x_wconf 87' lang='lat' dir='ltr'><strong>CD;</strong></span> <span class='ocrx_word' id='word_1_786' title='bbox 889 2647 911 2673; x_wconf 88' lang='lat' dir='ltr'><strong>A</strong></span> <span class='ocrx_word' id='word_1_787' title='bbox 922 2652 944 2674; x_wconf 87' lang='lat' dir='ltr'><strong>et</strong></span> <span class='ocrx_word' id='word_1_788' title='bbox 955 2644 1110 2688; x_wconf 59' lang='lat' dir='ltr'><strong>plusquam;</strong></span> <span class='ocrx_word' id='word_1_789' title='bbox 1124 2648 1146 2676; x_wconf 92' lang='lat' dir='ltr'><strong>E</strong></span> <span class='ocrx_word' id='word_1_790' title='bbox 1158 2647 1309 2699; x_wconf 63' lang='lat' dir='ltr'><strong>plusquam.</strong></span> <span class='ocrx_word' id='word_1_791' title='bbox 1347 2648 1357 2664; x_wconf 91' lang='grc'><strong>⁷</strong></span> <span class='ocrx_word' id='word_1_792' title='bbox 1373 2644 1516 2688; x_wconf 70' lang='lat' dir='ltr'><strong>Sic_AC;.D</strong></span> <span class='ocrx_word' id='word_1_793' title='bbox 1527 2649 1581 2676; x_wconf 76' lang='lat' dir='ltr'><strong>sine</strong></span> <span class='ocrx_word' id='word_1_794' title='bbox 1596 2650 1694 2684; x_wconf 73' lang='lat' dir='ltr'><strong>ipso;E</strong></span> <span class='ocrx_word' id='word_1_795' title='bbox 1707 2660 1764 2679; x_wconf 83' lang='lat' dir='ltr'><strong>cum</strong></span> <span class='ocrx_word' id='word_1_796' title='bbox 1778 2644 1833 2681; x_wconf 52' lang='lat' dir='ltr'><strong>ill—ai</strong></span> 
     </span>
     <span class='ocr_line' id='line_1_103' title="bbox 736 2679 1832 2699; baseline 0 0"><span class='ocrx_word' id='word_1_797' title='bbox 736 2679 786 2699; x_wconf 64' lang='lat' dir='ltr'><strong>inp.</strong></span> <span class='ocrx_word' id='word_1_798' title='bbox 798 2688 805 2694; x_wconf 89' lang='lat'><strong><em>-</em></strong></span> <span class='ocrx_word' id='word_1_799' title='bbox 828 2681 842 2699; x_wconf 81' lang='grc' dir='ltr'><strong>Α</strong></span> <span class='ocrx_word' id='word_1_800' title='bbox 874 2688 1098 2699; x_wconf 67' lang='grc' dir='ltr'><strong>ηη..ηρ.ιηη,...η.,,.</strong></span> <span class='ocrx_word' id='word_1_801' title='bbox 1169 2682 1180 2698; x_wconf 80' lang='lat' dir='ltr'><strong>o</strong></span> <span class='ocrx_word' id='word_1_802' title='bbox 1201 2683 1246 2699; x_wconf 68' lang='grc' dir='ltr'><strong>α...</strong></span> <span class='ocrx_word' id='word_1_803' title='bbox 1265 2682 1341 2699; x_wconf 71' lang='lat' dir='ltr'><strong>nni‘.</strong></span> <span class='ocrx_word' id='word_1_804' title='bbox 1373 2682 1387 2699; x_wconf 72' lang='grc' dir='ltr'><strong>Α</strong></span> <span class='ocrx_word' id='word_1_805' title='bbox 1419 2691 1446 2699; x_wconf 83' lang='lat'><strong>...</strong></span> <span class='ocrx_word' id='word_1_806' title='bbox 1474 2690 1526 2699; x_wconf 80' lang='lat'><strong>....,.</strong></span> <span class='ocrx_word' id='word_1_807' title='bbox 1561 2686 1698 2699; x_wconf 55' lang='grc' dir='ltr'><strong>,ηυυλιη</strong></span> <span class='ocrx_word' id='word_1_808' title='bbox 1750 2688 1767 2699; x_wconf 84' lang='grc' dir='ltr'>ιι</span> <span class='ocrx_word' id='word_1_809' title='bbox 1791 2689 1832 2699; x_wconf 35' lang='grc' dir='ltr'><strong>οςν</strong></span> 
     </span>
    </p>
   </div>
   <div class='ocr_carea' id='block_1_103' title="bbox 1662 2610 1833 2653">
    <p class='ocr_par' dir='ltr' id='par_1_103' title="bbox 1662 2610 1833 2653">
     <span class='ocr_line' id='line_1_104' title="bbox 1662 2610 1833 2653; baseline 0.018 -10"><span class='ocrx_word' id='word_1_810' title='bbox 1662 2610 1737 2653; x_wconf 67' lang='grc' dir='ltr'><strong>ἐξζδίε</strong></span> <span class='ocrx_word' id='word_1_811' title='bbox 1751 2611 1833 2653; x_wconf 64' lang='lat' dir='ltr'><strong>cmi;</strong></span> 
     </span>
    </p>
   </div>
   <div class='ocr_carea' id='block_1_104' title="bbox 207 2669 1836 2719">
    <p class='ocr_par' dir='ltr' id='par_1_104' title="bbox 207 2669 1836 2719">
     <span class='ocr_line' id='line_1_105' title="bbox 207 2669 1836 2719; baseline 0.008 -19"><span class='ocrx_word' id='word_1_812' title='bbox 381 2682 426 2700; x_wconf 79' lang='lat' dir='ltr'><strong>seu</strong></span> <span class='ocrx_word' id='word_1_813' title='bbox 440 2683 494 2719; x_wconf 78' lang='lat' dir='ltr'><strong>om.</strong></span> <span class='ocrx_word' id='word_1_814' title='bbox 567 2687 594 2719; x_wconf 34' lang='grc' dir='ltr'><strong>’ξ’</strong></span> <span class='ocrx_word' id='word_1_815' title='bbox 824 2681 844 2707; x_wconf 87' lang='grc' dir='ltr'><strong>Λ</strong></span> <span class='ocrx_word' id='word_1_816' title='bbox 868 2669 1146 2719; x_wconf 31' lang='lat' dir='ltr'><strong>yoppositoimitqueif</strong></span> <span class='ocrx_word' id='word_1_817' title='bbox 1158 2669 1342 2716; x_wconf 60' lang='lat' dir='ltr'><strong>5&quot;si&#39;5&#39;ebs;</strong></span> <span class='ocrx_word' id='word_1_818' title='bbox 1370 2682 1392 2709; x_wconf 83' lang='lat' dir='ltr'><strong>A</strong></span> <span class='ocrx_word' id='word_1_819' title='bbox 1419 2683 1446 2719; x_wconf 84' lang='lat' dir='ltr'><strong>in</strong></span> <span class='ocrx_word' id='word_1_820' title='bbox 1474 2669 1527 2719; x_wconf 63' lang='lat' dir='ltr'><strong>imo</strong></span> <span class='ocrx_word' id='word_1_821' title='bbox 1543 2669 1836 2719; x_wconf 24' lang='grc' dir='ltr'><strong>Ῠοοηῗονᾶἕῖιᾲψῗι</strong></span> 
     </span>
    </p>
   </div>
   <div class='ocr_carea' id='block_1_105' title="bbox 207 2704 1834 2756">
    <p class='ocr_par' dir='ltr' id='par_1_105' title="bbox 207 2704 1834 2756">
     <span class='ocr_line' id='line_1_106' title="bbox 207 2704 1834 2756; baseline 0.007 -17"><span class='ocrx_word' id='word_1_822' title='bbox 207 2704 368 2756; x_wconf 35' lang='lat'><strong>559535.13.»-</strong></span> <span class='ocrx_word' id='word_1_823' title='bbox 389 2711 492 2756; x_wconf 32' lang='lat' dir='ltr'><strong>opga.</strong></span> <span class='ocrx_word' id='word_1_824' title='bbox 510 2704 706 2756; x_wconf 62' lang='lat' dir='ltr'><strong>cuii}</strong></span> <span class='ocrx_word' id='word_1_825' title='bbox 723 2704 787 2743; x_wconf 64' lang='grc' dir='ltr'><em>ῑᾶ</em></span> <span class='ocrx_word' id='word_1_826' title='bbox 798 2704 1156 2756; x_wconf 53' lang='grc' dir='ltr'><strong>ὀξξιεεῑιῖείιςίίῑιίιζπῖῖξίρ</strong></span> <span class='ocrx_word' id='word_1_827' title='bbox 1169 2704 1342 2756; x_wconf 52' lang='grc' dir='ltr'><strong>ρῇεέῖς-ῖςί</strong></span> <span class='ocrx_word' id='word_1_828' title='bbox 1360 2704 1527 2756; x_wconf 53' lang='grc' dir='ltr'><strong>διῑιηξδῇῖε</strong></span> <span class='ocrx_word' id='word_1_829' title='bbox 1538 2704 1739 2756; x_wconf 45' lang='lat' dir='ltr'><strong>egressi.</strong></span> <span class='ocrx_word' id='word_1_830' title='bbox 1756 2704 1834 2751; x_wconf 63' lang='lat' dir='ltr'><strong>miti</strong></span> 
     </span>
    </p>
   </div>
   <div class='ocr_carea' id='block_1_106' title="bbox 206 2739 1835 2812">
    <p class='ocr_par' dir='ltr' id='par_1_106' title="bbox 206 2739 1835 2812">
     <span class='ocr_line' id='line_1_107' title="bbox 206 2739 1835 2812; baseline 0.01 -40"><span class='ocrx_word' id='word_1_831' title='bbox 206 2739 342 2812; x_wconf 37' lang='grc' dir='ltr'><strong>ἥξειςίὲ</strong></span> <span class='ocrx_word' id='word_1_832' title='bbox 400 2744 422 2760; x_wconf 75' lang='grc' dir='ltr'><strong><em>ιι</em></strong></span> <span class='ocrx_word' id='word_1_833' title='bbox 436 2746 481 2774; x_wconf 71' lang='grc' dir='ltr'><strong>είς</strong></span> <span class='ocrx_word' id='word_1_834' title='bbox 504 2739 705 2783; x_wconf 46' lang='lat' dir='ltr'><strong>manus;</strong></span> <span class='ocrx_word' id='word_1_835' title='bbox 718 2739 787 2786; x_wconf 64' lang='lat'><strong>3;...)</strong></span> <span class='ocrx_word' id='word_1_836' title='bbox 809 2739 1043 2781; x_wconf 45' lang='lat' dir='ltr'><strong>&quot;agnas.</strong></span> <span class='ocrx_word' id='word_1_837' title='bbox 1080 2739 1485 2787; x_wconf 56' lang='lat' dir='ltr'><strong>u&quot;s‘rc“135m3.:é.;&#39;aa;ri.</strong></span> <span class='ocrx_word' id='word_1_838' title='bbox 1537 2739 1592 2781; x_wconf 49' lang='lat' dir='ltr'><strong>iis</strong></span> <span class='ocrx_word' id='word_1_839' title='bbox 1601 2739 1691 2785; x_wconf 59' lang='lat'><strong>5.7.7.:</strong></span> <span class='ocrx_word' id='word_1_840' title='bbox 1716 2739 1835 2788; x_wconf 60' lang='grc' dir='ltr'><strong>τίνλτεᾱ</strong></span> 
     </span>
    </p>
   </div>
   <div class='ocr_carea' id='block_1_107' title="bbox 957 2833 1081 2862">
    <p class='ocr_par' dir='ltr' id='par_1_107' title="bbox 957 2833 1081 2862">
     <span class='ocr_line' id='line_1_108' title="bbox 957 2833 1081 2862; baseline 0 -1"><span class='ocrx_word' id='word_1_841' title='bbox 957 2833 1081 2862; x_wconf 84' lang='lat' dir='ltr'><strong>NOTAE.</strong></span> 
     </span>
    </p>
   </div>
   <div class='ocr_carea' id='block_1_108' title="bbox 222 2872 987 2914">
    <p class='ocr_par' dir='ltr' id='par_1_108' title="bbox 222 2872 987 2914">
     <span class='ocr_line' id='line_1_109' title="bbox 222 2872 987 2914; baseline 0.012 -16"><span class='ocrx_word' id='word_1_842' title='bbox 222 2872 369 2914; x_wconf 40' lang='lat' dir='ltr'><strong>_fl“Verb_is</strong></span> <span class='ocrx_word' id='word_1_843' title='bbox 379 2876 544 2914; x_wconf 54' lang='lat' dir='ltr'><strong>satagoriam</strong></span> <span class='ocrx_word' id='word_1_844' title='bbox 561 2876 629 2914; x_wconf 55' lang='lat' dir='ltr'><strong>fact}</strong></span> <span class='ocrx_word' id='word_1_845' title='bbox 650 2881 739 2905; x_wconf 83' lang='lat' dir='ltr'><strong>textus</strong></span> <span class='ocrx_word' id='word_1_846' title='bbox 751 2878 852 2906; x_wconf 89' lang='lat' dir='ltr'><strong>codicis</strong></span> <span class='ocrx_word' id='word_1_847' title='bbox 868 2878 889 2906; x_wconf 86' lang='grc' dir='ltr'>Ε</span> <span class='ocrx_word' id='word_1_848' title='bbox 909 2887 987 2914; x_wconf 84' lang='lat' dir='ltr'><strong>prae-</strong></span> 
     </span>
    </p>
   </div>
   <div class='ocr_carea' id='block_1_109' title="bbox 205 2905 985 2948">
    <p class='ocr_par' dir='ltr' id='par_1_109' title="bbox 205 2905 985 2948">
     <span class='ocr_line' id='line_1_110' title="bbox 205 2905 985 2948; baseline 0.013 -17"><span class='ocrx_word' id='word_1_849' title='bbox 205 2905 303 2948; x_wconf 55' lang='lat' dir='ltr'><strong>qiditnr</strong></span> <span class='ocrx_word' id='word_1_850' title='bbox 316 2905 495 2948; x_wconf 18' lang='lat' dir='ltr'><strong>fol.‘222&gt;,&#39;&gt;h,</strong></span> <span class='ocrx_word' id='word_1_851' title='bbox 513 2916 540 2939; x_wconf 87' lang='lat' dir='ltr'><strong>et</strong></span> <span class='ocrx_word' id='word_1_852' title='bbox 552 2905 722 2940; x_wconf 85' lang='lat' dir='ltr'><strong>desideratur</strong></span> <span class='ocrx_word' id='word_1_853' title='bbox 741 2905 870 2948; x_wconf 78' lang='lat' dir='ltr'><strong>usquead</strong></span> <span class='ocrx_word' id='word_1_854' title='bbox 880 2905 985 2941; x_wconf 56' lang='lat' dir='ltr'><strong>verba:</strong></span> 
     </span>
    </p>
   </div>
   <div class='ocr_carea' id='block_1_110' title="bbox 205 2939 986 2983">
    <p class='ocr_par' dir='ltr' id='par_1_110' title="bbox 205 2939 986 2983">
     <span class='ocr_line' id='line_1_111' title="bbox 205 2939 986 2983; baseline 0.013 -17"><span class='ocrx_word' id='word_1_855' title='bbox 205 2939 338 2971; x_wconf 69' lang='lat' dir='ltr'><strong>Hactenus</strong></span> <span class='ocrx_word' id='word_1_856' title='bbox 356 2945 387 2972; x_wconf 82' lang='lat' dir='ltr'><strong>de</strong></span> <span class='ocrx_word' id='word_1_857' title='bbox 408 2939 577 2975; x_wconf 57' lang='lat' dir='ltr'><strong>divisionibus</strong></span> <span class='ocrx_word' id='word_1_858' title='bbox 601 2939 682 2983; x_wconf 72' lang='lat' dir='ltr'><strong>deque</strong></span> <span class='ocrx_word' id='word_1_859' title='bbox 702 2939 986 2977; x_wconf 51' lang='lat' dir='ltr'><strong>ddaiaiibiiiiuiﬁfbl</strong></span> 
     </span>
    </p>
   </div>
   <div class='ocr_carea' id='block_1_111' title="bbox 1040 2880 1832 2923">
    <p class='ocr_par' dir='ltr' id='par_1_111' title="bbox 1040 2880 1832 2923">
     <span class='ocr_line' id='line_1_112' title="bbox 1040 2880 1832 2923; baseline 0.013 -18"><span class='ocrx_word' id='word_1_860' title='bbox 1040 2880 1567 2923; x_wconf 41' lang='lat' dir='ltr'><strong>atqmiqrumlaerterafrilcnt_tttagistrurtt,</strong></span> <span class='ocrx_word' id='word_1_861' title='bbox 1593 2884 1739 2913; x_wconf 69' lang='lat' dir='ltr'><strong>Maximum</strong></span> <span class='ocrx_word' id='word_1_862' title='bbox 1764 2889 1832 2923; x_wconf 71' lang='lat' dir='ltr'><strong>diro,</strong></span> 
     </span>
    </p>
   </div>
   <div class='ocr_carea' id='block_1_112' title="bbox 1041 2915 1835 2955">
    <p class='ocr_par' dir='ltr' id='par_1_112' title="bbox 1041 2915 1835 2955">
     <span class='ocr_line' id='line_1_113' title="bbox 1041 2915 1835 2955; baseline 0.009 -14"><span class='ocrx_word' id='word_1_863' title='bbox 1041 2915 1097 2955; x_wconf 69' lang='lat' dir='ltr'><strong>(lib.</strong></span> <span class='ocrx_word' id='word_1_864' title='bbox 1115 2915 1143 2955; x_wconf 62' lang='lat' dir='ltr'><strong>ll,</strong></span> <span class='ocrx_word' id='word_1_865' title='bbox 1160 2924 1184 2955; x_wconf 70' lang='grc' dir='ltr'><strong>ς.</strong></span> <span class='ocrx_word' id='word_1_866' title='bbox 1203 2915 1235 2942; x_wconf 70' lang='grc'><strong>15</strong></span> <span class='ocrx_word' id='word_1_867' title='bbox 1250 2916 1299 2943; x_wconf 83' lang='lat' dir='ltr'><strong>sub</strong></span> <span class='ocrx_word' id='word_1_868' title='bbox 1312 2917 1379 2943; x_wconf 57' lang='lat' dir='ltr'><strong>um.</strong></span> <span class='ocrx_word' id='word_1_869' title='bbox 1396 2917 1429 2944; x_wconf 75' lang='lat' dir='ltr'><strong>lis</strong></span> <span class='ocrx_word' id='word_1_870' title='bbox 1450 2915 1521 2945; x_wconf 71' lang='lat' dir='ltr'><strong>enim</strong></span> <span class='ocrx_word' id='word_1_871' title='bbox 1539 2915 1630 2947; x_wconf 69' lang='lat' dir='ltr'><strong>folium</strong></span> <span class='ocrx_word' id='word_1_872' title='bbox 1653 2922 1705 2948; x_wconf 70' lang='lat'><strong>225</strong></span> <span class='ocrx_word' id='word_1_873' title='bbox 1730 2931 1743 2949; x_wconf 88' lang='lat' dir='ltr'><strong>a</strong></span> <span class='ocrx_word' id='word_1_874' title='bbox 1761 2915 1835 2951; x_wconf 63' lang='lat' dir='ltr'><strong>coli:</strong></span> 
     </span>
    </p>
   </div>
   <div class='ocr_carea' id='block_1_113' title="bbox 1041 2956 1194 2984">
    <p class='ocr_par' dir='ltr' id='par_1_113' title="bbox 1041 2956 1194 2984">
     <span class='ocr_line' id='line_1_114' title="bbox 1041 2956 1194 2984; baseline -0.013 -6"><span class='ocrx_word' id='word_1_875' title='bbox 1041 2958 1078 2978; x_wconf 67' lang='lat' dir='ltr'><strong>Cas</strong></span> <span class='ocrx_word' id='word_1_876' title='bbox 1093 2956 1194 2984; x_wconf 60' lang='lat' dir='ltr'><strong>tut-qut.</strong></span> 
     </span>
    </p>
   </div>
  </div>
