4194 6276
571 342 673 398 519

1943 341 2227 400 JOANNIS
2265 344 2464 404 SCOTl

3738 361 3844 418 520

567 449 907 520 simplicitas,
950 448 1023 503 ibi
1067 446 1250 515 aliud,
1304 449 1403 504 et‘
1452 449 1703 519 multum,
1743 451 2155 510 diversumque
2180 459 2233 519 Α
2259 434 2469 528 ετοεειί
2513 456 2826 523 revolvitur,
2879 459 3150 530 totiusque
3213 470 3525 521 creaturae
3551 473 3844 532 ainatorios

568 541 684 597 ﬁeri
715 537 1047 609 impossibile
1086 549 1189 592 est.

635 632 723 687 74.
766 630 967 686 Vellem
992 638 1174 685 tamen
1205 633 1444 701 apertius
1482 634 1617 689 mihi
1640 635 1888 703 suadeas,
1920 645 1981 692 ut
2005 638 2151 694 clare

560 724 794 787 videam,
841 721 971 775 dum
1017 721 1177 776 audio
1229 724 1397 778 Deum
1447 740 1633 781 amare
1685 727 1770 783 vel
1816 730 2011 796 amari,
2070 729 2147 783 nil

560 815 704 869 aliud
732 813 837 873 nisi
863 813 1031 884 ipsius
1055 821 1307 869 naturam
1336 816 1455 871 sine
1488 816 1597 873 ullo
1621 806 2032 875 motu-amantis
2062 819 2148 877 vel

556 905 723 960 amati
763 904 1081 976 intelligam.
1127 904 1262 961 Cum
1308 906 1453 961 enim
1499 907 1604 963 hoc
1638 909 1772 963 mihi
1816 909 1981 966 fuerit
2017 926 2147 966 sua-

555 1011 696 1062 sum,
724 994 872 1050 nullo
916 995 1078 1050 modo
1127 995 1432 1063 haesitabo,
1477 996 1788 1069 ubicunque
1827 999 2009 1070 legero
2051 1016 2146 1055 seu

552 1085 796 1154 audiero,
824 1085 999 1156 ipsum
1040 1084 1199 1152 velle,
1238 1085 1325 1141 vel
1374 1086 1686 1143 desiderare
1734 1097 1789 1143 et
1821 1090 2141 1159 desiderari,

488 1233 506 1253 ,
552 1175 778 1246 diligere
802 1186 857 1231 et
888 1176 1056 1249 diligi,
1088 1177 1271 1232 videre
1296 1185 1353 1233 et
1370 1178 1564 1245 videri,
1587 1188 1843 1249 appetere
1863 1188 1919 1235 et
1940 1182 2142 1252 appeti,

550 1284 769 1324 movere
811 1268 1066 1324 similiter
1105 1276 1162 1324 et
1204 1269 1430 1325 moveri.
1484 1269 1633 1325 Haec
1680 1271 1826 1325 enim
1874 1272 1896 1303 ³
1962 1273 2145 1328 omnia

550 1374 657 1414 uno
686 1359 985 1431 eodemque
1021 1360 1337 1433 accipienda
1379 1370 1507 1418 sunt
1548 1362 1849 1418 intellectu.
1887 1363 1954 1419 Ut
1996 1366 2140 1420 cnim

544 1449 840 1519 voluntas,
875 1460 932 1506 et
972 1466 1164 1519 amor,
1210 1462 1265 1508 et
1315 1453 1552 1520 dilectio,
1594 1455 1757 1521 visio,
1810 1456 2140 1513 desiderium

547 1557 763 1613 quoque
794 1550 849 1598 et
896 1552 1098 1612 motus,
1147 1545 1274 1599 dum
1318 1546 1384 1601 de
1413 1560 1479 1602 eo
1522 1548 1930 1616 praedicantur,
1971 1566 2138 1605 unum

542 1635 888 1706 idipsumque
915 1637 1072 1692 nobis
1111 1636 1422 1703 insinuant;
1462 1638 1539 1693 ita
1576 1639 1763 1708 verba,
1793 1656 1889 1697 seu
1935 1644 2134 1711 activa,

540 1740 634 1780 seu
685 1727 931 1798 passiva,
1001 1741 1095 1782 seu
1146 1728 1414 1782 neutralia
1481 1730 1611 1796 sint,
1663 1724 1734 1786 et'
1767 1733 2137 1804 cujuscunque

2184 586 2196 600 .
2257 556 2436 603 motus
2476 548 2531 602 in
2564 550 2744 618 seipso
2776 551 3047 605 terminat.
3102 551 3223 622 lpsa
3253 552 3469 625 Quoque
3499 557 3711 616 divinae
3749 580 3847 617 na-

2226 628 2237 715 ς
2254 647 2409 693 turae
2435 638 2491 694 in
2513 640 2714 705 omnia,
2747 655 2886 710 quae
2932 642 2988 696 in
3012 656 3075 696 ea
3132 651 3188 697 et
3233 642 3301 698 ab
3341 661 3404 700 ea
3435 658 3586 713 sunt,
3626 651 3842 709 diffusio

2252 730 2433 785 omnia
2458 746 2641 785 amare
2664 731 2885 796 dicitur,
2926 746 3032 786 non
3074 733 3200 803 quia
3237 734 3346 790 ullo
3394 737 3435 769 ¹⁰
3466 740 3627 795 modo
3649 742 3842 799 dilfun-

2224 817 2432 897 Idatur,
2462 820 2606 890 quod
2643 821 2792 875 omni
2826 828 2977 876 motu
3009 833 3177 890 caret,
3216 826 3505 898 omniaque
3542 830 3706 887 simul
3732 834 3839 888 im-

2249 914 2384 984 plet,
2417 914 2513 970 sed
2536 916 2663 986 quia
2691 915 3029 971 rationabilis
3049 919 3246 974 mentis
3271 923 3569 978 contuitum
3591 940 3695 995 per
3715 943 3839 984 om-

2222 1005 2339 1079 .nia
2366 1003 2724 1080 diﬁ‘unditlet
2765 1008 2994 1073 movet,‘
3023 1009 3149 1064 dum
3203 1010 3505 1071 diﬁusionis
3555 1026 3610 1073 et
3655 1031 3838 1078 motus

2224 1095 2419 1177 animi
2459 1110 2626 1151 causa
2665 1096 2759 1165 sit,
2789 1099 2857 1153 ad
2890 1115 3015 1153 eum
3047 1100 3427 1171 inquirendum
3475 1116 3530 1161 et
3561 1108 3837 1167 invenien-

2249 1186 2376 1242 dum
2405 1196 2480 1254 et,
2530 1196 2791 1259 quantum
2821 1190 3080 1259 possibile
3109 1202 3213 1259 est,
3244 1193 3676 1267 intelligendum,
3706 1203 3834 1271 quia

2245 1280 2430 1333 omnia
2468 1279 2676 1351 implet,
2725 1290 2785 1336 ut
2816 1282 2946 1347 sint,
2974 1291 3029 1337 et
3067 1284 3388 1341 universalis
3420 1288 3588 1343 veluti
3636 1292 3836 1347 amoris

2244 1369 2473 1438 paciﬁca
2517 1372 2862 1440 copulatione
2908 1374 2961 1428 in
3029 1375 3294 1431 unitatem
3362 1377 3779 1449 inseparabilem
3815 1423 3830 1449 ,

2244 1477 2387 1531 quae
2419 1472 2527 1531 est,
2551 1465 2694 1533 quod
2719 1464 2834 1535 ipse
2861 1474 2966 1531 est,
2995 1469 3251 1522 universa
3279 1466 3487 1538 colligit
3524 1479 3581 1525 et
3618 1471 3831 1543 insepa-

2243 1555 2489 1611 rabiliter
2514 1557 2552 1588 “
2575 1559 3003 1628 comprehendit.
3021 1562 3208 1616 Amari
3237 1562 3367 1616 item
3384 1564 3586 1620 dicitur
3612 1565 3681 1620 ab
3718 1581 3831 1621 0m-

2240 1648 2423 1714 nibus,
2462 1636 2611 1719 quae,
2639 1652 2707 1706 ab
2737 1667 2803 1707 co
2844 1661 2987 1717 sunt,
3045 1668 3152 1708 non
3192 1655 3337 1723 quod
3379 1655 3450 1710 ab
3496 1657 3577 1712 eis
3624 1657 3829 1727 aliquid

2239 1741 2499 1809 patiatur,
2525 1742 2617 1811 qui
2665 1740 2812 1798 solus
2846 1742 3194 1812 impassibilis
3228 1751 3334 1811 est,
3382 1744 3479 1800 sed
3527 1745 3654 1816 quia
3698 1762 3825 1802 eum

540 1819 681 1875 modi
719 1820 1112 1892 signiﬁcatione
1159 1822 1527 1892 proferantur,
1560 1823 1706 1879 nulla
1738 1825 2131 1897 intelligentiae
2159 1823 2206 1883 B
2233 1838 2414 1891 onmia
2440 1828 2721 1907 appetunt,
2759 1838 3035 1909 ipsiusque
3076 1839 3421 1909 pulchritudo
3448 1830 3736 1897 omniaad
3765 1857 3825 1899 se

537 1912 840 1969 diﬁ'erentia
894 1914 1269 1987 intelliguntur
1294 1916 1626 1986 discrepare,
1652 1925 1713 1971 ut
1750 1920 1962 1989 opinor.
1984 1919 2125 1975 MAG.

533 2003 646 2059 Nec
667 2006 724 2060 in
754 2006 950 2063 talibus
978 2008 1262 2078 deceptum
1286 2016 1339 2064 te
1379 2025 1534 2076 reor;
1566 2011 1639 2065 ita
1679 2012 1823 2066 enim
1852 2021 1978 2068 sunt
2000 2013 2038 2080 ³,
2068 2024 2128 2069 ιιι

536 2100 840 2157 arbitraris.
900 2100 1143 2157 Primum
1196 2103 1362 2175 igitur
1425 2104 1565 2159 hanc
1605 2105 1807 2161 amoris
1857 2106 2127 2162 deﬁnitio-

530 2204 659 2245 nem
704 2191 932 2261 accipe:
965 2193 1134 2247 Amor
1178 2203 1266 2247 eSt
1324 2194 1589 2248 connexio
1638 2209 1702 2249 ac
1745 2194 1768 2226 ‘
1823 2195 2121 2267 vinculum,

530 2293 639 2350 quo
679 2281 923 2337 omnium
949 2298 1134 2338 rerum
1182 2284 1510 2341 universitas
1539 2284 1560 2316 ⁵
1588 2284 1845 2341 inell‘abili
1881 2288 2117 2344 amicitia

528 2372 909 2445 insolubilique
942 2375 1149 2431 unitate
1178 2376 1479 2447 copulatur.
1514 2376 1703 2433 Potest
1729 2389 1786 2433 et
1815 2378 1834 2409 °
1865 2380 1945 2435 sic
1989 2381 2123 2436 deﬁ-

525 2468 634 2523 niri
661 2484 674 2523 :
696 2468 865 2525 Amor
884 2479 967 2525 cst
988 2469 1251 2525 naturalis
1278 2479 1457 2526 motus
1478 2472 1720 2526 omnium
1744 2486 1948 2539 rerum,
1978 2488 2120 2543 quae

524 2563 582 2617 in
607 2571 755 2621 motu
779 2572 923 2631 sunt,
938 2562 1062 2619 ﬁnis
1086 2564 1377 2635 quietaque
1398 2563 1577 2626 statio,
1598 2562 1740 2617 ultra
1759 2579 1919 2633 quam
1942 2564 2120 2620 nullus

523 2667 808 2714 creaturae
820 2658 1163 2729 progreditur
1176 2670 1374 2714 motus.
1393 2657 1489 2713 llis
1511 2657 1917 2714 deﬁnitionibus
1930 2668 2119 2728 aperte

523 2759 742 2808 sanctus
777 2750 1065 2823 Dionysius
1101 2752 1423 2823 astipulatur
1464 2751 1521 2807 in
1562 2753 1841 2807 amatoriis
1878 2753 2114 2823 hymnis,

521 2841 601 2897 sic
616 2842 802 2900 dicens
833 2844 1108 2897 :Amorem
1129 2844 1233 2898 sive
1250 2843 1505 2909 divinum,
1536 2843 1643 2896 sive
1670 2842 1984 2912 angelicum,
2011 2844 2116 2897 sive

520 2934 923 2991 intellectualem
942 2975 957 3003 ,
983 2937 1088 2990 sive
1110 2934 1435 2991 animalem"
1456 2974 1472 3001 ,
1497 2933 1602 2990 sive
1646 2934 1940 2988 naturalem
1966 2935 2114 2990 dica-

519 3040 662 3093 mus,
684 3027 939 3081 unitivam
966 3027 1233 3098 quandam
1256 3036 1303 3081 et
1323 3026 1733 3079 continuativam
1760 3026 2110 3097 intelligamus

517 3117 781 3186 virtutem,
825 3117 1098 3186 superiora
1113 3119 1326 3188 quidem
1350 3126 1635 3170 moventem
1650 3117 1706 3170 in
1726 3117 2109 3186 providentiam

2230 1927 2457 1982 attrahit
2496 1928 2559 1981 ³³.
2601 1928 2721 1998 ipse
2750 1930 2894 1983 enim
2923 1929 3071 1983 solus
3100 1944 3229 1984 vere
3253 1931 3496 1987 amabilis
3535 1942 3644 2000 est,
3693 1934 3821 2004 quia

2229 2019 2376 2074 solus
2398 2036 2609 2074 summa
2639 2036 2705 2075 ac
2733 2022 2777 2053 “
2802 2037 2928 2075 vera
2974 2020 3190 2075 bonitas
3234 2032 3288 2076 et
3313 2023 3658 2091 pulchritudo
3686 2036 3772 2079 est
3801 2042 3816 2079 :

2224 2125 2385 2166 omne
2405 2111 2670 2180 siquidem
2682 2151 2696 2176 ,
2716 2111 3079 2181 quodcunque
3100 2112 3155 2166 in
3177 2113 3439 2184 creaturis
3452 2129 3579 2169 vere
3592 2115 3817 2183 bonum,

2220 2218 2456 2279 vereque
2482 2202 2771 2273 pulchrum
2792 2203 3130 2275 amabileque
3148 2205 3193 2237 ¹⁴⁵
3213 2205 3548 2277 intelligitur,
3577 2205 3692 2275 ipse
3707 2215 3812 2261 est.

2225 2295 2382 2351 Sicut
2399 2296 2543 2351 enim
2578 2296 2784 2351 nullum
2817 2298 3021 2365 bonum
3051 2296 3341 2353 essentiale
3371 2304 3476 2363 est,
3512 2297 3587 2351 ita
3611 2295 3818 2352 nullum

2221 2387 2503 2458 pulchrum
2520 2403 2614 2442 seu
2629 2388 2862 2465 amabile
2876 2388 3185 2456 essentiale,
3204 2398 3417 2460 praeter
3430 2389 3605 2460 ipsum
3621 2387 3814 2443 solum.

2294 2478 2383 2533 75.
2424 2478 2579 2534 Sicut
2628 2495 2758 2551 ergo
2798 2479 2935 2550 lapis
2976 2481 3084 2547 ille,
3117 2481 3211 2551 qui
3251 2481 3454 2536 dicitur
3493 2494 3716 2550 magnes
3749 2477 3814 2545 ¹⁸,

2221 2569 2468 2641 quamvis
2493 2568 2729 2623 naturali
2759 2584 2855 2624 sua
2887 2570 3088 2625 virtute
3115 2568 3322 2625 ferrum
3372 2570 3592 2624 sibimet
3620 2568 3664 2600 ¹⁶
3687 2585 3818 2640 pro-

2217 2662 2486 2731 pinquans
2524 2661 2592 2717 ad
2630 2676 2690 2717 se
2728 2660 2986 2728 attrahat,
3013 2661 3160 2717 nullo
3199 2662 3361 2716 modo
3389 2670 3591 2725 tamen,
3618 2670 3675 2715 ut
3706 2663 3813 2718 hoc

2217 2752 2404 2818 faciat,
2431 2768 2491 2808 se
2528 2753 2702 2823 ipsum
2745 2761 2946 2817 movet,
2975 2760 3067 2806 aut
3090 2767 3121 2805 a
3145 2751 3289 2806 lerro
3349 2750 3552 2820 aliquid
3578 2752 3809 2821 patitur,

2216 2845 2360 2916 quod
2381 2846 2449 2900 ad
2469 2860 2530 2900 se
2550 2844 2773 2899 attrahit
2797 2862 2809 2898 :
2843 2843 2918 2899 ita
2944 2859 3128 2899 rerum
3151 2843 3394 2898 omnium
3418 2857 3583 2899 causa
3603 2844 3809 2910 omnia,

2216 2953 2357 3010 quae
2402 2953 2472 2993 ex
2519 2952 2578 2993 se
2603 2945 2746 3002 sunt,
2777 2935 2845 2990 ad
2892 2935 3126 3005 scipsam
3181 2932 3420 3001 reducit,
3445 2933 3565 2990 sine
3592 2935 3702 2989 ullo
3727 2935 3813 2991 sui

2215 3041 2387 3099 motu,
2412 3032 2506 3087 sed
2522 3031 2634 3087 sola
2663 3044 2792 3085 suae
2814 3026 3230 3100 pulchritudinis
3250 3027 3471 3083 virtute.
3501 3026 3641 3082 Hinc
3667 3027 3808 3082 idem

2212 3131 2433 3178 sanctus
2478 3120 2768 3191 Dionysius
2816 3120 2956 3174 inter
3006 3128 3187 3173 cetera
3237 3120 3352 3173 ait:
3411 3116 3590 3184 Quare
3634 3129 3808 3173 autem

515 3210 851 3281 inferiorum,
880 3220 929 3265 et
952 3209 1303 3281 aequiformia
1330 3210 1523 3262 iterum
1546 3210 1603 3261 in
1624 3209 1924 3263 δοσίαὺὶιετη
1947 3212 2105 3265 υἱεῖς·
2134 3185 2179 3247 C
2212 3216 2460 3289 Tlteologi
2498 3216 2667 3271 Deum
2689 3201 2988 3287 aliquando:
3003 3212 3213 3285 quidem
3243 3228 3494 3278 amorem,
3516 3212 3803 3283 aliquando

513 3303 822 3370 situdinem,
848 3314 899 3358 et
921 3302 1202 3357 novissima
1233 3300 1467 3369 subjecta
1508 3300 1578 3354 ad
1630 3300 1905 3354 meliorum
1942 3312 1991 3355 et
2018 3320 2107 3357 su-

2207 3325 2326 3363 vero
2372 3308 2728 3372 dilectionem,
2787 3305 3077 3373 aliquando
3136 3303 3362 3358 amabile
3407 3312 3455 3357 et
3507 3300 3803 3356 dilectabile

2204 3408 2392 3454 vocant
2424 3399 2465 3431 "
2492 3399 2515 3453 ?
2538 3396 2815 3453 Conclusit
2848 3409 3154 3451 sermonem
3199 3395 3279 3449 sic
3318 3393 3535 3449 dicens:
3587 3393 3709 3464 quia
3735 3408 3798 3447 eo

2202 3490 2414 3561 quidem
2436 3497 2691 3552 movetur,
2725 3502 2784 3540 eo
2813 3501 2931 3539 vero
2971 3493 3159 3538 movet.
3193 3482 3367 3552 Quam
3401 3480 3799 3539 conclusionem

2205 3582 2447 3651 apertius
2463 3579 2507 3611 ¹⁸
2528 3576 2851 3632 venerabilis
2872 3566 3138 3630 Maximus
3151 3589 3426 3645 exponens
3446 3573 3555 3629 ait:
3579 3582 3634 3626 ut
3652 3588 3804 3626 amor

2200 3672 2410 3745 quidem
2432 3670 2714 3726 subsistens
2738 3668 2880 3723 Deus
2900 3676 2949 3723 et
2978 3668 3189 3722 dilectio
3216 3676 3449 3723 movetur
3480 3665 3547 3733 ‘9,
3596 3675 3653 3720 ut
3682 3681 3800 3719 vero

2203 3765 2428 3822 amabile
2456 3772 2503 3818 et
2524 3761 2769 3816 dilectum
2793 3770 2956 3816 movet
2985 3760 3055 3815 ad
3078 3761 3307 3832 scipsam
3330 3760 3505 3814 omnia
3531 3759 3726 3813 amoris
3749 3766 3798 3812 et

2201 3856 2560 3911 delectationis
2576 3854 2620 3889 ¹⁹
2648 3855 2929 3924 acceptiva.
2959 3851 3026 3906 Et
3051 3852 3266 3923 planius
3290 3852 3485 3906 iterum
3514 3848 3792 3921 proferen'

2200 3947 2326 4002 dum
2360 3964 2373 3999 :
2416 3943 2660 3998 Movetur
2686 3943 2918 4014 quidem,
2941 3942 3093 4012 quasi
3121 3940 3536 4010 conjunctionem
3558 3940 3794 4008 ingerens

2196 4037 2600 4108 inseparabilem
2639 4036 2833 4090 amoris
2867 4044 2917 4089 et
2942 4032 3236 4089 dilectionis
3266 4049 3447 4087 eorum
3475 4032 3791 4102 acceptivis;

2197 4139 2366 4186 movet
2388 4140 2585 4195 autem,
2599 4127 3028 4200 quasiattraltens
3048 4142 3141 4196 per
3163 4135 3409 4180 naturam
3434 4141 3637 4191 eorum,
3660 4139 3797 4194 quae

511 4227 606 4282 bus
644 4226 952 4283 uniuersalis
977 4242 1147 4282 amor.
1189 4224 1376 4281 Idem.
1399 4225 1454 4280 in
1483 4225 1728 4280 eisdem:
1775 4225 1885 4295 Age
1932 4241 2094 4289 nunc,
2196 4225 2252 4278 in
2280 4225 2451 4295 ipsum
2502 4222 2547 4254 ¹⁰
2603 4232 2894 4285 moventur,
2924 4219 3264 4286 desiderium,
3324 4230 3372 4274 et
3410 4219 3603 4274 iterum
3632 4225 3795 4273 movet

510 4325 559 4377 et
587 4319 682 4373 has
706 4320 916 4385 iterum,
940 4318 1036 4371 hoc
1069 4327 1167 4384 est,
1209 4317 1405 4371 amoris
1444 4318 1658 4371 virtutes
1698 4316 1753 4369 in
1783 4331 1947 4369 unum
1968 4331 2095 4369 con-
2197 4324 2244 4369 et
2273 4324 2509 4370 movetur
2535 4313 2581 4345 “
2602 4352 2619 4380 ,
2650 4313 2799 4384 quasi
2825 4311 3004 4365 sitiens
3027 4311 3188 4377 sitiri,
3219 4320 3267 4366 et
3307 4327 3492 4365 amans
3524 4312 3713 4379 amari,
3743 4318 3793 4364 et

508 4423 781 4482 gregantes
824 4411 1084 4477 dicamus,
1137 4412 1263 4482 quia
1304 4426 1412 4464 una
1454 4408 1715 4479 quaedam
1757 4418 1832 4461 est
1872 4404 2115 4482 simplex.
2198 4406 2419 4477 diligens
2448 4405 2619 4475 diligi.
2641 4402 2777 4458 Nam
2803 4412 2857 4459 et
2877 4401 2969 4457 lux
3005 4402 3110 4458 ista
3130 4402 3423 4469 sensibilis,
3456 4418 3598 4473 quae
3621 4411 3793 4457 totum

507 4480 699 4563 virtus,
725 4499 948 4565 seipsam
984 4480 1187 4554 movens
1216 4500 1283 4552 ad
1322 4498 1578 4553 unitivam
1600 4496 1868 4566 quandam
1905 4480 2172 4566 tempe—tn
2198 4496 2467 4553 visibilem
2517 4496 2776 4552 mundum
2804 4494 2989 4565 implet
3011 4496 3079 4561 ¹¹,
3101 4496 3227 4550 dum
3258 4494 3330 4550 sit
3357 4509 3574 4562 semper
3598 4494 3789 4548 inime-

509 4588 741 4641 rantiam
763 4604 827 4641 ex
869 4589 1061 4657 optimo
1090 4606 1250 4660 usque
1292 4591 1626 4645 existentium
1658 4589 2017 4657 novissimum,
2040 4596 2090 4644 et
2121 4584 2172 4603 "
2197 4590 2343 4656 bilis,
2386 4589 2634 4661 quamvis
2677 4587 2984 4643 vehiculum
3039 4586 3180 4657 ejus,
3210 4586 3350 4657 quod
3381 4584 3560 4639 solare
3587 4598 3787 4652 corpus

510 4679 575 4732 ab
600 4676 691 4730 illo
716 4679 906 4731 iterum
937 4688 1308 4749 consequenter
1329 4696 1421 4749 per
1456 4681 1634 4735 omnia
1668 4697 1831 4752 usque
1856 4679 1926 4734 ad
1958 4679 2092 4750 opti-
2198 4682 2447 4747 dicimus,
2461 4697 2556 4752 per
2579 4681 2751 4737 media
2773 4680 3010 4735 aetheris
3032 4681 3203 4750 spatia
3223 4680 3365 4734 circa
3389 4686 3590 4730 terram
3613 4683 3786 4730 aeter-

510 4787 688 4837 num;
712 4788 776 4825 επ
805 4786 858 4825 δε
894 4772 1033 4840 ipsa,
1056 4781 1103 4825 ει
1141 4788 1233 4841 Per
1256 4788 1310 4826 δε
1352 4772 1542 4840 ipsum,
1570 4782 1617 4825 ει
1642 4774 1710 4824 ad
1742 4774 1965 4842 scipsam
2009 4789 2092 4827 εϐ-
2198 4795 2270 4834 no
2301 4784 2449 4832 motu
2471 4774 2735 4841 volvatur,
2761 4775 2879 4845 ipsa
2897 4773 3142 4841 vero-lux
3164 4772 3230 4826 ab
3254 4763 3368 4841 ipso
3391 4769 3666 4834 vehiculo,
3693 4782 3784 4822 ve-

507 4865 679 4933 ipsam
720 4861 991 4929 reducens,
1024 4871 1071 4916 et
1116 4863 1174 4915 in
1212 4864 1436 4931 scipsam
1486 4877 1686 4931 semper
1722 4862 1903 4939 eodem
1934 4864 2089 4918 modo
2197 4868 2296 4925 luti
2317 4868 2553 4939 quodam
2584 4864 2728 4922 fonte
2788 4867 3134 4931 inexhausta,
3187 4876 3433 4926 manans,
3485 4861 3561 4915 ita
3604 4868 3784 4914 totum

508 4953 763 5010 revoluta.
810 4953 1003 5009 Merito
1044 4968 1175 5024 ergo
1210 4968 1364 5008 amor
1398 4952 1539 5009 Deus
1569 4951 1789 5020 dicitur,
1819 4951 1946 5021 quia
1972 4966 2090 5008 om-

2220 4961 2457 5015 nundum
2483 4959 2756 5014 radiorum
2781 4973 3006 5013 suorum
3034 4953 3459 5012 immensurabili
3495 4949 3783 5008 diﬁ‘usionc

506 5045 595 5100 nis
619 5046 822 5102 amoris
858 5061 1021 5102 causa
1052 5055 1155 5113 est,
1184 5056 1239 5102 et
1256 5061 1354 5117 per
1379 5046 1560 5103 omnia
1590 5044 1927 5111 diﬁ‘unditur,
1955 5053 2011 5101 et
2035 5044 2091 5100 in
2197 5050 2491 5122 perfundit,
2509 5046 2979 5105 utnullumlocum
2995 5048 3283 5119 relinquat,
3301 5042 3780 5117 quosemoveat”,

505 5154 674 5200 unum
708 5141 915 5214 colligit
959 5141 1165 5212 omnia,
1204 5150 1259 5199 et
1296 5141 1366 5200 ad
1408 5141 1649 5214 seipsum
1695 5138 1954 5198 ineﬁabili
2003 5154 2092 5195 re-
2198 5150 2489 5211 manetque
2534 5154 2748 5211 semper
2802 5138 3117 5198 immobilis.
3157 5137 3374 5210 Ubique
3421 5137 3566 5194 enim
3631 5136 3687 5192 in
3734 5133 3782 5165 ”

1799 5279 2056 5338 VARIAE
2092 5274 2494 5337 LECTIONES.

576 5406 597 5481 ξ
626 5411 717 5466 Sic
743 5410 861 5479 CD;
889 5420 939 5467 et
964 5426 1073 5468 om.
1101 5411 1169 5466 A.
1271 5417 1294 5448 ³
1338 5409 1428 5468 Sic
1462 5411 1581 5474 CD;
1632 5413 1771 5466 enim
1811 5426 1920 5469 om.
1970 5411 2038 5466 A.
2140 5412 2163 5444 ³
2185 5410 2277 5468 Sic
2319 5410 2442 5479 CD;
2471 5425 2568 5481 pro
2611 5420 2732 5465 sunt
2767 5411 2816 5466 A
2848 5418 3085 5481 possunt.
3191 5409 3215 5441 ⁸
3246 5408 3338 5467 Sic
3368 5408 3511 5481 7CD;
3567 5409 3627 5481 ᾼί
3661 5419 3774 5481 aut.

508 5477 537 5560 ξ
575 5479 666 5535 Sic
695 5477 893 5560 CDLA
913 5482 1295 5560 univegalit‘as.
1425 5482 1516 5560 Sic
1556 5483 1634 5560 ἑ
1744 5483 1924 5560 etiam,
1958 5482 2110 5560 Duc.
2198 5484 2217 5514 ⁷
2254 5484 2298 5537 D
2335 5477 2677 5560 animalium.
2779 5477 2866 5560 °_D
2910 5481 3258 5560 congerimus.
3301 5552 3312 5560 .
3363 5480 3383 5509 ⁹
3422 5481 3517 5560 Sic
3546 5479 3774 5560 ICDEWA

505 5549 662 5606 Item.
743 5551 785 5581 ¹⁰
805 5551 847 5606 C
873 5552 1046 5616 nullo;
1072 5553 1118 5607 D
1145 5552 1294 5607 iullo.
1359 5554 1399 5584 “
1435 5553 1526 5608 Sic
1553 5552 1671 5619 CD;
1695 5552 2272 5624 Ainseparabiliterque
2332 5553 2375 5582 “
2405 5551 2497 5606 Sic
2512 5550 2628 5619 CD;
2650 5552 2695 5606 A
2719 5553 2902 5608 trahit.
2958 5548 3113 5606 “Sic
3138 5551 3253 5616 CD;
3286 5552 3331 5605 Α
3352 5560 3419 5605 et.
3479 5549 3523 5579 “
3545 5548 3634 5604 Sic
3655 5550 3774 5617 CD;

504 5639 552 5692 A
592 5650 639 5694 et
670 5640 911 5694 amabile.
1006 5641 1052 5673 "
1079 5626 1169 5698 Sic
1194 5644 1267 5708 A;
1309 5642 1395 5697 CD
1424 5653 1710 5711 magnetes.
1813 5642 1857 5673 ³⁸
1881 5644 1971 5696 Sic
2001 5643 2110 5709 CD;
2144 5643 2189 5698 Α
2211 5642 2327 5698 sibi.
2431 5643 2469 5672 "
2497 5641 2587 5696 Sic
2631 5643 2757 5710 AD;
2813 5641 2854 5697 C
2879 5651 3116 5697 evocant.
3197 5642 3267 5711 “‘7
3294 5640 3341 5711 Α
3370 5640 3565 5711 aptius.
3645 5639 3687 5671 ¹⁹
3714 5655 3777 5691 eo

506 5725 624 5761 vero
652 5719 1156 5780 movetfmovetur
1174 5729 1283 5766 om.
1316 5714 1376 5766 D.
1485 5708 1546 5747 ιδ’
1577 5713 1669 5768 Sic
1693 5712 1734 5768 C
1763 5729 1777 5778 ;
1812 5712 1854 5766 Ι)
1880 5708 2192 5768 dilectionis.
2301 5713 2344 5743 ²⁰
2372 5711 2463 5768 Sic
2500 5712 2616 5778 CD;
2642 5714 2686 5766 Λ
2722 5708 2776 5768 in
2796 5730 2849 5767 se
2876 5714 3071 5780 ipsum.
3175 5713 3219 5742 ’ί
3248 5709 3338 5764 Sic
3379 5708 3499 5773 CD;
3533 5709 3578 5761 A
3608 5724 3779 5762 move-

508 5789 714 5847 turque.
789 5779 835 5809 ³³
863 5778 953 5831 Sic
980 5777 1056 5842 C;
1090 5780 1134 5833 Α
1162 5782 1334 5849 implet
1362 5783 1612 5838 mundum
1637 5784 1833 5855 (implet
1880 5798 1991 5838 om.
2020 5784 2108 5854 υ.)
2184 5783 2231 5816 ’³
2274 5784 2366 5839 Sic
2411 5782 2535 5848 CD;
2560 5783 2603 5839 Α
2634 5793 2798 5839 movet
2860 5777 2917 5853 q"
2943 5783 3035 5837 Sic
3061 5783 3169 5849 CD;
3204 5783 3258 5836 in
3286 5796 3396 5837 om.
3440 5780 3503 5834 Α.

511 3399 894 3466 perpositorum
914 3395 1317 3449 conversionem.
1344 3392 1489 3447 Idem
1513 3393 1565 3447 in
1580 3392 1814 3447 eisdem:
1842 3393 2106 3459 Quoniam

511 3503 578 3542 ea:
591 3505 696 3541 uno
718 3486 912 3541 multos
929 3501 1133 3539 amores
1163 3485 1540 3550 ordinavimus,
1562 3501 1699 3539 nunc
1713 3484 1902 3539 iterum
1925 3502 2103 3541 omnes

509 3582 568 3635 in
599 3597 761 3636 unum
778 3587 831 3634 et
853 3577 1207 3648 complicitum
1229 3593 1482 3644 amorem,
1523 3589 1570 3632 et
1607 3578 1841 3631 omnium
1868 3580 2103 3649 ipsorum

509 3682 709 3745 patrem
773 3669 1138 3726 eonvolvamus
1210 3670 1367 3725 simul
1422 3679 1472 3725 et
1528 3686 1897 3741 congregemus
1953 3671 1975 3703 ⁸
2038 3687 2102 3726 ea:

509 3766 716 3833 multis,
739 3766 909 3837 primo
953 3766 1008 3818 in
1056 3765 1190 3820 duas
1231 3764 1718 3835 comprehendentes
1757 3773 2101 3819 eumamato-

510 3858 619 3912 rias
642 3854 1010 3912 universaliter
1029 3855 1268 3921 virtutes,
1300 3872 1525 3926 quarum
1547 3864 1851 3925 potentatur
1869 3866 1915 3909 et
1952 3856 2099 3925 prin-

510 3950 717 4020 cipatur
736 3949 949 4003 omnino
971 3964 1036 4004 ex
1076 3948 1309 4001 omnium
1352 3947 1650 4000 summitate
1692 3947 1858 4001 omnis
1899 3947 2097 3999 amoris

508 4039 952 4096 immensurabilis
986 4056 1168 4103 causa,
1195 4047 1244 4093 et
1285 4038 1354 4092 ad
1394 4055 1554 4109 quam
1579 4026 1877 4094 extenditur
1900 4054 2094 4092 canna-

511 4132 755 4190 turaliter
778 4134 1059 4205 unicuique
1100 4133 1435 4189 existentium
1463 4143 1509 4188 et
1542 4133 1884 4187 existentibus
1923 4133 2093 4187 omni-
