4194 6276
514 326 637 401 tm

1437 336 1523 391 DE
1561 334 1903 392 DIVISIONE
1937 331 2292 392 NATURAE.
2333 360 2406 379 -ι-
2443 334 2643 389 LIBER
2680 334 2960 391 PRIMUS.

3691 344 3797 429 sse

514 455 717 513 mundo
741 462 825 510 est
852 453 1008 525 plena
1053 465 1263 522 semper
1296 456 1352 505 et
1409 449 1636 520 integra,
1689 450 1893 505 nullum
1923 450 2101 505 locum
2128 450 2184 513 Α
2207 457 2422 503 amatur
2442 464 2473 502 a
2499 447 2696 518 seipso,
2723 448 2778 503 in
2800 450 2954 505 nobis
2976 457 3031 505 et
3058 450 3113 505 in
3138 453 3336 523 seipso,
3368 453 3461 509 sed
3490 456 3610 525 plus
3631 473 3797 527 quam

516 549 770 604 deserens
788 545 872 601 vel
919 552 1178 614 appetens
1224 550 1440 615 praeter
1479 543 1878 613 portiunculam
1910 534 2108 614 quan;

516 636 638 691 dam
666 634 937 691 inferioris
962 634 1118 704 hujus
1141 634 1285 688 aéris
1307 634 1453 688 circa
1473 640 1696 698 terram,
1725 648 1886 703 quam
1914 634 1982 689 ad
2007 648 2096 689 ca-

512 729 758 801 piendam
772 729 1015 784 umbram
1039 729 1267 795 telluris,
1284 745 1425 799 quae
1448 745 1553 785 nox
1574 728 1789 795 dicitur,
1808 728 2091 798 relinquit;

511 821 744 877 omnium
780 831 960 876 tamen
990 822 1306 876 animalium
1338 822 1516 877 lumen
1554 820 1770 877 sentire
1802 821 2105 877 valentium

506 913 718 969 obtutus
746 922 949 980 movet,
982 922 1039 970 et
1064 915 1132 968 ad
1155 917 1388 984 seipsam
1446 914 1695 981 attrahit,
1744 922 1804 969 ut
1828 931 1924 986 per
1972 902 2104 970 eam.

503 1004 793 1075 aspiciant,
829 1015 1094 1076 quantum
1153 1006 1395 1076 aspicere
1426 1006 1441 1036 ¹
1472 1013 1699 1076 possunt
1739 1007 1783 1071 ’,
1822 1007 1964 1077 quod
2007 1022 2093 1062 as-

500 1098 683 1167 picere
711 1107 943 1167 possunt
974 1098 1019 1164 ',
1076 1098 1306 1169 ideoque
1336 1100 1539 1154 moveri
1567 1106 1808 1169 putatur,
1848 1100 1974 1169 quia
2000 1108 2101 1155 ra-'

505 1187 627 1243 dios
652 1189 958 1255 oculorum,
984 1196 1044 1244 ut
1070 1190 1137 1244 ad
1169 1206 1229 1246 sc
1251 1182 1592 1255 moveantur,
1616 1200 1890 1260 permovet
1918 1191 1963 1257 ",
1988 1193 2092 1246 hoc

506 1288 610 1345 est,
636 1281 932 1336 .oculorum
971 1282 1226 1337 motionis
1266 1284 1333 1337 ad
1377 1283 1668 1338 videndum
1703 1297 1866 1339 causa
1894 1293 1995 1341 est.
2025 1286 2093 1341 Et

505 1385 573 1424 ne
609 1371 824 1427 mireris
871 1373 1111 1439 audiens,
1146 1381 1395 1429 naturam
1434 1375 1588 1439 lucis,
1637 1392 1774 1445 quae
1802 1386 1885 1433 est
1928 1379 2088 1450 ignis,

504 1468 676 1516 totum
726 1464 979 1517 mundum
1016 1464 1326 1520 sensibilem
1369 1466 1617 1536 implere,
1658 1469 2090 1526 immutabiliter-

2200 548 2347 594 amat
2399 548 2455 595 et
2474 548 2688 596 amatur
2725 541 2779 595 in
2805 541 2959 598 nobis
2981 544 3107 597 etin
3135 546 3329 616 seipso.
3362 548 3520 603 Videt
3559 550 3797 618 seipsam

2199 637 2253 684 et
2276 630 2491 685 videtur
2536 647 2569 686 a
2619 632 2817 702 seipso,
2850 633 2904 688 in
2944 634 3122 705 seipse
3154 645 3210 691 et
3259 638 3314 692 in
3340 639 3540 694 nobis:
3586 655 3687 696 nec
3715 652 3799 697 ta-

2200 737 2322 778 men
2350 723 2498 779 videt
2520 725 2779 795 seipsum,
2806 741 2907 799 nee
2932 727 3147 782 videtur
3172 744 3204 783 a
3232 730 3433 800 seipso,
3457 731 3511 785 in
3537 732 3714 803 seipse
3740 741 3798 791 et

2197 812 2252 867 in
2276 815 2458 881 nobis,
2492 816 2586 871 sed
2610 816 2653 847 ³⁸
2675 816 2978 887 plusquam
3000 819 3167 886 videt,
3192 827 3248 875 et
3273 820 3487 878 videtur
3511 824 3564 878 in
3590 825 3792 897 seipso,

2195 913 2250 959 et
2272 905 2326 959 in
2356 907 2530 962 nobis.
2567 906 2745 964 Movet
2766 909 3003 979 seipsum
3029 920 3085 985 et
3109 924 3357 969 movetur
3403 930 3435 971 a
3487 916 3702 988 seipso,
3735 919 3791 974 in

2196 1002 2374 1071 scipso
2388 1009 2443 1057 et
2467 1004 2520 1057 in
2547 1003 2732 1059 nobis:
2770 1019 2877 1059 non
2904 1004 2947 1036 ¹⁹
2977 1014 3154 1060 tamen
3182 1018 3364 1064 movet
3394 1010 3665 1080 seipsam,
3691 1026 3793 1066 nec

2194 1103 2444 1148 movetur
2456 1111 2485 1149 a
2500 1096 2697 1165 seipso,
2723 1096 2777 1150 in
2797 1096 2997 1166 seipso,
3020 1106 3075 1153 et
3096 1098 3148 1152 in
3161 1099 3337 1167 nobis,
3353 1101 3477 1170 quia
3493 1101 3613 1172 plus
3626 1117 3789 1174 quam

2194 1194 2374 1241 movet
2400 1196 2454 1241 et
2484 1197 2731 1242 movetur
2758 1189 2811 1242 in
2842 1189 3022 1259 seipse
3053 1197 3108 1243 et
3148 1189 3202 1244 in
3229 1191 3406 1247 nobis.

2153 1280 2157 1284 ’
2208 1302 2215 1315 κ
2264 1276 2352 1331 76.
2389 1276 2457 1331 Et
2482 1278 2617 1333 haec
2666 1287 2751 1334 est
2792 1288 2948 1334 cauta
2990 1290 3046 1336 et
3102 1281 3356 1337 salutaris
3412 1291 3468 1338 et
3526 1260 3792 1341 catholica

2192 1367 2260 1423 de
2310 1368 2423 1422 Deo
2472 1369 2831 1437 praedicanda
2885 1370 3170 1440 professio,
3246 1382 3307 1428 ut
3388 1373 3539 1444 prius
3602 1376 3669 1432 de
3720 1392 3784 1431 eo

2185 1460 2342 1531 juxta
2394 1462 2756 1527 catafaticam,
2793 1463 2849 1517 id
2901 1471 2984 1518 est
3031 1463 3552 1533 allirmationem",
3604 1468 3788 1524 omnia

501 1569 605 1621 qttc
634 1552 657 1584 ⁸
681 1552 880 1622 ubique
928 1568 1047 1609 esse
1072 1571 1087 1619 ;
1118 1569 1243 1608 nam
1270 1564 1326 1610 et
1378 1565 1601 1613 sanctus
1650 1559 1939 1631 Dionysius
1986 1563 2089 1618 hoc
2191 1556 2304 1609 sive
2331 1550 3590 1632 nominaliter“,sive'verbaliterpraedicemus,
3616 1570 3722 1617 non
3743 1563 3790 1593 “

495 1644 652 1698 docet
680 1643 735 1698 in
787 1643 929 1698 libro
958 1645 1024 1700 de
1063 1645 1334 1702 caelesti“
1380 1647 1685 1703 lerarchia:
1715 1660 1936 1706 sanctus
1960 1654 2087 1707 item
2190 1653 2370 1700 tamen
2415 1647 2652 1717 proprie,
2710 1649 2802 1703 sed
2866 1650 3178 1706 translative
3219 1662 3261 1718 ;'
3299 1652 3491 1708 deinde
3566 1662 3626 1713 ut
3673 1669 3792 1707 om-
3842 1660 3847 1665 ’

489 1734 722 1791 Basilius
778 1737 832 1791 in
859 1737 1126 1795 Exemero
1173 1741 1362 1795 eadem
1414 1740 1683 1797 aﬂirmat:
1737 1745 2083 1800 substantiam

2189 1735 2303 1800 nia,
2343 1750 2482 1805 quae
2540 1737 2606 1790 de
2643 1752 2708 1792 eo
2753 1739 2799 1770 ³³
2834 1741 3215 1808 praedicantur
3270 1758 3369 1813 per
3418 1743 3786 1809 catafatic‘am,

489 1831 697 1902 quidem
726 1830 942 1887 luminis
972 1833 1161 1903 ubique
1175 1851 1303 1899 esse,
1335 1835 1391 1889 in
1420 1853 1537 1891 vero
1564 1838 1748 1892 mundi
1778 1838 2083 1894 'lttminari-

2185 1840 2307 1880 eum
2337 1841 2457 1882 esse
2485 1842 2739 1898 negemus
2786 1844 2884 1898 per
2923 1831 3270 1900 apol‘alicam,
3319 1834 3370 1888 id
3419 1844 3504 1888 est
3547 1836 3790 1904 negatio-

492 1923 605 1986 bus,
635 1923 740 1976 sive
759 1924 989 1993 magnis,
1015 1924 1120 1978 sive
1142 1927 1339 1994 parvis,
1365 1927 1599 1981 naturali
1648 1931 1878 2000 quatiant
1908 1949 2083 2003 apera-

2196 1933 2341 1985 nem,
2368 1934 2475 1973 non
2502 1920 2548 1952 “
2578 1930 2758 1977 tamen
2785 1925 3116 1991 translative,
3141 1928 3234 1982 sed
3253 1929 3468 1998 proprie
3494 1929 3562 1981 ³³.
3593 1928 3789 1984 Verius

492 2013 629 2066 tione
650 2028 1006 2084 prorumpere,
1032 2030 1135 2068 non
1166 2024 1225 2068 ut
1249 2015 1422 2070 solum
1452 2016 1736 2084 illuminet,
1770 2022 1861 2074 sed
1884 2032 1939 2075 ut
1968 2039 2083 2076 mo-
2194 2011 2338 2064 enim
2373 2020 2601 2083 “933"”
2642 2014 2784 2068 θθυε
2806 2017 2932 2085 fl“id
2967 2018 3013 2048 ³⁸
3044 2033 3253 2084 eorum,
3279 2035 3418 2089 quae
3451 2020 3518 2074 de
3539 2034 3605 2075 θο
3631 2033 3788 2090 Prae-

487 2105 622 2160 tibus
649 2105 951 2162 caelestium
986 2124 1262 2178 corporum
1310 2126 1461 2165 omne
1491 2110 1514 2141 "
1543 2120 1747 2182 tempus
1775 2114 2085 2184 distinguat.
2118 2158 2121 2159 ν
2194 2101 2445 2156 dicam“?
2481 2118 2600 2159 esse
2621 2144 2635 2168 ν
2682 2116 2867 2175 quam
2892 2106 3195 2165 amrmalﬂl‘
3231 2123 3385 2176 esse;
3446 2110 3639 2165 deinde
3687 2126 3781 2165 δυ’

486 2194 625 2262 Quid
660 2196 835 2250 dicam
866 2198 933 2252 de
967 2198 1190 2263 artibus,
1229 2215 1366 2270 quas
1412 2201 1686 2271 sapientes
1714 2203 1965 2260 liberales
1994 2221 2089 2276 ap-

484 2287 687 2356 pellant
706 2289 1036 2359 disciplinas,
1060 2306 1219 2360 quae,
1233 2292 1359 2346 dmn
1381 2293 1433 2347 in
1456 2295 1762 2364 semetipsis
1775 2313 1871 2366 per
1892 2308 2090 2353 semet-

490 2379 635 2446 ipsas
648 2379 856 2448 plenae,
872 2381 1132 2450 integrae,
1146 2382 1614 2454 immutabilesque
1625 2397 1967 2455 permanent,
1982 2405 2090 2443 mo-

485 2470 600 2523 veri
620 2478 668 2523 ta
676 2485 798 2525 men
811 2471 1082 2537 dicuntur,
1096 2473 1310 2541 quando
1322 2473 1342 2503 θ
1361 2476 1697 2531 rationabilis
1708 2478 1874 2532 animi
1887 2481 2089 2535 contui-

487 2573 598 2618 tum
618 2565 687 2618 ad
709 2579 767 2619 se
790 2566 1132 2635 quaerendas
1154 2568 1610 2640 inveniendasque
1623 2583 1942 2641 permovent
1959 2576 2088 2640 ",ct

484 2659 550 2713 ad
575 2673 634 2713 se
665 2660 1086 2729 considerandas
1116 2663 1424 2727 attrahunt,
1454 2664 1525 2718 ita
1553 2672 1680 2720 utet
1711 2667 1751 2698 “
1773 2667 1941 2736 ipsae,
1958 2670 2081 2724 dum

482 2765 579 2821 per
610 2765 689 2817 se,
718 2758 780 2804 ut
801 2752 1057 2818 diximus,
1096 2753 1466 2812 immutabiles
1504 2766 1628 2812 sunt
1675 2758 1742 2825 ⁸⁸,
1767 2761 1969 2815 moveri
2001 2768 2085 2817 ta-

483 2857 611 2896 men
633 2844 686 2897 in
715 2845 999 2925 mentibus,
1006 2846 1320 2925 sapientum
1349 2849 1651 2915 videantur,
1682 2868 1802 2907 cum
1856 2868 1949 2910 eas
1970 2870 2080 2909 mo-

486 2935 680 2997 veant?
814 2936 986 3007 multa
1004 2926 1467 3011 Willis
1500 2944 1711 2999 divinae
1746 2945 1962 3002 virtutis
1982 2948 2078 3003 ob-

487 3042 649 3082 scura
664 3010 1485 3112 somnium-titulum»
1500 3035 1643 3089 enim
1673 3043 1756 3090 est
1777 3051 1941 3106 super
1958 3054 2077 3092 om-

487 3133 612 3172 nem
662 3116 1123 3229 simi‘litud'uim;
1138 3116 1693 3229 amnmnexcellit
1742 3128 2069 3199 exemplum.

487 3134 612 3172 nem
662 3134 1123 3269 ειηηίιωαξῃῗῳέ
1138 3134 1355 3229 amna

485 3208 635 3277 Quae
664 3210 791 3265 dum
813 3226 913 3282 per
959 3220 986 3268 s
1021 3196 1200 3289 {erat
1220 3216 1355 3283 'sgi

480 3310 672 3381 terque
698 3311 827 3369 stat,

476 3404 575 3460 per
610 3406 733 3447 eam
763 3399 820 3449 et
865 3394 921 3449 in
949 3399 980 3461 cf

1123 2974 1425 3049 ἶ

1273 3049 1512 3156 m1

1355 3156 1471 3295 ἓξ]

1229 3295 1434 3399 Μή.

1229 3394 1432 3455 κςῖὼδὶε

1443 3311 1530 3366 nia
1569 3312 1791 3379 dicitur,
1815 3315 2073 3386 quoniam

1284 3392 1582 3466 itbsistunt,
1620 3411 1676 3457 et
1723 3419 1789 3460 ex
1822 3421 1929 3459 non
1956 3421 2076 3463 esse

476 3483 532 3538 in
587 3499 708 3540 esse
761 3486 991 3543 adducta
1025 3468 1169 3544 sunt.
1197 3489 1439 3549 Essendo
1458 3495 1607 3550 enim
1651 3505 1737 3552 est
1774 3497 1817 3530 ”
1847 3517 1858 3553 :
1893 3501 2074 3557 omnia
2118 3566 2125 3573 η

476 3592 605 3633 vero
637 3578 683 3612 "
711 3578 776 3634 de
808 3580 981 3636 nihilo
1008 3581 1076 3636 ad
1102 3595 1225 3638 esse
1246 3586 1549 3654 procedunt
1575 3586 1640 3642 “'.
1684 3588 1754 3643 Et
1777 3590 1844 3645 ad
1870 3605 1929 3645 se
1955 3608 2072 3647 om-

478 3671 567 3747 nia
590 3673 851 3727 attrahit:
884 3674 1091 3729 moveri
1124 3690 1341 3748 quoque
1363 3678 1584 3746 dicitur,
1631 3682 1885 3750 quoniam
1930 3685 2071 3755 seip—

464 3775 597 3837 sam
624 3759 689 3814 ad
727 3762 959 3831 seipsam
1007 3774 1209 3830 movet,
1253 3782 1316 3822 ac
1344 3783 1441 3835 per
1469 3769 1573 3825 hoc
1603 3770 1838 3841 seipsam
1865 3784 2068 3842 movet,

482 3869 545 3906 ac
576 3854 735 3909 veluti
777 3870 808 3909 a
832 3855 1003 3926 seipsa
1031 3867 1297 3913 movetur.
1340 3860 1482 3916 Deus
1506 3863 1691 3933 itaque
1710 3878 1807 3936 per
1830 3866 2069 3937 seipsum

396 3827 636 4049 fautor
660 3953 762 4009 est,
785 3961 884 4017 per
918 3946 1153 4017 seipsum
1182 3948 1342 4015 visio,
1371 3965 1471 4020 per
1488 3951 1727 4023 seipsum
1754 3963 1934 4011 motus
1967 3973 1980 4009 :
2009 3964 2067 4011 et

479 3958 636 3998 amor
660 3953 762 4009 est,
785 3961 884 4017 per
918 3946 1153 4017 seipsum
1182 3948 1342 4015 visio,
1371 3965 1471 4020 per
1488 3951 1727 4023 seipsum
1754 3963 1934 4011 motus
1967 3973 1980 4009 :
2009 3964 2067 4011 et

478 4046 657 4094 tamen
689 4054 863 4108 neque
885 4048 1062 4097 motus
1107 4051 1213 4109 est,
1263 4058 1438 4114 neque
1466 4046 1625 4112 visio,
1674 4062 1849 4118 neque
1891 4064 2066 4116 amor,

478 4054 657 4094 tamen
689 4054 863 4108 neque
885 4054 1062 4097 motus
1107 4054 1213 4109 est,
1263 4058 1438 4114 neque
1466 4054 1625 4112 visio,
1674 4062 1849 4118 neque
1891 4064 2066 4116 amor,

475 4129 568 4183 scd
597 4127 719 4198 plus
777 4145 939 4213 quam
990 4146 1163 4198 amor,
1188 4132 1311 4204 plus
1356 4150 1516 4205 quam
1570 4137 1728 4203 visio,
1759 4138 1879 4206 plus
1907 4152 2069 4209 quam

474 4229 669 4276 motus.
686 4221 755 4276 Et
776 4231 861 4277 est
882 4238 982 4294 per
1002 4226 1236 4297 seipsum
1262 4244 1462 4295 amare,
1491 4230 1695 4299 videre,
1708 4246 1924 4290 movere
1940 4252 1952 4289 :
1969 4251 2069 4293 nec

474 4229 669 4276 motus.
686 4221 755 4276 Et
776 4231 861 4277 est
882 4238 982 4294 per
1002 4226 1236 4297 seipsum
1262 4244 1462 4295 amare,
1491 4230 1695 4299 videre,
1708 4246 1924 4290 movere
1940 4252 1952 4289 :
1969 4251 2069 4293 nec

478 4319 657 4365 tamen
671 4320 754 4366 est
770 4326 866 4383 per
888 4315 1127 4385 seipsum
1154 4333 1362 4386 amare,
1390 4318 1599 4386 videre,
1621 4337 1840 4379 movere
1855 4324 1922 4391 “,
1939 4327 2082 4398 quia,

476 4412 563 4458 est
590 4403 629 4434 "
653 4403 771 4473 plus
801 4421 961 4474 quam
988 4424 1192 4476 amare,
1245 4411 1454 4479 videre,
1492 4428 1731 4470 movere.
1781 4415 1915 4472 Item
1969 4433 2069 4488 per

476 4488 716 4581 scipsum
755 4500 926 4555 amari
952 4497 1055 4569 est,
1112 4503 1412 4578 viderique,
1461 4509 1777 4582 moverique
1809 4528 1823 4566 :
1853 4527 1961 4569 non
1989 4522 2067 4570 ta-

2191 2208 2289 2261 per
2314 2208 2494 2260 omne,
2521 2196 2665 2264 quod
2685 2195 2752 2251 de
2772 2212 2837 2251 eo
2859 2199 2905 2230 ⁸⁷
2928 2190 3296 2269 praedicatur,
3313 2202 3784 2271 superessentialis

2191 2292 2410 2351 natura,
2458 2301 2597 2355 quae
2642 2288 2822 2342 omnia
2859 2297 3007 2344 creat
3049 2298 3103 2344 et
3148 2306 3257 2346 non
3303 2299 3543 2356 creatur,
3592 2287 3783 2361 super-

2190 2376 2551 2431 essentialiter
2596 2378 3025 2447 superlaudanda
3082 2389 3183 2436 est.
3249 2381 3401 2448 Quod
3455 2397 3584 2453 ergo
3640 2380 3784 2437 Deus

2188 2468 2411 2521 verbum
2439 2464 2568 2523 earo
2595 2466 2798 2523 factum
2820 2471 2933 2524 suis
2958 2469 3205 2540 dicipulis
3227 2472 3338 2525 ait:
3373 2471 3496 2526 Non
3523 2488 3611 2525 vos
3633 2473 3778 2535 estis,

2187 2560 2276 2630 qui
2301 2558 2700 2630 loquimini,sed
2728 2563 2943 2632 spiritus
2959 2562 3139 2617 Patris
3160 2565 3337 2629 vestri,
3361 2567 3449 2634 qui
3470 2564 3703 2635 loquitur
3724 2565 3782 2617 in

2186 2651 2349 2718 vobis,
2377 2666 2505 2706 vera
2530 2653 2671 2707 ratio
2702 2656 2846 2725 cogit
2874 2669 2970 2710 nos
3016 2656 3083 2710 de
3114 2655 3158 2687 ³⁸
3187 2655 3304 2711 aliis
3324 2656 3590 2711 similibus
3624 2656 3775 2712 simi-

2183 2742 2307 2798 liter
2331 2746 2571 2811 credere,
2591 2747 2769 2817 dicere
2792 2746 2860 2812 '9,
2890 2748 3206 2820 intelligere.
3233 2748 3350 2803 Non
3378 2764 3476 2803 vos
3500 2750 3652 2814 estis,
3686 2751 3779 2818 qui

2185 2837 2380 2891 amatis
2402 2877 2417 2901 ,
2447 2836 2541 2906 qui
2578 2838 2796 2904 videtis,
2824 2840 2915 2907 qui
2947 2840 3192 2905 movetis,
3225 2839 3317 2894 sed
3349 2840 3572 2909 spiritus
3600 2841 3778 2895 Patris

2182 2929 2351 2983 vestri
2378 2928 2445 2994 ³⁰,
2474 2929 2565 2999 qui
2606 2922 2845 2999 loquitur
2882 2931 2939 2985 in
2959 2930 3112 2987 vobis
3152 2931 3437 2986 veritatem
3487 2931 3555 2985 de
3595 2947 3683 2986 me
3722 2938 3779 2985 et

2182 3018 2342 3074 Patre
2371 3034 2492 3075 meo
2525 3029 2580 3075 et
2611 3020 2807 3091 seipso,
2847 3023 2963 3092 ipse
3003 3030 3152 3077 amat
3176 3029 3232 3077 et
3262 3022 3410 3077 videt
3441 3034 3552 3087 me,
3581 3030 3636 3077 et
3667 3020 3772 3075 Pa-

2180 3116 2317 3163 trem
2348 3125 2528 3165 meum
2557 3120 2612 3166 et
2640 3112 2873 3181 seipsum
2925 3113 2981 3167 in
3009 3113 3181 3179 vobis,
3210 3121 3266 3167 et
3310 3120 3492 3168 movet
3535 3113 3773 3183 seipsum

1471 3197 1749 3276 utabiliter
1777 3197 2067 3279 aeternali-

2181 3202 2229 3257 in
2259 3203 2411 3259 vobis
2437 3203 2505 3272 ³¹,
2523 3212 2583 3259 ut
2609 3205 2845 3275 diligatis
2873 3219 2962 3260 me
2991 3212 3047 3261 et
3071 3204 3287 3260 Patrem
3320 3220 3520 3259 meum.
3552 3197 3611 3259 Si
3642 3218 3772 3274 ergo

2176 3298 2410 3368 seipsam
2438 3307 2625 3357 sancta
2654 3300 2893 3356 Trinitas
2932 3300 2991 3355 in
3019 3299 3176 3355 nobis
3202 3308 3261 3354 et
3293 3299 3347 3353 in
3375 3298 3554 3369 seipsa
3589 3306 3769 3362 amat,

2176 3392 2409 3462 seipsam
2436 3378 2562 3450 “et
2608 3394 2754 3450 videt
2804 3402 2859 3448 et
2906 3401 3132 3450 movet:
3172 3408 3273 3463 pro
3316 3399 3467 3448 certo
3518 3407 3547 3446 a
3595 3391 3768 3461 seipsa

2177 3494 2409 3550 amatur,
2452 3486 2689 3551 videtur,
2734 3495 3003 3551 movetur,
3049 3483 3344 3563 secundum
3374 3481 3767 3539 excellentissi-

2173 3591 2323 3631 mum
2350 3578 2589 3645 modum,
2620 3577 2751 3632 nulli
2782 3587 3067 3634 creaturae
3088 3578 3380 3648 cognitum,
3398 3591 3504 3646 quo
3533 3577 3767 3646 seipsam

2172 3677 2229 3723 et
2255 3679 2404 3725 amat
2432 3681 2488 3726 et
2515 3672 2662 3726 videt
2682 3682 2737 3726 et
2762 3682 2963 3739 movet,
2993 3680 3049 3726 et
3088 3687 3120 3726 a
3157 3673 3363 3742 seipsa,
3398 3672 3451 3726 in
3482 3672 3681 3740 seipsa,
3704 3672 3767 3724 'et

2172 3758 2227 3813 in
2267 3761 2533 3816 creaturis
2579 3762 2692 3817 suis
2737 3772 2970 3829 amatur,
2994 3762 3230 3829 videtur,
3254 3770 3521 3828 movetur,
3545 3777 3668 3816 cum
3692 3760 3766 3815 sit

2173 3862 2334 3915 super
2385 3852 2588 3916 omnia,
2640 3867 2778 3921 quae
2832 3853 2899 3908 de
2949 3866 3009 3907 se
3053 3853 3322 3907 dicuntur.
3374 3852 3452 3906 De
3505 3850 3766 3905 inetl‘ab'ili

2173 3940 2316 3995 enim
2344 3944 2466 4011 quis
2496 3952 2551 3996 et
2577 3944 2704 4012 quid
2736 3953 2915 4013 potest
2942 3944 3077 4009 fari,
3107 3943 3260 4012 cujus
3284 3959 3387 3998 nec
3413 3958 3611 3997 nomen
3637 3958 3764 4013 pro-

2170 4029 2369 4100 prium,
2397 4046 2498 4087 nec
2530 4037 2777 4100 verbum,
2811 4050 2914 4089 nec
2939 4033 3044 4088 ulla
3069 4049 3176 4088 vox
3213 4033 3432 4104 propria
3464 4033 3759 4113 invenitur,

2169 4136 2271 4177 nec
2310 4132 2417 4188 est,
2442 4138 2544 4178 nec
2579 4124 2696 4179 ﬁeri
2726 4132 2925 4195 potest,
2974 4125 3062 4195 qui
3090 4125 3233 4179 solus
3261 4125 3412 4177 habet
3439 4124 3761 4177 immortali-

2171 4223 2329 4268 tatem
2356 4225 2402 4269 et
2439 4214 2607 4268 lucent
2633 4215 2831 4270 habitat
2859 4217 3309 4270 inaccessibilem?
3338 4215 3468 4280 Quis
3496 4217 3636 4270 enim
3665 4233 3755 4268 co-

2162 4310 2343 4379 gnovit
2377 4307 2694 4364 intellectum
2724 4308 2977 4363 Domini?
3005 4307 3112 4363 Sed
3154 4309 3470 4379 priusquam
3499 4322 3757 4378 praesen-

2169 4412 2278 4458 tem
2322 4403 2741 4475 disputationem
2791 4402 3163 4464 terminemus.
3192 4403 3366 4459 sancti
3411 4403 3651 4473 Dionysii
3692 4406 3758 4460 de

2169 4498 2351 4553 divino
2392 4507 2537 4553 statu
2584 4505 2840 4568 motuque
2867 4496 3161 4568 capitulum
3194 4496 3241 4528 ³³
3268 4496 3442 4552 visum
3490 4504 3573 4552 est
3622 4496 3753 4551 mihi

474 4578 595 4642 men
624 4604 721 4659 per
740 4592 980 4663 seipsam
995 4596 1201 4651 moveri
1216 4568 1322 4665 est;
1344 4614 1447 4655 nec
1464 4602 1657 4670 videri,
1681 4568 1856 4674 ξιθαυε
1869 4608 2062 4676 amari,
2092 4568 2146 4630 Ῑ)
2172 4590 2297 4644 huic
2338 4590 2459 4644 loco
2484 4588 2827 4643 inserendum
2854 4587 2924 4654 “,
2952 4588 2996 4644 si
3031 4587 3123 4642 tibi
3151 4588 3381 4644 videtur.

471 4681 727 4749 quoniam
757 4683 879 4754 plus
908 4694 1008 4752 est,
1037 4703 1202 4759 quam
1224 4697 1284 4745 ut
1306 4692 1476 4762 possit
1503 4696 1765 4764 amari,et
1792 4698 1983 4766 videri,
2011 4709 2067 4757 et

473 4772 701 4862 moveri.
729 4772 894 4831 Amat
916 4775 1084 4848 igitur
1111 4780 1349 4852 seipsam
1375 4791 1432 4839 et
1473 4795 1687 4842 amatur
1724 4805 1755 4844 a
1778 4791 1976 4862 seipso,
2005 4793 2061 4847 in

2240 4682 2329 4737 77.
2354 4684 2498 4738 Dtsc.
2517 4681 2743 4738 Videtur
2766 4683 2945 4752 plane,
2965 4692 3128 4754 atque
3152 4685 3255 4740 hac
3276 4682 3569 4739 novissima
3591 4683 3754 4737 ratio-

2164 4773 2436 4830 cinatione
2460 4775 2528 4831 ab
2566 4776 2712 4831 omni
2739 4777 3090 4847 ambiguitate
3116 4786 3404 4851 purgatum
3432 4792 3519 4832 me
3549 4792 3671 4833 esse
3706 4776 3753 4807 ³⁵

478 4861 631 4918 n0bis
657 4871 715 4921 et
746 4863 805 4922 in
852 4867 1034 4942 seipse
1060 4887 1076 4927 :
1116 4885 1221 4929 nec
1271 4881 1455 4933 tamen
1481 4886 1630 4935 ama;
1654 4861 1891 4952 seipsam
1959 4900 2058 4942 nec
2162 4868 2338 4924 video.
2369 4866 2584 4927 Mstn
2610 4867 2749 4926 libro
2776 4869 2843 4926 de
2868 4869 3064 4927 divinis
3088 4871 3396 4927 nominibus
3426 4888 3440 4925 :
3464 4868 3750 4940 Reliquum

1760 5071 2015 5133 VARIAE
2051 5075 2457 5137 LECTIONES.

502 5216 831 5313 ελεξηὲεείε
842 5224 1036 5313 2mm.
1062 5227 1229 5313 ,θ’-³
1251 5228 1444 5313 εἰς.ορ
1466 5230 1777 5313 ;ᾼ“ροςεὶηι.
1823 5308 1835 5313 Α
1854 5234 1876 5268 ⁸
1899 5235 1989 5294 Sic
1999 5238 2116 5313 QD;
2140 5242 2184 5296 A
2204 5251 2487 5311 promovet.
2519 5220 2527 5228 ’
2566 5242 2588 5277 ⁸
2624 5242 2715 5301 Sic
2737 5241 2846 5310 AC;
2866 5244 2910 5299 D
2935 5244 3410 5313 immutabilemque
3482 5243 3504 5275 ⁸
3525 5241 3747 5300 Decele-

470 5292 687 5385 s-ilas‘tica
722 5292 777 5385 ‘7
798 5293 1264 5385 Αρμιέιῃάὶηξςτο.
1281 5372 1297 5385 Δ
1339 5301 1361 5333 ⁸
1492 5292 1599 5385 (Ξρξ
1696 5292 1953 5385 omnium.
1968 5292 1983 5294 ἡ
2012 5292 2291 5385 δδίξίξθξ
2303 5292 3744 5385 λνᾷἇῶιὶαγῃῖηίδἔίὀναῦξλῷἷδξίῇὖὲἧῖηυ-

473 5370 520 5414 et
559 5375 670 5415 om.
711 5359 760 5417 Α

937 5367 1220 5448 “SIICAQD;
1267 5372 1314 5427 A
1350 5374 1475 5428 sint.
1543 5374 1599 5448 i‘f'
1628 5375 1718 5433 Sic
1759 5378 1840 5444 A;
1874 5394 1972 5448 pro
2000 5391 2074 5435 est
2128 5366 2231 5437 (Π)⁷
2254 5366 2388 5439 eam:

2492 5384 2535 5416 “
2593 5384 2684 5441 Sic
2731 5385 2817 5451 A;
2863 5402 2980 5440 vero
3010 5382 3117 5439 oui.
3169 5384 3277 5439 CD.
3386 5384 3431 5415 ¹⁵
3478 5382 3568 5438 Sic
3624 5385 3746 5450 C;D

471 5430 797 5525 pinnulae-ttat.1
824 5506 841 5525 ἱ
866 5435 1033 5525 {Sig
1052 5430 1473 5525 AQ;¢_mo_vere,
1501 5430 1927 5525 videreiagmltrre;
2046 5430 2167 5525 Pri;
2178 5430 2303 5525 quia
2324 5430 2397 5508 est
2424 5430 2629 5510 Dsedi
2655 5430 2716 5487 ’λθ
2740 5430 2831 5510 ssi:
2853 5456 2913 5521 C;
2948 5470 3043 5525 pro
3066 5455 3156 5507 sed
3166 5453 3272 5525 _AD
3294 5454 3438 5523 quia.
3516 5457 3558 5489 ¹⁹
3580 5459 3624 5509 Α
3655 5430 3748 5511 nec

475 5498 601 5589 (“non
624 5516 742 5589 oni;
915 5508 962 5541 ¹⁶
979 5508 1071 5565 Sic
1098 5498 1262 5578 C;AD
1281 5498 1693 5589 a/Z‘irntativarn:'
1729 5498 1927 5575 ᾑίί-
1942 5521 2030 5576 CD
2045 5498 2593 5585 {uigiliis}?er
2618 5526 2664 5558 "
2691 5498 2913 5578 023.3.”
2934 5498 3263 5589 ³έίἓᾶδῖ
3279 5498 3564 5581 Rudis-.080.
3580 5498 3746 5581 .-διδ

476 5583 613 5655 Εεῶ
696 5574 937 5655 ῗᾼὴρη
970 5574 1158 5637 tamen
1177 5574 1382 5655 proprie
1411 5588 1503 5642 sed
1538 5574 1860 5646 translative.

476 5639 523 5672 "
558 5640 651 5698 Sic
697 5644 819 5710 CD;
855 5650 921 5704 de
968 5666 1077 5706 om.
1130 5639 1197 5708 Δί

477 5710 666 5779 ipsum.

478 5796 589 5838 esse
616 5800 728 5843 om.
754 5788 820 5845 A.

1306 5657 1350 5690 "
1382 5657 1472 5714 Sic
1500 5659 1624 5723 AD;
1667 5660 1709 5717 C
1735 5673 1783 5717 et
1824 5662 2024 5719 dicere.

1954 5593 2000 5625 ³⁸
2034 5593 2271 5666 Βίοβῡς
2312 5611 2410 5665 pro
2455 5597 2595 5651 Deus
2630 5596 2756 5665 quid
2806 5597 2851 5649 A
2899 5590 3119 5666 aliquid.

2120 5664 2167 5697 ³⁸
2197 5666 2286 5722 Sic
2329 5668 2452 5734 AD;
2509 5664 2662 5720 vestri
2692 5682 2800 5722 om.
2833 5667 2892 5722 C.

770 5718 817 5808 ξ’
844 5720 939 5780 Sic
965 5721 1086 5792 CD;
1116 5725 1163 5781 Α
1189 5728 1434 5798 seipsam.
1513 5730 1559 5763 ³³
1598 5718 1690 5789 Sic
1742 5733 1820 5803 A;
1869 5718 2157 5807 capitulum
2180 5718 2288 5794 oin.
2319 5718 2452 5794 CD.)
2501 5718 2549 5768 'v"
2574 5718 2944 5804 Confido
2983 5718 3333 5808 inferendum.

3232 5596 3277 5628 ³⁷
3302 5596 3392 5652 Sic
3420 5597 3546 5661 CD;
3587 5598 3631 5650 A
3659 5615 3741 5651 ea.

2995 5666 3037 5698 ⁸¹
3070 5666 3163 5721 'o'ic
3190 5666 3309 5734 Cl);
3340 5668 3385 5720 Α
3411 5668 3466 5721 in
3495 5668 3635 5730 vobis
3667 5685 3747 5720 se-

2995 5737 3333 5804 inferendum.
3427 5738 3473 5770 ³⁵
3504 5736 3596 5793 Sic
3621 5738 3740 5804 CD;
