4194 6276
477 352 582 411 B25

1863 349 2147 409 JOANNlS
2186 350 2380 410 SCOTI

3629 366 3730 422 524

474 476 673 530 autem,
699 463 890 534 inquit,
918 463 995 516 ut'
1024 463 1087 516 de
1115 461 1288 518 divino
1320 471 1459 519 statu
1482 465 1584 521 sive
1609 476 1728 523 sede
1755 466 1776 498 ²
1798 465 2053 522 dicamus.
2084 471 2138 531 Δ
2162 469 2427 525 continens
2454 472 2501 535 et
2523 464 2834 522 continenda
2862 466 3145 534 continere,
3172 477 3219 525 et
3249 488 3301 525 in
3330 474 3498 545 ipsum
3533 478 3596 530 ab
3625 480 3733 547 ipso

479 557 622 625 Quid
669 566 839 611 autem
884 553 1031 608 aliud
1073 564 1276 624 praeter
1318 574 1527 613 manere
1573 560 1742 628 ipsum
1783 560 1836 613 in
1892 561 2058 631 seipso

476 659 647 713 Deum
666 698 680 720 ,
706 664 757 709 et
790 652 1041 707 immobili
1071 655 1302 708 naturali
1331 655 1750 710 immutabilitate
1769 658 1942 711 animo
1969 658 2061 711 de-

479 749 645 818 fixum
677 747 700 778 ⁸
748 761 856 800 esse
877 783 893 810 ,
933 753 981 798 et
1017 744 1423 813 supercollocari
1468 748 1752 802 secundum
1788 748 1971 802 eadem
2009 756 2059 802 et

481 841 621 892 circa
648 837 897 905 idipsum,
925 844 975 889 et
1002 834 1243 889 similiter
1271 838 1495 905 operari,
1523 839 1869 893 etsecundum
1895 839 2060 893 stabi-

481 927 734 981 lissimum
766 927 937 994 ipsum
972 940 1039 980 ea:
1081 926 1248 994 seipso
1276 925 1319 956 ⁸·
1343 927 1484 981 omni
1502 930 1656 982 modo
1679 931 1973 997 subsistere,
2010 939 2060 985 et

479 1017 762 1072 secundum
791 1015 1016 1086 idipsum
1062 1014 1568 1071 intransmutabilem
1613 1027 1660 1073 et
1705 1021 2062 1075 universaliter

479 1105 887 1171 immutabilem,
922 1116 968 1162 et
996 1108 1123 1161 haec
1159 1107 1697 1176 superessentialiter?
1723 1110 1927 1166 Etenim
1953 1114 2060 1182 ipse

481 1212 556 1255 est
586 1202 817 1255 omnium
846 1202 1086 1256 stationis
1114 1210 1161 1255 et
1189 1200 1572 1270 aediﬁcationis
1597 1205 1847 1271 causalis,
1870 1208 1958 1277 qui
1986 1217 2062 1263 est

479 1309 639 1363 super
663 1309 866 1347 omnem
895 1292 1312 1362 aedificationem
1342 1303 1388 1348 et
1418 1294 1715 1359 stationem,
1745 1306 1791 1349 et
1817 1298 1869 1351 in
1896 1298 2060 1366 seipso

485 1384 664 1437 omnia
712 1384 1009 1450 constituit,
1059 1392 1106 1441 et
1158 1386 1487 1455 propriorum
1534 1384 1784 1440 bonorum
1841 1390 2063 1444 statione

482 1473 771 1528 immobilia
799 1472 822 1505 ⁸
844 1483 892 1528 et
920 1474 1199 1529 custodita.
1232 1474 1371 1541 Quid
1398 1478 1613 1531 autem?
1641 1477 1707 1530 Et
1733 1495 1849 1532 cum
1872 1479 2062 1535 iterum

487 1559 735 1633 Theologi
769 1571 817 1617 et
847 1563 904 1618 in
949 1564 1123 1625 omnia
1164 1566 1545 1632 provenientem
1574 1575 1621 1625 et
1651 1567 1951 1621 mutabilem
1976 1569 2059 1622 di-

483 1662 609 1707 cunt
640 1655 1033 1720 immutabilem,
1068 1672 1237 1710 nonne
1264 1657 1507 1711 divinitus
1540 1667 1587 1710 et
1627 1660 1722 1713 hoc
1765 1660 2060 1731 intelligen-

482 1742 655 1796 dum?
705 1742 904 1797 Moveri
964 1745 1099 1797 enim
1157 1746 1327 1815 ipsum
1374 1747 1456 1815 pie
1505 1748 1904 1815 arbitrandum,
1959 1766 2063 1805 non

2158 560 2567 632 provenientium
2592 560 2873 625 conversio.
2902 558 3049 617 DISC.
3083 560 3228 629 Ordo
3258 565 3441 637 exigit,
3468 576 3530 639 μι
3558 569 3731 638 video,

2158 654 2375 709 brevem
2402 652 2425 703 9
2452 652 2879 725 complexionem
2929 654 2995 708 de
3028 668 3117 721 eo,
3148 655 3289 726 quod
3333 672 3493 730 agere
3516 669 3575 729 et
3600 665 3730 732 pati,

2160 760 2253 809 seu
2289 744 2465 801 facere
2506 752 2562 798 ct
2590 744 2705 801 ﬁeri
2730 744 2802 813 de
2827 742 2938 800 Deo
2963 744 3181 817 proprie
3218 748 3528 823 praedicare
3573 768 3734 813 nemo

2160 834 2358 901 valeat,
2387 835 2623 907 colligas,
2657 849 2721 889 ac
2762 834 2882 889 sie'
2930 835 3217 891 terminum
3247 837 3430 917 libelio
3466 840 3728 917 imponas.

2161 928 2297 984 MAG.
2327 926 2647 983 Iamdudum
2684 927 2909 993 dedisti,
2958 929 3012 982 ni
3062 928 3238 994 fallor,
3285 947 3389 987 non
3428 933 3569 993 aliud
3618 936 3731 999 Deo

2162 1035 2279 1077 esse
2306 1030 2360 1076 et
2403 1036 2562 1092 agere
2600 1037 2691 1077 seu
2742 1022 2942 1088 facere,
2989 1024 3083 1079 sed
3126 1040 3288 1085 unum
3317 1036 3474 1098 atque
3502 1029 3727 1101 idipsum

2162 1114 2212 1167 ei
2258 1121 2342 1171 est
2386 1122 2603 1179 etesse,
2638 1122 2693 1173 et
2733 1128 2912 1184 agere,
2957 1114 3232 1179 etfacere.
3265 1116 3380 1189 Non
3421 1119 3561 1183 enim
3588 1120 3724 1176 reei-

2162 1204 2242 1272 pit
2284 1202 2509 1273 simplex
2552 1211 2742 1258 natura
2789 1203 3114 1261 intellectum
3144 1206 3473 1264 substantiae
3510 1218 3564 1267 et
3592 1208 3732 1281 acci-

2164 1295 2423 1350 dentium.

2232 1387 2319 1441 78.
2356 1386 2496 1442 Dtsc.
2522 1385 2841 1445 lnconcusse
2862 1386 3073 1461 quidem
3105 1387 3125 1417 "
3153 1388 3294 1443 dedi.
3323 1386 3461 1461 MAG.
3487 1370 3731 1467 Utrig’itut

2167 1482 2230 1537 dc
2273 1496 2337 1534 eo
2369 1481 2714 1551 praedicatur
2742 1494 2892 1545 esse,
2929 1480 3053 1536 dum
3092 1496 3199 1541 non
3244 1481 3315 1535 sit
3343 1484 3559 1553 proprie
3597 1497 3736 1548 esse,

2166 1569 2417 1639 quoniam
2447 1568 2565 1638 plus
2593 1576 2673 1623 est
2702 1584 2861 1639 quam
2890 1583 3008 1624 esse
3026 1609 3041 1634 ,
3070 1577 3125 1624 et
3155 1584 3316 1625 causa
3342 1571 3515 1635 omnis
3542 1586 3660 1627 esse
3686 1581 3739 1626 et

2167 1661 2431 1715 essentiae
2473 1670 2527 1714 et
2574 1660 2903 1715 substantiae
2948 1659 3002 1725 ’,
3052 1660 3124 1713 ita
3168 1660 3328 1715 etiam
3358 1644 3423 1731 de
3451 1676 3515 1715 eo
3541 1661 3739 1729 dicitur

2169 1768 2327 1825 agere
2354 1752 2642 1823 etfacere,
2670 1754 2795 1807 dum
2825 1753 2894 1809 sit
2917 1752 3035 1829 plus
3065 1768 3226 1824 quam
3260 1768 3417 1829 agere
3451 1763 3506 1813 et
3538 1754 3739 1824 facere,

481 1834 767 1887 secundum
793 1832 1127 1900 delationem,
1156 1844 1245 1890 aut
1289 1836 1685 1903 alienationem,
1712 1849 1802 1892 aut
1839 1839 2068 1896 alterna-
2094 1833 2141 1893 B
2169 1850 2224 1898 et
2251 1858 2407 1899 causa
2435 1845 2671 1896 omnium
2702 1840 2927 1901 faciendi
2957 1850 3011 1897 et
3052 1843 3265 1913 agendi,
3295 1844 3411 1899 sine
3434 1842 3540 1915 ullo
3568 1852 3741 1919 motu,

481 1926 675 1981 tionem
696 1967 711 1993 ,
742 1936 832 1983 aut
880 1930 1297 1994 conversionem,
1329 1941 1419 1985 aut
1452 1930 1666 1986 localcm
1696 1942 1890 1987 motum
1913 1976 1927 1999 ,
1958 1950 2062 1989 non

482 2026 682 2093 rectum
701 2057 714 2083 ,
741 2034 845 2072 non
873 2019 1200 2074 circulariter
1241 2020 1520 2089 ferentem,
1550 2038 1653 2075 non
1696 2038 1760 2075 ea:
1788 2023 2058 2091 ambobus,

481 2125 591 2165 non
612 2109 1009 2178 intelligibilem,
1041 2129 1143 2166 non
1170 2113 1471 2177 amabilem,
1498 2129 1600 2167 non
1626 2114 1937 2180 naturalem,
1967 2116 2057 2169 sed

481 2214 540 2255 in
582 2202 858 2257 essentiam
920 2202 1107 2263 ducere
1164 2205 1333 2261 Deum
1377 2214 1424 2258 et
1465 2207 1724 2261 continere
1769 2209 1962 2275 omnia,
2010 2217 2059 2264 et

483 2291 845 2347 universa/iter
873 2294 1108 2351 omnibus
1150 2296 1415 2364 providere
1438 2297 1457 2328 ⁸
1476 2338 1489 2362 ,
1516 2306 1562 2352 et
1594 2300 1772 2354 adesse
1822 2302 2059 2359 omnibus

483 2385 715 2438 omnium
745 2387 1157 2443 immensurabili
1186 2389 1599 2457 circumstantia,
1630 2400 1677 2446 et
1707 2394 1764 2446 in
1788 2394 2060 2450 existentia

485 2475 662 2528 omnia
704 2477 929 2545 providis
972 2480 1380 2548 processionibus
1415 2492 1461 2536 et
1505 2484 1910 2552 operationibus.
1957 2484 2059 2541 Sed

485 2573 533 2618 et
562 2575 761 2619 motum
792 2566 887 2622 Dei
912 2569 1224 2625 immutabili
1259 2572 1505 2627 divinitus
1552 2574 1751 2627 ratione
1780 2576 2063 2630 conceden-

486 2655 612 2711 dum
640 2656 877 2726 laudare,
905 2670 952 2716 et
985 2672 1152 2716 rectus
1177 2664 1383 2734 quidem
1429 2665 1727 2734 inflexibilis
1771 2666 2061 2737 intelligen-

487 2750 607 2817 dus,
640 2761 688 2806 et
716 2753 1064 2812 irrevocabilis
1090 2759 1349 2831 processio
1391 2760 1767 2827 operationum,
1792 2769 1837 2814 et
1866 2776 1930 2816 ea:
1957 2760 2067 2830 ipso

485 2842 720 2897 omnium
764 2849 1078 2913 generatio:
1106 2847 1375 2903 elicoeides
1426 2865 1567 2914 vero,
1603 2849 1657 2905 id
1703 2858 1799 2913 est,
1831 2848 2069 2919 obliquus

486 2931 797 2987 stateralisa
825 2938 1108 3004 processio,
1159 2947 1206 2999 et
1250 2938 1436 3008 fertilis
1482 2945 1683 2997 status:
1709 2939 1846 3008 quod
1895 2950 2067 3005 autem

484 3024 769 3081 secundum
815 3029 1037 3100 cyclum,
1084 3030 1138 3091 id
1182 3031 1385 3101 ipsum,
1430 3038 1477 3085 et
1509 3030 1702 3101 media,
1748 3040 1796 3084 et
1839 3040 2068 3087 extrema

1375 3362 1774 3457 INCIPIT
1853 3364 2150 3467 LIBER
2228 3357 2752 3471 SECUNDUS
2796 3349 2851 3440 δῖ

2164 1936 2253 2005 qui
2286 1934 2577 1989 secundum
2607 1934 2855 1997 accidens
2881 1934 3050 2009 possit
3079 1934 3322 2003 intelligi,
3353 1950 3514 2015 super
3528 1951 3739 2013 omnem

2164 2036 2385 2081 motum.
2442 2025 2690 2080 Omnium
2754 2039 2983 2095 namque
3038 2033 3327 2107 motuum,
3391 2028 3742 2108 pmniumque

2162 2116 2551 2181 accidentium,
2594 2116 2735 2170 sicut
2773 2123 2827 2169 et
2872 2115 3109 2197 pnmipm
3157 2115 3544 2193 essentiarum,
3574 2108 3739 2197 causa

2161 2216 2244 2261 est
2290 2214 2448 2276 atque
2490 2204 2829 2277 principium.
2888 2205 3030 2279 Disc.
3096 2203 3165 2271 Et
3218 2205 3320 2277 hoc
3374 2204 3741 2289 indubitanter

2161 2295 2539 2351 concesserim.
2580 2294 2718 2353 Mss.
2763 2293 2903 2371 Quid
2946 2294 3109 2369 igitur
3146 2294 3287 2371 aliud
3320 2303 3521 2371 restat,
3552 2297 3744 2371 nisiut

2160 2384 2449 2455 intelligas,
2475 2383 2693 2457 omnino
2723 2364 2942 2438 necesse
2966 2370 3099 2438 esse
3117 2424 3131 2448 ,
3178 2390 3235 2459 ut
3253 2425 3267 2449 ,
3294 2384 3742 2465 quemadmodum

2163 2478 2229 2533 ab
2252 2479 2366 2548 ipso
2394 2486 2607 2553 etesse,
2637 2484 2693 2533 et
2722 2490 2901 2555 agere,
2933 2483 2988 2551 et
3021 2476 3202 2539 facere
3230 2478 3443 2555 pr0prie
3481 2478 3742 2557 aufertur,

2164 2571 2236 2629 ita
2278 2583 2330 2625 et
2362 2570 2474 2640 pati
2517 2579 2572 2625 et
2614 2569 2729 2627 ﬁeri
2771 2568 3063 2651 auferatur.
3110 2556 3261 2641 Quod
3303 2571 3447 2651 enim
3490 2585 3648 2653 agerc
3689 2577 3744 2647 et

2167 2662 2344 2718 facere
2387 2678 2493 2739 non
2543 2661 2760 2732 recipit,
2786 2644 3057 2731 quomodo
3103 2660 3213 2751 pati
3244 2644 3309 2733 et
3342 2644 3456 2738 iicri
3503 2644 3742 2739 recipere

2168 2756 2368 2826 possit,
2425 2769 2529 2829 non
2586 2754 2758 2829 video.
2816 2752 2957 2808 Dlsc.
3010 2753 3137 2825 Fige
3185 2753 3405 2831 limitem
3450 2751 3593 2829 liiu-i.
3646 2751 3745 2807 Sat

2170 2851 2311 2927 enim
2350 2856 2431 2904 est
2478 2848 2533 2919 in
2579 2862 2644 2915 eo
2694 2847 3047 2931 complexum.
3100 2845 3331 2931 Explicﬁ
3376 2844 3501 2917 liber
3546 2847 3743 2919 primus

2171 2956 2298 3021 neri
2345 2950 2572 3019 simam
2601 2944 2664 2996 ³ο.
2764 2926 2771 2937 ’

2834 2998 3251 3230 ἃς,ιῦῐῆ

2757 2998 3704 3532 @Mﬁi"

2796 3349 2851 3440 ι».
3151 3335 3573 3497 Α
3626 3342 3704 3477 .

560 3581 618 3637 Ι.
646 3578 784 3638 me.
822 3579 1086 3649 Quoniam
1112 3581 1167 3643 in
1193 3580 1458 3652 superiori
1493 3582 1629 3639 libro
1655 3583 1720 3641 de
1752 3582 2069 3647 universalis
2092 3585 2147 3646 ῐ)
2166 3585 2380 3669 dicatur
2405 3592 2669 3669 algentis,
2696 3590 2751 3659 et
2779 3589 2967 3659 togam,
2997 3588 3053 3636 et
3078 3581 3310 3661 species,
3331 3587 3385 3645 et
3403 3593 3559 3665 pars;
3585 3592 3745 3638 omne

482 3676 721 3732 Naturae
759 3673 1049 3731 universali
1099 3675 1379 3740 divisione,
1414 3692 1517 3732 non
1566 3678 1718 3745 quasi
1763 3677 1975 3748 generis
2012 3679 2063 3735 in

482 3769 713 3833 formas,
738 3782 831 3822 seu
860 3769 1022 3823 totius
1045 3769 1098 3823 in
1132 3776 1315 3838 partes
1341 3799 1412 3810 —
1431 3785 1536 3827 non
1563 3770 1702 3826 enim
1734 3770 1874 3828 Deus
1898 3786 2066 3841 genus

486 3867 571 3913 est
597 3866 899 3923 creaturae,
926 3873 1025 3913 nec
1055 3868 1306 3914 creatura
1350 3860 1557 3929 species
1589 3860 1706 3927 Dei,
1736 3862 1874 3917 sicut
1915 3876 2067 3916 crea-

487 3957 603 4007 tura
631 3964 735 4003 non
760 3958 843 4004 est
870 3965 1038 4019 genus
1066 3952 1190 4016 Dei,
1218 3966 1392 4021 neque
1424 3953 1563 4007 Deus
1608 3953 1815 4022 species
1855 3961 2067 4009 creatu-

485 4052 577 4091 rae
609 4037 651 4067 ”
686 4054 699 4091 :
734 4040 921 4101 eadem
956 4040 1094 4095 ratio
1134 4048 1217 4099 est
1265 4041 1317 4095 in
1370 4048 1481 4109 toto
1514 4048 1568 4095 et
1617 4041 1893 4110 partibus:
1925 4041 2067 4096 Deus

480 4127 741 4195 siquidem
791 4144 894 4182 non
954 4137 1038 4185 est
1080 4138 1247 4186 tntum
1277 4139 1588 4197 creaturae,
1620 4146 1793 4201 neque
1822 4139 2066 4191 creatura

482 4232 609 4286 pars
631 4216 748 4285 Dei,
780 4222 1046 4293 quomodo
1075 4238 1173 4278 nec
1197 4230 1443 4279 creatura
1490 4232 1575 4280 est
1610 4232 1776 4281 totum
1821 4226 1932 4291 Dei,
1977 4240 2071 4280 ne.

481 4324 587 4378 que
632 4310 776 4367 Deus
817 4329 941 4382 pars
987 4322 1304 4371 creaturae:
1351 4317 1595 4387 quamvis
1640 4317 1816 4373 altiori
1860 4317 2066 4374 theoria

473 4398 628 4467 juxta
652 4400 970 4470 Gregorium
1008 4404 1336 4476 Theologum
1360 4423 1481 4477 pars
1506 4406 1602 4461 Dei
1623 4409 1807 4474 simus,
1833 4408 1922 4478 qui
1962 4409 2031 4462 lm
2048 4438 2064 4450 -

481 4504 697 4544 manam
734 4493 1120 4563 partieipamus
1158 4505 1429 4565 naturam,
1476 4499 1722 4569 quoniam
1749 4500 1803 4553 in
1848 4500 1959 4569 ipso
1987 4500 2063 4553 vi-

478 4577 667 4645 vimus,
696 4589 743 4633 et
788 4598 1073 4652 movemur,
1094 4597 1141 4642 et
1178 4605 1378 4657 sumus,
1407 4591 1880 4664 metaphoriceque
1922 4592 2063 4669 Deus

2173 3664 2341 3753 enim,
2364 3664 2504 3753 quod
2530 3674 2581 3730 in
2614 3674 2729 3745 ipso
2750 3682 2803 3743 et
2829 3689 2890 3730 ex
2911 3674 3025 3744 ipso
3040 3681 3145 3737 est,
3170 3672 3257 3745 pie
3278 3688 3339 3728 ac
3356 3670 3745 3751 rationabiliter

2173 3748 2237 3833 de
2262 3784 2325 3835 eo
2348 3748 2645 3843 praedicari
2668 3774 2926 3843 potest—
2942 3766 3035 3820 sed
3055 3763 3368 3845 intelligibili
3384 3748 3612 3843 quadam
3624 3764 3741 3818 uni-

2172 3857 2441 3941 versiiatis
2463 3856 2913 3941 contemplatiope
2925 3887 2994 3895 —
3014 3856 3419 3939 universitatem
3435 3855 3556 3912 dico
3574 3850 3745 3911 Deum

2171 3956 2224 4017 et
2270 3956 2570 4027 creaturi}!!!
2625 3980 2694 3989 -
2735 3948 2970 4027 breviter
3016 3947 3283 4027 diximus,
3329 3962 3472 4001 nunc
3518 3948 3746 4001 eandem

2171 4050 2396 4109 naturae
2446 4042 2759 4123 divisionem
2808 4038 2995 4110 latius,
3138 4040 3369 4121 videtur,
3416 4048 3737 4111 repetamus.

2172 4131 2315 4201 Dtsc.
2348 4131 2570 4203 Videtur
2593 4116 2825 4202 quidem,
2860 4147 2922 4187 ac
2950 4132 2993 4193 “.
3016 4116 3175 4213 'vaiiie
3204 4130 3587 4213 necessarium.
3612 4131 3744 4185 Nam

2174 4224 2217 4278 si
2253 4224 2429 4280 latiori
2480 4210 2699 4307 rationis
2728 4224 3073 4303 inquisitione
3096 4210 3224 4303 “non
3258 4210 3561 4317 aperiatur,
3600 4230 3744 4303 tacta

2175 4317 2529 4391 solummodo,
2570 4298 2677 4395 non
2720 4310 2897 4391 autem
2927 4316 2971 4348 ¹³
3008 4316 3249 4391 discussa
3288 4298 3549 4399 resedisse
3594 4316 3742 4368 vide-

2172 4408 2337 4463 bitur.
2368 4410 2506 4485 ΜΑο.
2546 4404 2692 4495 Talis
2726 4402 2917 4500 itaque
2942 4418 3081 4479 erat,
3113 4417 3169 4462 ut
3195 4396 3405 4485 opinor,
3436 4406 3742 4497 supradicta

2174 4494 2499 4581 universalis
2539 4490 2762 4583 naturae
2813 4490 3190 4583 quatlrii'ormis
3246 4490 3459 4573 diyisio'
3489 4496 3541 4551 in
3600 4510 3739 4561 eam,

2173 4572 2380 4669 scilicet
2428 4568 2784 4677 formamlvel
2812 4588 2871 4624 ’¹⁴
2916 4570 3180 4671 speciem;
3212 4591 3258 4665 si
3308 4591 3408 4685 riie
3448 4588 3618 4681 iortna
3656 4583 3739 4638 vel

1759 4838 2014 4897 VARIAE
2053 4838 2457 4897 LECTIONES.

553 4981 583 5066 ξ.
602 4980 696 5066 Sic
714 4981 886 5066 Αἰξί)
912 4991 977 5038 et.
1005 4990 1011 5003 '
1058 4983 1195 5066 [εἰς
1219 4986 1337 5066 AC_;
1436 4988 1499 5042 de
1518 4991 1683 5066 sede._
1740 4989 1866 5066 'Sie
1887 4961 1994 5054 CD;
2022 4990 2061 5042 A
2091 4956 2248 5066 immo
2269 4994 2527 5066 deﬁxum.
2573 4994 2613 5026 "
2636 4994 2677 5049 C
2702 5009 2770 5050 ex
2789 4996 2925 5066 ipso;
2998 4995 3020 5027 ’⁵
3050 4996 3138 5052 Sic
3161 4974 3279 5062 AC;
3306 4993 3351 5049 Ι)
3373 4995 3739 5055 immutabilia.

476 5050 621 5125 '__Sic
647 5054 724 5119 A;
772 5054 859 5109 CD
896 5057 1214 5125 praevidere.

474 5122 596 5189 CD;
646 5133 702 5179 et
730 5122 1049 5180 substantiae
1076 5144 1183 5182 om.
1213 5127 1278 5181 A.

477 5194 525 5225 “
565 5192 657 5250 Sic
684 5194 802 5263 CD;
835 5197 879 5251 A
902 5208 949 5251 et
993 5212 1113 5251 non.

1294 5058 1315 5089 ⁸
1361 5058 1450 5113 Sic
1510 5060 1626 5125 CD;
1659 5062 1699 5113 Α
1746 5069 1801 5113 ut
1831 5060 2065 5114 brevem.

1203 5199 1247 5230 ¹⁴⁵
1275 5198 1365 5273 Sic
1398 5199 1515 5281 AC;
1545 5202 1588 5253 υ
1624 5208 1691 5279 et.

1834 5062 2065 5133 brevem.
2143 5062 2162 5085 ⁷
2188 5063 2236 5133 7A
2268 5076 2312 5118 et
2342 5068 2451 5130 sic;
2502 5065 2589 5121 CD
2617 5084 2677 5120 ac
2720 5062 2818 5121 si.'
2860 5067 2881 5097 ⁸
2908 5066 2951 5119 D
2997 5068 3313 5122 inconcusse
3347 5067 3501 5120 enim.

1415 5129 1475 5201 i'_
1498 5131 1707 5197 explicit
1727 5158 1795 5170 —
1821 5129 2013 5201 φυσεων
2034 5144 2140 5187 om.
2171 5132 2229 5187 C.

3600 5068 3620 5098 9
3650 5066 3739 5123 Sic

2343 5136 2379 5167 ¹¹
2407 5135 2497 5192 Sic
2522 5136 2642 5204 CD;
2691 5138 2735 5191 A
2765 5145 3045 5192 creaturae
3068 5148 3162 5191 est.
3269 5139 3312 5168 “
3339 5138 3430 5193 Sic
3454 5140 3573 5203 CD;
3603 5139 3644 5192 A
3671 5147 3737 5196 et.

1984 5398 2232 5457 NOTAE.

546 5558 574 5587 ι
604 5543 725 5627 C_ad
753 5564 923 5627 marg.
949 5554 1125 5627 adscr.
1150 5555 1188 5608 i.
1220 5570 1266 5627 e_.
1282 5551 1603 5627 ponderalis,
1627 5558 1682 5608 et
1700 5552 1767 5610 ad
1791 5566 1963 5627 marg.
1984 5557 2057 5609 in-

478 5618 787 5698 traadsera
808 5618 984 5673 (.‘Ibsa.
1002 5618 1418 5698 statheralemac
1441 5618 1663 5696 fertilem
1679 5618 2053 5698 processionem

477 5688 616 5764 dicit
652 5688 914 5764 obliquum
967 5695 1383 5764 ntotum,_quia
1439 5688 1630 5764 partim
1678 5688 1830 5751 rectis
1883 5696 2052 5761 lineis;

2167 5564 2340 5633 autem
2382 5555 2520 5633 linea
2555 5562 2826 5633 propterea
2861 5554 3052 5633 fertilis
3080 5553 3564 5633 diciturtquoniam
3605 5553 3740 5607 inse

2166 5628 2330 5695 ipsam
2371 5627 2567 5695 fertur;
2589 5641 2679 5679 nec
2710 5626 2764 5681 in
2789 5626 3052 5694 inﬁnitum
3077 5627 3420 5695 progreditur.

2237 5698 2262 5737 ³)
2290 5697 2330 5751 C
2389 5697 2582 5750 litteris
2618 5696 2909 5767 miniatis:
2940 5695 3133 5767 Incipit
3174 5696 3440 5767 secandus
3486 5714 3603 5767 περι
3653 5708 3743 5759 φυ-

480 5759 668 5831 partim
701 5760 870 5811 armis
892 5797 904 5821 ,
932 5775 1061 5831 (litus
1095 5759 1290 5829 fertiles
1328 5759 1495 5831 vocat,
1525 5770 1870 5839 componitur.
1896 5759 2065 5824 Curru
2166 5790 2315 5835 σεων,
2337 5769 2393 5824 in
2406 5782 2508 5840 quo
2524 5766 2687 5824 multa
2704 5768 2766 5821 de
2783 5767 2952 5824 reditu
2968 5759 3327 5838 disputantur.
3344 5759 3619 5821 D'litttltim
3636 5776 3745 5818 om.
