4194 6276
1715 238 1727 245 .
1820 236 1821 239 η
1870 218 1965 251 σ-ὐ

482 324 583 381 5‘25

1300 319 1386 377 DE
1426 318 1761 378 DWISIONE
1801 315 2147 374 NAT‘UBAE.
2188 348 2256 360 --
2291 308 2493 379 LIBER
2532 324 2915 384 SECUNDUS.

3632 328 3745 389 5‘26

482 441 690 513 species
715 439 940 496 dicenda
974 447 1055 495 est
1092 439 1264 511 prima
1305 438 1545 493 omnium
1573 414 1735 492 causa
1759 477 1773 503 ,
1804 450 1943 508 «piae
1972 449 2060 489 su-
2084 431 2143 497 Δ
2165 431 2337 503 deque
2369 435 2414 468 ”
2440 435 2755 495 di'ﬂ‘erentiis
2779 449 2864 494 est
2889 439 3113 507 dictum,
3149 441 3215 497 de
3238 442 3532 499 earundem
3558 446 3739 502 reditu

478 542 634 605 perat
659 548 871 593 omnem
893 532 1121 590 formam
1147 542 1202 589 et
1223 532 1477 605 speciem,
1510 532 1637 589 dum
1661 530 1732 589 sit
1756 532 2055 586 formarum
2161 536 2322 598 atque
2348 528 2391 561 ¹¹
2416 529 2732 586 eolleetione
2751 545 2816 586 ea
2841 531 3120 602 disciplina
3137 572 3153 599 ,
3182 548 3344 603 quam
3367 536 3662 598 isdemne
3686 536 3737 573 ί·

481 632 537 681 et
584 629 881 699 specierum
937 626 1177 681 omnium
1225 624 1458 681 informe
1512 624 1865 696 principium,
1916 637 2057 694 quae
2157 622 2466 693 Philosophi
2515 631 2742 689 vocant,
2788 624 3026 680 breviter
3062 625 3347 682 dicentum
3378 628 3552 685 rideo.
3582 629 3737 688 Duc.

478 723 629 781 creat
653 725 706 773 et
726 731 832 772 non
860 724 1098 779 creatur.
1122 714 1357 772 lnforme
1376 724 1557 773 autem
1583 716 1905 789 principium
1929 732 2052 787 pro-

477 818 658 880 pterea
698 810 864 864 Deum
893 809 1154 877 dicimus,
1186 824 1254 866 ne
1278 809 1401 882 quis
1442 826 1567 867 eum
1611 808 1904 866 formarum
1953 826 2053 866 nu-

474 915 623 956 mero
651 901 900 957 aestimet
929 903 1179 969 censeri,
1218 902 1345 957 dum
1389 902 1462 959 sit
1487 902 1781 958 formarum
1807 904 2051 959 omnium

470 1005 666 1058 causa;
697 991 879 1063 ipsum
906 993 1105 1049 etenim
1142 1008 1301 1053 omne
1339 994 1628 1051 formatum
1662 997 1896 1068 appetit,
1926 1011 2049 1052 cum

470 1083 541 1138 sit
566 1097 664 1159 per
687 1097 748 1139 se
778 1084 953 1159 ipsum
980 1085 1219 1142 inlinitus
1243 1093 1298 1142 et
1328 1085 1450 1159 plus
1477 1102 1635 1157 quam
1664 1087 1937 1155 infinitus;
1970 1098 2052 1145 est

470 1167 617 1229 enim
682 1173 923 1232 infinitas
976 1177 1217 1241 omnium
1274 1178 1618 1234 inﬁnitatum.
1675 1180 1828 1248 Quod
1889 1180 2053 1251 igitur

476 1265 621 1320 nulla
650 1265 825 1322 forma
852 1275 1127 1324 coartatur
1170 1269 1256 1324 vel
1277 1268 1547 1337 deﬁnitur,
1577 1271 1700 1349 quia
1725 1271 1871 1326 nullo
1896 1272 2053 1327 intel-

474 1358 617 1414 lectu
640 1362 998 1432 cognoscitur,
1022 1361 1392 1419 rationabilius
1417 1363 1613 1419 dicitur
1636 1362 1864 1420 informe
1888 1381 2048 1437 quam

476 1449 648 1506 forma
682 1452 733 1518 ³,
787 1453 945 1523 quia,
977 1462 1034 1509 ut
1055 1468 1213 1525 saepe
1248 1454 1451 1511 dictum
1480 1464 1594 1525 est,
1624 1457 1803 1512 verius
1826 1472 1927 1535 per
1959 1473 2052 1513 ne-

471 1543 741 1612 gationem
764 1542 832 1599 de
862 1544 969 1599 Deo
991 1542 1191 1616 aliquid
1216 1547 1531 1615 praedicare
1554 1563 1858 1621 possumus,
1888 1565 2050 1621 quam

466 1648 563 1701 per
584 1630 1016 1691 aiiirmationem.
1044 1636 1297 1692 Secunda
1339 1640 1392 1693 in
1421 1655 1565 1709 eam,
1591 1656 1728 1717 quae
1763 1650 1816 1701 et
1845 1641 1865 1672 ²
1892 1656 2044 1698 crea-

462 1733 550 1778 tur
595 1733 651 1779 et
692 1735 865 1781 creat.
913 1726 1171 1797 Sequitur
1217 1729 1408 1800 tertia,
1440 1748 1576 1803 quae
1612 1742 1827 1795 creatur
1856 1744 1910 1792 et
1934 1752 2041 1793 non

460 1825 630 1871 creat.
659 1817 866 1874 Dehinc
890 1829 1105 1891 quarta,
1129 1838 1269 1894 quae
1298 1841 1399 1881 nec
1430 1828 1451 1858 ³
1478 1839 1628 1884 creat
1676 1846 1776 1891 nec
1802 1841 2037 1893 creatur.

462 1908 607 1965 Disc.
635 1909 714 2001 ita
738 1926 870 2001 sane
898 1913 1125 1975 divisum
1157 1925 1260 1973 est.
1293 1917 1433 1977 MAG.
1466 1920 1729 1990 Quoniam
1773 1926 1939 2001 igitur
1977 1929 2042 1986 de

462 2000 888 2068 oppositionibus
913 2004 1313 2073 praedictarum
1344 2018 1569 2073 naturae
1592 2006 1888 2077 formarum
1917 2019 2042 2079 bre-

459 2091 597 2146 viter
626 2093 677 2147 in
718 2095 885 2165 priori
927 2096 1287 2175 disputatione
1325 2101 1434 2172 jam
1466 2105 1666 2165 dictum
1716 2118 1798 2167 est
1818 2142 1888 2151 ---
1912 2128 2041 2169 con-

457 2183 811 2242 sideravimus
849 2189 1013 2255 enim,
1040 2193 1309 2261 quomodo
1348 2196 1572 2255 resultat
1608 2200 1798 2259 tertia:
1829 2204 2041 2273 primae

460 2276 652 2333 ambae
676 2278 939 2348 siquidem
968 2282 1127 2341 veluti
1154 2286 1386 2356 quodam
1425 2289 1689 2353 diametro
1713 2295 1780 2351 ad
1813 2311 1871 2352 se
1902 2298 2041 2355 invi-

462 2378 580 2418 cem
624 2381 657 2420 e
705 2369 924 2439 regione
963 2375 1204 2443 opposita
1246 2380 1567 2449 respiciunt;
1620 2395 1806 2442 creata
1859 2389 2037 2457 enim,

460 2464 522 2511 ut
569 2457 826 2535 diximus,
854 2470 909 2516 et
935 2478 1037 2519 non
1065 2478 1259 2525 creans
1284 2471 1572 2542 opponitur
1601 2478 1806 2535 creanti
1837 2486 1888 2534 ct
1936 2496 2038 2537 non

460 2558 709 2608 creatae:
742 2553 993 2617 similiter
1013 2559 1262 2635 “secunda
1293 2560 1467 2623 forma
1517 2580 1549 2620 e
1581 2567 1798 2627 diverso
1828 2573 2045 2644 respicit

458 2649 739 2717 quartam;
788 2646 1076 2723 opponitur
1121 2651 1263 2713 enim
1316 2663 1498 2715 creata
1540 2663 1599 2712 et
1641 2672 1832 2719 creans
1867 2676 2040 2734 neque

457 2742 674 2789 creatae
721 2750 896 2807 neque
934 2741 1173 2803 creanti;
1205 2743 1571 2807 universalem
1615 2764 1744 2805 vero
1788 2758 2035 2811 naturam

462 2820 665 2878 formas
710 2824 914 2881 habere
956 2837 1239 2903 propterea
1288 2834 1543 2905 dicimus,
1592 2841 1845 2915 quoniam
1876 2857 1942 2899 ex
1969 2859 2034 2901 ea

460 2922 645 2970 nostra
694 2917 1045 2992 intelligentia
1085 2926 1477 2995 quodammodo
1506 2929 1765 2991 formatur
1803 2932 1859 3003 ⁸,
1909 2936 2035 2992 dum

462 3005 530 3061 de
574 3007 677 3064 hac
723 3009 837 3083 ipsa
867 3012 887 3042 ⁸
914 3021 1150 3079 tractare
1194 3016 1412 3085 nititur;
1462 3035 1585 3076 nam
1635 3037 1731 3095 per
1777 3038 1835 3081 se
1863 3026 2034 3098 ipsam

2157 712 2269 769 Hoc
2320 728 2536 784 quoque
2578 716 2716 770 ordo
2764 715 2962 784 poscit.
3002 713 3156 774 Nulla
3188 718 3338 775 enim
3397 717 3737 779 rationabilis

2154 805 2348 867 divisio
2372 815 2477 874 est,
2504 807 2624 863 sive
2648 809 2916 867 essentiam:
2944 809 2995 864 in
3036 823 3235 879 genera
3252 851 3268 877 ,
3298 810 3414 871 sive
3432 814 3647 886 generis
3675 813 3737 873 in

2152 898 2358 959 formas
2385 908 2440 954 et
2465 915 2749 967 numeros,
2780 901 2896 957 sive
2927 902 3093 961 totius
3116 902 3175 959 in
3201 912 3416 974 partes,
3448 921 3586 977 quae
3605 922 3734 980 pro—

2151 988 2267 1060 prie
2313 989 2533 1060 partitio
2579 991 2923 1057 nominatur,
2972 991 3087 1049 sive
3134 993 3502 1055 universitatis
3543 998 3599 1056 in
3635 1012 3726 1069 ea,

2152 1095 2291 1149 quae
2315 1094 2445 1139 vera
2469 1081 2608 1136 ratio
2638 1082 2693 1137 in
2727 1082 2842 1153 ipsa
2871 1083 3285 1154 contemplatur,
3319 1100 3456 1157 quae
3489 1102 3596 1149 non
3619 1088 3729 1147 ite-

2154 1188 2271 1233 rum
2298 1173 2468 1243 possit
2496 1173 2664 1245 redigi
2692 1189 2791 1246 per
2817 1174 3033 1231 eosdem
3064 1176 3279 1247 gradus,
3307 1194 3402 1250 per
3430 1196 3565 1251 quos
3586 1181 3729 1238 divi-

2154 1254 2234 1319 sio
2261 1265 2409 1336 prius
2439 1262 2615 1320 fuerat
2650 1265 3037 1335 multiplicata,
3085 1269 3253 1324 donec
3289 1271 3631 1339 perveniatur
3660 1272 3732 1327 ad

2151 1357 2283 1413 illud
2311 1358 2356 1390 ⁸³
2397 1374 2561 1413 unum
2608 1359 3039 1431 inseparabiliter
3080 1362 3134 1416 in
3179 1362 3356 1433 seipso
3395 1379 3732 1432 manens,ex

2153 1465 2260 1522 quo
2305 1450 2416 1522 ipsa
2451 1450 2641 1506 divisio
2682 1452 3033 1521 primordium
3061 1453 3108 1484 “
3147 1455 3395 1525 sumpsit.
3427 1453 3533 1512 Sed
3573 1458 3731 1528 prius

2151 1542 2216 1605 de
2247 1541 2293 1572 “’
2319 1540 2635 1612 etymologia
2652 1543 2819 1615 ipsius
2851 1545 3115 1613 nominis,
3144 1546 3285 1614 quod
3316 1555 3399 1603 est
3423 1550 3700 1611 ἀναλυτικῆς

2148 1649 2320 1704 pauca
2371 1634 2659 1699 edisseras,
2749 1650 2854 1690 non
2924 1628 3067 1692 enim
3131 1637 3261 1692 mihi
3331 1638 3489 1708 plane
3549 1649 3725 1711 patet,

2153 1725 2515 1781 necessarium
2561 1738 2679 1779 esse
2716 1724 2891 1780 video.
2944 1725 3083 1782 MAG.
3128 1727 3420 1789 Ἀναλυτική
3467 1744 3497 1783 a
3554 1731 3724 1787 verbo

2148 1819 2342 1875 ἀναλύω
2388 1817 2431 1848 ¹⁶
2476 1818 2767 1883 derivatur,
2798 1818 2852 1873 id
2880 1827 2963 1875 est
2991 1819 3199 1876 resolvo
3223 1821 3305 1877 vel
3349 1824 3538 1890 redeo;
3566 1825 3661 1882 ἀνά
3682 1823 3729 1858 ¹¹¹

2143 1910 2286 1963 enim
2319 1925 2393 1972 re,
2415 1908 2520 1967 λύω
2537 1908 2580 1941 ’⁸
2609 1923 2738 1963 vero
2765 1908 2907 1963 solvo
2927 1909 3325 1983 interpretatur.
3342 1912 3468 1980 lude
3495 1914 3659 1971 etiam
3678 1915 3724 1950 ¹⁹

2145 2017 2340 2057 nomen
2388 2001 2633 2057 nascitur
2663 2002 2931 2069 ἀνάλυσις,
2959 2004 3100 2074 quod
3130 2004 3183 2059 in
3215 2004 3598 2061 resolutionem
3638 2007 3728 2062 vel

2143 2096 2375 2152 reditum
2402 2096 2648 2152 similiter
2668 2097 2917 2151 vertitur.
2935 2095 3042 2153 Sed
3063 2099 3299 2162 ἀνάλυσις
3319 2099 3536 2170 proprie
3554 2099 3621 2153 de
3634 2113 3725 2154 so—

2140 2188 2344 2243 lutione
2376 2188 2422 2220 '°
2462 2190 2855 2260 propositarum
2882 2190 3255 2259 quaestionum
3291 2190 3516 2257 dicitur;
3546 2191 3732 2248 ἀναλυ-

2142 2286 2252 2342 τική
2287 2295 2416 2335 vero
2445 2280 2487 2311 ²¹
2520 2281 2586 2336 de
2616 2280 2789 2335 reditu
2821 2281 3100 2339 divisionis
3145 2281 3440 2337 formarum
3482 2283 3547 2338 ad
3577 2283 3727 2353 prin-

2143 2371 2340 2443 cipium
2400 2370 2640 2442 ejusdem
2703 2371 3001 2429 divisionis.
3057 2371 3245 2428 Omnis
3296 2374 3439 2429 enim
3502 2373 3719 2441 divisio,

2143 2478 2282 2539 quae
2317 2479 2346 2518 a
2372 2462 2595 2518 Graecis
2619 2466 2864 2545 μέρισμὸς
2902 2465 3120 2529 dicitur,
3160 2465 3312 2534 quasi
3341 2466 3591 2520 deorsum
3622 2464 3716 2519 de-

2145 2556 2406 2613 scendens
2436 2558 2503 2612 ab
2533 2571 2641 2611 uno
2683 2556 2914 2629 quodam
2957 2556 3175 2612 deiinito
3215 2557 3284 2613 ad
3334 2557 3572 2612 inﬁnitos
3615 2571 3717 2612 nu-

2143 2664 2323 2707 meros
2381 2649 2625 2716 videtur,
2679 2651 2782 2704 hoc
2838 2658 2923 2704 est
2968 2649 3376 2741 generalissim*o
3430 2665 3599 2721 usque
3651 2648 3722 2704 ad

2142 2740 2606 2817 specialissimum.
2652 2738 2839 2795 Omnis
2879 2754 3009 2793 vero
3054 2738 3358 2795 recollectio
3394 2739 3555 2793 veluti
3598 2739 3722 2808 qui-

2141 2833 2265 2888 dam
2293 2833 2495 2887 reditus
2524 2831 2719 2887 iterum
2747 2847 2777 2886 a
2810 2829 3197 2901 specialissimo
3231 2830 3512 2897 inclioans,
3545 2840 3600 2886 et
3622 2846 3718 2889 use

2142 2937 2247 2991 que
2271 2922 2335 2976 ad
2354 2920 2817 2997 generalissimum
2842 2920 3158 2985 ascendens,
3185 2921 3450 2981 ἆναλυτική
3469 2928 3713 2975 vocatur.

2140 3011 2236 3066 Est
2295 3011 2457 3081 igitur
2512 3010 2713 3065 reditus
2769 3018 2825 3065 et
2885 3009 3140 3064 resolutio
3204 3009 3599 3065 individuorum
3660 3012 3715 3065 in

461 3098 713 3161 universa
753 3111 945 3165 natura
993 3121 1099 3167 non
1155 3108 1351 3179 ubique
1395 3110 1593 3170 formas
1638 3115 1862 3187 recipit;
1912 3134 2033 3175 eam
2060 3137 2109 3207 α
2140 3102 2366 3167 formas,
2416 3101 2708 3155 formarum
2751 3103 2805 3207 i.“
2837 3110 3077 3189 δεηθνξί
3104 3114 3360 3207 ερηθιςιιιη
3405 3099 3459 3154 ιη
3502 3100 3715 3207 obvias".

352 3246 355 3251 ,
460 3191 723 3262 siquidem
757 3193 868 3250 Deo
906 3203 961 3252 et
1006 3205 1253 3254 creatura
1295 3202 1552 3258 contineri
1592 3221 1698 3260 non
1738 3207 2033 3280 incongrue

454 3282 704 3351 dicimus,
728 3300 793 3345 ac
831 3302 931 3357 per
969 3288 1102 3357 hoc,
1148 3291 1201 3346 in
1241 3303 1497 3363 quantum
1524 3299 1759 3356 creatrix
1785 3310 1885 3365 est,
1916 3304 2032 3358 nul-

448 3375 555 3432 lam
599 3374 829 3441 formam
873 3382 1069 3457 accipit
1110 3383 1166 3441 in
1203 3385 1414 3457 seipsa,
1442 3386 1707 3451 formatae
1749 3408 1879 3451 vero
1918 3410 1946 3449 a
1972 3411 2033 3453 se

450 3476 672 3531 naturae
715 3469 1204 3530 multiformitatem
1249 3486 1581 3549 praestat—
1608 3480 1723 3552 jam
1770 3500 1913 3541 nunc
1963 3489 2029 3543 de

450 3562 797 3627 similitudine
827 3578 1014 3625 earum
1048 3567 1222 3639 deque
1249 3568 1548 3633 diﬂerentia
1580 3577 2030 3635 considerandum

342 3692 351 3697 μ
448 3668 566 3710 esse
612 3656 864 3721 arbitror.
915 3658 1061 3719 Disc.
1112 3660 1227 3723 Non
1279 3663 1435 3723 aliter
1494 3666 1627 3725 ordo
1680 3682 1860 3725 rerum
1915 3672 2032 3727 exi-

450 3745 546 3815 git.

527 3836 665 3901 Msa.
712 3838 958 3906 Secunda
1002 3843 1172 3907 forma
1221 3848 1427 3923 primae
1474 3849 1664 3908 similis
1711 3862 1795 3909 est
1829 3854 1929 3911 “in
1960 3869 2027 3913 eo

451 3928 596 4021 quod
637 3939 806 3998 creat,
849 3935 917 3995 ab
955 3949 1017 3995 ea
1042 3951 1170 3993 vero
1214 3939 1378 3999 distat
1420 3941 1472 3996 in
1512 3956 1578 4001 eo
1617 3944 1758 4021 quod
1785 3953 2021 4005 creatur.

446 4020 580 4077 Nam
606 4024 779 4095 prima
818 4036 969 4092 creat
1000 4038 1057 4089 et
1090 4045 1196 4091 non
1220 4041 1467 4103 creatur,
1500 4020 1733 4095 secunda
1770 4053 1898 4096 vero
1919 4040 1939 4072 ⁷
1970 4048 2025 4095 et

443 4122 596 4171 creat
637 4122 694 4171 et
731 4127 966 4177 creatur.
996 4118 1176 4181 Tertia
1204 4125 1472 4185 secundae
1498 4126 1907 4187 similitudinem
1942 4139 2022 4184 at-

441 4203 610 4293 trahit
630 4219 695 4260 eo
728 4208 876 4276 quod
899 4219 1131 4278 creatur,
1157 4213 1225 4267 ab
1246 4229 1307 4275 ea
1352 4224 1529 4277 tamen
1551 4217 1573 4250 '
1602 4215 1779 4279 diﬂ'ert
1795 4234 1860 4275 eo
1879 4219 2021 4293 quod

443 4290 518 4345 nil
556 4302 724 4351 creat.
756 4294 891 4360 Nam
934 4302 1168 4361 secunda
1210 4310 1265 4359 et
1303 4314 1520 4361 creatur
1561 4315 1615 4365 et
1660 4316 1831 4375 creat,
1862 4290 2018 4367 tertia

2139 3196 2409 3251 curiarum
2457 3195 2511 3249 in
2558 3193 2875 3266 sapientiam
2921 3202 2977 3251 et
3018 3185 3391 3265 prudentiam,
3418 3207 3486 3249 ex
3518 3193 3716 3263 quibus

2136 3287 2312 3342 omnis
2343 3286 2533 3342 divisio
2567 3286 2759 3352 oritur,
2793 3286 2848 3342 in
2883 3285 3208 3355 easdemque
3246 3286 3294 3321 "
3320 3285 3521 3342 finitur.
3565 3285 3712 3343 DISC.

2134 3376 2279 3433 Satis
2305 3378 2504 3434 dictum
2530 3385 2614 3433 est
2632 3377 2678 3413 “
2702 3378 2767 3434 de
2793 3379 3066 3454 ἀναλυτικῇ
3086 3377 3438 3449 etymologia;
3459 3391 3622 3450 perge
3646 3378 3719 3435 ad

2133 3479 2336 3527 cetera.

2199 3564 2254 3619 2.
2297 3563 2434 3621 MAG.
2460 3564 2854 3633 Quaternarum
2894 3565 3076 3637 itaque
3093 3564 3491 3635 praedictarum
3514 3564 3718 3621 forma-

2130 3673 2251 3713 rum
2302 3659 2442 3713 binis
2488 3658 2543 3712 in
2593 3673 2757 3713 unum
2805 3657 3125 3713 coeuntibus
3177 3656 3274 3711 fiat
3318 3656 3607 3728 analytica,
3657 3655 3714 3712 id

2128 3759 2231 3815 est,
2304 3749 2528 3805 reditiva
2568 3749 2836 3805 collectio.
2886 3748 3067 3803 Prima
3129 3763 3364 3820 namque
3407 3756 3462 3805 et
3510 3756 3709 3820 quarta

2126 3857 2294 3897 unum
2334 3848 2481 3914 sunt,
2511 3842 2766 3912 quoniam
2789 3841 2854 3896 de
2883 3842 2993 3897 Deo
3032 3840 3367 3897 solummodo
3401 3841 3713 3914 intelligun-

2129 3942 2248 3997 tur;
2276 3940 2359 3987 est
2379 3931 2522 3986 enim
2550 3931 2874 4001 principium
2901 3932 3320 4001 omnium,quae
3343 3946 3374 3985 a
3405 3945 3464 3987 se
3487 3933 3705 3988 condita

2124 4032 2270 4091 sunt,
2309 4032 2363 4080 et
2400 4023 2524 4078 finis
2570 4024 2831 4086 omnium,
2860 4037 2998 4092 quae
3023 4037 3146 4079 eum
3174 4030 3453 4094 appetunt,
3497 4033 3556 4078 ut
3579 4023 3626 4057 νο
3652 4025 3707 4079 in

2123 4134 2189 4177 eo
2240 4116 2587 4174 aeternaliter
2634 4113 3147 4184 immutabiliterque
3183 4115 3483 4184 quiescant.
3532 4114 3706 4170 Causa

2127 4210 2391 4281 siquidem
2418 4207 2659 4263 omnium
2684 4210 2972 4277 propterea
2996 4203 3197 4260 dicitur
3215 4219 3420 4268 creare,
3449 4207 3704 4274 quoniam

2124 4304 2190 4358 ab
2240 4315 2305 4357 ea
2357 4299 2684 4356 universitas
2740 4311 2951 4363 corum,
3006 4310 3147 4366 quae
3200 4303 3324 4368 post
3366 4309 3486 4350 eam
3531 4308 3599 4351 an
3646 4313 3713 4354 ea

443 4395 575 4473 vero
603 4392 816 4444 creatur
842 4399 897 4449 et
920 4407 1027 4448 non
1051 4402 1218 4451 creat.
1252 4396 1435 4455 Tertia
1464 4409 1690 4473 quartae
1721 4402 1909 4462 similis
1935 4413 2018 4462 est

2139 4402 2303 4450 :reata
2330 4399 2477 4457 sunt,
2502 4391 2555 4447 in
2604 4403 2800 4462 genera
2831 4396 2888 4443 et
2930 4387 3138 4459 species
3189 4396 3244 4443 et
3288 4401 3565 4452 numeros,
3609 4387 3712 4444 dif-

444 4472 498 4529 in
530 4487 595 4530 eo
635 4478 778 4569 quod
824 4496 929 4543 nou
960 4493 1129 4554 creat,
1173 4486 1449 4545 dissimilis
1493 4506 1620 4555 vero
1666 4493 1720 4555 in
1765 4509 1829 4555 eo
1876 4498 2019 4569 quod
2042 4496 2100 4565 υ
2127 4487 2383 4545 ferentias
2407 4497 2639 4556 quoque,
2671 4489 2978 4550 ceteraque,
3022 4493 3165 4550 quae
3191 4480 3244 4534 in
3270 4485 3461 4534 natura
3488 4481 3705 4537 condita

443 4572 681 4629 creatur.
712 4568 894 4635 Tertia
935 4576 1078 4639 enim
1109 4588 1327 4641 creatur
1366 4591 1422 4641 et
1462 4598 1568 4643 nou
1612 4596 1799 4654 creat,
1824 4568 2017 4662 quarta

440 4669 596 4752 vero
637 4675 813 4735 neque
864 4675 1082 4729 creatur
1127 4684 1301 4742 neque
1365 4685 1511 4737 creat
1554 4680 1595 4734 ’.
1638 4678 1770 4737 Item
1825 4690 2023 4752 quarta
2060 4687 2073 4700 ’

440 4748 630 4837 similis
677 4762 763 4815 est
811 4758 1049 4826 primae,
1093 4762 1217 4833 quia
1253 4780 1362 4821 non
1411 4777 1658 4837 creatur,
1689 4773 1755 4829 ab
1891 4791 2020 4835 vero

442 4832 638 4897 distare
676 4840 923 4910 videtur,
972 4832 1277 4916 quianon,
1306 4862 1474 4910 creat.
1529 4832 1708 4913 Prima
1757 4832 2021 4933 siquidem

445 4935 591 4983 ποθι
617 4939 669 4986 et
697 4948 805 5025 D00
836 4947 1074 5007 creatur,
1108 4952 1301 5012 quarta
1322 4959 1451 5003 vero
1473 4962 1647 5018 neque
1668 4962 1817 5009 creat
1847 4968 2023 5025 neque

442 5026 676 5079 creatur.
705 5024 773 5091 Et
801 5029 930 5103 quia
966 5031 1032 5091 de
1058 5035 1488 5111 Oppositionibus
1510 5049 1563 5101 et
1584 5024 2023 5109 similitudinibus

2129 4578 2565 4641 considerantur,
2599 4572 2833 4629 mirabili
2864 4571 3096 4643 quadam
3124 4572 3412 4642 divinaque
3449 4571 3707 4643 multipli-

2127 4672 2339 4727 catione
2386 4666 2647 4738 procedit.
2681 4662 2946 4732 Quoniam
2992 4677 3120 4717 vero
3141 4663 3207 4718 ad
3234 4661 3461 4719 eandem
3488 4676 3707 4719 causam

2128 4763 2327 4827 omnia,
2356 4773 2496 4830 quae
2539 4759 2607 4813 ab
2638 4771 2701 4812 ea
2726 4755 3048 4827 procedunt,
3079 4754 3204 4808 dum
3236 4754 3302 4809 ad
3331 4753 3491 4809 linem
3518 4769 3709 4826 pene.

2130 4856 2301 4920 nient,
2337 4863 2624 4906 reversura
2655 4854 2801 4913 sunt,
2843 4855 3125 4917 propterea
3157 4846 3281 4901 finis
3308 4847 3549 4901 omnium
3574 4845 3709 4901 dici-

2131 4955 2239 5013 tur,
2270 4955 2325 5001 et
2364 4956 2543 5015 neque
2565 4953 2751 4995 creare
2787 4951 2962 5009 neque
3000 4936 3172 4992 creari
3197 4936 3528 5006 perhibetur.
3568 4933 3705 4988 Nam

2128 5045 2412 5111 postquam
2450 5036 2504 5089 in
2546 5047 2666 5090 eam
2700 5042 2982 5086 reversura
3008 5026 3057 5061 "
3080 5032 3206 5081 sunt
3233 5024 3434 5090 omnis,
3461 5022 3539 5078 nii
3564 5022 3703 5079 ulte.

1768 5262 2019 5320 VARIAE
2051 5256 2450 5323 LECTIONES.

446 5493 457 5504 .
513 5421 534 5454 ‘
560 5425 654 5504 Sic
682 5425 884 5504 CD:_A
942 5428 1246 5504 formem-

440 5498 573 5563 ipsa,
599 5498 642 5555 C
670 5500 734 5554 de
763 5500 953 5568 σάρδα.
1056 5501 1077 5532 ⁸
1106 5498 1197 5556 Sic
1254 5499 1371 5568 CD;
1402 5512 1478 5557 est
1516 5498 1625 5558 om.
1669 5506 1735 5560 A.

442 5632 488 5709 ff
517 5636 625 5709 _Sic
666 5632 792 5705 c’o;
820 5641 866 5694 Α
893 5642 1202 5709 primordia.
1302 5642 1347 5675 η
1396 5632 1487 5703 Sic
1532 5644 1649 5709 CD;
1680 5632 1809 5699 A'ut
1854 5644 1940 5699 de.

1325 5426 1564 5500 'SleC;
1606 5440 1790 5490 et'om.
1846 5433 1955 5487 AD.
2032 5431 2054 5464 ³
2094 5432 2138 5487 D
2171 5449 2295 5487 non.

1832 5504 1852 5534 ⁷
1884 5504 1975 5577 Sic
1999 5501 2119 5577 QD;
2160 5518 2291 5577 re"
2327 5516 2420 5577 ραι
2450 5501 2521 5557 Α·
2546 5570 2587 5577 _-
2619 5501 2689 5577 'L.

442 5559 578 5619 ένεαὶ
628 5586 792 5641 neque
831 5559 1057 5624 creatur.
1136 5572 1178 5602 ¹θ
1233 5559 1546 5643 Ρτο’άεᾳιιε
1583 5574 1626 5629 D
1672 5559 1850 5645 neque.
1930 5574 1971 5611 “
2012 5559 2117 5631 Sic,
2148 5572 2265 5639 CD;
2311 5573 2358 5626 A
2397 5578 2464 5624 et.
2545 5570 2587 5599 ¹²
2636 5565 2726 5621 Sic
2751 5563 2866 5630 CD;
2896 5559 2940 5616 Α
2969 5559 3126 5631 analy

442 5632 488 5714 ff
515 5636 792 5714 _S_ic.CD,;
820 5641 866 5694 Α
893 5642 1202 5714 ρτξηιρνάίσ.
1302 5642 1347 5675 η
1396 5641 1487 5703 Sic
1532 5644 1649 5709 co;
1680 5646 1726 5699 A
1752 5654 1809 5699 ut
1854 5644 1940 5699 de.
2043 5642 2156 5714 ‘fA
2199 5641 2410 5714 analyo.
2482 5638 2541 5714 _"
2590 5638 2788 5714 saga.
2824 5633 2914 5714 _f
2943 5633 3000 5714 A_
3019 5632 3124 5714 130.

2396 5431 2417 5462 ⁸
2450 5426 2543 5527 ἓίθ
2579 5423 3184 5527 CP‘.‘?.§~".(‘!'1”‘1‘I;.
3257 5418 3279 5453 ⁸
3299 5418 3597 5527 ﬂenda".
3640 5424 3707 5527 τ

2502 5638 2541 5669 ⁸⁷
2590 5638 2653 5717 ὁ.
2667 5651 2788 5717 ana.
2822 5633 2914 5717 Af
2943 5632 3124 5717 A‘lvo.
3202 5631 3255 5717 ι’.
3271 5632 3363 5689 Sic
3386 5632 3607 5717 CD;mA
3626 5646 3704 5717 ﬁt.

445 5704 488 5735 "
512 5706 603 5763 Sic
627 5709 703 5776 C;
730 5701 1273 5781 Avpro'dissilutione;
1297 5714 1342 5768 D
1366 5701 1778 5768 dissolutionem.
1855 5715 1898 5745 ¹¹
1926 5714 2018 5769 Sic
2041 5712 2160 5779 CD;
2190 5728 2306 5767 vero
2325 5701 2442 5768 om.
2467 5708 2534 5763 A.
2604 5708 2654 5739 ¹¹
2680 5705 2781 5762 εἰσ
2818 5702 2943 5771 CD;
2973 5703 3019 5758 Α
3041 5701 3101 5759 in
3128 5703 3355 5760 easdem.
3430 5703 3478 5737 ⁸³
3503 5701 3598 5759 Sic
3624 5703 3702 5771 D;

444 5784 520 5831 ut
544 5793 657 5837 om.
684 5779 801 5839 AC.
872 5780 919 5814 "
942 5779 1033 5837 Sic
1054 5781 1179 5849 AD;
1206 5782 1249 5840 C
1275 5794 1344 5840 et.
1421 5785 1466 5824 ³⁸
1499 5783 1589 5840 Sic
1617 5784 1734 5852 CD;
1764 5785 1805 5843 A
1839 5801 2056 5842 reversa.
