4194 6276
512 331 618 388 527

1854 333 1861 339 ⁷
1883 333 2169 392 JOANNIS
2208 333 2407 394 SCOTI

3671 343 3778 399 558

510 442 627 497 rius
663 442 731 498 ab
756 455 817 496 ea
846 458 953 515 .per
990 442 1394 514 generationem
1421 445 1540 503 loco
1574 455 1632 502 et
1668 456 1908 519 tempore
1936 462 2102 520 gene—
2125 452 2179 513 Λ
2203 458 2374 515 creat,
2397 464 2532 520 quas
2556 450 2755 508 iterum
2776 451 2833 508 in
2857 467 3022 509 unam
3049 451 3281 509 formam
3305 454 3546 512 theoriae
3567 457 3779 515 videtur

510 544 660 599 ribus
702 552 751 598 et
790 542 998 601 'formis
1053 548 1329 616 procedet,
1387 548 1643 619 quoniam
1690 548 1747 603 in
1799 562 1883 605 ea‘
1914 550 2097 605 omnia

513 644 699 713 quieta
713 654 900 709 erunt,
929 651 985 699 et
1006 659 1172 699 unum
1213 644 1546 703 individuum
1572 656 1734 717 atque
1763 647 2097 703 immutabile

507 736 827 809 manebunt.
869 742 1003 798 Nam
1041 759 1179 815 quae
1221 745 1274 798 in
1316 747 1751 815 processionibus
1781 756 2093 803 naturarum

515 846 883 916 multipliciter
921 846 1095 902 divisa
1142 855 1307 916 atque
1350 849 1548 917 partita
1581 863 1702 905 esse
1742 850 2012 916 videntur,
2036 852 2091 905 in

513 940 953 1012 primordialibus
999 940 1178 995 causis
1216 940 1363 994 unita
1414 950 1575 1010 atque
1613 957 1778 996 unum
1823 952 1969 998 sunt.
2010 942 2092 997 Ad

513 1050 675 1110 quam
708 1041 969 1095 unitatem
1010 1054 1312 1105 reversura,
1354 1039 1409 1094 in
1435 1053 1499 1094 ea
1541 1040 1886 1096 aeternaliter
1930 1050 2093 1112 atque

512 1138 923 1195 immutabiliter
946 1139 1259 1195 manebunt.
1293 1137 1397 1193 Sed
1428 1138 1494 1193 de
1526 1139 1626 1192 hac
1655 1148 1848 1208 quarta
1878 1141 2095 1195 univer-

509 1238 685 1293 sitatis
714 1238 1165 1304 consideratione,
1196 1252 1336 1308 quae
1374 1237 1427 1292 in
1465 1237 1580 1292 solo
1606 1238 1717 1292 Deo
1745 1238 2088 1309 intelligitur,

512 1338 963 1409 quemadmodum
992 1349 1048 1394 et
1081 1338 1277 1410 prima,
1306 1353 1405 1393 suo
1445 1337 1563 1393 loco
1605 1337 1765 1392 latius
1796 1338 2091 1408 disputabi-

513 1454 619 1509 tur,
655 1452 913 1513 quantum
951 1444 1043 1498 lux
1083 1444 1345 1498 mentium
1382 1441 1679 1499 donaverit.
1723 1441 1875 1510 Quod
1910 1453 2089 1498 autem

508 1536 573 1590 de
612 1536 783 1615 prima
814 1545 868 1591 et
906 1535 973 1591 de
1003 1543 1196 1607 quarta
1220 1536 1435 1597 dicitur,
1470 1536 1574 1589 hoc
1601 1544 1705 1599 est,
1740 1549 1840 1589 nec
1867 1534 1956 1588 illa
1989 1550 2089 1590 nec

508 1627 609 1679 ista
659 1634 892 1691 creatur,
941 1641 1062 1680 cum
1117 1625 1220 1680 et‘
1271 1625 1360 1679 illa
1406 1633 1461 1679 et
1509 1624 1610 1679 ista
1677 1640 1842 1678 unum
1895 1624 2087 1690 sint’,

506 1723 765 1783 utraeque
811 1715 954 1768 enim
1019 1714 1085 1768 de
1130 1712 1241 1769 Deo
1292 1714 1702 1783 praedicantur,
1753 1713 1883 1769 nulli
1939 1723 2086 1770 recte

2199 543 2463 613 redigere,
2505 543 2633 597 dum
2666 543 2734 598 de
2778 544 3006 615 simplici
3048 545 3261 601 divinae
3302 555 3526 604 naturae
3572 551 3777 609 unitate

2198 631 2386 703 incipit
2426 642 2680 689 tractare.
2733 632 3063 704 Principium
3109 636 3253 693 enim
3303 646 3360 692 et
3402 638 3526 695 ﬁnis
3560 642 3772 700 divinae

2195 734 2423 779 naturae
2464 725 2681 795 propria
2728 725 2943 780 nomina
2997 741 3101 796 non
3143 736 3285 793 sunt,
3316 730 3408 785 sed
3445 730 3772 791 babitudim’s

2194 814 2311 883 ejus
2341 816 2409 871 ad
2447 831 2532 885 ea,
2578 832 2719 887 quae
2753 818 2970 873 condita
3011 826 3153 872 sunt.
3198 819 3278 874 Ab
3312 814 3433 892 ipsa
3468 824 3609 879 enim
3640 827 3772 882 inci-

2192 909 2367 978 piunt,
2419 917 2582 980 atque
2631 910 2754 965 ideo
2793 911 3112 980 principium
3157 912 3368 980 dicitur,
3416 924 3470 970 et
3514 920 3767 987 quoniam

2193 989 2258 1056 in.
2310 1000 2481 1057 eam‘
2520 1002 2896 1066 terminantur,
2949 1011 3009 1056 ut
3059 1004 3113 1057 in
3165 1018 3227 1058 ea
3258 1005 3280 1036 ³
3311 1006 3573 1073 desinant,
3640 1010 3764 1068 linis

2189 1091 2455 1147 vocabulo
2480 1093 2678 1148 meruit
2717 1089 3010 1164 appellari;
3040 1094 3178 1149 aliae
3204 1111 3330 1151 vero
3367 1099 3505 1154 duae
3538 1099 3762 1167 formae,

2192 1180 2484 1237 secundam
2512 1182 2632 1237 dico
2656 1189 2712 1238 et
2736 1182 2970 1248 tertiam,
3004 1199 3110 1238 non
3149 1184 3321 1239 solum
3346 1186 3403 1240 in
3430 1198 3612 1244 nostra
3638 1205 3770 1245 con-

2195 1271 2539 1341 templatione
2599 1272 2911 1343 gignuntur,
2964 1273 3075 1345 sed,
3106 1262 3278 1331 etiam
3314 1277 3369 1331 in
3411 1279 3527 1349 ipsa
3590 1295 3764 1335 rerum

2189 1370 2497 1417 creatarum
2534 1371 2724 1417 natura
2780 1365 3137 1432 reperiuntur,
3192 1368 3247 1422 in
3290 1384 3397 1438 qua
3449 1384 3643 1426 causae
3699 1374 3765 1427 ab

2189 1450 2466 1508 effectibus
2496 1460 2835 1524 separantur,
2867 1462 2922 1509 et
2958 1454 3179 1512 cﬂ‘ectus
3220 1460 3400 1514 causis
3438 1461 3762 1525 adunantur,

2188 1543 2444 1612 quoniam
2498 1544 2550 1597 in
2606 1559 2712 1599 uno
2760 1560 2979 1614 genere,
3019 1547 3072 1599 in
3121 1558 3366 1603 creatura
3405 1550 3547 1617 dico,
3598 1568 3760 1606 unmn

2187 1644 2332 1689 sunt.
2361 1635 2499 1690 MAG.
2538 1635 2613 1692 De
2642 1646 2896 1707 quattuor
2928 1639 3089 1710 igitur
3112 1638 3246 1695 fiunt
3280 1644 3434 1697 duae.
3467 1643 3611 1700 DISC.
3645 1644 3759 1700 Non

2187 1726 2403 1782 resisto.
2427 1727 2568 1784 MAG.
2596 1727 2757 1795 Quid,
2775 1730 2819 1785 si
2847 1740 3149 1786 creaturam
3167 1732 3409 1790 Creatori
3431 1735 3759 1804 adjunxeris,

508 1804 915 1885 intelligentium
942 1804 1231 1863 obscurum
1262 1820 1383 1861 esse
1416 1806 1679 1870 arbitror;
1709 1821 1740 1860 a
1776 1806 1921 1861 nullo
1941 1807 2083 1861 enim
2190 1816 2264 1871 ita
2287 1825 2346 1872 υι
2367 1818 2441 1872 nil
2475 1817 2616 1872 aliud
2636 1819 2691 1873 in
2722 1834 2785 1873 ea
2814 1820 3102 1892 intelligas,
3132 1823 3237 1877 nisi
3268 1824 3461 1893 ipsum.
3492 1797 3584 1895 ξιηί
3611 1797 3756 1881 εοιηέ

506 1905 741 1963 creatur,
782 1897 924 1968 quod
951 1912 1112 1952 causa
1155 1898 1417 1968 superiori
1458 1914 1516 1953 se
1553 1898 1639 1951 vel
1677 1897 1780 1953 sibi
1806 1899 2081 1968 coaequali

503 1997 652 2044 caret
675 2001 721 2042 α.
763 1988 860 2043 Est
894 1987 1038 2043 enim
1082 1989 1254 2058 prima
1285 1987 1524 2041 omnium
1554 2002 1714 2041 causa
1742 1987 1899 2050 Deus,
1922 2002 2082 2057 quem

500 2077 637 2133 nihil
669 2078 972 2148 praecedit;
1002 2077 1076 2131 nil
1117 2078 1163 2131 ei
1197 2078 1595 2149 cointelligitur,
1627 2079 1767 2148 quod
1795 2078 1893 2133 sibi
1929 2094 2084 2135 coes—

500 2167 725 2226 sentiale
752 2182 857 2221 non
892 2167 1232 2237 sit.fVidesne
1261 2170 1461 2237 itaque,
1493 2167 1721 2237 primam
1749 2176 1805 2222 et
1828 2178 2079 2239 quartam

500 2266 727 2312 naturae
744 2256 968 2311 formam
995 2257 1047 2311 in
1071 2272 1235 2311 unum
1257 2257 1278 2288 ³
1297 2271 1415 2313 esse
1439 2258 1750 2312 revocatas?
1772 2258 1918 2313 Drsc.
1935 2258 2078 2313 Satis

500 2350 679 2416 video,
718 2365 956 2421 pureque
1003 2349 1259 2419 intelligo.
1301 2348 1417 2403 Non
1461 2349 1603 2404 enim
1644 2348 1700 2403 in
1747 2348 1857 2404 Deo
1901 2351 2077 2419 prima

496 2441 676 2498 forma
725 2459 755 2497 a
796 2453 982 2513 quarta
1023 2441 1456 2515 discerniturrln
1507 2442 1623 2514 ipso
1663 2442 1928 2512 siquidem
1970 2459 2078 2498 non

501 2536 607 2590 duo
632 2536 917 2605 quaedam,
949 2534 1043 2590 sed
1065 2549 1227 2589 unum
1258 2542 1401 2598 sunt,
1437 2534 1489 2587 in
1518 2540 1700 2589 nostra
1718 2548 1847 2589 vero
1870 2535 2076 2590 theoria

500 2630 626 2684 dum
664 2627 824 2683 aliam
855 2628 1128 2700 rationem
1171 2628 1238 2683 de
1278 2626 1389 2682 Deo
1414 2626 1747 2697 concipimus
1784 2629 2075 2684 secundum

500 2719 982 2775 considerationem
1037 2718 1309 2791 principii,
1364 2718 1523 2773 aliam
1571 2731 1702 2772 vero
1744 2716 1900 2787 juxta
1955 2718 2078 2774 ﬁnis

498 2812 1025 2884 contemplationem,
1064 2812 1201 2867 duae
1229 2811 1392 2867 veluti
1420 2810 1687 2882 quaedam
1716 2808 1924 2866 formae
1958 2825 2076 2868 esse

497 2905 769 2971 videntur,
820 2919 887 2960 ex
946 2920 1052 2960 una
1106 2906 1401 2975 eademque
1463 2903 1807 2972 simplicitate
1863 2903 2074 2959 divinae

501 3006 727 3052 naturae
770 2988 992 3068 propter
1034 2997 1300 3067 duplicem
1345 3004 1561 3055 nostrae
1602 2995 2072 3067 contemplationis

496 3086 847 3143 intentionem
871 3087 1154 3143 formatae.
1194 3150 1197 3153 Α

508 3242 511 3247 ι
563 3201 703 3257 MAG.
736 3201 1077 3258 Rectevides.
1099 3200 1238 3268 Quid
1252 3201 1450 3274 igitur?
1472 3201 1611 3256 Num
1631 3208 1687 3257 et
1706 3203 1992 3259 secundam
2019 3212 2073 3257 et

493 3296 711 3351 tertiam
739 3295 794 3349 in
838 3309 1002 3348 unum
1041 3293 1290 3348 similiter
1327 3293 1582 3349 debemus
1627 3294 1908 3365 redigere?
1953 3296 2071 3351 Non

492 3387 636 3443 enim
665 3395 717 3441 te
741 3386 890 3450 latet,
905 3386 1229 3452 utaestimo,
1248 3386 1414 3455 quod,
1441 3386 1580 3442 sicut
1602 3387 1772 3455 prima
1795 3396 1851 3442 et
1876 3398 2068 3456 quarta

493 3478 551 3530 in
579 3476 854 3539 Creatore,
883 3475 958 3529 ita
989 3476 1220 3531 secunda
1249 3486 1305 3531 et
1344 3478 1502 3531 tertia
1538 3477 1591 3531 in
1626 3485 1871 3532 creatura
1899 3480 2070 3535 ratio.

495 3566 746 3621 nabiliter
783 3575 1199 3635 cognoscuntur.
1239 3564 1483 3621 Secunda
1531 3567 1699 3631 enim,
1754 3575 1814 3622 ut
1857 3570 2069 3639 pracdi-

495 3666 645 3716 ctum
669 3664 771 3723 est,
801 3664 856 3711 et
895 3664 1113 3712 creatur
1151 3665 1208 3713 et
1243 3665 1414 3722 creat,
1454 3666 1509 3712 et
1552 3658 1605 3712 in
1631 3658 2068 3728 primordialibus

495 3746 1059 3806 causisiconditarum
1114 3762 1293 3803 rerum
1343 3748 1690 3819 intelligitur;
1737 3750 1892 3805 tertia
1943 3766 2071 3808 vero

490 3841 668 3897 forma
686 3848 910 3900 creatur
936 3847 992 3892 et
1020 3853 1126 3895 non
1165 3847 1333 3906 creat,
1372 3840 1616 3910 atquein
1656 3838 1931 3897 effectibus
1953 3842 2066 3912 pri-

490 3930 832 3988 mordialium
881 3944 1167 3985 causarum
1196 3930 1481 4001 reperitur.
1516 3929 1763 3986 Secunda
1809 3932 1987 4001 itaque
2016 3938 2071 3989 et

494 4023 651 4078 tertia
676 4035 783 4077 uno
810 4022 1106 4091 eodemque
1141 4035 1361 4092 genere,
1392 4030 1610 4077 creatae
1639 4022 1888 4078 videlicet
1914 4032 2070 4077 natu-

487 4130 599 4181 rae,
633 4113 996 4178 continentur,
1042 4120 1206 4182 atque
1244 4112 1299 4167 in
1345 4126 1408 4167 ea
1446 4127 1613 4166 unum
1654 4120 1799 4168 sunt.
1841 4112 2069 4168 Formae

487 4207 755 4278 siquidem
792 4208 847 4262 in
880 4196 1077 4278 genere
1112 4220 1278 4260 unum
1327 4212 1470 4260 sunt.
1515 4203 1652 4260 Num
1679 4205 1860 4274 itaque
1893 4205 2064 4271 vides,

485 4307 742 4369 quattuor
774 4297 1073 4355 formarum
1111 4296 1506 4366 praedictarum
1542 4297 1677 4352 duas
1697 4296 1933 4367 quidem,
1961 4297 2070 4367 pri-

487 4410 632 4451 mam
682 4392 931 4448 videlicet
978 4401 1034 4446 et
1085 4382 1355 4461 quartam,
1404 4390 1460 4445 in
1513 4388 1845 4454 Creatorem,
1886 4388 2061 4476 .duas,

486 4484 778 4546 secundam
802 4483 921 4538 dico
948 4489 1001 4538 et
1024 4483 1261 4549 tertiam,
1291 4483 1345 4536 in
1374 4488 1677 4537 creaturam
1708 4479 2067 4536 recollectas?

2186 1923 2313 1962 vere
2332 1918 2443 1975 est;
2462 1909 2539 1963 nil
2563 1909 2707 1963 enim
2729 1918 2881 1964 extra
2906 1910 3080 1980 ipsum
3095 1926 3223 1966 vere
3244 1914 3528 1968 essentiale
3547 1914 3757 1980 dicitur,

2185 1999 2310 2067 quia
2357 1998 2556 2065 omnia,
2604 2013 2743 2067 quae
2789 1999 2856 2054 ab
2897 2014 2962 2053 eo
3012 2009 3160 2064 sunt,
3199 2003 3273 2056 nil
3312 2003 3456 2057 aliud
3508 2013 3649 2067 sunt,
3708 2005 3759 2058 in

2182 2097 2441 2159 quantum
2472 2098 2619 2156 sunt,
2658 2090 2763 2145 nisi
2802 2093 3149 2161 participatio
3188 2094 3375 2164 ipsius,
3408 2097 3499 2166 qui
3529 2112 3558 2149 a
3582 2098 3761 2166 seipso

2181 2183 2324 2237 solus
2345 2197 2441 2252 per
2464 2183 2697 2251 seipsum
2710 2182 2957 2237 subsistit
2984 2201 2999 2239 :
3032 2199 3158 2238 num
3182 2187 3422 2255 negabis,
3444 2185 3753 2241 Creatorem

2178 2282 2234 2329 et
2269 2282 2572 2329 creaturam
2602 2289 2768 2328 unum
2793 2274 2955 2329 esse?
2989 2273 3132 2329 Dtsc.
3160 2274 3276 2330 Non
3299 2275 3455 2331 facile
3479 2279 3751 2347 negarim;

2178 2364 2306 2419 buic
2334 2365 2478 2419 enim
2507 2364 2807 2420 collectioni
2838 2364 3092 2421 resistere
3112 2366 3323 2421 videtur
3351 2367 3483 2422 mibi
3507 2368 3759 2423 ridiculo—

2180 2472 2297 2511 SUIII
2326 2470 2467 2511 esse.

2249 2546 2388 2603 MAG.
2418 2546 2962 2618 Universitasitaque,
2981 2562 3118 2618 quae
3146 2548 3257 2606 Deo
3283 2556 3339 2606 et
3362 2560 3607 2607 creatura
3633 2567 3758 2607 con-

2180 2640 2398 2707 tinetur,
2443 2641 2593 2710 prius
2649 2641 2702 2695 in
2753 2648 3007 2710 quattuor
3061 2640 3225 2695 veluti
3299 2640 3499 2697 formas
3532 2628 3749 2710 divisa,

2178 2733 2371 2787 iterum
2396 2733 2464 2786 ad
2495 2748 2660 2787 unum
2687 2732 3037 2798 individuum,
3064 2733 3385 2802 principium
3407 2733 3602 2804 quippe
3622 2750 3751 2790 cau-

2178 2838 2399 2893 samqnc
2419 2823 2705 2893 ﬁnemque,
2722 2834 3024 2879 revocatur.
3051 2824 3192 2879 Dtsc.
3217 2823 3295 2879 De
3314 2824 3606 2879 universali
3634 2827 3742 2880 uni-

2176 2916 2402 2972 versalis
2427 2924 2651 2971 naturae
2671 2916 2930 2971 divisione
2952 2923 3006 2970 et
3030 2916 3352 2971 adunatione
3374 2916 3593 2970 interim
3618 2916 3752 2971 satis

2176 3013 2380 3069 dictum
2414 3013 2591 3068 video.
2634 3012 2770 3067 Nam
2814 3013 2881 3067 dc
2929 3010 3382 3066 subdivisionibus
3420 3008 3748 3080 singularum

2177 3101 2474 3158 formarum
2505 3104 2616 3158 suis
2651 3103 2784 3158 locis
2827 3101 3307 3165 considerabimus,
3346 3102 3613 3156 secundae
3633 3101 3751 3156 dico

2178 3204 2232 3251 et
2256 3195 2472 3260 tertiae;
2505 3195 2733 3263 primam
2762 3194 2957 3264 quippe
2991 3201 3047 3246 et
3084 3200 3333 3262 quartam
3363 3193 3753 3249 subdivisioues

2178 3289 2418 3359 recipere
2447 3303 2555 3342 non
2594 3286 2751 3341 facile
2792 3286 3040 3341 dixerim.
3077 3286 3308 3355 Ideoque
3349 3286 3417 3341 ad
3462 3286 3586 3352 alia,
3615 3301 3751 3354 quae

2167 3378 2280 3447 jam
2320 3379 2542 3434 dicenda
2584 3386 2727 3442 sunt,
2751 3377 3134 3431 transeundum
3156 3376 3409 3431 arbitror.
3440 3375 3576 3431 MAG.
3611 3376 3746 3442 Quid

2175 3471 2272 3526 tibi
2302 3469 2554 3526 videtur?
2589 3468 2726 3523 Num
2754 3468 2858 3522 alia
2888 3468 3118 3524 tenenda
3147 3479 3231 3525 est
3260 3469 3449 3525 semita
3470 3469 3535 3523 ad
3571 3469 3748 3525 inves-

2176 3562 2486 3633 tigationem
2510 3561 2905 3632 propositarum
2929 3562 3324 3630 quaestionum,
3344 3576 3506 3632 quam
3530 3568 3590 3614 ut
3608 3576 3749 3616 nunc

2174 3654 2467 3710 secundam
2494 3661 2721 3707 naturae
2760 3651 2988 3707 formam
3031 3668 3373 3723 quaeramus,
3401 3651 3654 3722 quoniam
3684 3651 3750 3706 de

2171 3746 2345 3816 prima
2374 3745 2426 3798 in
2450 3744 2616 3815 priori
2643 3743 2805 3809 libro,
2834 3752 3096 3813 quantum
3139 3743 3366 3799 facultas
3409 3745 3743 3814 suppetebat,

2173 3835 2649 3899 consideravimus,
2674 3834 2727 3888 in
2759 3848 2866 3902 quo
2901 3834 3073 3903 magis
3114 3835 3181 3889 de
3210 3835 3393 3889 decem
3424 3848 3605 3888 rerum
3634 3848 3748 3888 om-

2171 3927 2318 3982 nium
2355 3927 2659 3998 generibus,
2690 3927 2834 3997 quod
2872 3927 3090 3997 proprie
3120 3927 3186 3981 de
3214 3927 3481 3983 creatrice
3505 3929 3744 3983 omnium

2170 4033 2330 4074 causa
2382 4018 2487 4074 dici
2549 4034 2659 4073 non
2710 4026 2935 4089 possunt
2962 4018 3003 4083 ⁸,
3054 4018 3382 4088 disputatum
3427 4028 3531 4085 est,
3585 4033 3746 4089 quam

2170 4111 2238 4165 de
2290 4110 2407 4180 ipsa
2454 4109 2693 4163 omnium
2737 4108 2936 4163 causa?
2957 4106 3090 4161 Nam
3133 4123 3271 4177 quae
3310 4109 3378 4162 de
3412 4123 3475 4163 ea
3519 4107 3744 4163 dicenda

2171 4210 2317 4268 sunt,
2354 4200 2422 4255 ad
2451 4208 2675 4270 quartae
2703 4198 2907 4255 formae
2944 4198 3429 4255 considerationem
3462 4214 3746 4255 reservan-

2170 4290 2238 4345 da
2289 4306 2407 4345 esse
2449 4288 2829 4357 judicavimus,
2879 4303 2985 4344 non
3033 4289 3177 4358 quod
3230 4297 3288 4344 et
3322 4289 3395 4345 ibi
3446 4290 3514 4344 de
3564 4289 3742 4345 divina

2170 4391 2361 4436 natura
2400 4380 2615 4451 proprie
2644 4379 2768 4449 quid
2799 4389 2888 4433 aut
2909 4379 3066 4450 digne
3092 4394 3189 4434 nos
3211 4379 3451 4435 dicturos
3476 4368 3596 4435 esse
3624 4394 3746 4450 pro-

2170 4474 2469 4538 mittamus,
2501 4472 2594 4527 sed
2622 4473 2762 4541 quod
2790 4472 2855 4527 de
2902 4473 3075 4527 reditu
3122 4473 3363 4527 omnium
3388 4474 3440 4527 in
3482 4488 3600 4527 eam
3648 4486 3745 4540 per

484 4542 635 4627 Disc.
648 4570 814 4624 Plane
848 4570 1027 4634 video,
1046 4541 1441 4640 admodumque
1468 4571 1707 4626 admiror
1727 4585 1910 4627 rerum
1939 4571 2069 4625 sub-
2090 4541 2144 4602 D
2169 4562 2543 4637 primordiales
2573 4568 2786 4630 causas,
2820 4571 3080 4633 quantum
3124 4563 3237 4633 ipsa
3267 4562 3515 4631 ;dederit,
3547 4561 3739 4615 dicturi

485 4663 752 4718 tilitate'm.
780 4657 916 4715 Nam
955 4660 1095 4714 duae
1119 4663 1427 4731 praedictae
1452 4664 1657 4718 formae
1696 4678 1805 4719 non
1838 4663 1890 4717 in
1931 4660 2062 4728 Deo,

483 4756 577 4810 sed
618 4753 671 4806 in
709 4760 891 4807 nostra
933 4753 1383 4821 contemplatione
1419 4753 1823 4820 discernuntur,
1858 4764 1914 4810 et
1957 4770 2063 4811 non

485 4847 602 4914 Dei,
629 4846 725 4903 sed
752 4845 977 4901 rationis
1002 4853 1220 4899 nostrae
1244 4844 1444 4898 formae
1476 4854 1622 4910 sunt,
1646 4856 1867 4917 propter
1891 4849 2064 4916 dupli-

483 4956 598 4997 cem
632 4937 882 5012 principii
909 4945 1072 5007 atque
1093 4935 1215 4991 ﬁnis
1242 4934 1765 5005 considerationem;
1795 4951 1967 5007 neque
2002 4939 2057 4993 in

483 5032 595 5089 Deo
647 5032 702 5087 in
751 5044 915 5085 unam
962 5027 1188 5084 formam
1234 5026 1572 5097 rediguntur,
1624 5028 1720 5084 sed
1768 5026 1820 5082 in
1872 5035 2056 5085 nostra

482 5122 712 5189 theoria,
740 5134 881 5192 quae
911 5121 1034 5175 dum
1077 5117 1401 5189 principium
1435 5125 1490 5172 et
1531 5116 1694 5174 linem
1727 5120 2052 5187 considerat,

479 5212 614 5269 duas
669 5213 929 5283 quasdam
981 5208 1186 5265 formas
1242 5208 1710 5280 contemplationis
1771 5211 1825 5266 in
1880 5212 2055 5282 seipsa

2171 4672 2377 4713 sumus.
2429 4655 2621 4711 Sicut"
2648 4657 2701 4710 in
2738 4657 2839 4710 bac
2882 4656 3115 4710 secunda
3156 4651 3532 4724 inquisitione“
3559 4649 3736 4704 maxi-

2167 4764 2255 4805 me
2301 4749 2615 4804 intentionis
2650 4757 2867 4804 nostrae
2914 4750 3265 4819 propositum,
3297 4746 3406 4800 Deo
3452 4742 3736 4814 largiente,

2166 4843 2512 4899 constitutum
2562 4850 2660 4905 est,
2717 4842 2979 4911 quaedam
3028 4841 3205 4895 dicere
3266 4834 3348 4893 de
3392 4834 3739 4907 processionc

2165 4943 2537 4991 creaturarum
2582 4933 2650 4988 ab
2708 4946 2815 4987 una
2858 4931 2956 4987 et’
3002 4932 3174 5002 prima
3221 4929 3461 4985 omnium
3510 4941 3675 4983 causa
3696 4925 3739 4957 ¹⁰

2123 5043 2133 5056 ·
2164 5043 2259 5100 per
2285 5026 2660 5099 primordiales
2677 5025 3019 5089 essentias“,
3044 5032 3171 5079 ante
3187 5021 3367 5078 omnia
3388 5021 3456 5076 ab
3478 5035 3564 5086 ea,
3579 5019 3633 5073 in
3655 5034 3739 5083 ea,

2162 5136 2260 5192 per
2298 5136 2416 5176 eam
2448 5121 2713 5184 conditas,
2744 5118 2797 5172 in
2850 5118 3063 5172 diversa
3108 5130 3292 5170 rerum
3326 5127 3525 5187 genera
3571 5111 3742 5166 diver-

2165 5214 2432 5268 humanus
2461 5211 2674 5266 animus
2719 5207 2787 5264 ad
2817 5207 2984 5262 Deum
3023 5206 3324 5277 perveniet,
3354 5216 3468 5260 tum
3507 5204 3738 5259 divinam

1759 5302 2010 5358 VARIAE
2050 5300 2449 5358 LECTIONES.

550 5399 569 5432 ⁸
596 5396 687 5453 Sic
710 5398 752 5454 C
775 5414 790 5463 ;
836 5404 886 5452 et
910 5410 1018 5451 om.
1044 5393 1159 5449 AD.
1234 5394 1256 5425 '
1287 5390 1378 5448 Sic
1400 5392 1517 5459 CD;
1546 5392 1753 5463 Arsunt.

478 5466 520 5523 ϐ
542 5468 596 5521 in
623 5458 787 5521 eamf
834 5466 855 5497 ‘
884 5467 973 5520 Sic
1032 5463 1152 5532 CD,
1177 5463 1220 5518 A
1248 5465 1475 5534 possint.
1506 5458 1554 5495 7"
1580 5462 1671 5518 Sic
1701 5464 1819 5529 CD;
1853 5464 1899 5518 A
1927 5464 2037 5518 sed.
2114 5465 2135 5496 ⁸
2171 5463 2261 5520 Sic
2293 5465 2410 5530 CD;
2464 5462 2509 5516 Α
2534 5460 2855 5532 quaestione.
2929 5459 2950 5491 ⁹
2976 5458 3020 5513 D
3073 5474 3157 5515 ac.

1855 5395 1875 5426 ³
1906 5394 1997 5449 Sic
2018 5394 2144 5458 CD;
2178 5395 2221 5447 Α
2242 5410 2421 5448 unam.
2497 5391 2519 5423 ⁸
2544 5390 2635 5447 Sic
2659 5389 2700 5445 C
2730 5398 2785 5445 et
2812 5403 2952 5445 corr.
2988 5388 3064 5453 A;
3095 5388 3140 5442 D
3165 5387 3219 5442 in
3240 5403 3319 5458 eo.

3424 5383 3562 5440 'Sic
3609 5384 3732 5449 AD;

3240 5457 3283 5489 ⁸ο
3309 5455 3401 5513 Sic
3427 5455 3544 5519 CD;
3574 5471 3738 5508 causa

475 5552 586 5593 om.
618 5536 684 5588 Α.
762 5536 805 5567 “
835 5535 928 5590 Sic
951 5534 1067 5601 CD;
1099 5534 1144 5588 A
1168 5533 1542 5603 primordiales
1580 5550 1857 5587 causarum
1885 5534 2163 5590 essentias.

547 5711 572 5739 ι
610 5698 650 5752 C
704 5698 770 5753 ad
830 5712 998 5767 marg.
1058 5695 1235 5751 adscr.
1288 5692 1467 5752 Glosa.
1520 5695 1634 5753 Hoc
1706 5696 1903 5751 dictum
1957 5624 2313 5767 e391’fﬁrgter,
2350 5694 2555 5749 divinae
2618 5693 2863 5748 bonitatis
2924 5700 3026 5746 tres
3076 5686 3434 5744 coessentiales
3489 5684 3737 5740 substan-

481 5769 604 5820 tim.
