4194 6276
458 380 564 439 529

1260 371 1348 426 DE
1386 368 1728 427 DlVlSlONE
1767 367 2120 428 NATURAE.
2153 397 2226 414 -—
2260 368 2464 427 LIBER
2501 369 2888 431 SECUNDUS.

3598 368 3606 377 ’
3628 378 3733 436 530

458 508 659 567 susque
689 491 897 550 formas
930 499 1289 557 numerosque
1328 485 1383 540 in
1428 484 1740 540 inﬁnitum:
1752 485 1820 540 Et
1847 499 1917 541 ne
1946 483 2050 539 mi-
2072 491 2130 553 Α
2151 488 2279 542 tiam
2299 503 2392 560 per
2415 489 2790 544 successionem
2818 506 2911 559 per
2930 506 3040 558 eos,
3061 492 3153 563 qui
3173 500 3294 548 ante
3320 508 3375 549 se
3399 502 3570 562 erant,
3597 497 3653 552 in
3679 516 3737 556 εε

463 590 621 655 reris,
653 587 698 644 si
731 583 1007 656 quaedam
1051 580 1103 635 in
1147 580 1250 635 boc
1287 577 1425 634 libro
1451 579 1466 609 ¹
1517 578 1583 633 de
1623 577 1802 633 reditu
1840 586 2051 635 creatu-

464 696 648 737 rarum
688 678 754 732 ad
804 673 1129 745 principium
1183 670 1268 725 sui
1313 669 1586 739 ﬁnemque
1646 670 1788 724 dicta
1824 669 2049 724 videris.

468 770 739 828 Processio
781 780 1014 836 namque
1040 758 1417 819 creaturarum
1447 760 1873 830 earumdemque
1908 760 2052 815 redi-

467 872 550 918 tus
574 863 647 916 ita
684 862 702 890 ²¹
728 856 889 913 simul
940 836 1139 910 rationi
1180 858 1476 909 occurrunt
1502 866 1596 906 eas
1651 849 1975 921 inquirenti,
1991 855 2053 903 ut

458 973 487 1011 a
532 969 589 1009 se
616 951 850 1007 invicem
877 947 1267 1020 iuseparabiles
1296 960 1416 1001 esse
1445 943 1761 1010 videamur,
1791 952 1844 998 et
1889 957 2050 998 nemo

453 1047 520 1102 de
545 1059 651 1099 una
683 1042 933 1098 absolute
956 1041 1075 1097 sine
1103 1039 1331 1094 alterius
1354 1035 1677 1102 insertionc,
1716 1037 1819 1091 hoc
1848 1043 1953 1101 est,
1980 1035 2049 1091 de

451 1134 807 1205 processione
837 1132 957 1188 sine
981 1131 1158 1186 reditu
1186 1138 1244 1186 et
1271 1128 1611 1194 collectione,
1642 1136 1699 1182 et
1721 1127 2048 1194 conversim,

452 1227 678 1297 dignum
693 1224 823 1294 quid
853 1232 1140 1293 ratumque
1165 1230 1335 1292 potest
1354 1219 1666 1292 explanare.
1696 1218 1840 1275 DISC.
1860 1218 2050 1290 Dispu-

458 1319 685 1373 tationis
702 1317 876 1372 series
899 1316 975 1370 nil
1003 1314 1147 1370 aliud
1177 1314 1368 1385 exigit,
1405 1329 1567 1384 quam
1604 1323 1664 1367 ut
1688 1321 1810 1383 post
1839 1313 2050 1384 primae

455 1409 796 1481 quaestionis
831 1407 1319 1464 considerationem
1367 1406 1435 1460 ad
1473 1405 1764 1460 secundam
1788 1413 2049 1461 transea-

458 1519 599 1558 mus.
625 1501 764 1557 MAG.
797 1499 1128 1556 Universalis
1154 1499 1337 1570 itaque
1369 1506 1616 1562 naturae,
1634 1505 1692 1551 ut
1701 1496 1815 1566 jam
1842 1495 2045 1551 dictum

454 1600 556 1657 est,
588 1608 657 1665 ea.
680 1592 854 1645 forma
891 1590 1126 1645 secunda
1153 1590 1344 1655 enitet,
1369 1603 1512 1658 quae
1537 1596 1759 1644 creatur
1781 1596 1838 1644 et
1873 1596 2042 1654 creat,

453 1694 507 1741 et
551 1700 657 1738 non
711 1684 816 1739 nisi
875 1684 928 1738 in
984 1683 1429 1754 primordialibus
1483 1685 1665 1740 causis
1727 1700 1929 1749 rerum,
1988 1692 2049 1740 ut

447 1775 695 1840 aestimo,
722 1774 1069 1847 intelligenda
1090 1784 1192 1830 est.
1216 1776 1368 1846 ipsae
1411 1783 1591 1831 autem
1608 1776 1643 1844 _’
1670 1776 2047 1847 primordiales

2151 578 2292 649 ipsos
2343 578 2675 633 distributum
2726 581 3010 650 accipiunt,
3063 583 3245 639 dicunt
3298 586 3551 653 omnium,
3603 605 3738 659 quas

2125 671 2294 742 .facta
2335 679 2479 735 sunt,
2521 670 2748 742 quinque
2786 670 3129 725 divisionibus
3179 677 3442 744 segregari
3489 676 3736 732 substan-

2150 766 2301 819 tiam.
2358 762 2625 827 Videsne,
2679 772 2882 834 quanta
2934 765 3226 821 autoritate
3274 765 3554 824 divisionis
3591 774 3733 825 *uae

2150 855 2413 927 originem
2451 856 2828 911 commendat?
2857 855 2939 911 Ab
2968 856 3084 927 ipso
3111 858 3254 912 enim
3283 843 3472 927 verbo,
3497 861 3599 917 hoc
3625 875 3734 933 est,

2148 947 2245 1004 Dei
2272 948 2429 1015 Filio,
2458 949 2551 1019 qui
2590 956 2674 1003 est
2698 946 2820 1003 fons
2860 949 3025 1004 totius
3065 949 3336 1018 perfectae
3375 951 3734 1011 doctrinae—

2148 1040 2368 1106 merito,
2398 1040 2523 1110 quia
2547 1040 2662 1111 ipse
2699 1048 2784 1095 est
2810 1041 3094 1109 sapientia,
3118 1056 3277 1110 quam
3304 1058 3490 1099 onmes
3517 1045 3732 1116 sapien-

2148 1138 2232 1189 tes
2270 1133 2597 1203 participant
2639 1147 2736 1203 per
2767 1133 3088 1204 pedisequos
3130 1134 3277 1200 suos,
3312 1135 3415 1190 hoc
3440 1144 3545 1202 est,
3576 1137 3735 1193 disci-

2148 1225 2325 1297 pulos,
2355 1225 2446 1294 qui
2469 1240 2591 1279 eum
2620 1233 2676 1279 et
2708 1225 2749 1257 ¹¹
2792 1225 2845 1279 in
2882 1240 3044 1280 carne
3086 1226 3355 1282 viventem
3377 1229 3650 1298 viderunt,
3679 1239 3735 1287 et

2149 1320 2434 1372 docentem
2482 1315 3171 1372 audierunt—inchoasse
3223 1331 3633 1386 commemorat,
3678 1330 3736 1377 et

2150 1424 2247 1479 per
2267 1408 2633 1479 apostolorum
2667 1423 3013 1465 successores
3033 1408 3087 1464 in
3120 1410 3366 1466 doctrina
3392 1419 3446 1466 et
3468 1409 3732 1482 sapientia

2150 1500 2480 1565 immediate,
2504 1501 2606 1556 hoc
2625 1509 2732 1568 est,
2755 1500 2901 1556 nulla
2923 1501 3024 1556 alia
3058 1502 3347 1558 autoritate
3390 1503 3731 1575 interposita,

2149 1605 2320 1661 usque
2343 1591 2411 1646 ad
2448 1605 2543 1645 sua
2573 1599 2814 1660 tempora
2844 1592 3096 1647 traditam
3133 1594 3318 1649 fuisse.
3348 1592 3587 1661 Quarum
3625 1597 3735 1666 pri-

2145 1701 2305 1748 mam,
2362 1684 2555 1753 inquit,
2588 1701 2696 1739 esse
2731 1685 2877 1738 aiunt
2902 1702 3039 1752 eam,
3066 1702 3199 1757 quae
3226 1703 3260 1739 a
3299 1703 3403 1741 non
3440 1696 3615 1742 creata
3639 1704 3737 1741 na-

2149 1787 2271 1830 tura
2310 1786 2541 1830 creatam
2567 1776 2610 1808 ¹¹
2646 1776 3011 1832 universaliter
3043 1789 3308 1845 naturam,
3336 1786 3384 1832 et
3405 1793 3498 1849 per
3517 1782 3751 1850 genera?

446 1879 628 1919 rerum
685 1881 884 1921 causae
931 1882 962 1920 a
1018 1865 1240 1922 Graecis
1276 1868 1615 1944 πρωτότυπα,
1660 1868 1765 1923 hoc
1819 1876 1902 1923 est
1938 1869 2048 1939 pri-
2079 1857 2345 1924 Btionem
2383 1885 2493 1923 esse
2539 1869 2872 1939 accipientem
2913 1869 3096 1923 dividit
3141 1869 3219 1937 '3;
3271 1870 3452 1924 dicunt
3488 1886 3732 1941 namque,

445 1955 728 2034 mordialia
775 1956 1047 2026 exempla,
1072 1957 1157 2013 vel
1190 1960 1571 2037 προορίσματα.
1606 1959 1708 2013 hoc
1734 1967 1859 2025 est,
1894 1973 2052 2029 prae-

448 2048 837 2103 destinationes
888 2049 974 2103 vel
1039 2048 1383 2104 deﬁnitiones
1442 2057 1750 2116 vocantur;
1800 2050 1931 2105 item
1980 2050 2049 2104 ab

446 2138 646 2193 eisdem
692 2140 808 2195 θεῖα
851 2140 1107 2211 θελήματα
1133 2180 1149 2206 ,
1185 2140 1287 2195 hoc
1327 2148 1444 2206 est,
1486 2140 1702 2195 divinae
1740 2140 2050 2196 voluntates

443 2229 732 2296 dicuntur;
779 2229 907 2287 ἰδέαι
945 2247 1178 2301 quoque,
1230 2232 1282 2288 id
1308 2240 1413 2299 est,
1456 2225 1667 2303 species
1696 2234 1783 2288 vel
1815 2232 2043 2303 formae,

448 2323 502 2377 in
564 2322 762 2391 quibus
821 2322 1061 2376 omnium
1131 2338 1316 2379 rerum
1343 2324 1364 2356 ⁸
1406 2323 1780 2380 faciendarum
1811 2366 1826 2391 ,
1868 2326 2048 2394 prius-

448 2396 611 2481 quam
660 2421 889 2478 essent,
929 2413 1464 2473 incommutabiles"
1511 2417 1749 2471 rationes
1796 2416 2047 2471 conditae

448 2513 596 2569 sunt,
635 2503 812 2559 solent
858 2504 1063 2559 vocari.
1098 2505 1174 2560 De
1216 2506 1413 2587 quibus
1441 2506 1604 2562 latius
1649 2508 1704 2562 in
1743 2522 2000 2578 processu
2024 2510 2045 2541 ⁸

447 2602 630 2672 operis
676 2602 945 2667 dicemus,
986 2602 1424 2675 tcstimoniisque
1462 2614 1779 2660 sanctorum
1825 2604 2044 2660 Patrum

444 2695 848 2751 roborabimus.
883 2694 951 2751 Et
982 2709 1085 2751 nec
1121 2695 1397 2751 immerito
1426 2696 1508 2751 sic
1529 2696 1888 2767 appellantur,
1912 2712 2042 2767 quo-

443 2787 588 2840 niam
618 2786 802 2849 Pater,
854 2786 958 2842 hoc
994 2794 1079 2841 est
1117 2772 1449 2857 principium
1475 2789 1737 2855 omnium,
1786 2790 1838 2843 in
1864 2790 2041 2846 Verbo

444 2892 564 2942 suo,
602 2877 883 2947 unigenito
910 2877 1167 2933 videlicet
1191 2876 1356 2944 Filio,
1378 2879 1617 2934 omnium
1653 2894 1829 2933 rerum
1871 2879 2039 2935 ratio-

445 2984 565 3034 nes,
619 2986 756 3038 quas
807 2970 1085 3026 faciendas
1133 2986 1255 3026 esse
1319 2971 1508 3037 voluit,
1555 2972 1703 3043 prius
1758 2986 1923 3041 quam
1977 2973 2032 3028 in

444 3075 648 3132 genera
694 3071 750 3115 ct
807 3062 1019 3132 species
1063 3077 1427 3132 numerosque
1471 3070 1630 3133 atque
1676 3060 2030 3129 diﬁerentias,

445 3168 758 3227 ceteraque,
784 3172 926 3228 quae
948 3157 1001 3212 in
1046 3158 1260 3213 condita
1288 3166 1538 3213 creatura
1567 3165 1660 3213 aut
1690 3160 2027 3215 considerari

441 3255 671 3318 possunt
739 3256 795 3302 et
846 3248 1283 3315 considerantur,
1349 3259 1443 3303 aut
1521 3249 1856 3306 considerari
1922 3268 2028 3307 non

438 3345 668 3405 possunt
703 3351 836 3407 prae
862 3338 946 3392 sui
974 3338 1276 3405 altitudine,
1311 3348 1367 3395 et
1393 3354 1499 3394 non
1535 3340 1950 3399 considerantur
1976 3351 2032 3399 et

436 3436 616 3481 tamen
645 3434 793 3493 sunt,
820 3428 1235 3498 praeformavit.

452 3552 459 3558 .
502 3517 556 3571 5.
599 3518 707 3574 Sed
764 3519 1086 3591 priusquam
1140 3522 1209 3577 ad
1253 3522 1690 3593 primordialium
1739 3540 2031 3582 causarum

437 3609 699 3664 theoriam
735 3612 1145 3682 perveniamus,
1182 3614 1357 3669 visum
1400 3624 1487 3671 est
1516 3617 1673 3683 mihi,
1701 3617 2029 3673 sententiam

433 3701 760 3758 venerabilis
788 3702 1006 3759 Maximi
1032 3704 1102 3759 de
1128 3704 1394 3762 divisione
1418 3709 1683 3774 omnium,
1715 3724 1856 3780 quae
1885 3709 2031 3765 facta

435 3804 587 3861 sunt,
638 3795 767 3851 huic
811 3796 1165 3869 disputationi
1206 3807 1457 3867 nostrae,
1496 3801 1542 3856 si
1596 3802 1693 3857 tibi
1756 3803 1933 3874 placet
1983 3803 2030 3870 ',

437 3887 700 3942 inserere.
726 3886 784 3943 Si
813 3889 956 3944 enim
986 3880 1269 3962 multiplex
1311 3908 1493 3948 rerum
1524 3894 1766 3949 omnium
1809 3895 2026 3962 divisio,

433 3979 743 4049 iterumque
764 3980 1038 4048 adunatio,
1066 3982 1439 4054 multipliciter
1459 3986 1827 4040 demonstrata
1842 3984 2028 4053 fuerit,

432 4069 502 4123 ad
528 4069 894 4140 cognitionem
918 4073 1297 4143 principalium
1327 4066 1633 4141 causarum,
1668 4092 1807 4146 quae
1830 4077 2029 4147 princi-

431 4158 628 4229 paliter
669 4174 700 4214 a
744 4160 855 4216 Deo
895 4163 1144 4219 conditae
1172 4172 1337 4232 sunt,
1367 4165 1638 4237 patefacta
1687 4167 1775 4221 via
1817 4165 2031 4223 facilius

433 4249 751 4318 apparebit;
803 4253 1130 4321 praesertim
1174 4270 1296 4309 cum
1340 4256 1511 4325 ipsius
1538 4256 1732 4313 divisio
1768 4273 1800 4312 a
1844 4265 2029 4315 nostra

432 4341 713 4411 praedicta
748 4344 772 4376 ⁸
796 4344 1062 4400 divisione
1105 4345 1159 4400 in
1215 4346 1365 4403 nullo
1410 4348 1721 4421 discrepare
1761 4349 2028 4418 videatur,

435 4441 666 4503 excepto
730 4435 872 4503 quod
931 4434 1022 4490 ille
1082 4435 1398 4492 sensibilem
1462 4448 1797 4506 creaturam,
1863 4454 2029 4511 quam

436 4521 656 4577 tertiam
702 4520 928 4580 formam
959 4533 1187 4583 naturae
1232 4529 1533 4599 posuimus,
1564 4534 1818 4602 quoniam
1860 4533 1914 4588 in
1957 4549 2022 4590 ea

431 4612 668 4668 maxime
697 4629 982 4671 causarum
1020 4615 1243 4675 eﬁ'ectus
1282 4631 1565 4691 apparent,
1620 4624 1674 4679 in
1737 4635 1846 4681 tres
1899 4641 2023 4700 spe-

429 4704 541 4758 cies
563 4707 884 4775 subdividit,
915 4718 1279 4781 quartumque
1323 4723 1567 4770 nostram
1620 4733 1652 4772 a
1691 4720 1863 4789 prima
1911 4735 2018 4775 non

431 4794 706 4864 discernit,
765 4799 907 4855 sicut
960 4803 1239 4872 sequentia
1307 4805 1776 4865 demonstrabant.
1805 4810 2020 4879 Quam'

432 4887 851 4946 subdivisionem
877 4894 1149 4950 sensibilis
1178 4906 1461 4955 creaturae
1506 4903 1572 4956 ad
1603 4904 2019 4961 materiemtno-

430 4986 577 5034 strae
617 4984 952 5052 quaestionis
980 4987 1190 5056 tertiae,
1218 5000 1381 5060 prout
1414 4991 1557 5048 Deus
1584 4994 1812 5062 dederit,
1844 5011 2024 5053 reser-

429 5069 696 5128 vabimus.
733 5073 1035 5133 Tricesimo
1079 5087 1136 5135 et
1171 5081 1405 5151 septimo
1451 5082 1688 5153 capitulo
1736 5085 1803 5141 de
1838 5086 2048 5143 Ambi—'

429 5161 597 5231 guis:
641 5162 841 5233 Sancti,
894 5168 1090 5240 inquit,
1135 5172 1226 5243 qui
1274 5171 1444 5227 multa
1489 5173 1785 5229 divinorum
1832 5186 2026 5247 myste-

428 5255 633 5309 riorum
653 5273 719 5311 ea:
741 5259 844 5326 his,
867 5262 958 5331 qui
982 5262 1247 5335 pedisequi
1277 5273 1323 5318 et
1350 5264 1575 5319 ministri
1600 5266 1813 5337 fuerunt
1852 5265 2029 5335 Verbi,

2151 1960 2320 2014 Deum
2341 1976 2434 2031 per
2458 1960 2736 2014 bonitatem
2759 1960 2939 2029 fecisse
2962 1962 3294 2015 existentium
3316 1959 3473 2015 simul
3500 1963 3733 2016 omnium

2152 2053 2353 2107 claram
2380 2053 2793 2122 dispositionem.
2817 2053 2883 2107 Et
2902 2053 3059 2123 paulo
3079 2062 3233 2123 post:
3267 2051 3561 2108 Secundam
3588 2068 3733 2118 vero,

2134 2146 2242 2220 per
2275 2163 2433 2218 quam
2473 2147 2588 2217 ipsa
2615 2146 2774 2200 simul
2813 2148 2980 2202 omnis
3016 2158 3230 2212 natura,
3258 2164 3291 2201 a
3319 2145 3431 2200 Deo
3471 2163 3564 2216 per
3590 2163 3732 2201 crea-

2150 2241 2343 2294 tionem
2388 2255 2499 2293 esse
2548 2238 2827 2309 accipiens,
2872 2238 3124 2293 dividitur
3171 2238 3227 2292 in
3281 2236 3632 2307 intelligibilia
3683 2245 3734 2291 et

2147 2327 2451 2394 sensibilia;
2491 2328 2697 2382 tertiam
2728 2318 2991 2398 deinceps,
3028 2343 3119 2397 per
3145 2344 3301 2400 quam
3325 2328 3440 2397 ipsa
3472 2326 3733 2383 sensibilis

2149 2428 2344 2475 natura
2365 2418 2616 2472 dividitur
2635 2418 2689 2470 in
2710 2417 2911 2471 caelum
2933 2434 2995 2471 ac
3017 2428 3245 2483 terram;
3265 2428 3507 2488 quartam
3526 2417 3728 2485 itidem,

2144 2526 2237 2582 per
2279 2525 2438 2579 quam
2485 2518 2625 2563 terra
2673 2508 2927 2563 dividitur
2973 2509 3029 2563 in
3077 2507 3400 2563 Paradisum
3463 2517 3511 2563 et
3558 2509 3732 2563 orbem

2146 2610 2442 2666 terrarum;
2493 2611 2540 2654 et
2584 2601 2820 2671 quintam
2848 2640 2862 2667 ,
2905 2616 2997 2671 per
3040 2617 3196 2671 quam
3236 2602 3344 2671 ipse
3389 2603 3445 2654 in
3492 2602 3731 2655 omnibus

2143 2693 2299 2748 relati
2349 2692 2610 2763 quaedam
2669 2702 2973 2746 cunctorum
3016 2694 3469 2747 continuatissima
3501 2694 3729 2763 officina,

2141 2784 2481 2854 cantibusque
2521 2799 2613 2854 per
2659 2800 2861 2837 omnem
2914 2784 3265 2852 di/ferentiam
3318 2784 3730 2838 extremitatibus

2139 2892 2230 2944 per
2250 2875 2475 2944 seipsum
2495 2873 2807 2926 naturaliter
2833 2873 3159 2927 medietatem
3188 2873 3385 2943 faciens
3426 2873 3549 2926 bene
3588 2890 3651 2927 ac
3683 2875 3727 2905 “

2137 2965 2354 3037 pulchre
2408 2964 2693 3018 secundum
2760 2964 3162 3035 generationem.
3238 2963 3358 3030 His,
3408 2981 3542 3035 quae
3582 2974 3727 3033 sunt,

2136 3056 2504 3127 superadditus
2524 3057 2678 3111 homo
2698 3057 2755 3110 in
2772 3056 3062 3111 masculum
3087 3056 3436 3128 feminamque
3456 3058 3726 3124 dividitur,

2135 3163 2339 3202 omnem
2377 3147 2570 3202 habens
2606 3149 2837 3219 profecto
2875 3148 3190 3204 naturaliter
3222 3161 3576 3205 extremorum
3623 3168 3731 3204 om-

2137 3243 2282 3296 nium
2305 3240 2669 3295 medietatibus
2694 3258 2788 3312 per
2808 3243 2977 3313 ipsam
3009 3242 3077 3296 ad
3103 3228 3335 3298 extrema
3357 3244 3532 3297 omnia
3570 3260 3728 3313 copu-

2133 3334 2347 3389 lativam
2367 3334 2702 3404 propriarum
2724 3335 2956 3405 partium
2980 3321 3359 3406 proprietatem
3389 3336 3726 3390 adunationis

2134 3424 2397 3480 uirtutem.
2432 3424 2649 3481 Partem
2684 3426 2941 3497 siquidem
2986 3428 3104 3494 sui,
3166 3436 3227 3482 ut
3276 3427 3419 3483 idem
3466 3428 3727 3498 magister

2134 3516 2260 3572 alibi
2286 3514 2386 3583 ait",
2424 3533 2545 3571 cum
2573 3516 2903 3573 sensibilibus
2943 3508 3196 3587 possidet,
3232 3519 3290 3572 in
3314 3527 3572 3590 quantum
3611 3535 3726 3574 cor-

2131 3626 2229 3681 pus
2262 3613 2372 3675 est‘;
2408 3618 2609 3680 partem
2640 3625 2757 3664 cum
2790 3607 3223 3680 intelligibilibus,
3247 3612 3305 3664 in
3322 3620 3579 3681 quantum
3610 3611 3727 3664 ani-

2128 3715 2260 3754 ma:
2297 3698 2514 3769 ideoque
2548 3700 2844 3752 universam
2879 3708 3176 3753 creaturam
3202 3701 3258 3753 in
3294 3715 3349 3754 se
3373 3702 3621 3756 continet.
3657 3699 3725 3754 Et

2131 3792 2293 3865 paulo
2311 3800 2471 3861 post:
2506 3790 2682 3862 Hujus
2716 3793 2789 3845 rei
2821 3792 2992 3861 gratia
3024 3793 3334 3847 novissimus
3369 3794 3727 3848 introducitur

2133 3884 2189 3939 in
2236 3885 2505 3954 his,‘quae
2535 3894 2677 3948 sunt,
2706 3885 2883 3947 homo,
2926 3882 3085 3937 veluti
3124 3885 3425 3953 conjunctio
3465 3884 3725 3955 quaedam

2133 3972 2395 4031 naturalis
2422 3975 2793 4028 universaliter
2818 3990 2911 4042 per
2925 3975 3168 4044 proprias
3190 3982 3364 4043 partes
3392 3975 3725 4028 medietatem

2132 4063 2331 4134 faciens
2360 4062 2791 4128 extremitatibus,
2838 4072 2887 4115 et
2918 4062 2973 4115 in
3009 4077 3170 4114 unum
3198 4060 3393 4114 ducens
3423 4062 3482 4114 in
3528 4062 3722 4130 seipse,

2131 4152 2296 4208 multo
2321 4151 2609 4205 secundum
2630 4161 2879 4205 naturam
2901 4167 2934 4203 a
2955 4148 3228 4203 seinvicem
3256 4148 3510 4202 distantia
3530 4152 3718 4216 spatio.

2131 4244 2526 4302 Extremitates
2573 4242 2661 4297 hic
2712 4248 2873 4296 vocat
2926 4239 3249 4294 invisibilem
3303 4238 3724 4311 sensibilemque

2132 4348 2458 4402 creaturam,
2482 4348 2621 4405 quae
2647 4347 2678 4388 a
2705 4347 2765 4388 se
2786 4329 3015 4386 invicem
3036 4328 3202 4385 veluti
3223 4327 3534 4399 longissimo
3548 4324 3723 4399 spatio

2131 4431 2363 4490 naturali
2413 4427 2716 4486 differentia
2769 4426 3097 4495 discrepant.
3144 4423 3282 4479 Sunt
3312 4423 3456 4480 enim
3499 4433 3723 4480 natura.

2133 4540 2253 4581 rum
2281 4522 2623 4579 conditarum
2654 4520 2762 4575 duo
2793 4515 3024 4573 extremi
3059 4515 3278 4571 termini
3309 4514 3527 4571 sibimet
3554 4530 3722 4589 oppo-

2128 4619 2240 4683 siti,
2290 4617 2387 4671 sed
2429 4616 2666 4670 humana
2705 4618 2898 4666 natura
2947 4608 3295 4664 medietatem
3335 4608 3415 4665 eis
3443 4619 3713 4680 praestat;

2128 4712 2182 4766 in
2221 4725 2284 4764 ea
2331 4708 2475 4763 enim
2506 4705 2609 4761 sibi
2651 4704 2884 4759 invicem
2929 4701 3300 4774 copulantur.‘.
3318 4708 3375 4758 et
3417 4701 3485 4758 de
3533 4704 3718 4761 multis

2126 4816 2293 4857 unum
2322 4799 2475 4854 ﬁunt.
2910 4810 2913 4815 ί
2991 4850 3011 4865 ρ

2196 4892 2251 4948 4.
2285 4891 2455 4947 Nulla
2491 4890 2630 4946 enim
2658 4898 2901 4945 creatura
2921 4895 3017 4953 est,
3051 4904 3086 4942 a
3126 4903 3331 4944 summa
3360 4880 3527 4960 usque
3561 4888 3719 4945 deor-

2125 5004 2260 5052 sum,
2295 5002 2429 5058 quae
2452 4985 2509 5039 in
2538 4983 2745 5038 homine
2772 4997 2878 5037 non
2908 4981 3216 5051 reperiatur.
3241 4980 3470 5052 Ideoque
3496 4980 3713 5050 officina

2122 5081 2355 5137 omnium
2386 5110 2390 5113 Α
2405 5078 2531 5149 jure
2587 5076 2927 5139 nominatur;
2988 5074 3047 5126 in
3092 5087 3153 5125 ea
3210 5071 3467 5141 siquidem
3535 5074 3714 5127 omnia

2126 5175 2415 5244 conﬂuunt,
2442 5185 2576 5242 quae
2604 5185 2637 5221 a
2658 5166 2767 5222 Deo
2790 5164 3000 5220 condita
3029 5170 3177 5227 sunt,
3205 5177 3467 5232 unamque
3495 5163 3711 5215 harmo-

2129 5267 2271 5320 niam
2299 5279 2362 5318 επ
2388 5259 2607 5317 diversis
2647 5258 2871 5323 naturis,
2907 5254 3067 5310 veluti
3109 5250 3419 5323 quibusdam
3468 5252 3710 5305 distanti-

426 5357 477 5403 et
521 5348 640 5406 inde
672 5351 714 5384 “
749 5354 1051 5411 immediate
1083 5372 1287 5424 eorum,
1314 5373 1449 5430 quae
1479 5367 1626 5427 sunt,
1652 5360 1845 5415 eruditi
1867 5361 2047 5416 scien-i
2133 5358 2227 5411 bus
2257 5356 2422 5423 sonis,
2446 5360 2785 5424 componunt.
2815 5347 2884 5405 Ut
2907 5347 2978 5402 ad
3023 5344 3213 5411 Deum,
3241 5350 3416 5414 utpote
3444 5342 3709 5398 causalem

695 5566 699 5570 .
1683 5502 1771 5559 VA
1779 5502 1940 5559 RlAE
1974 5499 2377 5559 LECTIONES.

501 5611 519 5642 ί
551 5608 645 5668 Sic
674 5611 890 5678 ama
918 5611 1050 5668 loco.
1083 5657 1089 5665 .
1128 5616 1149 5646 ²
1179 5616 1255 5671 ita
1283 5631 1393 5673 om.
1421 5618 1489 5673 A.
1568 5615 1806 5683 ‘SicC;
1840 5628 2014 5673 autem
2061 5634 2170 5674 om.
2204 5616 2317 5670 AD.
2391 5614 2413 5645 ι
2459 5612 2548 5669 Sic
2571 5610 2659 5666 CD
2680 5610 2704 5673 ;·
2726 5607 2964 5683 Merum
2995 5604 3249 5683 ρηιηευηι-
3304 5604 3357 5683 ,⁵
3385 5604 3635 5683 Sicf“;
3667 5611 3710 5664 Α

426 5679 805 5738 inmutabiles.
882 5683 904 5714 ⁸
933 5683 1025 5739 Sic
1044 5683 1151 5749 CD;
1191 5687 1233 5740 A
1261 5705 1559 5759 progressu.
1619 5690 1638 5721 "
1689 5688 1780 5744 Sic
1795 5679 1922 5755 CD;
1952 5691 1996 5742 si
2024 5689 2114 5743 tibi
2125 5688 2292 5758 placet
2314 5701 2424 5740 om.
2444 5684 2505 5737 A.

426 5751 471 5804 A
501 5756 775 5818 quoniam.
859 5753 903 5785 ¹⁰
929 5753 1022 5809 Sic
1042 5754 1235 5818 CD;A
1265 5762 1421 5816 unde.
1534 5760 1576 5795 ²¹
1613 5758 1705 5817 Sic
1728 5761 1853 5818 CD:
1907 5770 1955 5816 et
2008 5775 2118 5816 om.
2176 5760 2242 5812 A.
2323 5759 2363 5790 "
2410 5756 2503 5810 Sic

1655 5776 1853 5829 tcuu;
1907 5776 1955 5816 et
2008 5776 2118 5816 om.
2176 5776 2242 5812 Α.

425 5751 471 5804 Α
501 5756 775 5821 quoniam.
859 5753 903 5785 ¹⁰
929 5753 1022 5809 Sic
1042 5754 1128 5809 CD
1151 5773 1167 5821 ;
1194 5757 1235 5811 A
1261 5751 1421 5816 unde.

419 5822 638 5880 viditur.
731 5823 777 5858 “
802 5823 896 5882 Sic
943 5824 1031 5882 CD
1062 5842 1078 5888 ;
1108 5827 1155 5882 A
1176 5836 1244 5882 et.

2585 5684 2712 5737 “Sic
2731 5678 2837 5742 CD;
2866 5677 3132 5745 praedicta
3157 5692 3265 5732 om.
3290 5678 3352 5733 A.
3412 5678 3433 5709 ⁹
3479 5680 3570 5733 Sic
3600 5682 3705 5742 CD;

2323 5759 2363 5790 ¹²
2410 5756 2503 5810 Sic
2546 5752 2666 5820 Cl);
2698 5754 2743 5808 A
2778 5752 2832 5804 in
2863 5755 3121 5803 creatam.
3212 5747 3254 5780 ¹³
3285 5749 3378 5806 Sic
3402 5747 3522 5815 CD;
3560 5749 3602 5803 Α
3635 5751 3712 5804 αξ.
