4236 6274
539 348 639 409 551

1932 348 2207 410 lOANNlS
2245 353 2439 412 SCOTl

3680 363 3781 421 5'52

539 479 713 521 omma
730 470 929 523 unitate
942 472 1281 535 congregatae
1359 482 1424 531 ea:
1448 467 1661 539 propria
1682 468 1830 540 prius
1854 468 2106 527 diuisione
2134 474 2184 535 Α
2208 470 2530 543 principium
2556 512 2569 535 ,
2615 472 2885 544 totiusque
2922 471 3260 528 adunationis
3313 473 3435 530 linis
3458 515 3473 542 ,
3520 477 3784 547 praedicti

538 555 810 620 inchoatis,
833 570 895 613 ac
928 553 1115 611 deinde
1132 570 1223 624 per
1262 556 1434 613 media
1474 560 1792 613 concisione
1833 560 2112 633 ordineque

539 645 887 716 progrediens,
912 642 967 701 in
987 642 1155 703 Deum
1186 647 1440 715 acciperet
1487 648 1644 716 ﬁnem
1672 650 1836 719 ipsius
1862 666 1929 705 ea:
1949 653 2114 711 omni-
2190 684 2196 691 ο

540 736 633 789 bus
678 734 849 803 [actae
883 750 976 803 per
1007 734 1257 797 unitatem
1286 736 1603 792 ascensionis
1635 739 1884 806 excelsae,
1924 742 1981 795 in
2012 759 2112 813 quo

534 841 643 895 non
670 834 743 883 est
770 824 979 895 diuisit».
1021 822 1307 895 ﬂuensque
1342 827 1605 896 praedicti
1639 831 1964 887 venerabilis
1992 848 2110 891 ma-

532 915 691 985 gistri
714 929 822 971 non
851 914 1207 976 continuatim
1228 917 1270 980 ',
1302 918 1395 972 sed
1419 918 1742 987 quibusdam
1767 922 2111 991 intermissis,

540 1007 703 1067 verba
756 1006 1195 1074 introduximus,
1247 1005 1557 1083 incipientis
1613 1012 1833 1080 quidem
1893 1029 2112 1082 eorum,

536 1112 678 1175 quae
716 1097 857 1157 facta
899 1105 1047 1167 sunt,
1086 1097 1418 1161 substantiae
1464 1099 1780 1173 divisionem
1828 1117 1861 1159 a
1904 1120 2117 1163 summa

536 1190 780 1247 omnium
826 1204 1009 1256 causa,
1056 1197 1111 1246 et
1156 1190 1211 1245 in
1254 1190 1491 1257 homine,
1518 1192 1609 1261 qui
1647 1194 1713 1249 ad
1750 1195 2036 1267 imaginem
2061 1209 2118 1255 et

540 1278 940 1341 similitudinem
976 1279 1070 1343 Dei
1096 1277 1271 1335 factus
1296 1286 1401 1347 est,
1424 1280 1749 1338 universalis
1782 1284 2116 1342 substantiae

543 1368 869 1435 dillerentias
896 1371 1253 1437 tet-minantis.
1280 1370 1449 1437 Homo
1469 1372 1751 1442 siquidem,
1778 1385 1839 1431 ut
1859 1375 2114 1447 diximus,

544 1462 849 1537 iterumque
878 1461 1189 1534 saepissime
1213 1470 1514 1533 repetemus
1544 1462 1587 1528 ³,
1635 1464 1688 1526 in
1721 1472 1867 1523 tanta
1892 1477 2116 1524 naturae

544 1555 789 1627 conditae
831 1554 1086 1625 dignitate
1129 1563 1341 1619 creatus
1390 1562 1496 1619 est.
1536 1563 1595 1615 ut
1644 1555 1789 1611 nulla
1844 1565 2113 1625 creatura,

541 1648 657 1709 sive
685 1646 905 1703 visibilis
943 1647 1057 1713 sine
1094 1646 1379 1713 invisibilis
1420 1648 1441 1676 ⁸
1478 1646 1568 1713 sit,
1620 1661 1760 1717 quae
1792 1648 1846 1704 in
1874 1661 1938 1704 eo
1964 1664 2117 1720 repe-

544 1737 640 1792 riri
664 1754 769 1799 non
795 1738 968 1809 possit
996 1738 1039 1790 Ρ.

2217 562 2386 633 patris
2412 562 2628 618 Maximi
2656 564 2816 619 verba
2843 565 3249 620 considerantes
3277 565 3573 623 videamus.

2286 658 2337 712 ϐ.
2371 657 2485 712 Non
2515 658 2679 724 enim,
2710 667 2770 712 ut
2808 658 3196 729 praediximus,
3227 668 3372 714 recta
3393 660 3533 716 ratio
3562 661 3628 716 de
3656 662 3788 718 divi-

2184 748 2365 803 ‘sione
2393 749 2656 819 permittit
2683 748 2927 804 absolute
2965 756 3216 816 tractare,
3263 757 3319 803 et
3355 749 3676 822 analyticam
3703 753 3784 807 in—

2218 841 2532 904 termittere,
2578 840 2672 896 sed
2716 840 2784 895 de
2825 840 2871 872 '°
2899 840 3158 895 ambobus
3180 840 3459 896 connexim
3507 843 3783 897 veritatem

2212 931 2364 1000 jubet
2401 932 2701 989 consulere.
2748 931 2839 987 Ait
2878 946 3006 1000 ergo
3049 946 3113 986 ex
3143 931 3356 1008 propria
3403 931 3662 989 divisione
3707 934 3786 987 iu-

2216 1022 2438 1087 choans,
2465 1035 2528 1076 ac
2552 1022 2596 1077 si
2622 1030 2807 1091 aperte
2833 1021 3064 1077 diceret:
3092 1022 3341 1092 quoniam
3368 1022 3784 1079 substantiarum

2198 1113 2430 1178 divisio,
2458 1129 2597 1182 quae
2637 1129 2667 1168 a
2694 1113 2809 1168 Deo
2855 1113 3085 1183 sumpsit
3108 1115 3408 1182 exordium,
3448 1125 3501 1169 et
3525 1118 3784 1187 gradatim

2218 1203 2567 1271 descendens,
2615 1204 2671 1259 in
2716 1204 2981 1259 divisione
3007 1205 3240 1260 hominis
3286 1207 3341 1261 in
3391 1207 3687 1262 masculum
3735 1214 3790 1262 ct

2216 1293 2471 1349 fortunam
2501 1292 2662 1349 tinem
2683 1295 2990 1361 constituit;
3015 1296 3208 1350 iterum
3229 1298 3521 1352 earundem
3542 1299 3791 1353 substan.

2219 1383 2415 1436 tiarum
2449 1383 2703 1438 adunatio
2731 1384 2798 1438 ah
2844 1384 3058 1439 homine
3081 1384 3264 1439 debuit
3308 1386 3583 1452 inchoare,
3616 1396 3672 1441 et
3696 1402 3791 1457 per

2218 1475 2436 1529 eosdem
2481 1475 2680 1545 gradus
2727 1491 2898 1547 usque
2931 1475 2996 1531 ad
3026 1476 3198 1546 ipsum
3249 1477 3415 1532 Deum
3460 1481 3790 1544 ascendere;

2220 1566 2273 1621 in
2301 1581 2428 1636 quo,
2454 1576 2514 1622 ut
2549 1569 2665 1638 ipse
2692 1569 2788 1634 ait,
2829 1584 2935 1623 non
2984 1577 3065 1624 est
3106 1570 3316 1637 divisio,
3344 1572 3595 1641 quoniam
3640 1573 3692 1627 in
3726 1587 3791 1626 eo

2219 1656 2401 1711 omnia
2427 1672 2592 1711 unum
2631 1667 2775 1713 sunt.
2806 1657 3028 1729 lncipiet
3051 1673 3177 1729 ergo
3205 1660 3272 1715 ab
3318 1660 3534 1714 homine
3576 1669 3795 1715 natura-

2220 1762 2341 1802 rum
2371 1749 2646 1815 adunatio,
2695 1765 2794 1819 per
2837 1750 3135 1805 Salvatoris
3180 1751 3428 1821 gratiam,
3468 1752 3523 1804 in
3562 1767 3689 1820 quo,
3734 1759 3795 1805 ut

616 1828 668 1883 5.
700 1828 794 1884 Est
814 1829 956 1893 enim
984 1844 1048 1884 ex
1076 1829 1283 1889 duabus
1316 1830 1560 1897 conditae
1587 1838 1815 1893 naturae
1842 1835 2120 1891 universa-
2147 1827 2194 1888 Β
2222 1838 2300 1893 ait
2345 1839 2632 1910 Apostolus
2656 1840 2725 1907 ³⁸,
2777 1857 2884 1895 non
2933 1850 3009 1895 est
3054 1839 3321 1895 masculus
3379 1856 3536 1910 neque
3582 1840 3794 1910 femina,

544 1921 685 1977 libus
728 1921 970 1994 partibus
1009 1922 1239 1981 mirabili
1269 1923 1498 1992 quadam
1540 1925 1868 1981 adunatione
1905 1941 2122 2000 compo-

546 2014 702 2083 situs,
753 2027 821 2071 ex
858 2014 1101 2077 sensibili
1130 2029 1362 2084 nainque
1402 2023 1454 2073 et
1490 2014 1833 2086 intelligibili,
1868 2018 1971 2075 hoc
2016 2028 2120 2086 est,

547 2120 619 2179 ex
668 2105 831 2177 totius
878 2114 1154 2175 creaturae
1196 2106 1625 2169 extremitatibus
1664 2106 1997 2177 coniunctus.
2036 2110 2120 2171 Nil

551 2198 766 2269 quidem
792 2197 1014 2261 inferius
1057 2206 1139 2254 cst
1164 2198 1219 2261 in
1261 2206 1453 2259 natura
1483 2214 1685 2265 rerum,
1716 2214 1875 2270 quam
1903 2217 2117 2273 corpus,

550 2299 606 2357 et
632 2289 707 2359 nil
735 2290 999 2360 superius,
1042 2305 1201 2362 quam
1248 2290 1568 2357 intellectus,
1612 2298 1748 2351 teste
1795 2304 1981 2353 sancto
2014 2294 2122 2350 Au-

551 2381 766 2452 gustino
811 2380 864 2435 in
916 2381 1049 2450 libro
1100 2384 1164 2438 de
1210 2381 1350 2443 Vera
1393 2381 1670 2452 religione,
1714 2383 1794 2441 sic
1815 2383 2025 2441 dicente
2067 2384 2118 2440 σε

550 2470 700 2544 Inter
718 2481 937 2539 mentem
955 2483 1206 2541 nostram,
1220 2492 1323 2547 qua
1339 2474 1507 2546 ipsum
1530 2474 1866 2546 intelligimus
1889 2475 2120 2546 Patrem,

551 2574 599 2631 et
632 2566 915 2633 veritatem,
939 2583 1032 2638 per
1077 2583 1230 2638 quam
1270 2567 1438 2637 ipsum
1465 2564 1827 2636 intelligimus,
1864 2567 2012 2623 nulla
2043 2568 2125 2623 in-

552 2658 796 2728 terposita
822 2667 1061 2723 creatura
1088 2670 1182 2715 est.
1223 2658 1430 2726 Quibus
1466 2658 1647 2719 verbis
1672 2659 1997 2717 sanctissimi
2022 2657 2124 2716 Pa-

555 2748 653 2803 tris
683 2748 841 2805 datur
880 2748 1118 2821 intelligi,
1164 2749 1455 2813 humanam
1498 2756 1748 2807 naturam
1791 2750 1956 2807 etiam
2005 2758 2127 2820 post

552 2840 1069 2919 praevaricationem
1096 2842 1410 2913 dignitatem
1457 2855 1609 2899 suam
1639 2856 1745 2897 non
1766 2843 1981 2912 penitus
2004 2858 2126 2912 per-

553 2932 771 3000 didisse,
802 2934 895 2990 sed
933 2934 1110 2997 adhuc
1136 2934 1407 2997 obtinere.
1450 2932 1566 2991 Non
1592 2934 1738 2991 enim
1770 2934 1907 2991 dixit
1932 2937 2129 3006 magis-

556 3030 658 3096 ter,
685 3024 831 3096 pplla
872 3026 1188 3099 interposita
1212 3035 1463 3087 creatura
1491 3035 1610 3085 erat
1631 3065 1646 3092 ,
1679 3027 1772 3083 sed
1801 3026 1946 3082 nulla
1969 3029 2129 3083 inter-

2224 1932 2438 2001 quaudo
2463 1932 2697 1987 humana
2720 1931 2988 1986 naturain
3017 1930 3308 2002 pristinum
3337 1929 3724 1992 restaurahitur
3752 1930 3798 1963 “

2222 2030 2440 2078 statum.
2472 2020 2605 2075 Nam
2640 2021 2686 2075 si
2717 2021 2923 2090 primus
2943 2021 3108 2075 homo
3139 2036 3246 2075 non
3282 2029 3550 2089 peccaret,
3576 2028 3800 2076 naturae

2220 2132 2351 2174 suae
2373 2118 2714 2188 partitionem
2745 2118 2799 2172 in
2832 2117 3098 2188 duplicem
3136 2133 3324 2174 sexum
3375 2134 3480 2173 non
3506 2127 3795 2190 pateretur,

2219 2208 2313 2264 sed
2341 2208 2395 2263 in
2439 2208 2872 2279 primordialihus
2915 2208 3027 2263 suis
3058 2209 3376 2275 rationibus,
3407 2209 3459 2263 in
3503 2210 3694 2279 quibus
3728 2210 3799 2264 ad

2219 2299 2497 2369 imaginem
2550 2301 2645 2355 Dei
2676 2299 2924 2355 conditus
2976 2308 3082 2365 est,
3127 2300 3536 2355 immutabiliter
3589 2315 3805 2370 perma-

2221 2399 2444 2445 nereta.
2481 2389 2631 2456 Quod
2680 2389 2766 2444 his
2809 2390 2990 2444 verbis
3036 2390 3342 2460 praedictus
3392 2389 3646 2460 Magister
3672 2404 3800 2461 ape—

2223 2482 2323 2547 rit;
2391 2481 2522 2539 dicit
2559 2482 2703 2536 enim
2762 2480 2985 2552 :Hujus
3028 2483 3103 2536 rei
3144 2481 3315 2552 gratia
3366 2484 3672 2538 novissimus
3717 2484 3800 2537 in-

2224 2574 2518 2628 troducitur
2528 2574 2580 2627 in
2593 2574 2694 2640 his,
2705 2589 2837 2645 quae
2848 2574 3166 2639 sunt,homo,
3182 2574 3336 2628 veluti
3347 2574 3637 2644 conjunctio
3651 2592 3804 2646 quae-

2225 2665 2348 2729 dam
2364 2662 2622 2719 naturalis
2641 2662 2998 2719 universaliter
3019 2680 3110 2734 per
3119 2665 3357 2735 proprias
3367 2674 3538 2734 partes
3555 2667 3801 2720 medieta-

2225 2766 2327 2811 tem
2347 2756 2541 2826 faciens
2561 2754 2991 2820 extremitatibus,
3012 2756 3124 2809 etin
3138 2772 3298 2809 unum
3313 2757 3504 2809 ducens
3526 2756 3581 2809 in
3607 2757 3794 2825 seipse,

2226 2846 2388 2901 multo
2442 2846 2725 2900 secundant
2776 2854 3018 2900 naturam
3079 2862 3111 2899 a
3166 2861 3220 2899 se
3270 2844 3484 2899 invicem
3549 2845 3801 2899 distantia

2227 2937 2394 3008 spatio
2411 2954 2430 3003 ;
2460 2947 2513 2997 ut
2544 2936 2612 2991 ad
2639 2935 2828 3001 Deum,
2856 2944 3027 3005 utpote
3053 2933 3315 2989 causalent
3344 2935 3519 2988 omnia
3550 2934 3800 2987 unitatem

2229 3035 2593 3099 congregatus,
2645 3043 2710 3080 ea:
2736 3027 2946 3096 propria
2981 3025 3124 3095 prius
3165 3024 3415 3078 diuisione
3441 3024 3715 3103 inchoatis,
3743 3041 3804 3078 ac

554 3118 724 3188 posita
764 3129 860 3177 est.
901 3118 1018 3177 Non
1062 3132 1191 3190 ergo
1235 3119 1397 3183 etiam
1438 3118 1493 3175 in
1539 3117 1890 3187 languoribus
1928 3120 2130 3176 nostris
2166 3183 2199 3190 _
2231 3118 2416 3173 deinde
2438 3135 2529 3188 per
2551 3117 2722 3173 media
2742 3117 3059 3173 cattuexione
3079 3115 3360 3186 ordinequo
3387 3115 3719 3184 progrediens
3751 3115 3805 3168 in

557 3183 725 3265 Deum
768 3209 983 3280 penitus
1029 3183 1329 3271 deserimus
1355 3210 1400 3274 ⁷,
1434 3221 1537 3269 nec
1571 3183 1786 3277 tib—ipso
1820 3209 2020 3265 deserti
2045 3225 2131 3264 ευρ
2155 3183 2201 3246 ο
2230 3207 2399 3262 Deum
2438 3183 2692 3275 acciperet
2737 3206 2894 3275 ﬁnem
2936 3207 3101 3276 ipsius
3129 3183 3199 3260 ac
3221 3183 3455 3260 omnibus
3489 3183 3673 3275 factae
3718 3220 3810 3275 per

560 3315 700 3368 mus,
740 3300 866 3367 dum
893 3301 1034 3369 inter
1068 3307 1299 3373 mentem
1337 3307 1581 3364 uestram
1604 3306 1660 3353 et
1686 3297 1835 3370 illum
1880 3298 2023 3365 nulla
2055 3300 2133 3355 in.-

563 3395 818 3465 terposita
867 3400 1059 3457 natura
1104 3400 1206 3461 est.
1258 3392 1432 3462 Lepta
1484 3390 1748 3460 siquidem
1788 3389 2001 3447 animae
2047 3391 2133 3448 vel

561 3485 803 3553 cm‘pmtis
824 3498 931 3555 mm
961 3481 1135 3547 aufert
1160 3481 1331 3547 aciem
1355 3479 1572 3547 mentis,
1589 3494 1695 3549 qua
1716 3479 1864 3539 illum
1884 3479 2134 3553 intelligi,

568 3594 708 3643 llllls,
731 3591 785 3635 et
811 3581 864 3640 in
894 3593 997 3654 qua
1019 3579 1253 3645 maxime
1286 3580 1462 3653 imago
1489 3579 1764 3637 Creatoris
1791 3578 2005 3636 condita
2027 3586 2130 3645 est,

565 3672 798 3733 Videsne
848 3672 1030 3744 igitur,
1089 3672 1357 3742 quomodo
1407 3672 1647 3726 omnium
1712 3670 2134 3727 substantiarum

562 3763 758 3823 divisio
800 3766 855 3824 in
892 3765 1128 3822 humana
1154 3772 1346 3820 natura
1387 3764 1749 3829 terminaturi
1796 3763 1943 3820 Dtsc.
1969 3761 2137 3829 Plane

563 3856 742 3923 video,
764 3856 1097 3928 multumque
1117 3865 1333 3913 nostrae
1360 3864 1585 3915 naturae
1607 3857 1751 3913 inter
1776 3856 1979 3924 omnia,
1998 3870 2138 3927 quae

562 3948 704 4007 facta
747 3955 893 4015 sunt,
940 3947 1253 4019 dignitatem
1295 3947 1554 4015 admiror,
1603 3947 1727 4003 dum
1768 3947 1823 4002 in
1865 3960 1927 4002 ea
1972 3945 2137 4002 veluti

566 4036 836 4108 quandam
883 4036 1124 4094 omnium
1163 4044 1470 4092 ornatarum
1519 4035 1943 4092 substantiarum
1989 4035 2012 4069 ³
2038 4035 2139 4090 mi,

567 4128 791 4187 rabilcm
828 4127 1296 4199 compositionem,
1347 4127 1636 4198 praedictis
1684 4126 1984 4182 rationibus
2015 4140 2139 4182 sua-

566 4235 680 4285 sus,
726 4220 1014 4291 perspicio.
1059 4218 1198 4276 Mss.
1250 4218 1435 4290 Itaque
1487 4218 1743 4289 quoniam
1796 4217 1944 4274 clare
1991 4217 2142 4274 vides

568 4310 885 4369 divisionem
909 4310 1206 4367 naturalem
1228 4311 1489 4376 omnium,
1517 4325 1549 4365 ιι
1572 4308 1829 4365 Creatore
1848 4317 1905 4364 et
1925 4317 2140 4365 creato-.-

561 4415 631 4479 ra
674 4400 1039 4469 inchoantem,
1094 4410 1149 4458 et
1200 4403 1253 4457 in
1309 4401 1548 4468 homine,
1595 4401 1685 4471 qui
1736 4400 1792 4455 in
1834 4400 2143 4457 summitate

570 4491 782 4551 divinae
824 4492 1154 4560 operationis
1199 4492 1365 4549 veluti
1397 4492 1454 4549 in
1499 4490 1707 4548 senaria
1745 4489 1977 4558 quadam
2017 4493 2168 4558 ρει-ρ’

2233 3300 2481 3361 unitatem
2494 3298 2808 3357 ascensionis
2826 3297 3058 3359 excelsa
3079 3337 3093 3363 ,
3115 3298 3169 3353 in
3192 3314 3293 3368 quo
3319 3314 3420 3353 non
3440 3306 3513 3352 est
3534 3297 3717 3357 divisio
3735 3296 3800 3351 ⁸³.

2235 3389 2412 3458 Ipsam
2466 3386 2610 3441 nullo
2650 3387 2802 3440 modo
2846 3387 3148 3457 pendentem
3196 3387 3424 3443 uidelicet
3463 3385 3507 3427 υ*
3555 3386 3802 3441 adversus

2232 3477 2624 3551 ttt'i'tttordialem
2648 3475 2902 3539 rationein
2939 3476 3102 3546 ipsius
3143 3478 3283 3533 circa
3308 3476 3681 3547 generationem
3709 3476 3807 3529 lto-

2233 3569 2387 3637 minis
2405 3567 2568 3635 divini
2591 3566 2841 3639 propositi
2858 3567 3141 3625 secundum
3156 3567 3443 3625 masculum
3465 3565 3809 3636 [minoraque

2235 3660 2617 3731 proprietatem.
2646 3656 2716 3723 In
2756 3658 2870 3727 ipsa
2895 3658 3035 3719 circa
3059 3658 3288 3719 divinam
3317 3658 3553 3717 uirtutem
3572 3656 3814 3727 impossi-

2237 3750 2488 3821 bilissimu
2531 3750 2719 3821 copula
2772 3750 2957 3820 ubique
2998 3758 3218 3813 naturae
3259 3759 3584 3819 emicaturus,
3637 3749 3714 3813 ita
3754 3756 3812 3802 ut

2237 3842 2523 3915 ostenderet
2554 3841 2622 3909 ιε,
2678 3840 2915 3912 futurum
2959 3841 3215 3903 hominem
3259 3841 3542 3903 secundum
3581 3840 3813 3895 diuinum

2238 3933 2558 4015 propositum
2585 3932 2909 3999 solummodo
2946 3933 3231 3995 secundum
3258 3933 3548 3989 masculum
3573 3942 3623 3995 st
3668 3932 3818 4001 femi:

2240 4025 2830 4097 nam.‘.‘appellationem
2847 4026 2888 4058 ¹⁷
2906 4042 3009 4087 non
3037 4025 3401 4092 dividendum;
3423 4042 3514 4096 per
3536 4041 3694 4096 quam
3725 4041 3815 4078 ra-

2240 4119 2432 4183 tionem
2492 4118 2731 4188 primitus
2783 4118 2940 4183 etiam
2984 4117 3154 4187 factus
3203 4126 3329 4182 est;
3389 4118 3447 4173 in
3497 4118 3621 4188 ipsis
3681 4132 3817 4170 nunc

2240 4208 2578 4279 existentibus
2615 4208 2755 4273 circa
2774 4223 2893 4271 eum
2915 4207 3229 4263 sectionibus
3263 4223 3369 4263 non
3390 4207 3589 4263 diuisus
3610 4216 3820 4277 propter

2239 4302 2410 4375 ipsum
2426 4301 2708 4374 perimat)!
2736 4300 3104 4365 adnuntiatum:
3124 4300 3192 4357 ad
3228 4299 3493 4370 propriam
3533 4298 3813 4362 rationem,

2242 4411 2334 4464 per
2359 4411 2515 4475 quam
2535 4394 2787 4453 subsistit.
2821 4393 2878 4449 In
2921 4393 3005 4449 his
3026 4393 3207 4449 verbis
3226 4392 3564 4461 apertissime
3588 4389 3826 4445 insinuat

2247 4484 2414 4551 divini
2442 4483 2651 4547 consilii
2679 4482 3009 4557 propositum
3031 4497 3158 4553 erga
3180 4481 3415 4539 hominis
3436 4479 3817 4541 conditionem,

571 4548 803 4637 factione
1116 4548 1121 4549 ί
1142 4548 1245 4639 est
1275 4582 1330 4647 η,
1403 4548 1734 4640 desinentem
1835 4580 1951 4651 jam
2004 4548 2147 4637 nunc
2170 4548 2224 4609 Β
2252 4548 2296 4633 si
2325 4590 2449 4630 eum
2477 4548 2821 4644 peccaturum
2850 4589 2956 4639 non
2970 4548 3371 4646 praenosceret.
3399 4571 3570 4627 Homo
3588 4579 3820 4635 namque

571 4669 993 4737 substantiarum
1036 4672 1279 4730 omnium
1319 4673 1605 4731 adunatam
1651 4671 2019 4730 collectionem
2077 4671 2146 4726 ab

571 4760 789 4817 homine
825 4761 1188 4824 inchoantem,
1215 4770 1267 4815 et
1304 4775 1398 4832 per
1443 4764 1715 4819 hominem
1766 4763 2144 4823 ascendentem

573 4866 747 4923 usque
790 4854 860 4912 ad
904 4854 1081 4925 ipsum
1133 4853 1322 4921 Deum,
1365 4855 1458 4924 qui
1504 4864 1587 4911 est
1641 4855 1804 4912 totius
1864 4856 2143 4913 divisionis

2253 4666 2587 4725 solummodo
2607 4675 2752 4722 esset
2782 4665 2839 4721 in
2868 4667 3214 4737 simplicitate
3254 4678 3383 4727 suae
3414 4670 3641 4718 naturae
3667 4673 3819 4714 crea-

2253 4766 2359 4823 tus,
2409 4771 2582 4827 θοίιιιθ
2628 4758 2819 4824 modo,
2874 4773 2982 4827 quo
3033 4758 3206 4815 sancti
3251 4753 3436 4826 Angcli
3484 4749 3820 4821 multiplicati

2251 4862 2395 4918 sunt,
2428 4850 2875 4915 intellectualibus
2910 4852 3151 4908 numeris
3195 4843 3665 4916 multiplicatus“.
3713 4840 3825 4897 Sed

1847 4966 2099 5022 VARIAE
2139 4966 2541 5024 LEGTIONES.

649 5060 666 5092 ¹
696 5058 788 5115 Sic
817 5059 939 5129 CD;
965 5060 1012 5115 Α
1053 5065 1464 5129 congregantem.

575 5129 791 5187 visibilis
841 5128 947 5189 sive
991 5128 1349 5200 intelligibilis.
1470 5131 1493 5162 ⁵
1538 5128 1628 5187 Sic
1676 5128 1800 5200 CD;
1864 5129 1908 5192 Α
1950 5138 2146 5200 posset.

580 5200 601 5233 ⁸
654 5200 745 5269 Sic
793 5202 877 5269 C;
919 5200 965 5267 Α
1014 5198 1376 5257 creaturarum
1436 5198 1889 5269 substantialium;
1948 5199 1989 5255 I)
2059 5208 2421 5269 creaturarum
2464 5201 2892 5265 substantiarum.

579 5271 624 5308 “
653 5266 745 5329 Sic
771 5266 895 5339 CD;
946 5266 1010 5326 de
1037 5286 1146 5325 om.
1178 5271 1241 5339 Λ.

1577 5061 1600 5095 ⁸
1651 5056 1743 5114 Sic
1769 5056 1897 5123 CD;
1924 5057 1966 5112 A
2003 5059 2415 5114 connnuthem.

1347 5273 1386 5304 “
1417 5268 1507 5337 Sic
1542 5269 1666 5334 CD;
1697 5268 1740 5321 Α
1776 5277 1834 5322 ιιι
1861 5264 1936 5322 ait
1959 5268 2202 5338 amplius.
2282 5268 2322 5301 "
2372 5269 2461 5325 Sic
2490 5271 2606 5338 CD;
2660 5271 2705 5324 Α
2731 5279 3074 5324 restauratur.

2353 5077 2415 5141 επ·
2457 5132 2470 5143 .
2512 5059 2535 5099 ³
2564 5059 2657 5143 iis
2682 5058 2803 5143 A9;
2834 5059 2879 5113 ι)
2913 5067 3307 5143 repetente...“
3375 5053 3466 5143 sic
3486 5048 3829 5143 591-932"

2249 5129 2269 5160 ⁸
2310 5130 2402 5189 Sic
2443 5132 2529 5198 A;
2572 5131 2659 5186 CD
2706 5131 2901 5186 dicens.
2967 5124 2977 5129 ’
3025 5130 3045 5160 ⁷
3096 5129 3186 5183 Sic
3220 5124 3346 5192 CD;
3391 5126 3439 5179 Α
3484 5124 3827 5200 demimus.

2249 5216 2421 5257 rarum
2464 5201 2892 5265 substantiarum.
3003 5199 3025 5230 '
3076 5198 3167 5257 Sic
3219 5196 3347 5265 CD;
3383 5195 3427 5265 Δ
3465 5202 3543 5253 est
3573 5190 3829 5265 conditus

3166 5267 3212 5298 ¹⁸
3244 5258 3415 5321 Veluti
3461 5258 3831 5334 coniunctio-ﬁ

578 5325 763 5414 divisio
783 5325 894 5400 om:
942 5325 1120 5414 ADCD
1146 5357 1160 5405 ;
1193 5334 1370 5414 addidi
1401 5330 1469 5397 ex
1492 5325 1747 5414 Joannis_
1761 5338 1909 5414 chtj
1940 5325 2185 5414 versione
2211 5325 2606 5411 Ambiguorum
2627 5339 2955 5414 S._Maximi.
3033 5338 3079 5371 “
3114 5337 3219 5414 Pro
3250 5325 3579 5414 pendentem'
3598 5325 3831 5414 "videlicet

578 5412 821 5481 Cpcndet
851 5415 938 5485 qui
1008 5430 1057 5479 e,
1088 5413 1131 5467 D
1161 5412 1331 5481 pendit
1360 5414 1563 5484 quippe.
1643 5410 1688 5441 ¹⁵
1716 5408 1806 5463 Sic
1831 5409 1944 5465 CD'
1994 5409 2039 5461 A
2058 5424 2197 5479 corr.
2223 5405 2595 5467 ostenderetur.
2672 5411 2717 5442 ‘°
2759 5410 2848 5466 Sic
2878 5410 2949 5475 D;
2998 5417 3053 5464 et
3073 5405 3257 5463 versit).
3277 5406 3319 5461 C
3347 5405 3594 5473 feminam
3627 5409 3830 5451 muscu-

579 5480 803 5540 lumaue.
892 5430 1057 5540 "pgic
1082 5483 1152 5540 D;
1186 5481 1226 5537 C
1253 5480 1614 5540 appellatione.
1693 5478 1737 5511 ⁸⁸
1769 5477 1859 5535 Sic
1906 5450 2031 5540 CD;
2062 5479 2105 5532 Α
2136 5478 2585 5540 ntuttiplicaretur.
3575 5521 3579 5526 ν

579 5477 803 5552 lumque.
862 5477 1057 5540 ""'Sic
1082 5477 1226 5549 D;'C
1253 5477 1614 5554 appellatione.
1693 5478 1737 5511 ⁸⁸
1769 5477 1859 5535 Sic

1906 5450 2039 5544 es;
2060 5450 2585 5550 ἵύϐιὶιῐιέἶιῖἕᾶἑὲἱοῖἑζ

2101 5573 2351 5637 NOTAE.

655 5685 678 5715 α
710 5674 808 5737 Ea,
835 5688 970 5742 quae
987 5672 1099 5741 jam
1126 5674 1193 5727 de
1221 5673 1469 5727 divisione
1493 5688 1712 5727 sexuum
1760 5678 1889 5733 cet.,
1921 5668 2154 5742 Maximo

584 5745 738 5808 duce,
758 5738 1113 5810 disputantur,
1136 5757 1163 5794 a
1180 5744 1407 5797 veritate
1430 5745 1700 5807 recedere,
1724 5742 1833 5811 jam
1861 5754 2021 5809 supra
2049 5738 2153 5811 col.

584 5814 687 5867 509
714 5829 860 5884 sqq.,
898 5811 987 5867 ubi
1011 5811 1059 5865 J.
1085 5811 1277 5866 Scotus
1298 5813 1526 5869 eandem
1555 5813 1854 5869 doctrinam
1889 5810 2157 5880 exposuit,

2256 5670 2580 5725 monuimus.
2615 5667 2697 5724 Cf.
2728 5667 2794 5722 de
2812 5666 3017 5723 Joanne
3044 5664 3207 5725 Scoto
3243 5654 3626 5725 commentatio
3673 5661 3835 5736 ωε)νῆ

2257 5742 2397 5812 typis
2425 5754 2608 5797 excus.
2641 5740 2669 5813 ᾗ
2695 5738 2763 5793 50
2784 5738 2990 5794 col.75.
