4236 6274
560 401 666 460 535

1935 392 2216 451 JOANNIS
2258 394 2455 452 SCOTl

3699 402 3802 454 53G

555 516 822 595 ἆορασίαν,
846 510 948 566 hoc
969 515 1068 572 est,
1100 506 1342 563 omnium
1370 505 1765 571 creaturarum,
1790 520 1927 576 quas
1955 507 2128 562 omni-
2154 516 2202 571 Α
2230 509 2421 565 bitror.
2454 507 2525 563 Et
2542 489 2684 580 linis,
2712 509 2905 580 inquit,
2934 511 2991 564 in
3013 508 3251 563 omnibus
3276 508 3357 562 his
3386 517 3617 563 creatam
3646 520 3805 567 natu-

554 622 627 663 no
677 599 1114 674 superascendet,
1170 598 1527 669 ignorantiam
1565 596 1820 667 patietur,
1862 597 1929 652 ad
1956 596 2131 667 ipsum

555 703 722 758 Deum
767 693 1104 764 perveniens,
1156 691 1438 762 ipsumque
1484 690 1539 744 in
1591 689 1845 745 omnibus
1891 698 2133 745 contem-

504 790 507 795 λ
553 791 727 861 plans.
754 785 921 841 Totus
942 799 1172 853 namque
1199 784 1386 848 homo,
1418 790 1478 837 ut
1514 781 1589 836 ait
1619 783 1754 852 ipse,
1791 782 1923 838 levis
1970 783 2144 853 spiri-‘

555 890 639 937 tus
666 881 880 934 futurus
902 888 1006 943 est,
1038 885 1095 931 et
1118 876 1264 931 nulla
1287 875 1552 946 gravitate
1578 874 1849 946 corporali
1896 874 1951 929 in
1986 883 2133 930 terra

552 971 901 1033 detinebitur,
955 982 1131 1039 neque
1176 966 1245 1022 ad
1293 966 1473 1022 caelos
1514 967 1835 1022 ascensione
1881 965 2134 1036 prohibe-

551 1067 715 1122 bitur.
773 1063 1011 1129 Deinde,
1063 1060 1289 1132 inquit,
1340 1058 1691 1129 intelligibilia
1760 1067 1810 1112 et
1869 1057 2135 1113 sensibilia

553 1172 671 1211 cum
715 1155 797 1209 his
842 1152 1114 1223 copulans,
1171 1152 1276 1205 hoc
1305 1157 1410 1216 est,
1440 1162 1565 1204 cum
1594 1146 1886 1217 praedictis
1915 1154 2135 1201 natura-

556 1262 675 1301 rum
732 1244 1169 1309 adunationibus,
1224 1257 1316 1310 per
1367 1241 1537 1309 ipsam
1583 1239 1653 1315 ad
1704 1236 1915 1308 angelos
1966 1240 2137 1293 scien-

554 1340 656 1394 tiae
741 1337 1108 1410 aequalitatem
1202 1333 1472 1403 uniﬁcabit
1552 1341 1891 1397 creaturam,
1979 1331 2135 1388 simul

556 1446 758 1487 omnem
836 1438 1131 1483 creaturam
1178 1443 1355 1481 non
1398 1433 1692 1495 separatam
1781 1423 1839 1477 in
1919 1439 1979 1478 εο
2054 1439 2136 1477 88-

555 1522 785 1576 cundum
807 1521 1075 1575 scientiam
1097 1527 1146 1572 et
1171 1516 1543 1587 ignorantiam,
1582 1513 1791 1585 aequali
1823 1515 1921 1569 sibi
1941 1514 2010 1569 ad
2040 1532 2139 1570 an-

554 1613 694 1682 gelos
714 1612 1074 1681 indi/ferenter
1095 1611 1297 1679 futura,
1324 1606 1586 1661 rationum
1615 1607 1671 1661 in
1697 1606 1800 1671 Itis,
1829 1623 1961 1678 quae
1992 1616 2131 1672 sunt,

553 1705 785 1775 gnostica
812 1703 1057 1766 scientia,
1086 1718 1178 1772 per
1200 1716 1357 1771 quam
1379 1701 1494 1769 ipsa
1521 1715 1672 1754 verae
1696 1699 1907 1769 sophiae
1928 1698 2135 1767 inﬁnita

553 1797 808 1851 donorum
835 1796 1021 1865 e/fusio
1063 1793 1444 1863 superveniens,
1478 1800 1728 1862 quantum
1759 1790 1842 1860 fas
1885 1800 1978 1856 est,
2007 1806 2134 1860 pure

2231 617 2347 656 ram
2387 618 2491 656 non
2521 611 2725 657 creatae
2766 619 2856 673 per
2891 602 3216 656 dilectionem
3259 601 3538 670 uniﬁcans.
3576 601 3621 656 0
3646 605 3806 660 mira-

2230 693 2405 748 culum
2440 711 2560 765 erga
2584 711 2679 747 nos
2718 694 2923 748 divinae
2948 694 3283 758 clementiae;
3317 709 3481 747 unum
3515 694 3571 747 id
3611 697 3801 764 ipsum-

2229 801 2327 856 que
2353 784 2579 839 ostendet
2603 783 2625 816 '
2653 782 2935 837 secundum
2974 784 3209 837 habitum
3249 785 3451 852 gratiae
3488 794 3627 840 totus
3654 776 3805 842 homo

2232 886 2337 932 toto
2367 875 2725 931 universaliter
2743 878 2965 931 ambitus
2997 877 3127 942 Deo,
3155 886 3205 931 et
3233 877 3423 947 factus.
3458 878 3624 935 Omne
3645 882 3802 952 siqui-

2230 971 2346 1025 dem
2372 969 2512 1024 Deus
2553 968 2597 1034 ⁸,
2624 978 2829 1038 praeter
2862 967 3256 1022 similitudinem
3303 970 3587 1024 secundum
3630 988 3800 1027 essen.

2232 1059 2382 1122 tiam,
2398 1075 2444 1110 et
2459 1065 2622 1111 totum
2650 1057 2820 1125 ipsum
2833 1057 3089 1126 accipiens
3104 1072 3122 1120 ;
3136 1057 3201 1109 ab
3225 1058 3337 1128 ipso
3352 1058 3646 1122 ’,videlicet
3669 1061 3797 1126 Deo,

2231 1144 2399 1200 Deum
2421 1143 2576 1199 veluti
2624 1144 2944 1198 ascensionis
2969 1147 3262 1213 praemium
3295 1148 3465 1216 ipsum
3498 1149 3802 1219 singularis-

2231 1234 2422 1295 simum
2454 1248 2788 1303 passessurus
2815 1231 2999 1297 Deum,
3052 1242 3226 1303 utpote
3253 1234 3411 1304 ﬁnem
3444 1252 3640 1302 eorum,
3677 1255 3807 1307 quae

2231 1332 2519 1387 moventur,
2571 1323 2848 1388 motionis,
2879 1332 2927 1377 et
2948 1331 3138 1377 statum
3164 1324 3377 1393 ﬁrmum
3398 1326 3805 1381 immutabilem-

2230 1429 2330 1483 que
2348 1429 2544 1478 eorum,
2566 1427 2699 1484 quae
2729 1411 2971 1481 feruntur
2991 1414 3047 1468 in
3076 1414 3277 1483 ipsum,
3309 1423 3357 1468 et
3392 1416 3563 1471 omnis
3594 1416 3735 1484 ﬁnis,
3762 1426 3808 1470 et

2232 1505 2433 1568 statuti,
2466 1512 2512 1556 et
2542 1502 2691 1572 legis,
2718 1504 3034 1574 rationisque
3060 1504 3468 1577 intellectusque,
3507 1515 3556 1561 et
3594 1516 3809 1563 naturae

2230 1593 2388 1663 ﬁnem
2400 1610 2463 1647 ac
2473 1594 2744 1648 terminum
2756 1593 3019 1661 inﬁnitum
3031 1603 3080 1648 et
3089 1594 3477 1649 interminatam
3490 1596 3808 1656 existentem.

2303 1705 2354 1760 9.
2385 1704 2467 1760 Ad
2496 1705 2599 1760 hoc
2628 1705 2814 1775 igitur,
2851 1716 3110 1776 quantum
3149 1723 3214 1762 ex
3261 1709 3518 1777 praedicti
3561 1712 3804 1785 magistri

2237 1797 2576 1852 sermonibus
2597 1797 2756 1853 datur
2781 1799 3029 1869 intelligi,
3062 1802 3204 1856 inter
3228 1804 3596 1871 primordiales
3630 1821 3808 1860 rerum

553 1887 617 1941 de
645 1896 810 1941 cetera
837 1886 1001 1953 ipsam
1021 1884 1160 1939 circa
1198 1884 1363 1938 Deum
1392 1893 1441 1937 et
1472 1882 1768 1936 immediate
1790 1882 1962 1951 dignis
1983 1898 2136 1952 prae-
2162 1861 2209 1920 B
2238 1903 2430 1944 causas
2460 1888 2620 1943 homo
2652 1889 2719 1942 ad
2752 1889 3038 1960 imaginem
3065 1893 3158 1946 Dei
3190 1861 3364 1949 factus
3395 1901 3498 1959 est,
3530 1904 3590 1948 ut
3618 1893 3812 1950 in’om-

555 1987 657 2032 stat
697 1978 1012 2047 incognitam
1037 1985 1085 2030 et
1106 1972 1595 2045 ininterpretabilem
1620 1974 1636 2004 ¹
1681 1974 1941 2028 notitiam.
1966 1971 2136 2042 Hujus

556 2066 858 2123 sententiae
886 2065 1112 2120 altitudo
1140 2061 1698 2133 incomprehensibilis
1729 2062 1859 2116 mihi
1901 2061 2132 2128 videtur,

555 2166 611 2214 et
639 2157 872 2212 maxime
905 2157 997 2212 ubi
1026 2155 1120 2221 ait,
1155 2153 1437 2210 secundum
1507 2153 1789 2227 scientiam‘
1820 2161 1866 2206 et
1889 2152 2138 2223 ignoran-

556 2253 683 2307 tiam
711 2251 918 2323 aequali
936 2251 1032 2305 sibi
1060 2249 1130 2304 ad
1151 2248 1360 2320 angelos
1382 2248 1615 2316 gnostica
1637 2247 1873 2301 scientia.
1916 2246 1982 2301 Et
2023 2262 2137 2304 me-

556 2344 683 2398 rito.
710 2343 765 2397 in
791 2342 1063 2412 prioribus
1086 2342 1232 2397 enim
1277 2340 1351 2395 nil
1395 2339 1537 2394 aliud
1567 2338 1851 2393 videbatur
1877 2340 2133 2405 suasisse,

557 2436 661 2490 nisi
690 2435 930 2489 omnium
956 2449 1135 2488 rerum
1163 2432 1495 2488 sensibilium
1529 2440 1585 2487 et
1627 2431 2038 2501 intelligibilium
2082 2433 2137 2487 in

559 2526 821 2580 unitatem
850 2525 1116 2594 quandam
1160 2522 1573 2585 adunationem,
1609 2520 1685 2575 ita
1714 2530 1773 2575 ut
1802 2521 1878 2575 nil
1921 2536 2141 2592 separa-

558 2614 687 2680 hile,
721 2614 793 2668 nil
815 2629 1157 2684 corporeum,
1188 2613 1265 2668 nil
1295 2614 1500 2668 varium
1533 2611 1585 2667 in
1612 2611 1690 2667 eis
1718 2620 2014 2679 remaneat,
2044 2613 2141 2668 sed

560 2712 622 2759 ut
650 2703 881 2758 mirabili
905 2703 1135 2773 quadam
1171 2703 1509 2773 regressione
1550 2701 1805 2759 inferiora
1846 2719 2059 2775 semper
2085 2705 2140 2761 in

560 2795 838 2863 superiora
859 2802 1152 2849 transeant.
1169 2792 1320 2849 Nunc
1340 2808 1468 2850 vero
1490 2792 1669 2849 dicere
1692 2795 1924 2861 videtur,
1944 2795 2143 2850 aduna-

563 2883 762 2939 tionem
789 2884 1117 2939 naturalium
1146 2884 1564 2938 substantiarum
1594 2882 1616 2914 ³
1646 2884 1701 2938 ἱη
1746 2884 2021 2940 intellectu
2057 2900 2144 2941 so-

564 2975 855 3043 lummodo,
887 2991 992 3031 non
1023 2982 1203 3030 autem
1233 2975 1286 3029 in
1316 2975 1447 3044 ipsis
1474 2975 1635 3029 rebus
1664 2973 1687 3005 ‘
1715 2991 1856 3043 esse,
1908 2976 2012 3033 hoc
2037 2962 2155 3045 est,

563 3081 669 3121 non
696 3081 789 3123 eas
812 3083 922 3133 res,
952 3082 1091 3137 quae
1112 3082 1208 3136 per
1246 3067 1645 3137 generationem
1689 3068 1741 3123 in
1791 3068 2000 3125 diversa
2055 3086 2145 3142 ge-

563 3173 714 3222 nera,
739 3158 1088 3229 diversasque
1114 3155 1336 3221 formas,
1364 3156 1706 3228 inﬁnitosque
1726 3161 2145 3231 numerosjuxta

484 3244 487 3247 ’
563 3247 838 3305 Creatoris
867 3247 1295 3318 providentiam,
1339 3247 1724 3319 intelligibilem
1772 3252 2147 3310 scnsibilemve

476 3338 480 3342 ’
564 3349 891 3421 acceperunt
916 3340 1251 3394 varietatem.
1283 3340 1396 3395 Non
1421 3341 1564 3397 enim
1589 3343 1745 3398 aliter
1770 3346 2149 3405 adunationem

565 3440 872 3489 creatarutn
918 3430 1345 3487 substantiarum
1385 3432 1439 3488 in
1485 3434 1692 3506 angelis
1732 3451 1853 3491 esse
1896 3437 2150 3510 intelligi-

564 3541 710 3589 mus,
742 3524 844 3579 nisi
872 3524 985 3578 sola
1013 3525 1254 3591 gnostica
1288 3525 1533 3593 scientia,
1559 3542 1662 3583 non
1695 3538 1877 3585 autem
1908 3530 2148 3599 ipsarum

564 3632 746 3673 rerum
761 3616 1076 3672 Collectione
1094 3617 1145 3671 in
1161 3633 1343 3696 unum.
1359 3618 1679 3675 Naturarum
1699 3622 1895 3692 quippe
1909 3623 2146 3677 omnium

565 3708 904 3763 conditarum
933 3709 1169 3764 rationes
1197 3709 1250 3763 in
1285 3711 1589 3782 semetipsis
1616 3713 1715 3767 sub
1763 3727 1870 3766 uno
1913 3712 2149 3781 quodam

567 3799 951 3871 intelligentiae
991 3810 1175 3856 tenore
1208 3811 1560 3872 cognoscunt,
1611 3804 2058 3870 quemadmodum
2095 3804 2148 3860 in

566 3892 798 3964 quadam
852 3894 1084 3949 humana
1107 3895 1497 3964 sapientissima
1531 3894 1555 3925 ⁸
1579 3895 1758 3949 anima
1815 3896 2148 3951 diversarum

566 3988 762 4041 artium
785 4002 890 4042 una
919 3988 1217 4058 eademque
1254 3994 1310 4041 et
1338 3986 1361 4018 ⁸
1387 3985 1759 4054 inseparabilis
1787 3987 2021 4058 cognitio
2041 3996 2144 4053 est,

566 4081 643 4136 ita
674 4087 733 4135 ut
777 4080 1098 4151 ignorantia,
1151 4082 1265 4134 sive
1301 4080 1353 4134 in
1395 4079 1687 4148 angelis—
1712 4095 1837 4135 nam
1882 4088 2147 4136 eteorum

566 4173 825 4242 quosdam
857 4172 1091 4227 nondum
1120 4173 1266 4227 omni
1294 4181 1552 4242 purgatos
1586 4171 1891 4243 ignorantia
1919 4171 2148 4244 legimus

565 4295 636 4307 ——
662 4265 775 4319 sive
801 4265 856 4319 in
895 4264 1227 4329 hominibus,
1250 4264 1450 4320 nullam
1494 4265 1922 4337 segregationem
1966 4279 2147 4320 rerum

567 4356 750 4420 iaciat,
781 4356 1004 4411 scientia
1027 4370 1157 4412 vero
1185 4355 1425 4426 gnostiea
1457 4356 1797 4412 adunationis
1825 4370 1991 4412 causa
2029 4354 2144 4409 ﬁat.

564 4448 872 4503 intellectus
895 4448 1040 4501 enim
1070 4460 1253 4501 rerum
1285 4447 1555 4503 veraciter
1579 4447 1725 4517 ipsae
1761 4460 1848 4501 res
1885 4454 2030 4510 sunt,
2058 4445 2144 4500 di-

566 4545 723 4591 cente
751 4546 937 4590 sancto
959 4537 1216 4608 Dionysio
1239 4555 1253 4591 :
1279 4537 1515 4610 Cognitio
1540 4554 1744 4604 eorum,
1769 4554 1902 4609 quae
1920 4546 2062 4602 sunt,
2082 4553 2145 4591 ea

566 4641 700 4696 quae
723 4635 863 4691 sunt,
897 4636 1003 4691 est;
1051 4627 1147 4680 sed
1187 4627 1332 4696 ipsas
1363 4629 1737 4698 primordiales
1783 4644 1908 4683 suas
1954 4642 2146 4683 causas

570 4715 911 4784 rationesque
945 4718 998 4770 in
1029 4715 1408 4774 adunationem
1461 4722 1731 4786 quandam
1757 4708 1967 4776 actione
1997 4718 2150 4774 intel-

569 4804 842 4875 ligentiac,
885 4820 991 4860 non
1030 4813 1207 4860 autem
1237 4822 1298 4860 re
1334 4808 1448 4877 ipsa
1490 4808 1689 4877 colligi.
1738 4808 1939 4864 Verum
1964 4811 2144 4880 prius-

567 4909 730 4965 quam
768 4894 835 4949 ad
873 4894 1032 4964 hujus
1074 4895 1403 4964 quaestionis
1448 4898 1707 4952 theoriam
1745 4900 2143 4968 perveniamus,

570 4989 615 5044 si
645 4988 712 5043 de
744 5003 807 5043 ea
837 4988 967 5058 quid
1002 4988 1284 5044 dicendum
1303 5028 1319 5055 ,
1348 4990 1655 5061 praedictae
1679 4991 2020 5047 adunationis
2063 5007 2146 5048 re-

570 5095 690 5135 rum
715 5081 1009 5161 secundum
1039 5080 1334 5138 Maximum
1373 5082 1587 5140 residua
1633 5083 1859 5141 dicenda
1900 5100 2022 5142 esse
2051 5101 2142 5141 ar-

2235 1980 2320 2036 nis
2353 1987 2601 2034 creatura
2632 1988 2687 2034 et
2713 1979 3059 2051 intelligibilis
3096 1992 3151 2038 et
3196 1984 3490 2049 sensibilis,
3531 2000 3595 2039 ex
3623 1987 3815 2056 quibus

2233 2069 2398 2125 veluti
2450 2071 2678 2126 diversis
2709 2071 2752 2103 ¹⁶
2792 2073 3223 2129 extremitatibus
3262 2077 3593 2145 compositus
3651 2093 3815 2133 unum

2237 2164 2594 2233 inseparabile
2645 2162 2815 2230 ﬁeret,
2862 2172 2916 2219 et
2961 2173 3021 2218 ut
3058 2172 3201 2220 esset
3252 2166 3510 2221 medietas
3564 2175 3725 2237 atque
3771 2170 3811 2201 “

2238 2257 2490 2310 adunatio
2523 2255 2761 2310 omnium
2789 2264 3177 2311 creaturarum.
3208 2256 3322 2313 Non
3351 2258 3497 2312 enim
3518 2257 3637 2312 ulla
3661 2274 3817 2314 crea-

2239 2358 2359 2403 tura
2384 2356 2484 2414 est,
2513 2364 2653 2419 quae
2682 2350 2737 2404 in
2766 2351 2982 2406 homine
3009 2349 3234 2419 intelligi
3275 2366 3380 2405 non
3418 2352 3622 2422 possit;
3674 2352 3818 2406 unde

2239 2441 2399 2493 etiam
2434 2440 2487 2494 in
2524 2440 2693 2494 sacris
2748 2439 3043 2510 Scripturis
3072 2441 3248 2496 omnis
3277 2448 3526 2496 creatura
3553 2439 3817 2495 nominari

2241 2530 2393 2586 solet.
2447 2530 2504 2585 in
2546 2531 2836 2603 Evangelio
2883 2530 3147 2601 siquidem
3195 2530 3454 2600 scriptum
3486 2538 3570 2585 est
3604 2556 3619 2583 .-
3648 2527 3817 2583 Prae-

2240 2620 2413 2674 dicate
2435 2619 2778 2691 Euangelium
2800 2621 2941 2675 omni
2968 2629 3273 2686 creaturae;
3299 2621 3426 2675 item
3450 2621 3505 2675 in
3525 2620 3777 2691 Apostolo
3801 2639 3812 2673 :

2243 2712 2427 2770 Omnis
2451 2722 2690 2768 creatura
2724 2713 3052 2783 congemiscit
3081 2721 3127 2768 et
3159 2712 3297 2766 dolet
3343 2713 3386 2743 "
3406 2728 3572 2785 usque
3623 2711 3814 2765 adhuc.

2242 2802 2310 2858 Et
2340 2803 2384 2860 si
2420 2818 2525 2858 non
2556 2810 2821 2873 peccaret,
2851 2818 2957 2857 non
2988 2811 3133 2858 esset
3171 2804 3222 2858 in
3258 2818 3324 2857 eo
3354 2802 3542 2858 divisio
3568 2817 3815 2869 sexuum,

2244 2897 2339 2952 sed
2375 2895 2710 2974 solummodo
2740 2896 2899 2950 homo
2927 2903 3102 2960 esset;
3147 2909 3252 2949 non
3281 2901 3622 2964 separaretur
3663 2892 3717 2947 in
3753 2908 3820 2947 eo

2244 2988 2392 3043 orbis
2440 2997 2707 3043 terrarum
2738 3003 2766 3041 a
2794 2986 3071 3053 Paradiso,
3114 2987 3205 3042 sed
3235 2987 3411 3041 omnis
3455 2993 3670 3040 terrena
3722 3000 3820 3038 na—

2249 3085 2365 3133 tura
2390 3077 2442 3132 in
2473 3093 2539 3133 eo
2563 3085 2707 3132 esset
2732 3077 3032 3146 paradisus,
3063 3076 3166 3131 hoc
3193 3087 3304 3141 est,
3350 3074 3645 3145 spiritualis
3681 3080 3820 3127 terra

2249 3177 2411 3237 atque
2440 3166 2486 3199 “
2506 3166 2884 3230 conversatio;
2918 3165 3123 3220 caelum
3158 3173 3213 3219 et
3258 3174 3400 3219 terra
3428 3165 3479 3218 in
3515 3178 3580 3218 eo
3608 3177 3710 3217 non
3739 3177 3824 3217 se-

2248 3268 2618 3332 gregarentur,
2648 3266 2790 3313 totus
2816 3258 2960 3312 enim
2992 3257 3240 3312 caelestis
3273 3263 3431 3319 esset,
3465 3264 3520 3309 et
3546 3255 3621 3309 nil
3651 3264 3821 3309 terre-

2247 3367 2408 3416 num,
2442 3349 2517 3403 nil
2542 3363 2737 3420 grave,
2770 3346 2847 3400 nil
2874 3361 3192 3417 corporeum
3222 3346 3274 3401 in
3302 3360 3367 3400 eo
3403 3354 3714 3417 appareret;
3739 3358 3826 3399 cs-

2248 3450 2329 3496 sct
2348 3440 2491 3494 enim
2517 3447 2573 3493 et
2602 3436 3054 3506 multiplicaretur
3080 3437 3133 3491 iu
3157 3452 3463 3503 numerum,
3490 3452 3521 3489 a
3546 3434 3825 3489 conditore

2248 3533 2329 3587 sui
2358 3531 2726 3602 praeﬁnitum,
2755 3528 2894 3583 sicut
2922 3528 3098 3599 angeli
3127 3536 3350 3595 etsunt,
3385 3538 3440 3584 et
3488 3526 3827 3596 multiplicati

2249 3632 2404 3687 sunt;
2433 3619 2702 3677 sensibilis
2730 3626 2918 3673 natura
2959 3619 3027 3673 ab
3056 3619 3377 3689 intelligibili
3414 3619 3468 3674 in
3495 3633 3559 3673 eo
3583 3633 3688 3672 non
3713 3617 3826 3672 dis-

2248 3717 2515 3780 creparet,
2548 3694 2688 3765 totus
2717 3708 2861 3762 enim
2901 3716 3046 3763 esset
3078 3708 3409 3773 intellectus,
3453 3707 3698 3762 Creatori
3725 3721 3825 3761 suo

2247 3818 2460 3873 semper
2486 3812 2540 3857 et
2569 3801 2977 3857 immutabiliter
2999 3802 3321 3868 adhaerens,
3356 3810 3411 3858 et
3434 3802 3582 3859 nullo
3610 3802 3768 3857 modo
3796 3817 3826 3855 a

2245 3892 2683 3965 primordialibus
2709 3893 2821 3948 suis
2846 3892 3045 3958 causis,
3090 3893 3144 3946 in
3192 3891 3385 3961 quibus
3423 3892 3672 3947 conditus
3709 3898 3825 3955 est,

2248 3985 2554 4049 recederet;
2588 3983 2765 4039 omnis
2798 3990 3068 4047 creatura,
3103 3994 3240 4050 quae
3279 3982 3331 4036 in
3366 3998 3431 4038 eo
3459 3982 3680 4037 condita
3722 3989 3826 4047 est,

2247 4076 2814 4154 nullam'divisionem
2862 4075 2916 4130 in
2954 4089 3020 4130 eo
3066 4083 3359 4145 pateretur.
3416 4072 3523 4130 Sed
3571 4074 3827 4144 quoniam

2246 4170 2453 4239 primus
2477 4170 2640 4223 homo
2666 4168 2722 4222 in
2752 4166 2841 4221 tali
2866 4167 3119 4221 felicitate
3143 4181 3462 4237 permanere
3488 4167 3825 4238 neglexerat,

2247 4259 2396 4315 etab
2421 4274 2484 4314 ea
2519 4256 2878 4328 superbiendo
2922 4255 3148 4321 cecidit,
3196 4264 3253 4311 et
3291 4256 3348 4312 in
3376 4255 3616 4312 inﬁnitas
3659 4255 3830 4327 parti-

2248 4352 2423 4408 tiones
2469 4350 2866 4419 varietatesque
2915 4355 3142 4403 naturae
3185 4348 3456 4404 humanae
3500 4348 3680 4404 unitas
3720 4348 3831 4403 dis-

2245 4456 2404 4515 persa
2424 4450 2529 4507 est,
2561 4441 2741 4496 divina
2767 4439 3052 4496 clementia
3076 4440 3633 4512 assumpsiti‘novum
3656 4441 3829 4496 homi-

2174 4563 2223 4622 D
2249 4547 2396 4596 nem,
2426 4530 2480 4585 in
2504 4545 2611 4600 quo
2642 4531 2758 4602 ipsa
2789 4538 3004 4596 natura,
3036 4545 3175 4599 quae
3196 4531 3250 4585 in
3278 4530 3445 4586 veteri
3477 4530 3695 4585 homine
3718 4530 3828 4583 dis-

2252 4626 2451 4698 pertita
2479 4632 2561 4680 est
2584 4665 2598 4687 ,
2647 4625 2713 4678 ad
2746 4623 3029 4709 pristinam
3061 4624 3322 4678 unitatem
3358 4629 3732 4676 revocaretur:
3768 4619 3823 4673 in

2253 4719 2451 4774 mundo
2479 4717 2545 4771 de
2573 4717 2794 4780 mundo,
2823 4716 2926 4770 hoc
2949 4724 3053 4781 est,
3082 4715 3243 4770 homo
3265 4729 3331 4769 ex
3358 4710 3665 4767 hominibus
3692 4724 3823 4777 pro-

2248 4817 2371 4881 pter
2418 4807 2667 4863 homines
2728 4807 2878 4861 nasci
2942 4805 3238 4862 constituit.
3290 4802 3425 4858 Hinc
3471 4801 3613 4857 idem
3657 4800 3825 4855 Maxi-

2248 4910 2411 4953 mus:
2445 4896 2705 4962 Quoniam
2728 4895 2923 4967 itaque,
2955 4895 3145 4965 inquit,
3179 4892 3506 4958 naturaliter,
3542 4901 3597 4945 ut
3620 4900 3824 4946 creatus

2247 4998 2347 5055 est,
2368 4988 2509 5043 circa
2528 4985 2851 5042 immutabile
2874 4988 3141 5058 proprium
3159 4983 3492 5056 principium,
3514 4983 3633 5038 dico
3653 4991 3825 5038 autem

2246 5082 2437 5148 Deum,
2466 5079 2620 5134 homo
2650 5093 2754 5133 non
2790 5085 2868 5133 est
2902 5086 3110 5144 motus;
3139 5076 3279 5132 circa
3306 5090 3425 5133 vero
3452 5091 3539 5143 ea,
3565 5089 3698 5147 quae
3733 5070 3828 5127 sub

1839 5198 1924 5255 VA
1933 5197 2092 5254 RIAE
2126 5190 2528 5253 LECTIONES.

645 5317 662 5350 ¹
698 5317 743 5373 D
766 5312 1344 5388 interpretabilemque;
1375 5313 1427 5388 _D
1448 5318 1499 5369 et
1516 5310 1981 5388 interpretabilem.

572 5386 917 5443 stantialium.

576 5458 891 5511 ostendetur.
966 5458 989 5491 ⁸
1022 5455 1113 5510 Sic
1155 5454 1275 5518 CD;

574 5526 692 5590 CD;
725 5528 767 5579 Α
808 5537 877 5580 et.
991 5527 1033 5558 "
1066 5526 1157 5582 Sic
1179 5526 1296 5593 AC;

1413 5525 1700 5598 ingemiscit
1743 5533 1791 5578 et
1818 5522 2062 5594 parturit.

577 5611 687 5653 om.
720 5594 827 5650 CD.

2082 5311 2103 5342 ²
2131 5307 2225 5363 Sic
2259 5306 2383 5368 CD;
2416 5302 2462 5356 A
2490 5307 2539 5354 et
2574 5298 2890 5355 secundum.

1452 5365 1620 5438 rebus
1635 5365 1896 5448 tina"?
1915 5380 2007 5435 Sic
2032 5377 2228 5450 (ΙΙ)λᾲ
2264 5365 2647 5450 sapientissima
2680 5370 2972 5450 Itumana.“
3003 5368 3103 5450 iet
3128 5381 3260 5450 "om.

1373 5469 1432 5511 ro
1459 5454 1601 5509 Deus
1625 5441 1672 5508 Ᾰ
1702 5455 1913 5507 dicitur.
1989 5452 2010 5485 ⁵
2038 5441 2244 5505 εἰς’οΒ
2283 5464 2297 5513 ;
2326 5441 2376 5499 Ἀ
2398 5456 2541 5498 corr.
2567 5458 2600 5493 a
2637 5441 2826 5509 seipse.
2890 5500 2894 5504 ,
2928 5441 2972 5470 ¹⁹
3002 5441 3096 5492 Sic
3125 5441 3154 5492 ί

1413 5525 1700 5580 inaemiscit
1743 5533 1791 5578 et
1818 5522 2062 5580 parturit.
2173 5518 2218 5550 ¹³
2241 5516 2334 5573 Sic
2375 5513 2501 5577 CD;
2542 5518 2684 5564 terra
2730 5521 2883 5580 atque
2926 5522 3033 5563 om.
3084 5507 3154 5561 A.

2986 5297 3009 5328 ³
3045 5296 3138 5353 Sic
3164 5295 3282 5361 CD;
3305 5294 3351 5349 Α
3373 5302 3687 5349 naturarum
3711 5293 3831 5347 sub-

3008 5368 3103 5397 o...
3149 5381 3236 5397 ,πη
3308 5365 3350 5397 n
3446 5364 3587 5397 τρςι.
3637 5364 3752 5397 nn.
3791 5364 3818 5397 Α

2928 5406 2931 5420 .
3008 5368 3103 5422 'et
3149 5381 3260 5421 om.
3308 5365 3371 5417 D.
3446 5364 3589 5419 'Sic
3637 5364 3827 5425 CD;A

2928 5436 2972 5470 ¹⁶
3002 5436 3096 5492 Sic
3125 5435 3252 5492 Cl):
3306 5437 3349 5488 A
3377 5434 3575 5486 divisis.
3654 5432 3695 5465 ¹⁸
3739 5433 3830 5486 Sic

3238 5476 3252 5500 ’
3267 5476 3424 5559 “HSic
3446 5504 3522 5567 A;
3548 5503 3825 5571 assumpsit

2076 5652 2328 5710 NOTAE.

647 5772 675 5801 ι
703 5761 771 5813 Α.
804 5746 875 5815 au
910 5770 1082 5826 marg.
1123 5728 1308 5810 adscr.
1348 5753 1452 5808 Hic
1501 5752 1786 5826 approbare
1828 5747 2200 5806 adunationem
2224 5744 2455 5801 omnium
2481 5759 2584 5801 non
2611 5742 2782 5801 solum
2808 5741 3171 5814 intelligentia,
3209 5751 3297 5795 sea
3328 5748 3374 5795 et
3402 5738 3569 5808 reipsa
3592 5737 3824 5808 futuram

576 5829 776 5891 incipit.
