4236 6274
420 484 523 539 557
544 540 547 543 η

1252 483 1339 539 DE
1375 483 1713 541 DlVlSlONE
1749 482 2101 542 NATURAE.
2139 513 2211 526 —
2242 481 2446 541 LIBER
2480 482 2865 542 SECUNDUS.

3572 490 3676 547 538

420 601 531 668 ipso
558 608 698 663 sunt,
733 614 956 670 quorum
997 599 1104 668 ipse
1135 596 1381 651 divinitus
1405 597 1693 667 principari
1725 598 1997 653 ordinatus
2023 612 2075 671 Α
2102 614 2194 652 nec
2217 598 2485 652 masculus
2515 613 2608 652 nec
2631 597 2827 665 femina
2854 602 2951 662 est,
3001 597 3251 665 quamvis
3294 597 3348 653 in
3393 598 3511 667 ipso
3547 614 3677 657 sexu

420 700 516 756 est,
544 700 726 745 contra
755 702 996 745 naturam
1024 688 1196 744 volens
1216 689 1519 758 insipienter
1537 690 1613 743 est
1636 698 1809 744 motus
1824 706 1845 755 ,°
1865 706 1926 743 ea
1949 689 2009 743 in

424 780 805 853 adunationem
827 788 1190 848 separatorum
1219 778 1346 832 data
1371 778 1469 832 sibi
1494 778 1726 832 naturali
1751 776 2004 847 potentia,

422 886 513 941 per
531 871 917 940 generationem
950 870 1006 923 in
1052 870 1218 939 ipsam
1244 868 1647 924 adunandorum
1673 870 1840 940 magis
1872 872 2006 924 abu-

420 977 510 1016 sus
537 970 614 1017 est
641 960 1046 1031 separationem.
1063 957 1339 1013 Novantur
1359 967 1598 1025 naturae,
1627 967 1674 1013 et
1692 958 1834 1013 Deus
1853 958 2006 1014 homo

421 1049 505 1120 ﬁt,
536 1060 593 1106 ut
617 1050 883 1107 hominem
918 1049 1181 1121 perditum
1213 1048 1401 1115 soluet;
1432 1058 1479 1103 et
1505 1050 1565 1103 in
1608 1058 1714 1103 toto
1744 1050 2008 1105 universa-

423 1140 543 1194 liter
564 1149 788 1194 naturae
805 1156 899 1210 per
937 1140 1187 1209 seipsum,
1217 1154 1351 1209 quae
1389 1147 1570 1192 contra
1596 1147 1840 1193 naturam
1865 1148 2007 1207 sunt,

423 1232 643 1300 fissuras
671 1230 988 1300 adjungens,
1011 1238 1058 1283 et
1092 1227 1457 1303 uniuersaliter
1488 1243 1688 1294 eorum,
1707 1245 1843 1298 quae
1882 1245 2007 1299 par-

428 1322 525 1374 tita
560 1329 704 1385 sunt,
736 1328 1180 1389 praemonstratas
1208 1318 1457 1384 rationes,
1484 1318 1670 1387 quibus
1699 1317 1813 1388 ipsa
1835 1332 2027 1389 segre-‘

428 1420 671 1482 gatorum
698 1410 818 1479 ﬁeri
848 1409 1104 1464 consuevit
1128 1408 1411 1470 adunatio,
1457 1408 1727 1463 ostendens
1762 1424 2010 1479 magnum

431 1502 706 1556 consilium
730 1501 941 1572 implere
971 1501 1084 1566 Dei,
1124 1509 1171 1553 et
1198 1497 1380 1553 Patris
1410 1501 1465 1554 in
1505 1500 1729 1570 seipsum
1753 1501 2012 1571 recapitu-

433 1593 551 1648 lans
578 1593 779 1658 omnia,
805 1593 859 1646 id
877 1601 971 1655 est,
1004 1590 1326 1661 recolligens,
1355 1609 1490 1662 quae
1528 1592 1582 1646 in
1606 1591 1751 1647 caelo
1787 1600 1930 1659 sunt,
1962 1603 2011 1648 et
2042 1597 2053 1613 '

429 1698 562 1752 quae
583 1683 637 1734 in
658 1691 835 1744 terra;
870 1681 925 1734 in
950 1696 1052 1750 quo
1074 1680 1232 1733 etiam
1268 1691 1446 1734 creata
1470 1690 1612 1734 sunt.
1639 1680 1766 1752 Ipsa
1793 1683 1968 1753 itaque
1992 1683 2010 1713 ί

429 1769 797 1824 universaliter
824 1771 1057 1824 omnium
1088 1771 1160 1823 ad
1193 1771 1421 1840 seipsum
1442 1771 1785 1836 adunatione,
1820 1786 1886 1825 eo:
1915 1787 2010 1825 no-

426 1873 534 1918 stra
565 1864 815 1917 inchoans
854 1864 1109 1925 divisione
1130 1873 1153 1904 ι
1175 1902 1193 1930 ,
1237 1863 1297 1931 ﬁt
1323 1863 1782 1933 perfectushomo,
1819 1879 1884 1918 ea:
1919 1879 2035 1918 no-‘

2106 689 2272 756 virili,
2298 690 2352 744 in
2380 704 2487 758 quo
2511 697 2671 744 natus
2705 696 2785 743 est
2813 703 2881 743 ex
2910 686 3139 758 virgine,
3179 696 3235 743 et
3269 689 3321 741 in
3352 704 3457 758 quo
3483 704 3677 759 passus

2107 774 2237 849 est,
2267 782 2515 851 apparuit
2551 778 2830 849 discipulis
2862 778 2977 834 suis
3032 786 3154 847 post
3200 779 3699 849 resurrectionem,

2108 869 2177 924 ad
2230 869 2654 925 conﬁrmandam
2708 868 3124 924 resurrectionis
3173 882 3303 924 suae
3332 869 3513 926 ﬁdem.
3563 871 3681 928 Non

2067 961 2254 1017 .enim
2293 961 2451 1017 aliter
2489 976 2612 1016 eum
2666 967 3076 1032 cognoscerent,
3135 959 3180 1015 si
3208 970 3391 1016 notam
3439 962 3519 1019 eis
3570 963 3689 1033 for:

2107 1066 2252 1106 mam
2274 1067 2381 1107 non
2397 1051 2672 1118 viderent;
2700 1050 2933 1105 nondum
2949 1049 3213 1119 siquidem
3236 1051 3257 1082 "
3282 1050 3540 1121 Spiritum
3562 1068 3688 1109 san-

2109 1152 2255 1201 ctum
2296 1145 2527 1215 pleniter
2564 1144 2587 1177 ⁸
2627 1151 2949 1213 acceperunt
2985 1142 3030 1208 ’,
3068 1142 3158 1213 qui
3199 1158 3292 1199 eos
3343 1145 3524 1200 docuit
3563 1161 3684 1202 om-

2109 1234 2200 1290 nia
2250 1233 2455 1289 Deinde
2480 1242 2597 1304 post
2620 1234 3073 1290 resurrectionem
3100 1242 3343 1289 nostrum
3357 1237 3540 1291 orbem
3573 1247 3683 1293 ter-

2108 1340 2294 1381 rarum
2320 1325 2570 1396 paradiso
2598 1325 2652 1379 in
2678 1325 2854 1394 seipso
2882 1324 3149 1393 Copulavit
3177 1325 3242 1381 ³⁸.
3278 1323 3413 1380 Nam
3447 1342 3511 1381 ex
3537 1342 3679 1381 mor-

2110 1412 2293 1470 tuis‘in
2332 1413 2644 1483 paradisum
2668 1414 2904 1480 rediens,
2934 1415 2987 1469 in
3016 1415 3120 1470 hoc
3143 1416 3274 1471 orbe
3298 1431 3422 1471 cum
3453 1415 3689 1487 discipu-

2109 1506 2177 1561 lis
2204 1506 2316 1561 suis
2336 1513 2687 1562 conversatus
2707 1517 2810 1573 est,
2836 1508 3128 1564 ostendens
3149 1508 3555 1572 eis.manil‘este,
3581 1525 3687 1565 non

2112 1599 2255 1654 aliud
2290 1612 2410 1652 esse
2431 1595 2737 1664 paradisum
2758 1605 2976 1667 praeter
3002 1598 3414 1655 resurrectionis
3434 1598 3685 1669 gloriam,

2112 1704 2250 1761 quae
2273 1688 2505 1757 primum
2526 1687 2581 1741 in
2603 1701 2670 1742 eo
2682 1689 2948 1757 apparuit,
2970 1698 3025 1743 et
3049 1704 3210 1759 quam
3240 1690 3492 1745 omnibus
3517 1690 3686 1746 fideli-

2110 1780 2212 1836 bus
2246 1779 2358 1834 suis
2407 1779 2630 1834 daturus
2658 1789 2762 1846 est,
2812 1780 3150 1851 docensque,
3201 1790 3442 1837 nostrum
3496 1782 3683 1837 orbem

2114 1879 2379 1925 terrarum
2431 1860 2849 1925 diﬁ‘erentiama
2877 1871 2923 1951 “‘
2950 1873 3200 1942 paradiso
3222 1873 3376 1942 juxta
3420 1875 3685 1930 rationem

430 1955 526 2019 bis,
553 1964 762 2024 propter
790 1971 906 2019 nos,
937 1954 1222 2008 secundum
1254 1970 1348 2007 nos
1372 1954 1549 2007 omnia
1572 1963 1752 2025 nostra
1779 1952 2012 2023 perfecta
2040 1966 2089 2025 B
2114 1977 2158 2016 n;

2114 1970 2342 2016 naturae
2372 1976 2478 2015 non
2507 1960 2705 2016 habere
2734 1972 2793 2027 ας
2820 1977 2924 2017 non
2950 1963 3093 2017 enim
3118 1972 3310 2019 natura
3334 1974 3676 2035 separantur,

431 2046 661 2110 habens;
689 2061 792 2098 non
816 2061 881 2098 ea:
905 2045 1128 2115 nuptiali
1155 2045 1523 2115 consequentia
1545 2061 1566 2109 ;
1591 2060 1685 2112 per
1712 2045 1810 2097 hoc
1841 2052 2011 2098 osten-

429 2137 571 2200 dens,
607 2146 663 2190 ut
691 2137 940 2203 arbitror,
976 2136 1237 2205 quomodo
1259 2145 1371 2189 erat
1403 2145 1451 2189 et
1483 2134 1623 2189 alius
1651 2134 1838 2189 modus
1886 2150 2039 2204 pro~.

428 2226 719 2295 pagationis
746 2225 1014 2280 hominum
1038 2227 1094 2279 in
1124 2225 1506 2280 multitudinem
1561 2225 1666 2279 Deo
1705 2225 2010 2296 praecogni-

432 2323 537 2379 tus,
584 2316 627 2369 si
656 2300 963 2369 mandatum
988 2315 1186 2384 primus
1217 2317 1370 2370 homo
1406 2315 1709 2380 custodiret,
1742 2317 1895 2385 inque
1920 2331 2009 2384 pe-

434 2404 771 2459 cudalitatem
815 2394 1039 2475 seipsum
1064 2423 1121 2460 eo
1156 2407 1328 2469 modo,
1358 2409 1445 2476 qui
1467 2417 1542 2461 est
1572 2423 1662 2477 per
1685 2407 2008 2470 abusionem,

432 2498 660 2566 propriis
704 2500 945 2567 potentiis
976 2516 1080 2553 non
1126 2499 1388 2569 dejiceret,
1413 2500 1466 2552 in
1488 2501 1657 2569 ipsam
1682 2501 2010 2563 secundum,3

434 2586 728 2640 masculum
774 2596 822 2641 et
880 2587 1129 2657 feminam
1169 2589 1518 2658 diﬁ'erentiam
1562 2598 1612 2644 et
1656 2589 1960 2645 divisionem
1988 2590 2010 2622 ‘

433 2688 655 2732 naturae
695 2688 947 2733 retrusus.
996 2679 1157 2750 Cujus
1190 2690 1247 2733 ut
1291 2680 1470 2749 ﬁeret.
1517 2681 1650 2735 sicut
1676 2682 1806 2748 dixi,
1855 2683 2008 2737 homo

432 2783 535 2819 non
574 2768 787 2822 omnino
814 2768 1118 2839 indigebat,
1168 2769 1280 2823 sine
1330 2769 1516 2845 quibus
1543 2780 1713 2824 autem
1738 2787 1866 2826 esse
1899 2771 2011 2839 for-

433 2857 588 2911 tassis
613 2867 685 2911 est
699 2859 961 2928 possibile,
984 2861 1110 2914 haec
1134 2860 1190 2913 in
1218 2870 1520 2930 perpetuum
1546 2877 1649 2915 non
1677 2877 1875 2915 necesse
1892 2878 2007 2916 ma-

436 2959 588 3010 nere;
615 2947 670 3000 in
693 2945 899 3002 Christo
923 2949 1061 3003 enim
1086 2949 1237 3016 Jesu,
1286 2950 1453 3021 inquit
1482 2950 1682 3006 divinus
1704 2948 2006 3022 Apostolus,

440 3049 603 3105 neque
629 3036 892 3092 masculus
918 3046 993 3091 est
1023 3054 1182 3109 neque
1209 3038 1425 3108 femina.

514 3125 600 3179 10.
643 3126 898 3194 Videsne,
950 3138 1205 3198 quantum
1234 3129 1508 3184 divisionis
1555 3130 1819 3185 humanae
1850 3139 2006 3186 natu-

442 3230 535 3271 rae
564 3231 777 3272 causam
822 3220 886 3273 ad
916 3228 1193 3289 peccatum
1220 3220 1381 3290 primi
1409 3221 1637 3276 hominis
1663 3222 2004 3297 referendam

438 3320 557 3359 esse
589 3306 864 3362 inculcat?
915 3307 1043 3363 Sine
1079 3309 1261 3379 quibus
1309 3310 1463 3377 enim,
1515 3311 1715 3380 inquit,
1744 3328 1856 3366 esse
1901 3311 2007 3381 {or-
2035 3329 2080 3391 ρ

436 3397 590 3451 tassis
637 3407 714 3452 est
756 3398 999 3466 possibile
1048 3399 1091 3467 ⁸,
1132 3401 1257 3455 haec
1307 3402 1362 3456 in
1413 3412 1713 3472 perpetuum
1767 3419 1873 3457 non
1924 3419 2013 3457 ne-

433 3503 569 3541 cesse
596 3504 824 3543 manere.
861 3489 940 3544 Ac
985 3490 1031 3544 si
1070 3499 1254 3561 aperte
1283 3491 1504 3557 diceret,
1531 3493 1806 3562 quoniam,
1840 3493 1883 3547 si
1908 3493 2007 3548 ho—

436 3595 521 3634 mo
573 3597 679 3636 non
727 3592 998 3652 peccaret,
1050 3585 1249 3655 absque
1300 3586 1564 3642 divisione
1602 3602 1733 3643 suae
1785 3598 2010 3645 naturae

433 3688 748 3742 permanere
801 3686 1034 3755 poterat.
1095 3678 1213 3734 Non
1248 3680 1393 3735 enim
1445 3682 1547 3736 hoc
1607 3681 1656 3736 ei
1697 3695 1764 3736 ex
1818 3690 2011 3737 natura

436 3774 688 3839 accessit,
744 3777 838 3830 sed
864 3793 932 3832 ex
982 3777 1181 3834 delicto
1224 3779 1473 3847 contigit.
1513 3777 1661 3845 Quae
1712 3778 1876 3849 igitur
1914 3794 2008 3835 ne—

437 3866 666 3921 cessitas
719 3869 877 3939 cogit,
908 3878 962 3924 ut
991 3879 1115 3938 post
1141 3871 1523 3926 adunationem
1560 3880 1784 3927 naturae
1813 3872 1866 3925 in
1896 3871 2009 3942 pri-

439 3962 638 4018 stinam
672 3964 754 4019 sui
789 3965 1100 4035 dignitatem
1158 3966 1249 4021 illa
1302 3966 1496 4023 divisio
1528 3967 1887 4036 permaneat?
1936 3965 2008 4021 Ut

435 4054 583 4108 cnim
636 4064 762 4110 ante
814 4066 1090 4125 peccatum
1129 4059 1304 4128 potuit
1349 4073 1414 4113 ea
1461 4073 1668 4124 carere,
1699 4059 1773 4113 ita
1809 4059 2010 4129 poterit

433 4155 558 4215 post
580 4144 697 4214 ejus
748 4147 1257 4220 redintegrationem
1285 4151 1628 4207 aeterualiter
1668 4166 2006 4222 permanere.

437 4233 541 4291 Sed
571 4254 638 4293 ne
661 4253 761 4309 per
784 4240 997 4312 singula
1042 4242 1213 4313 ipsius
1249 4259 1543 4314 persequar
1571 4244 1593 4276 ⁸
1621 4258 1919 4309 sermones,
1951 4243 2005 4299 in

435 4327 629 4396 quibus
644 4331 987 4400 apertissime
1001 4333 1191 4389 edocet
1212 4334 1594 4390 adunationem
1618 4335 1783 4389 totius
1798 4342 2010 4389 creatu-

436 4433 554 4483 rae,
579 4435 715 4489 quae
738 4423 792 4477 in
820 4423 999 4493 primo
1020 4424 1236 4481 homine
1262 4426 1435 4492 fleret,
1458 4427 1503 4482 si
1529 4442 1634 4482 non
1656 4434 1930 4496 peccaret,
1953 4426 2006 4481 in

437 4508 655 4568 Cbristo
700 4525 1012 4587 resurgente
1046 4528 1171 4573 ante
1224 4535 1413 4576 omnes
1436 4534 1533 4589 per
1553 4520 1735 4575 omnia
1783 4518 2003 4585 factam,

435 4617 605 4671 pauca
632 4605 698 4661 de
722 4606 968 4676 pluribus
993 4611 1293 4680 praesentis
1321 4611 1700 4682 disputationis
1728 4611 1902 4682 gratia
1925 4612 2018 4665 in-'

2115 2053 2208 2107 sed
2222 2051 2574 2121 qualitatibus
2592 2060 2647 2107 et
2663 2054 2704 2084 ¹²
2718 2053 3125 2122 quantitatibus,
3144 2055 3444 2125 ceterisque
3456 2056 3678 2111 varieta-

2114 2143 2281 2210 tibus,
2308 2158 2447 2213 quae
2467 2152 2686 2214 propter
2708 2155 2989 2216 peccatum
3011 2145 3261 2217 generale
3289 2146 3554 2217 generalis
3580 2147 3684 2202 hu-
3714 2142 3717 2145 ’

2112 2249 2306 2290 manae
2354 2243 2579 2291 naturae
2602 2238 2668 2291 ad
2718 2251 2945 2306 poenam
2975 2238 3108 2307 ejus,
3141 2238 3306 2294 immo
3334 2238 3497 2294 etiam
3545 2239 3595 2274 ⁸³
3621 2239 3688 2293 ad

2112 2325 2503 2382 correctionem
2528 2334 2584 2381 et
2627 2328 3068 2384 exercitationem
3100 2329 3229 2384 huic
3264 2337 3445 2385 terrae
3470 2328 3683 2385 habita-

2110 2417 2204 2471 blli
2235 2417 2581 2485 superaddita
2614 2427 2739 2473 sunt
2790 2418 2809 2473 ε’
2833 2428 2888 2474 et
2913 2419 3168 2490 quoniam
3197 2435 3303 2476 una
3353 2428 3532 2484 terra,
3562 2420 3686 2474 dum

2111 2507 2179 2561 ad
2232 2507 2465 2576 seipsam
2519 2509 2888 2576 constituitur,
2943 2510 3320 2581 inseparabilis
3355 2520 3458 2577 est,
3512 2512 3687 2582 ipsam

2110 2608 2335 2655 naturae
2380 2601 2667 2667 rationem,
2703 2602 2757 2656 in
2786 2617 2892 2672 qua
2926 2611 3031 2669 est,
3068 2602 3293 2659 liberam
3344 2604 3608 2659 divisione
3641 2604 3684 2635 "

2110 2693 2401 2747 secundum
2446 2691 2801 2747 diﬂ‘erentiam
2834 2693 3084 2759 salvans;
3119 2709 3227 2749 non
3272 2693 3417 2749 enim
3444 2694 3584 2749 mole
3638 2694 3683 2726 "

2109 2783 2192 2837 vel
2221 2783 2411 2854 Spatiis
2466 2783 2792 2838 discernitur
2838 2783 3123 2853 paradisus
3148 2784 3217 2838 ab
3245 2784 3351 2841 ista
3403 2783 3688 2839 habitabili

2108 2878 2240 2931 orbe
2271 2885 2564 2942 terrarum,
2594 2877 2687 2932 sed
2715 2877 3026 2932 diversitate
3059 2878 3507 2945 conversationis,
3540 2878 3689 2934 diile—
3718 2886 3722 2890 “

2107 2969 2389 3038 rentiaque
2414 2968 2779 3025 beatitudinis.
2805 2968 2939 3023 Nam
2968 2978 3024 3025 et
3057 2970 3264 3040 primus
3287 2970 3469 3036 homo,
3501 2972 3545 3027 si
3580 2987 3687 3027 non

2107 3067 2375 3128 peccaret,
2427 3058 2657 3114 feliciter
2708 3060 2762 3114 in
2809 3060 2939 3115 orbe
2969 3070 3238 3116 terrarum
3268 3062 3451 3117 vivere
3479 3074 3683 3132 posset,

2111 3151 2519 3221 quoniamuna
2565 3142 2861 3223 eademque
2914 3152 3054 3207 ratio
3088 3160 3171 3208 est
3212 3154 3265 3207 in
3304 3153 3691 3224 principalibus

2110 3243 2291 3300 causis
2313 3243 2462 3300 orbis
2488 3253 2755 3300 terrarum
2782 3252 2837 3301 et
2860 3244 3094 3316 paradisi
3118 3244 3185 3298 ’⁸.
3215 3243 3367 3312 Quod
3415 3246 3690 3315 apertissi-

2111 3349 2198 3389 me
2227 3335 2269 3367 "
2309 3334 2367 3390 in
2400 3335 2576 3406 seipse
2602 3334 2860 3390 Dominus
2886 3335 2931 3367 ¹⁸
2961 3345 3145 3391 noster
3168 3344 3291 3405 post
3321 3336 3676 3392 resurrectio-

2113 3440 2236 3481 nem
2267 3425 2663 3493 manifestavit;
2716 3426 2876 3482 simul
2920 3426 3064 3482 enim
3091 3436 3146 3482 et
3176 3428 3230 3483 in
3267 3429 3518 3499 paradiso
3545 3438 3688 3495 erat,
3722 3434 3731 3441 ‘

2112 3525 2168 3572 et
2194 3517 2249 3572 in
2298 3518 2400 3574 hac
2429 3526 2574 3574 terra
2603 3524 2658 3574 et
2698 3533 2821 3575 cum
2877 3517 3148 3590 diScipulis
3194 3519 3309 3575 suis
3352 3521 3393 3554 ³⁸
3442 3529 3686 3575 moratus

2110 3618 2216 3665 est.
3464 3617 3481 3657 ρ

2181 3701 2268 3755 ll.
2300 3701 2416 3758 Non
2450 3703 2596 3758 enim
2625 3703 2951 3759 credendum
2978 3711 3083 3770 est,
3106 3703 3326 3760 aliunde
3369 3706 3585 3761 venisse
3619 3704 3690 3760 lo-

2111 3791 2318 3857 caliter,
2351 3803 2411 3849 ut
2445 3796 2558 3850 suis
2585 3794 2862 3864 discipulis
2890 3804 3194 3866 appareret,
3225 3804 3280 3851 et
3314 3794 3572 3852 aliorsum
3600 3810 3689 3850 re-

2110 3884 2356 3950 cessisse,
2388 3885 2606 3954 quando
2653 3884 2701 3917 "
2749 3900 2857 3940 non
2886 3888 3199 3955 apparebat,
3227 3885 3317 3955 qui
3360 3894 3485 3956 post
3506 3901 3688 3941 resur-

2109 3971 2406 4027 rectionem
2462 3981 2712 4026 naturam
2768 3973 3009 4029 locorum
3044 3990 3109 4028 ac
3158 3975 3200 4008 ²¹
3245 3981 3546 4040 temporum
3580 3989 3692 4027 non

2111 4053 2282 4114 solum
2334 4058 2634 4124 divinitate,
2690 4074 2877 4115 verum
2933 4062 3094 4115 etiam
3122 4060 3461 4115 humanitate
3510 4059 3688 4114 fuerat

2110 4163 2509 4219 supergressus.
2536 4149 2845 4219 Spiritualia
2863 4150 3129 4219 siquidem
3154 4163 3381 4217 corpora
3404 4148 3524 4204 loco
3554 4156 3691 4203 tem-

2108 4255 2307 4312 poreve
2335 4241 2383 4273 ³¹
2411 4240 2647 4295 coartari
2692 4254 2799 4295 non
2849 4238 3005 4294 facile
3034 4237 3378 4302 crediderim,
3424 4236 3689 4308 quemad-

2108 4335 2326 4390 modum
2380 4348 2554 4404 neque
2604 4333 2988 4405 qualitatibus,
3042 4330 3536 4403 quantitatibnsve,
3592 4344 3689 4385 seu

2060 4482 2065 4487 ,
2109 4425 2335 4497 alicujus
2362 4425 2567 4481 formae
2602 4424 3052 4494 descriptionibus
3091 4422 3323 4487 variari;
3349 4421 3691 4491 simplicissi-

2110 4534 2232 4574 mae
2281 4510 2435 4576 enim
2480 4528 2706 4574 naturae
2734 4525 2885 4572 sunt.
2916 4515 3068 4584 Quod
3099 4513 3336 4570 maxime
3373 4522 3692 4583 argumento

2108 4609 2230 4680 puri
2262 4609 2405 4680 ignis
2452 4608 2742 4678 colligitur,
2775 4607 2890 4676 qui,
2918 4606 3045 4661 dum
3072 4619 3171 4675 per
3192 4593 3373 4659 o‘mnia
3420 4603 3692 4661 sensibilis

436 4696 734 4752 troducam.
765 4698 952 4755 Primo
978 4700 1143 4770 igitur
1174 4702 1452 4757 Dominum
1468 4680 1658 4758 desum
1688 4680 2004 4757 divisionem
2034 4692 2085 4752 D
2111 4699 2294 4755 mundi
2320 4686 2906 4769 corpora'dill‘unditur,
2939 4706 3119 4753 tantae
3146 4696 3458 4752 subtilitatis
3494 4706 3597 4763 est,
3631 4706 3691 4753 ut

434 4795 678 4852 naturae,
734 4788 789 4843 id
843 4798 945 4857 est,
1001 4792 1297 4846 masculum
1339 4803 1394 4848 et
1443 4792 1694 4849 feminam
1724 4794 1780 4848 in
1828 4793 2006 4862 seipso

438 4875 698 4933 adunasse
721 4881 952 4947 edocet;
978 4898 1082 4937 non
1111 4884 1256 4939 enim
1281 4883 1337 4938 in
1365 4898 1494 4940 sexu
1519 4899 1801 4954 corporeo,
1831 4884 1924 4940 sed
1952 4884 2007 4938 in

440 4960 654 5023 homine
687 4977 896 5027 tantum
953 4975 1201 5045 surrexit
1232 4991 1299 5032 ex
1327 4976 1579 5043 mortuis,
1606 4977 1664 5030 in
1718 4977 1830 5046 ipso
1864 4974 2009 5029 enim

2114 4790 2259 4846 nullo
2289 4791 2407 4847 loco
2427 4791 2754 4856 detineatur,
2778 4798 2832 4846 et
2853 4799 3026 4846 tamen
3068 4791 3120 4844 in
3144 4789 3395 4845 omnibus
3422 4789 3693 4860 operatio-

2114 4896 2237 4936 nem
2260 4896 2411 4936 suam
2435 4879 2781 4936 manifestare
2805 4880 3154 4951 dignoscitur.
3204 4877 3310 4935 Sed
3332 4894 3440 4935 uno
3473 4879 3692 4935 eodem-

2116 4988 2222 5044 que
2278 4982 2540 5044 tempore,
2577 4987 2685 5029 uno
2712 4973 3011 5044 eodemque
3057 4971 3181 5027 loco
3205 4970 3275 5027 ad
3300 4978 3512 5041 tempus
3542 4970 3622 5025 eis
3642 4970 3689 5002 ”

1713 5105 1968 5164 unus
2003 5104 2425 5194 Lscrlonss-

516 5241 533 5273 ³
580 5239 674 5296 Sic
879 5246 924 5320 ᾼ
972 5265 1212 5320 namque.

435 5311 601 5401 titione.
662 5381 676 5401 ἱ
706 5312 729 5344 ⁸
754 5314 843 5370 Sic
873 5316 960 5399 QD
986 5335 1000 5384 ;
1106 5311 1116 5320 ’
1134 5319 1401 5401 fortassis_
1414 5327 1489 5401 est
1525 5311 1765 5401 possibile
1786 5335 1915 5401 esse.

434 5378 479 5432 D
534 5381 770 5459 nondum
810 5389 963 5459 enim,
988 5378 1283 5459 :siqnident.
1322 5458 1329 5459 ί
1380 5387 1402 5417 ³
1433 5378 1668 5459 Sic'pD;
1697 5388 1739 5459 Α
1767 5386 1994 5457 plenum.

435 5466 542 5525 om:
570 5451 631 5506 C.
662 5523 673 5525 Α
724 5456 767 5486 ³³
804 5455 899 5511 Sic
942 5451 1144 5525 AD;'et
1169 5473 1276 5512 oni.
1307 5458 1371 5512 A.

438 5519 573 5599 mole
595 5523 697 5577 vel.
785 5525 949 5599 "_Sic
973 5519 1080 5594 CD;
1123 5529 1164 5582 A
1191 5528 1458 5599 paradiso.

438 5587 514 5655 C;
541 5591 582 5644 Δ
603 5610 787 5663 quum,
818 5597 863 5649 D
894 5587 1158 5666 quoniam.

1322 5249 1345 5281 ³
1381 5247 1473 5303 Sic
1515 5248 1636 5314 CD;
1693 5246 1740 5302 A
1797 5248 2102 5303 diversione.
2215 5246 2237 5277 ³
2273 5246 2317 5300 Α
2353 5246 2526 5315 ipsam
2573 5253 2621 5299 et
2670 5259 2803 5301 sectr

1322 5320 1376 5372 :is
1414 5327 1489 5371 est
1525 5317 1765 5387 possibile
1786 5335 1915 5373 esse.
2019 5314 2043 5348 ⁸
2065 5315 2156 5370 Sic
2180 5315 2304 5381 CD;
2342 5315 2381 5368 A
2414 5332 2803 5385 persequamur.

1380 5387 1402 5415 Β
1433 5386 1523 5415 ρει.
1551 5386 1665 5415 μη.
1706 5388 1729 5415 Δ
1767 5386 1972 5415 ,ΛΑ-...α-
2090 5385 2111 5415 ο
2139 5385 2227 5415 ρει.
2270 5384 2396 5415 ann
2524 5385 2565 5415 ιο
2593 5386 2679 5415 Qin
2704 5384 2790 5415 Dn

1466 5384 1533 5442 μεθ’
1551 5386 1668 5451 CD;
1697 5388 1739 5440 A
1767 5386 1994 5457 plenum.
2090 5385 2111 5415 ⁹
2139 5385 2229 5441 Sic
2261 5384 2421 5439 ACD.
2524 5384 2681 5439 “Sic
2704 5384 2790 5438 CD
2835 5401 2849 5449 ;
2878 5384 2919 5437 A
2952 5384 3047 5438 coll

1466 5459 1512 5490 ¹⁸
1540 5456 1630 5512 Sic
1674 5458 1804 5520 AD;
1836 5459 1991 5511 etiam
2022 5472 2128 5509 om.
2162 5457 2224 5510 A.
2305 5454 2348 5486 “
2373 5454 2463 5509 Sic
2491 5454 2551 5521 C;
2595 5455 2683 5507 AD
2725 5454 3047 5507 divisionem.

1554 5528 1594 5559 ³⁷
1622 5527 1713 5583 Sic
1738 5516 1856 5591 CD;
1882 5527 1927 5581 Α
1950 5527 2235 5592 aptissime.
2312 5526 2358 5557 ¹¹⁸
2384 5524 2474 5579 Sic
2503 5516 2622 5590 CD;
2673 5523 2709 5592 Α
2745 5522 2898 5592 Deus.
2974 5522 3015 5592 ξε
3044 5521 3153 5574 suis
3177 5535 3285 5592 om.
3330 5520 3443 5575 AD.
3520 5518 3565 5550 ¹⁰
3597 5516 3689 5573 Sic

1271 5600 1411 5654 "Sic
1440 5598 1557 5661 CD;
1584 5598 1628 5652 A
1657 5608 1722 5652 et.
1795 5590 1951 5652 “Sic
1976 5590 2093 5661 CD;
2136 5596 2182 5650 A
2229 5605 2570 5665 temporcque.
2648 5591 2693 5622 ³³
2721 5590 2811 5646 Sic
2832 5591 2913 5658 C;
2947 5590 3022 5646 eis
3046 5605 3156 5645 om.
3182 5590 3294 5645 AD.

2215 5244 2249 5318 '_
2273 5246 2317 5300 A
2353 5245 2526 5318 ipsam
2573 5253 2621 5299 et
2670 5245 3008 5318 secundum;
3078 5242 3117 5318 Af
3155 5241 3247 5318 Sic
3291 5239 3411 5318 CD‘;
3457 5238 3505 5294 A
3550 5236 3685 5318 divi-

2904 5316 2924 5347 "
2955 5314 3108 5391 Sict}
3133 5329 3147 5378 ;
3176 5313 3221 5366 A
3248 5308 3483 5391 luendum
3508 5308 3688 5391 enim;

2524 5378 2681 5439 1"'Sic
2704 5384 2790 5464 CD
2816 5384 2919 5465 .;.A
2952 5384 3221 5453 colligant.
3282 5380 3352 5462 .“
3377 5379 3467 5464 Sic
3495 5378 3617 5442 AD;
3658 5394 3690 5429 a

2524 5456 2551 5514 ἒς
2595 5455 2683 5507 AD
2725 5454 3047 5507 divisionem.
3146 5452 3189 5483 ⁸⁵
3239 5450 3330 5505 Sic
3354 5449 3473 5514 (.D;
3512 5449 3558 5502 A
3614 5445 3690 5501 uel

1954 5707 2190 5766 NOTAE

510 5808 533 5836 ⁸
558 5796 675 5872 C_ad
705 5816 883 5872 marg.
918 5801 1092 5856 adscr.
1128 5819 1141 5856 :
1174 5801 1275 5858 llic
1296 5803 1453 5856 datur
1476 5800 1711 5871 intelligi,
1737 5799 1884 5854 aliud
1911 5817 2019 5855 esse

442 5868 744 5926 earadisum
780 5868 988 5929 praeter
1012 5873 1296 5928 humanam
1335 5882 1577 5931 naturam
1605 5868 1724 5928 ante
1753 5881 2017 5929 peccatum

2127 5811 2173 5855 et
2197 5802 2504 5870 condignam
2530 5795 2629 5853 sibi
2655 5794 2968 5866 sensibilcm,
2999 5796 3046 5852 si
3077 5812 3179 5852 non
3201 5804 3454 5867 peccaret,
3481 5802 3688 5848 creati:-

2125 5887 2256 5926 ram.
