4236 6274
1894 396 2179 457 JOANNIS
2213 398 2411 456 800T!

3668 390 3772 449 5ᾉο

519 515 811 593 apparebat
842 529 897 593 in
924 526 990 569 ea
1028 512 1219 580 forma,
1247 514 1304 571 in
1345 529 1450 585 qua
1477 529 1665 586 passus
1696 513 1895 579 fuerat,
1926 521 1988 568 ut
2025 513 2086 568 ῆ-
2109 513 2169 575 Αη
2188 512 2438 571 in,Deum
2465 519 2520 566 et
2545 510 2597 565 in
2623 509 2996 580 primordiales
3021 508 3219 565 causas
3267 523 3394 565 suas
3418 514 3463 575 ⁸,
3495 510 3548 565 in
3580 513 3776 581 quibus

517 604 637 658 dem
671 603 880 658 illorum
911 603 1163 670 nutriret,
1214 604 1387 661 donec
1417 618 1579 659 verae
1607 602 1937 675 cognitionis
1983 603 2088 658 vir-

519 702 683 747 tutem
730 694 769 758 ί,
824 708 927 763 qua
957 694 1299 764 postmodum
1354 693 1561 765 perfusi
1587 696 1609 727 ²
1639 705 1784 761 sunt,
1824 693 2095 749 illumina-

516 770 724 861 reutur.
753 784 820 857 Et
841 793 1060 853 peracto
1079 792 1488 841 momentaneae
1517 786 1871 857 apparitionis
1894 786 2095 857 spatio,

518 890 643 928 mox
698 873 753 928 in
785 874 805 905 ³
846 873 1263 930 intellectualem
1320 874 1750 945 invisibilemquc
1797 875 2094 946 spiritualis

516 964 760 1035 corporis
804 966 1048 1040 ἀορασέαν
1070 1004 1086 1029 ,
1118 965 1171 1021 id
1221 974 1304 1019 est
1332 963 1782 1029 invisibilitatem,
1813 981 1953 1035 quae
1978 980 2094 1020 om-

516 1064 864 1125 ue-tempus,
893 1063 953 1108 ut
980 1055 1366 1124 praediximus,
1418 1069 1743 1125 omnemque
1792 1054 1970 1108 locum
1999 1070 2091 1110 su-

516 1152 694 1213 perat,
746 1143 955 1199 redibat
987 1161 1001 1197 :
1035 1144 1118 1203 vel
1145 1148 1285 1216 quod
1351 1146 1668 1202 credibilius
1697 1158 1817 1200 esse
1858 1145 2092 1213 videtur,

518 1236 664 1294 nullo
699 1238 859 1295 modo
904 1251 971 1293 ea
997 1238 1406 1293 resurrectionis
1440 1238 1610 1309 gloria
1663 1238 1804 1303 loco,
1848 1237 1933 1294 vel
1961 1247 2096 1295 tem-

517 1342 670 1399 pore,
708 1326 793 1383 vel
818 1327 1141 1405 quantitate,
1169 1327 1493 1399 qualitateve
1506 1328 1783 1395 recedens,
1811 1327 1896 1383 his
1919 1327 2093 1398 siqui-

519 1416 640 1474 deni
670 1418 920 1485 omnibus
955 1417 1257 1489 spiritualia
1288 1432 1517 1489 corpora
1545 1432 1753 1485 carere,
1783 1433 1944 1474 nemo
2000 1419 2094 1487 qui

522 1508 731 1563 dubitat
746 1507 788 1573 ‘,
816 1508 870 1562 in
892 1522 955 1563 ea
983 1507 1178 1574 forma,
1203 1522 1308 1579 qua
1330 1508 1792 1579 mundoapparuit
1809 1508 1863 1563 in
1891 1508 2093 1565 mundo

516 1586 726 1665 virens,
755 1614 856 1675 pro
878 1599 1062 1675 mundi
1103 1599 1275 1655 salute
1304 1609 1427 1670 post
1452 1598 1902 1657 resurrectionem
1932 1599 2092 1656 disci-

516 1690 657 1759 pulis
680 1691 793 1745 suis
821 1690 1059 1761 seipsum
1102 1689 1509 1763 manifestabat.
1537 1690 1654 1747 Non
1681 1692 1825 1749 enim
1856 1694 2090 1748 humana

516 1779 858 1834 ratiocinatio
903 1780 1196 1857 praevalet,
1251 1781 1351 1836 ubi-
1384 1782 1563 1858 divina
1604 1784 1842 1856 potentia
1891 1786 2091 1843 solum-

2193 604 2516 660 naturaliter
2537 602 2802 670 subsistit,
2832 602 3085 658 reditum.

2262 692 2347 751 ιε
2381 695 2616 761 Etenim,
2646 702 2705 749 ut
2728 694 2862 748 ratio
2889 693 3081 747 edocet
3107 692 3175 758 ιθ,
3210 691 3440 755 mundus
3469 692 3570 748 iste
3598 693 3651 748 in
3677 710 3772 750 va-

2191 786 2303 841 rias
2336 786 2723 855 sensibilesquc
2752 785 2973 855 species,
3006 784 3353 852 diversasque
3388 785 3619 853 partium
3652 801 3772 844 sua-

2192 891 2313 931 rum
2340 875 2766 945 multiplicitates
2800 890 2906 930 non
2950 881 3287 942 erumperet,
3323 873 3367 927 si
3414 874 3552 929 Deus
3586 890 3771 931 casum

2192 975 2250 1022 et
2275 966 2554 1022 interitum
2592 966 2756 1035 primi
2799 964 3055 1030 hominis,
3084 964 3347 1020 unitatem
3389 975 3516 1020 suae
3546 975 3770 1022 naturae

2192 1055 2514 1120 deserentis,
2556 1070 2662 1111 non
2707 1054 3069 1125 praevideret,
3098 1062 3160 1109 ut
3184 1055 3379 1110 saltem
3416 1064 3535 1124 post
3562 1057 3765 1111 ruinam

2192 1161 2348 1201 suam
2376 1146 2445 1201 de
2470 1146 2840 1216 spiritualibus
2882 1146 2950 1201 ad
2993 1146 3317 1216 corporalia,
3342 1147 3408 1202 de
3443 1150 3677 1203 aeternis
3702 1150 3774 1205 ad

2193 1237 2535 1307 temporalia;
2568 1237 2636 1291 de
2670 1235 3166 1306 ineorruptibilibus
3193 1238 3260 1292 ad
3287 1240 3511 1303 caduca,
3540 1238 3607 1293 de
3633 1254 3773 1294 sum-

2193 1328 2298 1383 mis
2322 1329 2390 1383 ad
2417 1329 2545 1395 ima,
2575 1343 2604 1382 a
2636 1328 2902 1398 sptrituali
2930 1329 3146 1384 homine
3178 1330 3232 1384 in
3258 1330 3566 1397 animalem,
3595 1332 3773 1386 a‘sim-

2192 1420 2318 1490 plici
2374 1430 2566 1475 natura
2618 1421 2687 1476 ad
2736 1434 2962 1476 sexuum
3012 1420 3355 1489 divisionem,
3415 1438 3483 1478 ex
3536 1423 3773 1494 angelica

2179 1509 2453 1580 ‘dignitate
2494 1521 2553 1566 et
2575 1511 3022 1584 multiplicatione
3050 1513 3118 1568 ad
3158 1515 3468 1583 pecoriuam
3498 1518 3775 1569 contunie-

2193 1598 2492 1686 li'osamque
2518 1602 3357 1673 corruptibiiemque'seuundum'
3384 1605 3582 1673 corpus
3612 1616 3773 1674 gene-

2191 1688 2478 1757 rationem,
2523 1706 2679 1746 suum
2727 1692 3087 1747 miserabilem
3136 1692 3409 1746 interitum
3451 1691 3544 1746 tali
3597 1693 3776 1762 poena'

2193 1781 2500 1839 admonitus
2534 1793 2905 1855 cognosceret,
2933 1792 2990 1840 et
3020 1784 3099 1839 ad'
3119 1794 3248 1840 suae
3284 1784 3557 1855 dignitatis
3590 1784 3774 1854 pristi-

514 1872 674 1926 modo
704 1870 885 1941 pollet.
908 1869 1067 1926 Nam
1115 1873 1260 1944 quod
1305 1872 1423 1944 ipse
1451 1875 1526 1930 ait
1571 1893 1584 1929 :
1630 1874 1765 1931 Ecce
1792 1892 1883 1947 ego
1914 1876 2085 1933 vobis-
2115 1873 2164 1935 B
2190 1886 2322 1927 num
2352 1881 2551 1929 statum
2594 1875 2937 1945 paenitendo,
2984 1875 3399 1944 superbiamque
3424 1875 3770 1945 suam'depo-

514 1978 632 2016 cum
666 1979 782 2019 sum
821 1963 1055 2019 omnibus
1084 1963 1267 2019 diebus
1294 1982 1453 2037 usque
1495 1966 1565 2021 ad
1595 1968 2086 2024 consummationem

512 2052 694 2121 seculi,
723 2054 853 2110 satis
873 2069 936 2111 ac
960 2054 1117 2126 plane
1137 2056 1359 2124 indicat,
1384 2057 1559 2128 ipsum
1581 2072 1688 2114 non
1707 2058 1878 2115 solum
1899 2073 2088 2124 secun-

513 2144 641 2199 dum
666 2144 904 2209 verbum,
939 2160 1045 2214 quo
1070 2146 1253 2204 omnia
1285 2147 1492 2219 implet,
1520 2158 1578 2205 et
1596 2164 1758 2220 super
1777 2150 1959 2206 omnia
1981 2161 2086 2217 est,

511 2247 701 2288 verum
738 2234 901 2309 etiam
935 2235 1228 2292 secundum
1258 2252 1496 2305 carnem,
1530 2253 1691 2308 quam
1734 2240 1788 2294 in
1828 2239 2086 2295 unitatem

512 2338 644 2379 suae
672 2322 1005 2383 substantiae
1026 2325 1110 2381 vel
1140 2342 1403 2397 personae
1425 2330 1653 2401 accepit,
1674 2338 1729 2385 et
1749 2344 1813 2384 ex
1861 2330 2090 2386 mortuis

513 2404 818 2480 suscitavit,
835 2415 961 2470 etin
986 2414 1152 2471 Deum
1170 2418 1564 2485 transmutavit,
1589 2432 1800 2491 semper
1818 2425 1872 2475 et
1895 2419 2092 2490 ubique

512 2516 654 2570 esse,
685 2496 793 2557 non
829 2494 1003 2560 tamen
1030 2492 1271 2577 localiter
1297 2521 1395 2563 seu
1433 2507 1814 2578 temporaliter,
1854 2522 1957 2564 nec
1983 2508 2090 2566 ullo

512 2595 675 2652 modo
701 2596 1189 2668 circumscriptum.
1222 2597 1454 2658 Mirabili
1475 2600 1738 2672 siquidem
1758 2609 1813 2658 et
1835 2600 2091 2658 ineﬂ‘abili

513 2690 675 2775 modo
724 2700 779 2747 et
830 2706 991 2775 super
1035 2707 1224 2750 omnes
1251 2694 1512 2751 caelestes
1555 2696 1838 2763 essentias,
1887 2705 2089 2751 etcum

512 2784 672 2842 Patre
699 2796 781 2841 est
810 2787 1101 2844 secundum
1126 2787 1537 2857 humanitatem,
1565 2805 1703 2860 quae
1728 2788 2093 2847 VerboPatris

515 2876 751 2961 adunata
779 2888 879 2945 est,
920 2887 974 2937 et
1000 2881 1143 2937 Deus
1169 2890 1275 2949 est,
1303 2890 1359 2937 et
1394 2883 1589 2953 ubique
1625 2881 1763 2954 regit
1806 2881 2087 2961 mundum,

515 2980 572 3026 et
600 2958 942 3043 diligentibus
987 2988 1069 3041 se,
1115 2972 1229 3029 sive
1274 2974 1638 3040 invisibiliter,
1669 2974 1782 3029 sive
1811 2958 2093 3030 visibiliter

515 3073 763 3139 apparet,
807 3067 1012 3139 caelum
1043 3083 1151 3123 non
1202 3066 1404 3124 deserit
1443 3076 1498 3123 et
1524 3068 1782 3123 mundum
1821 3069 1987 3138 regit,
2023 3068 2092 3123 ad

515 3149 763 3214 dextram
789 3157 962 3213 Patris
999 3158 1168 3227 sedet,
1203 3159 1258 3213 in
1296 3158 1519 3216 summis
1544 3159 1727 3213 omnia
1760 3159 2089 3226 gubernans,

2191 1964 2392 2029 uendo,
2423 1964 2736 2036 dirutasque
2781 1965 2944 2034 leges,
2991 1978 3127 2035 quas
3176 1972 3546 2037 transgressus
3575 1966 3768 2036 fuerat,

2190 2055 2986 2129 impiendoredirepostularet.
3013 2058 3128 2115 Non
3149 2060 3291 2116 enim
3314 2062 3641 2116 credendum
3665 2060 3783 2124 cst‘,‘

2189 2143 2576 2202 divinissimam
2597 2148 2889 2203 conditoris
2909 2148 3248 2203 clementiam
3268 2149 3769 2218 peccaiitem‘lioi'ni-

2188 2248 2314 2290 nem
2337 2235 2393 2290 in
2425 2236 2569 2292 hunc
2593 2237 2853 2292 mundum
2877 2238 3167 2293 retrusisse
3196 2238 3357 2307 quasi
3373 2238 3617 2308 quadam‘
3635 2236 3770 2291 indi-

2191 2326 2445 2397 gnatione
2470 2335 2794 2384 commotam
2822 2329 2887 2395 “,
2918 2337 3011 2384 aut
3031 2329 3267 2398 quodam
3284 2326 3592 2384 vindicandi
3625 2335 3773 2385 motu

2190 2402 2439 2488 cupidam
2464 2419 2543 2485 ης
2587 2418 2673 2474 his
2716 2419 2862 2474 enim
2890 2418 3265 2476 accidentibus
3289 2420 3523 2475 divinam
3565 2418 3772 2475 bonita-

2190 2515 2302 2563 tem
2344 2522 2532 2565 carere
2586 2522 2713 2563 vera
2760 2509 2903 2564 ratio
2939 2504 3171 2566 indicat:
3218 2511 3311 2565 sed
3356 2510 3513 2566 modo
3537 2508 3781 2582 quodam’

2192 2597 2477 2656 ineﬂ‘abilis
2529 2599 2805 2655 doctrinae
2849 2600 3508 2672 incomprehensibilisque
3554 2598 3766 2655 miseri-

2191 2691 2427 2759 cordiae,
2460 2699 2520 2747 ut
2559 2692 2738 2756 homo,
2773 2692 2876 2762 qui'
2906 2691 3107 2749 liberae
3131 2678 3421 2750 voluntatis
3445 2688 3672 2747 arbitrio
3713 2692 3777 2746 in

2191 2800 2321 2841 suae
2348 2794 2574 2841 naturae
2602 2785 2864 2857 dignitate
2894 2800 2951 2840 se
2988 2786 3258 2842 custodire
3285 2781 3552 2851 noluerat,
3584 2782 3770 2840 condi-

2193 2876 2327 2932 toris
2372 2877 2455 2931 sui
2481 2877 2711 2948 gratiam
2744 2876 2855 2933 suis
2882 2877 3070 2947 poenis
3107 2875 3353 2931 eruditus
3374 2878 3681 2946 quaereret,
3721 2884 3773 2930 et

2189 2982 2288 3048 per
2309 2982 2428 3023 eam
2472 2968 2669 3024 divinis
2708 2968 3012 3038 praeceptis
3036 2966 3308 3033 obedicns,
3339 2962 3489 3037 quae
3507 2962 3658 3036 prius
3686 2956 3773 3020 s'ul

2190 3059 2485 3127 perbiendo
2529 3050 2859 3130 neglexerat,
2916 3061 2981 3116 ad
3035 3075 3191 3117 suum
3241 3056 3539 3131 pristinuni‘
3574 3054 3770 3114 stat‘u'm

2194 3156 2383 3204 cautus
2436 3150 2864 3221 providusque"
2911 3151 3171 3221 pri‘s‘tinae
3226 3161 3355 3206 suae
3416 3150 3773 3220 negligentiae

515 3244 797 3323 humanae
817 3253 1043 3323 naturae
1079 3245 1308 3302 salutem
1338 3248 1392 3301 in
1433 3246 1556 3303 imis
1584 3245 1919 3302 ministrans.
1967 3245 2084 3300 Noli
2112 3230 2157 3294 C
2188 3246 2509 3316 superbique
2535 3259 2691 3299 casus
2715 3243 2931 3300 humilis
2958 3248 3120 3315 atqtie
3139 3258 3346 3299 memor
3376 3242 3597 3309 rediret,
3630 3240 3769 3295 unde

516 3353 647 3408 ergo
682 3340 736 3393 in
764 3313 884 3394 loco
913 3337 1113 3408 fingere
1137 3336 1337 3393 Christi
1360 3338 1767 3403 humanitatem,
1806 3352 1942 3408 quae
1970 3348 2091 3408 post

517 3427 967 3482 resurrectionem
1004 3426 1262 3481 translata
1293 3435 1379 3482 est
1414 3427 1470 3482 in
1508 3426 1860 3485 divinitatem.
1889 3425 2089 3489 Divini-
2132 3470 2137 3479 .

521 3525 603 3570 tas
634 3515 839 3573 Christi
870 3515 926 3569 in
951 3514 1070 3571 loco
1097 3531 1204 3572 non
1232 3524 1342 3583 est;
1372 3517 1533 3588 igitur
1561 3532 1737 3589 neque
1761 3517 1877 3588 ejus
1904 3519 2091 3577 huma-

517 3607 679 3661 nitas.
711 3604 912 3685 Eodem
940 3608 1100 3663 modo
1124 3622 1261 3685 sane
1302 3608 1538 3683 intellige
1561 3609 1583 3641 ⁸
1615 3610 1681 3665 de
1734 3618 1991 3681 tempore,
2025 3610 2090 3666 de

517 3682 802 3773 qualitate,
846 3694 912 3750 de
953 3682 1253 3766 quantitate
1274 3697 1315 3765 ⁸,
1369 3698 1434 3753 de
1459 3682 1632 3754 forma
1660 3699 2087 3770 circumscripta.

519 3786 614 3843 liis
643 3784 786 3841 enim
818 3776 1071 3843 omnibus
1111 3796 1222 3845 tota
1263 3784 1461 3845 Christi
1488 3790 1813 3858 humanitas,
1859 3792 1961 3855 hoc
1988 3801 2087 3857 est,

519 3866 719 3946 corpus
739 3883 793 3932 et
820 3870 998 3932 anima
1038 3886 1096 3934 et
1121 3878 1425 3935 intellectus
1446 3895 1634 3938 carere
1655 3881 1896 3953 piissime
1918 3882 2092 3938 credi-

490 3974 499 3977 '
540 3986 621 4027 ur,
663 3969 1054 4042 purissimeque
1112 3972 1429 4045 intelligitur
1502 3983 1626 4045 post
1680 3975 2092 4031 resurrectionis

518 4060 780 4131 palmam;
817 4070 873 4116 et
918 4063 988 4118 ad
1030 4064 1274 4120 eamdem
1304 4063 1531 4136 gloriam
1575 4065 1777 4123 electos
1803 4081 1931 4123 suos
1972 4077 2094 4137 post

519 4154 837 4212 catholicam
862 4156 1307 4213 resurrectionem
1337 4159 1613 4225 ducturus,
1652 4159 1790 4229 qui"
1823 4174 1987 4215 unum
2039 4160 2093 4214 in

519 4258 585 4301 eo
613 4254 666 4301 et
694 4242 815 4327 cum
834 4261 899 4303 eo
924 4246 1089 4305 futuri
1114 4257 1258 4304 sunt.
1282 4247 1536 4321 Christus
1564 4250 1726 4321 igitur
1766 4260 1822 4306 et
1851 4252 1904 4306 in
1938 4266 2095 4322 para-

521 4336 638 4392 diso
664 4345 783 4393 erat
807 4338 965 4393 simul
991 4346 1047 4394 et
1090 4340 1142 4394 in
1175 4340 1393 4407 mundo,
1420 4340 1712 4396 ostendens
1751 4348 1806 4394 et
1831 4342 2015 4397 mundi
2042 4350 2097 4397 et

520 4429 756 4499 paradisi
796 4445 954 4485 unam
987 4431 1251 4486 rationem
1296 4431 1593 4487 naturalem
1630 4445 1768 4497 esse,
1822 4430 1875 4486 in
1921 4431 2097 4502 seipso

522 4518 780 4572 mundum
811 4527 865 4571 et
892 4519 1199 4588 paradisum
1220 4520 1482 4578 adunans.
1512 4521 1631 4578 Non
1651 4521 1794 4576 enim
1823 4521 2099 4576 inmundo

523 4605 692 4661 moles
717 4621 1022 4676 cor-porcas,
1055 4610 1347 4678 spatiisque
1361 4612 1640 4677 distentas,
1672 4610 2099 4683 multiplicesque

2123 4558 2175 4647 D

2189 3335 2384 3391 iterum
2417 3334 2587 3406 gratia
2611 3350 2672 3391 ac
2703 3333 2874 3393 libero
2920 3349 3050 3390 suae
3076 3330 3369 3391 voluntatis
3388 3334 3607 3389 arbitrio
3649 3344 3768 3389 cus-

2189 3427 2389 3482 toditus
2411 3425 2458 3459 ¹⁴⁵
2486 3442 2591 3482 non
2622 3426 2855 3491 caderet,
2887 3441 2987 3482 nec
3011 3426 3205 3482 cadere
3230 3427 3388 3482 v'ellet
3406 3418 3544 3493 ,‘tiee
3565 3428 3763 3495 pesset.

2193 3518 2301 3573 Sed
2326 3518 2614 3574 redeamus
2635 3519 2689 3574 in
2717 3518 3097 3575 adunatlonem
3121 3524 3435 3575 naturarum
3451 3520 3505 3573 in
3533 3517 3763 3573 Christo.

2190 3608 2409 3675 Deinde,
2447 3610 2621 3679 inquit
2661 3608 3273 3682 praedictusmagister,
3321 3622 3412 3682 per
3451 3611 3763 3679 assumptio-

2192 3717 2307 3754 nem
2351 3702 2405 3756 in
2444 3700 2661 3766 caelum,
2700 3702 2931 3771 profecto
2962 3695 3170 3757 caelum
3217 3702 3544 3770 uni/ienuit”
3586 3710 3631 3755 et
3667 3704 3770 3754 tet-'-

2193 3808 2327 3857 ram,
2360 3801 2408 3846 et
2434 3807 2551 3846 cum
2575 3802 2777 3847 terreno
2799 3794 2894 3848 hoc
2929 3806 3140 3864 corpore
3170 3793 3313 3847 nobis
3336 3792 3686 3856 connatumli,
3720 3792 3773 3846 in

2191 3882 2518 3953 spiritualem
2553 3883 2898 3938 substantia»:
2940 3883 3170 3937 videlicet
3202 3891 3435 3948 mutato,
3474 3883 3680 3938 rediens
3721 3884 3775 3935 in

2194 3974 2416 4042 caelum,
2445 3992 2604 4030 unam
2649 3976 2949 4030 existentem
2975 3986 3177 4029 omnem
3197 3973 3489 4029 sensibilem
3531 3980 3775 4027 naturam

2192 4068 2543 4139 manifestam?
2556 4086 2576 4135 ;
2613 4069 2801 4124 deinde
2841 4067 3121 4123 sensibilia'
3145 4074 3201 4122 et
3220 4066 3577 4138 intelligibilia
3599 4079 3777 4122 conse-

2193 4170 2413 4231 quenter
2433 4160 2480 4195 ⁸⁸
2513 4176 2606 4230 per
2624 4164 2800 4216 omnes
2825 4160 3088 4227 caelestes,
3111 4158 3778 4232 dittinosqtte,~intellecma—

2195 4249 2270 4305 les
2308 4250 2518 4306 ordines
2547 4252 2828 4317 transiens,
2858 4266 2977 4305 cum
3004 4251 3183 4305 anima
3220 4260 3270 4305 et
3295 4266 3527 4321 corpore,
3556 4252 3652 4306 hoc
3680 4256 3787 4315 est,

2195 4344 2426 4414 perfecta
2466 4353 2647 4401 nostra
2680 4354 2871 4399 natura
2915 4343 3166 4398 adunavit
3197 4345 3354 4399 totius
3391 4352 3664 4398 creaturae
3701 4360 3777 4397 sc-

2199 4438 2429 4491 cundum
2453 4435 2948 4506 principalissimam
2967 4435 3080 4504 ejus
3107 4436 3358 4491 rationm
3389 4448 3696 4490 concursum
3720 4435 3773 4486 in

2200 4546 2255 4583 se
2277 4529 2388 4598 ipso
2409 4529 2633 4598 perfecte
2660 4527 3056 4601 inseparabilem
3082 4539 3236 4601 atque
3268 4526 3578 4582 immobilem
3609 4533 3772 4579 osten-

2198 4619 2359 4685 dens;
2389 4628 2436 4674 et
2466 4619 2589 4687 finis
2619 4620 2676 4673 in
2703 4616 2939 4674 omnibus
2968 4620 3048 4673 his
3074 4619 3353 4674 secundum
3379 4615 3768 4686 intelligentiam

526 4698 857 4751 diversarum
885 4697 1121 4767 partium
1147 4698 1261 4767 ejus
1287 4700 1575 4756 varietates
1618 4715 1746 4757 vera
1792 4702 1933 4760 ratio
1973 4718 2101 4759 con-
2199 4710 2562 4776 humanitatis,
2593 4711 2692 4764 hoc
2717 4721 2814 4775 est,
2856 4710 3137 4765 secundum
3170 4711 3335 4780 ipsam
3371 4706 3768 4771 humanitatem,

525 4788 731 4844 siderat
757 4797 813 4843 et
840 4788 1179 4855 lionoriiicat,
1211 4790 1306 4847 sed
1347 4791 1621 4847 naturales
1649 4801 1705 4847 et
1730 4793 2103 4873 primordiales
2201 4801 2340 4872 apud
2382 4801 2550 4871 ipsum
2572 4800 2701 4871 ﬁt"
2747 4801 2935 4869 Deum,
2981 4812 3247 4873 apparens
3277 4812 3371 4869 pro
3416 4797 3594 4865 nobis,
3640 4797 3772 4851 sicut

525 4878 668 4935 illius
696 4894 906 4948 causas,
930 4879 983 4933 in
1010 4878 1393 4950 seipsisunitas
1412 4889 1573 4952 atque
1592 4881 2001 4963 pulcherrimas,
2047 4888 2104 4944 in
2200 4896 2452 4965 scriptum
2490 4904 2588 4961 est,
2620 4894 2800 4950 evanui
2834 4894 2935 4951 Dei
2977 4904 3026 4950 et
3058 4894 3267 4960 Patris,
3313 4900 3566 4964 quantum
3596 4893 3774 4954 homo.
3821 4911 3824 4915 ’

527 4988 662 5043 quas
698 4971 826 5027 dum
868 4971 991 5028 linis
1020 4988 1149 5030 suus
1190 4974 1420 5040 venerit,
1449 4988 1767 5031 reversurus
1793 4977 1915 5044 erit,
1946 4986 2002 5035 et
2041 4978 2096 5034 in
2196 4984 2286 5055 qui
2313 5000 2595 5054 numquam
2637 4983 2745 5038 ullo
2789 4984 2942 5039 modo
2986 5002 3018 5038 a
3046 4982 3228 5050 Patre,
3269 4992 3519 5056 quantum
3549 4981 3775 5046 uerbum,

527 5063 606 5119 eis
633 5062 973 5119 aeternaliter
1000 5078 1302 5120 mansurus.
1354 5064 1471 5121 Non
1515 5072 1695 5122 autem
1732 5066 1896 5123 alium
1935 5062 2117 5127 linem'
2196 5082 2360 5146 potest
2374 5058 2628 5130 recedere.
2656 5076 2732 5129 Ac
2746 5076 2971 5146 primum
2999 5076 3245 5130 adunavit
3273 5092 3363 5129 nos
3387 5076 3429 5107 ¹⁸
3458 5074 3703 5129 nobismet
3727 5074 3777 5124 in

527 5155 713 5213 mundi
735 5154 894 5229 huius
921 5154 1189 5214 sensibilis
1206 5154 1232 5190 '
1259 5156 1529 5214 credimus
1551 5171 1671 5215 esse
1690 5156 1953 5229 futurum.
1994 5162 2099 5219 nisi
2197 5169 2367 5239 seipse
2384 5170 2477 5238 per
2495 5166 2809 5225 ablutionem
2827 5164 3112 5223 secundum
3137 5162 3426 5223 musmlzt'm
3455 5176 3503 5221 ct
3530 5155 3773 5235 feniilimlt

1797 5323 2052 5383 VARIAE
2098 5326 2499 5389 LECTIONES.

606 5432 753 5508 fugit:
794 5433 913 5508 CD‘;
1054 5435 1258 5508 uirtute.
1370 5434 1390 5463 ‘
1419 5433 1514 5508 Sic
1552 5431 1671 5508 CI);
1714 5436 1773 5508 Ᾱ
1819 5438 2047 5508 profusi.

670 5440 753 5507 Sic
794 5440 913 5507 CDA;
964 5440 1009 5490 A
1054 5440 1258 5507 uirtute.
1370 5440 1390 5463 '
1419 5440 1514 5507 Sic
1552 5440 1671 5507 CD;
1716 5440 1771 5507 AA
1819 5440 2047 5507 profusi.
2155 5442 2177 5473 ³
2212 5443 2269 5498 in
2321 5457 2433 5499 om.
2484 5442 2550 5497 Α.
2658 5440 2684 5474 ⁸
2726 5441 2817 5498 Sic
2864 5442 3018 5499 AC1).
3128 5441 3152 5476 ³
3192 5442 3283 5499 Sic
3319 5442 3390 5507 C;
3437 5441 3481 5494 Α
3523 5454 3651 5495 sane
3695 5440 3774 5494 in-

532 5494 820 5583 telligitur;
868 5494 929 5583 D'A
959 5505 1187 5583 intellige
1241 5521 1381 5583 sane.

2966 5514 2986 5544 τ
3023 5510 3114 5568 Sic
3172 5514 3249 5580 A;
3311 5514 3427 5582 qui;
3473 5522 3582 5565 om.
3663 5511 3771 5582 C_D.

2155 5442 2177 5473 ³
2212 5443 2269 5498 in
2321 5457 2433 5499 om.
2484 5442 2550 5497 Α.

1322 5521 1428 5586 te,"
1496 5503 1516 5533 ⁸
1565 5503 1832 5586 δίο..(21);ς
1868 5503 2401 5586 {aia-quantitate,
2477 5512 2540 5566 de
2588 5511 2857 5586 qualitate.

532 5572 553 5604 ⁸
598 5570 689 5628 Sic
738 5571 856 5638 CD;
901 5570 1151 5647 A_lgujus
1200 5570 1743 5647 sertsibilis_ntundi.r_
1803 5570 1834 5611 7°
1897 5578 1988 5633 Sic
2038 5570 2159 5647 Ai);
2210 5583 2250 5639 C
2315 5570 2439 5637 suas
2490 5570 2696 5636 causas.
2827 5583 2869 5614 ¹⁰
2916 5582 2961 5636 Α
3009 5584 3175 5637 docet.
3237 5570 3247 5580 ’
3300 5570 3340 5614 ¹³
3397 5580 3487 5636 Sic
3530 5581 3625 5645 A;
3687 5580 3774 5634 CD

532 5651 897 5724 commotus.“
932 5644 975 5674 "
1004 5644 1207 5724 SicA;
1252 5645 1343 5724 CD
1373 5644 1609 5724 cupidus.
1648 5715 1657 5724 .
1705 5645 1748 5677 ¹³
1780 5647 1870 5703 Sic
1897 5650 2017 5715 CD;
2062 5654 2106 5704 Α
2149 5644 2202 5706 et
2224 5650 2488 5724 pravique.
2525 5651 2635 5724 L”
2672 5650 2780 5724 Sic,
2812 5652 2934 5718 BC;
2986 5654 3029 5706 A
3069 5670 3162 5723 per
3190 5653 3413 5724 gratiam
3448 5652 3540 5724 lib.
3581 5644 3771 5724 s.__vo‘l.

526 5714 649 5792 ξλεμ·
678 5711 973 5792 οπειιξᾷξιςὶ
1004 5712 1046 5764 Ῑ)
1070 5711 1444 5792 θναιίαηιυκν
1468 5713 1752 5792 qui.)__l.__s.
1783 5735 1844 5792 ρ,
1866 5737 1916 5773 a.
1947 5711 2236 5792 custodito:
2303 5723 2348 5754 ⁸⁸
2377 5722 2465 5776 Sic
2511 5721 2630 5787 CD;
2663 5722 2707 5775 A
2737 5711 3028 5790 viviﬁcarit.
3062 5711 3082 5751 τ’
3110 5725 3150 5753 ιδ
3173 5711 3263 5777 S‘c
3302 5722 3412 5782 "D'
3456 5722 3489 5777 Α
3525 5720 3757 5790 ἰυιθιιιείν

531 5779 659 5838 bilis
684 5781 968 5845 constituit,
990 5779 1382 5848 consequenter
1408 5790 1508 5836 cet.
1583 5779 1630 5816 ’¹“¹
1662 5788 1751 5842 Sic
1773 5788 1893 5854 CD;
1940 5791 1982 5846 A
2008 5792 2095 5847 sit.
2172 5793 2216 5825 ιθ
2237 5792 2326 5850 Sic
2350 5791 2466 5857 CD;
2495 5779 2648 5848 Ano's
2677 5779 2945 5846 adunavit.
