4236 6274
442 403 536 456 5M

1263 395 1346 448 DE
1383 391 1718 448 DIVISIONE
1758 385 2104 442 NATURAE.
2145 413 2213 424 ο-
2251 381 2444 442 LIBER
2490 361 2868 436 sucensus.
3596 375 3700 428 542

443 516 792 586 (li/Terentiae,
838 519 884 566 ct
928 527 1019 581 pro
1056 511 1177 564 uiris
1237 517 1284 561 et
1315 523 1409 576 pro
1439 509 1454 537 ¹
1488 505 1814 568 mulieribus,
1838 503 2022 574 quibus
2051 502 2104 562 Α
2129 498 2320 562 tinent,
2359 495 2568 563 sibique
2611 493 2840 546 invicem
2871 497 3105 586 cognata
3137 497 3304 556 sunt;_
3333 501 3543 586 sursum
3573 501 3700 542 vero

446 607 714 662 aiuisionis
747 604 968 658 maxime
1003 601 1274 670 inspicitur
1300 597 1510 662 modus,
1555 596 1788 650 homines
1830 593 2026 647 solum-

447 697 602 750 modo
636 693 934 764 proprieque
977 706 1190 760 vereque
1237 687 1483 751 ostendit,
1525 685 1775 739 mundam
1804 681 2024 752 ferentes

446 788 744 858 imaginem,
789 799 944 855 quam
987 780 1130 836 nullo
1173 779 1327 833 modo
1372 775 1716 846 corruptionis
1754 773 2024 828 notamina

447 885 684 950 tangunt.
717 875 974 938 Videsne,
1011 879 1274 942 quantum
1307 875 1490 938 aperte
1520 865 1820 932 denuntiat,
1852 864 2023 918 homi-

441 983 566 1022 nem
616 967 684 1022 ad
728 963 1022 1033 imaginem
1074 970 1130 1016 et
1169 958 1573 1014 similitudinem
1604 955 1700 1010 Dei
1747 953 2020 1010 conditum

441 1071 604 1112 sexus
643 1051 947 1109 diﬁ'erentia
992 1051 1215 1106 omnino
1252 1048 1508 1114 caruisse,
1544 1055 1599 1101 et
1627 1045 1822 1110 adhuc,
1857 1059 2022 1114 quan-

442 1153 557 1200 tum
589 1144 645 1197 in
670 1159 734 1197 eo
775 1141 953 1210 imago
979 1149 1034 1194 et
1061 1137 1352 1194 similitudo
1383 1133 1676 1191 conditoris
1719 1129 2017 1204 permanet,

443 1249 655 1298 carere,
679 1233 959 1302 ipsamque
1003 1228 1330 1284 divisionem
1368 1233 1589 1296 propter
1627 1233 1906 1298 peccatum
1939 1239 2022 1280 sc-

443 1325 683 1380 cundum
738 1337 933 1392 corpus
978 1321 1310 1377 solummodo
1357 1317 1636 1374 accidisse.
1684 1317 2019 1387 Quamquam

446 1416 592 1471 enim
623 1416 674 1469 in
710 1415 887 1469 anima
918 1411 1187 1484 spiritales
1216 1425 1378 1468 sexus
1411 1407 1852 1481 intelligantur",
1901 1415 2020 1468 νοῦς

445 1495 712 1576 siquidem
735 1499 1036 1561 intellectus
1053 1504 1214 1559 veluti
1235 1503 1456 1573 quidam
1477 1501 1746 1557 masculus
1768 1501 2019 1557 inanima

443 1587 548 1664 eSt,
577 1585 986 1660 aiebneie'vero',
1020 1595 1075 1649 id
1103 1599 1187 1650 est
1207 1601 1419 1659 sensus,
1447 1593 1610 1648 veluti
1637 1592 1903 1664 Quaedam
1943 1591 2021 1648 fe-

441 1673 606 1756 mina,
631 1703 738 1744 non
763 1685 1038 1743 tamen‘ibi
1058 1689 1433 1758 cognoscimus
1452 1687 1688 1742 naturae
1706 1675 2016 1750 divortium,

439 1781 530 1836 sed
551 1777 762 1835 Christi
802 1787 856 1835 et
885 1779 1150 1836 e'eclesiae'
1194 1781 1528 1851 mysterium,
1564 1780 1831 1851 uniusque
1861 1765 2019 1834 intel-

2123 603 2314 644 versus
2382 585 2608 640 alteram
2662 592 2952 638 creaturae
2997 580 3242 635 obtinent
3303 578 3700 634 extremitatem

2124 695 2310 736 omnes
2333 675 2718 734 intellec'tuales
2747 673 3034 738 essentiae,
3062 670 3358 741 quaeinter
3384 681 3440 724 se
3473 669 3699 722 invicem

2123 767 2372 827 similiter
2404 775 2664 839 cognatae
2706 771 2849 822 sunt.
2904 763 3138 834 Singulis
3177 777 3306 834 ergo
3333 763 3573 831 partibus
3603 761 3702 814 hu-

2123 877 2320 917 manae
2351 871 2581 916 naturae
2610 863 2834 929 cognata
2872 853 3143 920 extrema,
3181 853 3284 912 huc
3311 865 3413 922 ρει,
3444 865 3702 912 connatu-

2123 953 2265 1008 rales
2291 949 2518 1006 naturae
2547 951 2600 1005 in
2623 947 2838 1005 Christo
2869 949 3102 1005 sociatae
3125 957 3268 1003 sunt.
3302 943 3509 1018 Corpus
3537 949 3702 1017 siqui-

2123 1044 2244 1099 dem
2294 1042 2563 1112 accipiens
2591 1083 2605 1106 ,
2655 1037 2903 1111 quartam
2958 1037 3134 1094 veluti'
3187 1039 3419 1096 h‘oi‘ninis
3467 1050 3698 1112 partem,

2122 1137 2336 1187 omnem
2364 1131 2698 1201 corporalem
2728 1137 3042 1187 creaturam
3057 1131 3157 1187 sibi
3181 1129 3441 1199 adiunxit.
3471 1127 3708 1188 Seusum‘

2121 1231 2260 1280 vero‘
2291 1229 2572 1280 assumens
2599 1265 2614 1289 ,
2671 1223 3030 1278 universam8
3080 1217 3396 1278 sensibilem-
3434 1221 3701 1293 sensuque

2122 1323 2366 1372 utentem
2385 1315 2606 1371 sibimet
2623 1314 2909 1383 capulavit.
2935 1311 3070 1380 Quid
3095 1313 3159 1368 de
3179 1313 3356 1366 anima
3378 1311 3704 1367 dicendum"!

2121 1404 2314 1461 Nonne'
2335 1406 2386 1460 in
2421 1419 2506 1473 ea,
2539 1405 2708 1474 quani‘
2730 1404 2956 1474 accepit,
2989 1411 3093 1458 no‘n
3127 1403 3298 1459 solum
3328 1397 3706 1458 rationabilem

2122 1497 2380 1563 animam,
2411 1511 2610 1552 verum
2625 1497 2786 1552 etiam
2809 1499 2834 1532 ⁸
2859 1507 3070 1551 omnem
3117 1497 3279 1552 vitam
3313 1497 3622 1552 nutritivam
3647 1507 3700 1552 ct

2122 1587 2388 1642 auctivam
2419 1587 2472 1618 η’
2493 1587 2554 1642 in
2577 1595 2634 1643 se
2669 1587 2782 1656 ipso
2804 1587 3124 1643 associavit’?
3139 1585 3215 1643 De
3237 1587 3508 1643 intellectu
3540 1603 3698 1643 nemo

2121 1681 2422 1750 sapientum
2500 1673 2554 1716 ι¹⁵
2600 1677 2849 1744 dubitat;
2907 1681 3143 1735 humano
3190 1681 3332 1735 enim
3383 1679 3697 1748 intellecmi,

2121 1783 2278 1840 quem
2310 1767 2558 1824 Christus
2572 1769 2880 1840 assumpsit,
2897 1783 3082 1825 omnes
3107 1769 3490 1825 intellectuales
3517 1783 3698 1826 essen-

437 1872 606 1927 lectus
639 1871 706 1926 ad
757 1867 1082 1928 Creatorem
1125 1881 1180 1928 et
1224 1873 1292 1928 ad
1341 1879 1644 1928 creaturam
1696 1870 2017 1926 contuitu‘m.
2049 1861 2099 1922 Β
2125 1861 2232 1916 tiae
2267 1859 2700 1932 inseparabiliter
2733 1862 3046 1916 adhaerent.
3095 1860 3284 1917 Nonne
3321 1861 3478 1932 plane
3523 1863 3694 1927 vides.

441 1959 508 2013 Et
547 1962 835 2027 nobiscum,
885 1957 1078 2031 inquit,
1132 1969 1186 2015 et
1225 1971 1437 2033 propter
1476 1973 1576 2016 nos
1617 1960 1784 2015 simul
1814 1975 2016 2015 omnem

441 2059 730 2106 creaturam
775 2053 1202 2122 p'e'r'medietates‘
1231 2051 1386 2107 ueluti
1421 2051 1754 2122 propriarum”
1787 2053 2016 2122 partium

437 2135 664 2199 extrema
685 2143 1140 2216 comprehenderis,
1161 2149 1208 2202 e't
1234 2147 1372 2202 circa
1392 2163 1446 2202 se
1471 2149 1642 2217 ipsum
1670 2147 2019 2204 insolabiliter

435 2233 740 2302 paradisum
771 2233 1043 2306 orbemque
1088 2243 1348 2291 terrarum
1376 2237 1671 2306 conjunxit,
1719 2235 1918 2291 caelum
1969 2245 2017 2290 et

439 2331 654 2392 terram,
703 2319 966 2383 s'ensibilia
995 2335 1042 2382 et
1085 2321 1468 2398 intelligibilia;
1501 2337 1688 2398 corpus
1721 2329 1926 2398 quippe,
1969 2339 2015 2382 et

440 2425 682 2482 sensum,
735 2423 780 2472 et
836 2419 1066 2472 animum
1104 2420 1387 2473 secundum
1431 2419 1746 2473 rios'habens
1782 2429 1828 2472 et
1867 2419 2019 2473 intel-

437 2505 650 2573 lectum,
681 2507 870 2576 quibus
895 2509 1048 2578 quasi
1091 2507 1326 2578 partibus
1365 2523 1456 2577 per
1497 2507 1704 2578 singula
1744 2509 2020 2578 unicuique

437 2595 803 2650 universaliter
861 2607 1138 2668 cognatum
1185 2597 1458 2652 associans
1505 2605 1822 2662 extremum,
1863 2597 2019 2668 juxta

433 2687 578 2754 prius
623 2675 884 2741 r‘ed‘ditum
925 2688 1138 2744 modum
1166 2689 1418 2744 diuinitus
1453 2689 1640 2744 omnia
1657 2689 1709 2742 in
1730 2703 1782 2743 se
1806 2690 2020 2759 ipsum"

435 2778 818 2847 recapitulauit.

509 2867 595 2921 15.
625 2865 746 2924 Vim
765 2869 1056 2926 verborum
1085 2871 1370 2926 intentus"
1417 2871 1689 2942 perspice";
1734 2887 1838 2926 non
1872 2871 2015 2927 enim

438 2969 640 3014 vacant
662 2960 881 3015 virtute.
927 2961 1132 3032 Corpus
1162 2965 1370 3034 quippe,
1423 2964 1615 3033 inquit,
1651 2973 1698 3017 et
1735 2963 1756 2995 ⁵
1805 2979 2018 3018 sensum

438 3059 485 3105 et
508 3053 748 3106 mximam
767 3053 1060 3108 secundum
1078 3069 1182 3108 nos
1197 3055 1408 3121 habens,
1462 3053 2008 3120 Christusﬁdelicet,

437 3144 487 3200 et
533 3143 866 3200 intellectum.
919 3143 1024 3201 His
1061 3148 1203 3201 enim
1250 3147 1410 3202 veluti
1457 3157 1710 3217 quattuor
1765 3149 2010 3218 partibus

2125 1959 2348 2004 omnem
2390 1953 2693 2004 creaturam
2718 1990 2731 2014 ,
2781 1949 3141 2020 intelligibiles
3168 1950 3288 2005 dico
3313 1949 3710 2021 senSihilesquc'

2121 2037 2434 2108 mediasque
2501 2047 2763 2106 naturas,
2807 2040 2862 2093 in
2917 2039 3134 2096 Christo
3183 2041 3508 2095 adunatam?
3549 2039 3714 2109 Quudi

2120 2132 2357 2188 breviter
2403 2133 2666 2188 conclusit
2715 2133 2758 2164 "
2803 2135 3059 2203 magister
3098 2133 3282 2190 dicens
3321 2153 3334 2190 :
3367 2133 3539 2190 Unam
3574 2138 3696 2192 sub-

2122 2229 2384 2282 sistentem
2411 2227 2572 2280 simul‘
2593 2241 2792 2281 omnem
2823 2233 3137 2294 creaturam,
3169 2231 3318 2300 quasi
3355 2229 3579 2300 aliquem
3605 2231 3698 2285 ho-

2121 2317 2333 2382 minem,
2369 2318 2596 2386 partium
2624 2333 2836 2371 suarum
2871 2317 2942 2371 ad
2967 2333 3034 2372 se‘
3055 2319 3272 2373 invicem
3303 2321 3441 2374 coitu
3472 2321 3697 2390 comple—

2122 2417 2230 2463 tam
2260 2409 2306 2440 ¹³
2336 2409 2608 2463 ostendens
2629 2451 2645 2474 ,
2686 2419 2732 2462 et
2771 2409 2840 2463 ad
2882 2411 3103 2480 seips'am
3139 2413 3420 2467 intuentem
3463 2429 3554 2483 per
3583 2415 3702 2467 uni-

2121 2501 2392 2556 versitatis
2408 2501 2794 2556 subsistenti'ant
2820 2501 2896 2569 ι⁵;
2928 2504 3086 2572 juxta
3115 2513 3272 2559 unam
3301 2515 3348 2559 et
3384 2505 3624 2576 simplum
3657 2505 3701 2546 1"

2122 2599 2172 2646 et
2200 2589 2570 2658 indeﬁnibilem
2599 2607 2662 2646 eo:
2684 2607 2742 2646 eo
2768 2593 2835 2660 ",
2867 2593 3005 2663 quod
3041 2599 3141 2649 non
3171 2605 3244 2649 est
3273 2595 3615 2663 deductionis,
3651 2605 3698 2650 et

2120 2675 2503 2752 indiﬂ‘erentem
2536 2685 2772 2737 notitiam
2791 2687 2824 2750 ;'
2859 2687 2954 2755 per'
2995 2699 3152 2755 quam
3193 2701 3350 2740 unam
3385 2687 3700 2758 eandemque

2122 2775 2288 2830 omnis
2325 2785 2563 2830 creatura
2596 2777 2822 2846 recipere
2854 2785 3018 2848 potest
3060 2793 3270 2832 causam
3310 2778 3513 2847 penitus
3557 2779 3698 2832 indi—

2119 2879 2362 2923 scretum.
2405 2867 2722 2924 Hactenusn
2755 2869 3200 2926 de'divisionibus
3223 2910 3238 2936 ,
3282 2871 3464 2940 deque
3494 2871 3696 2926 aduna-

2121 2959 2356 3013 tionibus
2425 2959 2848 3015 substantiarum
2921 2960 3284 3017 venerabilem
3355 2961 3695 3033 magistrum,

2118 3049 2410 3105 Maximum
2436 3049 2576 3117 dico,
2603 3051 2795 3118 secuti,
2827 3053 3086 3122 quantum
3114 3053 3178 3108 ad
3205 3055 3504 3124 praesentis
3532 3071 3697 3125 quac-

2118 3140 2310 3195 stionis
2337 3141 2533 3196 attinet
2561 3143 2860 3214 negotium,
2892 3141 3145 3198 diximus.
3176 3141 3244 3198 Et
3264 3145 3375 3212 jam
3406 3143 3696 3215 adprope-

435 3237 686 3291 humana'
719 3241 908 3292 natura
963 3239 1306 3293 constituitur
1351 3240 1392 3291 °'.
1440 3239 1585 3306 Quas
1633 3249 1814 3310 partes
1847 3255 2010 3297 verus
2037 3225 2082 3289 C
2114 3235 2368 3301 situm,id
2383 3238 2702 3302 est,adcam
2725 3235 2954 3292 formam
2976 3233 3699 3308 universalisnaturae,quae

432 3327 628 3395 quippe
663 3329 834 3382 homo
871 3325 1132 3384 Christus
1159 3339 1224 3384 et
1267 3332 1596 3401 assumpsit,
1651 3339 1714 3386 eti
1738 3333 1792 3386 in
1831 3334 2008 3403 seipse

431 3417 718 3484 adunavit;
766 3421 926 3475 homo
956 3421 1220 3490 siquidem
1257 3421 1526 3490 pe‘rlbbtus
1551 3422 1726 3479 factus
1750 3425 1891 3480 est".
1923 3423 2009 3480 Nil

429 3508 582 3563 enim
605 3509 842 3565 hominis
883 3511 1098 3582 reliquit
1139 3521 1358 3582 praeter
1405 3515 1684 3583 peccatum
1710 3556 1726 3584 ,
1779 3517 2008 3586 quodin

428 3599 692 3655 unitatem
729 3603 1060 3659 substantiae
1095 3617 1224 3659 suae
1265 3619 1372 3659 non
1409 3607 1696 3676 acciperet,
1727 3607 1889 3677 inque
1919 3623 2007 3664 se-

430 3689 660 3759 metipso
702 3701 812 3747 non
841 3694 1134 3760 adunaret,
1167 3696 1270 3751 hoc
1296 3703 1410 3763 est,
1448 3682 1620 3752 unum
1647 3709 1751 3754 non
1784 3700 2004 3755 laceret.

431 3772 549 3834 Non
573 3782 732 3836 enim‘
757 3783 929 3841 in'illo
955 3797 1078 3855 post
1105 3787 1552 3844 resurrectionem
1579 3799 1834 3860 quattuor
1861 3803 2006 3860 sunt,

432 3872 529 3927 sed
549 3887 746 3940 unum;
777 3881 956 3932 etnon
980 3878 1335 3948 compositum
1367 3885 1550 3947 unum;
1575 3883 1668 3937 sed
1695 3883 2010 3953 simpliciter

428 3977 598 4018 unum
653 3977 850 4036 corpus
887 3977 942 4024 et
997 3985 1186 4026 sensus
1224 3970 1402 4026 anima
1426 3979 1483 4027 et
1521 3973 1842 4031 intellectus.
1876 3977 2007 4043 Qui—

425 4053 544 4121 bus,
574 4055 770 4126 inquit,
796 4061 948 4128 quasi
965 4061 1219 4131 partibus,
1245 4079 1338 4133 per
1359 4063 1564 4134 singula
1588 4067 1862 4136 unicuique
1891 4071 2009 4122 uni-

423 4148 700 4203 wrsnliter
723 4158 1290 4221 cognatum'nssocians
1313 4166 1619 4211 extremum.
1645 4158 1725 4212 Ac
1749 4159 1794 4213 si
1824 4169 2008 4228 aperte

424 4235 670 4294 diceret:
703 4242 970 4310 quoniam
988 4244 1233 4302 Christus
1260 4255 1514 4317 quattuor
1543 4249 1808 4304 humanae
1853 4257 2010 4303 natus

425 4342 520 4383 rae
545 4339 728 4399 partes
757 4335 966 4405 accepit
1008 4347 1064 4392 et
1089 4338 1146 4392 in
1188 4337 1364 4410 seipso
1395 4339 1670 4406 adunavit,
1699 4340 2010 4396 universam-

426 4429 754 4491 creaturam,
782 4425 886 4482 hoc
907 4435 1012 4492 est,
1041 4429 1457 4486 intellectualem
1489 4432 1885 4488 et'sensibilem
1913 4447 2002 4487 as-

426 4513 758 4581 sumpsisse,
807 4519 946 4574 et-in
975 4520 1156 4590 seipse
1190 4521 1456 4578 adunasse
1502 4523 1846 4580 manifestum
1898 4533 2022 4580 est.

2114 3339 2168 3384 et
2188 3337 2405 3384 creatur
2417 3337 2653 3396 etcreat,
2670 3338 2723 3384 et
2747 3329 2800 3384 in
2829 3329 3268 3401 primordialibus
3292 3333 3470 3386 causis
3496 3331 3695 3387 consti-

2114 3427 2228 3476 tuta
2255 3429 2356 3488 est",
2389 3420 2798 3488 discutiendam,
2829 3425 2904 3476 de'
2929 3421 3032 3478 hac
3064 3423 3218 3477 enim
3239 3411 3304 3476 in:
3331 3423 3433 3478 hoc
3473 3423 3514 3454 ίτ
3557 3421 3692 3478 libro

2115 3514 2294 3568 dicere
2335 3515 2752 3584 proposuimus,
2804 3514 2849 3568 si
2902 3513 2998 3569 tibi
3047 3513 3285 3581 videtur,
3343 3515 3693 3570 redeundum.

2113 3607 2257 3662 Drsc.
2317 3597 2608 3664 Videretur
2651 3609 2810 3678 plane
2837 3649 2850 3672 ,
2893 3607 2936 3661 si
2982 3607 3049 3662 de
3078 3607 3432 3677 quibusdam,
3468 3623 3605 3677 quae
3644 3607 3695 3660 in

2112 3697 2408 3766 praedictis
2433 3697 2730 3752 rationibus
2753 3695 2897 3751 diet‘a
2921 3705 3062 3761 sunt,
3089 3697 3340 3765 quoniam
3365 3695 3586 3751 multum
3612 3701 3695 3750 uie

2114 3799 2370 3856 movent,
2417 3777 2613 3846 clarius
2653 3789 2989 3859 explanat-es.
3033 3787 3172 3844 MAG.
3218 3789 3312 3844 Die
3355 3790 3526 3856 mihi,
3558 3803 3695 3858 quae

2114 3889 2240 3936 sunt
2269 3881 2380 3946 illa,
2412 3897 2550 3951 quae
2577 3882 2718 3936 inter
2748 3895 2830 3946 ea,
2865 3877 3000 3950 quae
3030 3896 3058 3934 a
3089 3897 3172 3935 me
3202 3883 3340 3935 dicta
3368 3881 3511 3946 sum,
3545 3881 3694 3936 valde

2115 3982 2169 4028 te
2195 3982 2430 4039 movent,
2461 3985 2796 4042 quorumque
2822 3973 3254 4029 exulanalionem
3284 3973 3688 4028 luculentiorem

2113 4079 2337 4136 poscere
2367 4063 2584 4119 videris.

2187 4156 2273 4210 M.
2307 4155 2452 4210 DISC.
2482 4155 3243 4212 ln'divisionibuscreatarum
3276 4155 3691 4210 subSta‘ntiarum

2115 4247 2406 4302 secundum
2433 4244 2746 4300 Maximum
2790 4245 2921 4299 nihil
2971 4247 3057 4299 me
3102 4251 3316 4309 movet,
3358 4243 3440 4297 vel
3473 4245 3515 4276 ¹⁸
3545 4245 3694 4298 νιιΗο

2115 4337 2247 4392 mihi
2273 4337 2560 4392 obscurum
2592 4337 2808 4390 videtur
2845 4351 2938 4390 seu
2983 4335 3314 4405 ambiguum,
3344 4341 3560 4405 praeter
3589 4336 3690 4390 ho-

2114 4429 2278 4485 minis
2307 4428 2622 4502 divisionem
2664 4428 2716 4481 in
2747 4425 2788 4458 ³³
2820 4425 3115 4482 masculum
3148 4435 3202 4481 et
3236 4424 3512 4492 feminam,
3545 4441 3690 4480 cam-

2115 4538 2220 4593 que
2251 4537 2444 4596 nonex
2473 4522 2643 4591 prima
2677 4519 2910 4576 hominis
2956 4519 3260 4576 conditione
3296 4517 3365 4574 ad
3405 4518 3691 4588 imaginem

424 4599 638 4659 Etenim
667 4606 724 4662 in
751 4607 988 4676 homine,
1033 4629 1194 4682 quem
1237 4621 1408 4671 totum
1455 4618 1698 4687 accepit,
1748 4618 2002 4674 universa
2031 4607 2084 4668 D
2111 4615 2227 4681 Dei,
2259 4615 2352 4670 sed
2399 4626 2464 4666 ex
2515 4625 2688 4680 poena
2736 4612 2960 4681 peccati-
2981 4609 3346 4682 processisse,
3387 4611 3692 4680 iterumque

423 4703 684 4753 creatura
703 4701 919 4756 condita
950 4713 1066 4758 est.-
1087 4702 1322 4776 Singulis
1351 4707 1490 4761 enim
1514 4710 1770 4778 partibus,
1797 4718 1856 4766 ut
1883 4711 2000 4779 ipse

425 4784 518 4851 ait,
545 4799 826 4860 cognatum
869 4796 1136 4850 associtms
1178 4805 1496 4865 extremum;
1544 4809 1770 4871 cognata
1797 4815 2000 4856 vocans

427 4885 662 4937 extrema
695 4899 932 4957 corpora
949 4889 1240 4961 omniaque
1265 4891 1515 4946 visibilis.
1560 4893 1704 4948 Haec
1731 4895 1874 4948 enim
1905 4909 2002 4948 ex-

426 4971 748 5030 tremitatem
787 4978 1073 5038 universae
1095 4990 1377 5038 creaturae
1404 4983 1655 5039 deorsum
1687 4999 1876 5039 versus
1903 4985 2001 5040 ob-

2109 4715 2244 4778 post=
2291 4703 2610 4762 catholicam
2679 4703 2928 4758 omnium
2983 4713 3268 4772 curporum
3339 4703 3692 4757 resurrectio-

2109 4815 2232 4857 nem
2251 4799 2475 4868 ",quae
2502 4799 2555 4858 in
2584 4797 2692 4852 line
2711 4797 2894 4851 mundi
2925 4795 3102 4850 futura
3135 4803 3234 4861 est,
3268 4794 3690 4864 ipsam-divisio-

2107 4909 2230 4950 nem
2259 4907 2363 4947 non
2397 4890 2624 4961 amplius
2647 4901 3074 4959 permansurum,
3110 4887 3204 4942 sed
3224 4888 3278 4940 in
3301 4887 3558 4941 unitatem
3581 4885 3692 4954 pri-

2107 4985 2385 5042 mordialis
2411 4982 2735 5040 conditionis
2758 4981 2802 5012 “
2829 4989 3055 5036 naturae
3078 4980 3124 5012 “
3161 4992 3524 5034 reversuram.
3558 4975 3690 5042 Quis

1702 5097 1955 5155 VAlilAE
1995 5097 2290 5154 LECTION
2297 5098 2402 5152 ES.

497 5179 872 5262 ‘nSic'A'DIwr-o
885 5189 1071 5262 nunc.
1148 5189 1370 5262 'SiqC;
1407 5187 1498 5244 AD
1521 5189 1899 5262 intettiguntur.
1977 5193 1999 5223 ⁸
2020 5193 2120 5262 Sic
2139 5191 2266 5262 7CD;
2292 5190 2475 5262 Aipsc.
2553 5187 2683 5242 ‘Sic
2697 5185 2769 5262 C_;
2796 5185 2888 5262 AD
2916 5183 3189 5262 intentius;
3223 5249 3234 5262 ί
3267 5179 3396 5236 ⁸810
3413 5177 3683 5262 53442111-

417 5263 483 5329 ἐκ
508 5251 554 5304 Ι)
579 5262 636 5329 ᾳ
649 5247 851 5329 cett-sits.
924 5261 946 5292 ⁸
983 5261 1076 5316 Sic
1095 5262 1226 5328 A‘D;
1256 5260 1298 5315 C
1321 5247 1658 5315 constituitur
1679 5247 1890 5317 natura.
1967 5263 1988 5295 "
2008 5261 2100 5317 Sic
2123 5261 2212 5315 CD
2229 5247 2266 5324 ;’
2284 5247 2452 5329 factus
2477 5269 2550 5312 est
2580 5275 2702 5329 om._
2720 5247 2787 5329 Α,
2852 5257 2884 5329 f‘
2912 5249 3366 5329 D_universalem_.n
3413 5248 3540 5329 °_S_lc
3565 5247 3682 5329 CD;

417 5321 558 5401 ἔθει,
584 5323 634 5401 ³⁸,
672 5325 850 5401 Cotti"
885 5331 1022 5386 AC!)
1044 5319 1306 5386 activam.-
1348 5331 1390 5362 “
1419 5330 1510 5386 Sic
1536 5330 1732 5398 AC;-D
1757 5333 2091 5401 sapientium.
2136 5333 2178 5362 ¹¹
2328 5329 2447 5401 CD;
2487 5333 2531 5384 A
2558 5327 2826 5401 conclusit
2845 5325 3094 5401 breviter;
3125 5319 3682 5401 “:SicCDetAapbig.

417 5389 636 5462 Maximi
655 5413 668 5462 ;
713 5399 808 5452 AB
837 5389 1192 5462 complexam.

1291 5401 1336 5434 “’
1364 5401 1456 5458 Sic
1492 5401 1534 5456 C
1567 5411 1622 5456 et
1649 5399 1862 5473 Ambig.
1897 5403 2148 5468 Maximi;
2341 5399 2700 5473 substantiam.

2783 5396 2827 5426 ¹⁵
2880 5394 2972 5448 Sic
3015 5391 3102 5446 CD
3152 5400 3206 5445 et
3237 5390 3446 5460 Ambig.
3502 5389 3680 5452 Max.;

413 5461 506 5543 Ali
551 5459 862 5545 simplsgeln.
903 5459 1256 5545 ΔξδῂὸίειηΒίΠ)
1281 5481 1336 5530 οι
1359 5474 1634 5545 Ambigua
1657 5459 1912 5542 Maximi;
1941 5476 1983 5528 A
2013 5483 2069 5529 et
2095 5459 2498 5545 iudillitiibiltuq
2511 5465 2857 5545 substantiam
2878 5478 2970 5545 __ex
3007 5477 3070 5516 eo
3124 5469 3245 5542 cet:
3310 5461 3351 5492 ιτ
3381 5459 3488 5514 Pro
3514 5460 3609 5512 hoc
3640 5459 3692 5526 tt

416 5534 602 5610 primo.
650 5534 660 5538 “
703 5540 746 5571 ’⁸
771 5541 864 5597 Sic
891 5539 1053 5610 CDE;
1102 5544 1148 5598 A
1179 5559 1291 5601 nec.

417 5603 460 5635 ⁵⁸
489 5609 804 5666 conditionis
861 5627 970 5668 om.
997 5603 1063 5670 Al
1142 5617 1330 5676 “Sic.
1383 5616 1556 5686 ADE;
1599 5615 1662 5672 (ὶ-
1693 5603 1884 5674 terrae.

1388 5545 1430 5576 ιθ
1460 5544 1551 5601 Sic
1603 5544 1772 5612 CDE;
1823 5545 2049 5601 Ainter.

2148 5543 2193 5576 ¹⁰
2233 5542 2326 5599 Sic
2368 5539 2528 5606 CDE;
2559 5539 2603 5593 A
2633 5534 3062 5591 resurrectionem
3106 5532 3334 5587 omnium
3385 5547 3687 5605 corvorum.

1931 5727 2188 5802 NOTAE:

486 5848 512 5876 ι
545 5834 734 5892 Verbis
765 5835 1032 5892 Hactenus
1064 5836 1140 5910 de
1160 5835 1494 5891 divisionibus
1522 5842 1624 5893 cet.
1663 5845 1840 5890 textus
1869 5833 2071 5888 codicis
2097 5831 2138 5884 E
2170 5831 2340 5883 dequ
2377 5821 2578 5892 incipit.
