4236 6274
513 425 622 482 διδ

1914 424 2196 483 JOANNIS
2232 425 2431 483 SCOTI

3691 425 3793 480 544

515 541 662 597 enim
694 542 820 601 talia
848 540 1076 609 audiens
1100 558 1207 598 non
1239 550 1586 614 expavescat,
1626 541 2023 613 confestimque
2051 542 2106 598 in
2134 547 2183 608 Α
2214 542 2361 596 nium
2392 538 2821 595 substantiarum
2850 540 3253 611 praedictarum
3284 538 3494 596 reditus
3526 539 3579 595 in
3629 557 3794 596 unum

515 632 652 689 haec
685 635 851 692 verba
880 652 987 692 non
1019 645 1267 707 erumpat
1305 637 1550 693 dicturus
1583 638 1599 669 ¹
1637 655 1651 692 :
1685 637 1801 693 Non
1826 652 1956 707 ergo
1985 645 2106 707 post

513 729 973 786 resurrectionem
1018 729 1245 785 masculi
1293 728 1637 800 feminaeque
1677 734 1697 761 '
1764 729 1978 785 futurus
2022 738 2108 786 est

518 838 679 879 sexus
702 825 745 889 ε,
782 822 827 878 si
858 834 1087 893 uterque
1141 823 1209 877 a’b
1262 822 1497 885 humana
1528 823 1552 855 ⁸
1580 823 1796 895 penitus
1831 822 2106 879 auferetur

516 914 743 968 natura!
778 914 884 969 Aut
910 912 932 944 '
966 911 1142 982 qualis
1172 912 1345 967 forma
1381 912 1437 968 in
1462 913 1679 969 homine
1711 914 2015 985 apparebit,
2058 913 2106 969 si

518 1022 679 1064 nemo
707 1005 945 1071 masculi,
978 1021 1073 1062 seu
1110 1004 1344 1059 feminae
1388 1004 1620 1061 formam
1664 1007 1950 1063 habuerit?
1995 1008 2106 1062 Aut

516 1097 694 1168 qualis
719 1097 916 1167 poterit
955 1096 1074 1151 fieri
1117 1096 1385 1168 cognitio,
1427 1096 1473 1152 si
1509 1098 1789 1168 utriusque
1833 1113 1993 1153 sexus
2023 1098 2106 1154 fu-

518 1198 640 1242 tura
667 1187 739 1243 sit
767 1188 1365 1258 exterminatio,.inque
1397 1187 1698 1259 simplicem
1730 1188 2105 1245 indiscretam—
2161 1252 2166 1256 ,

516 1264 622 1349 que
666 1279 967 1336 formarum
1034 1279 1397 1335 dilferentiis‘
1432 1280 1815 1335 adunationem
1863 1281 2106 1337 omnium

517 1371 794 1427 hominum
826 1371 1151 1443 coagulatio,
1188 1373 1302 1427 sive
1326 1370 1622 1440 spiritualis
1654 1370 2104 1442 incorporeaquc,

517 1464 633 1520 sive
688 1466 917 1521 visibilis
957 1468 978 1499 ⁷
1020 1474 1076 1521 et
1141 1481 1399 1536 corporea
1427 1506 1443 1531 ,
1492 1465 1611 1521 loco
1654 1481 1719 1520 ac
1746 1464 1768 1496 ⁸
1814 1475 2055 1535 tempore
2083 1465 2104 1495 ⁹

518 1555 966 1627 circumscripta?
1011 1557 1079 1612 Et
1108 1558 1212 1612 hoc
1240 1558 1295 1611 in
1324 1557 1579 1627 ambiguo
1609 1572 1638 1610 a
1671 1565 1722 1612 te
1748 1558 2105 1628 praetermis-

516 1662 634 1702 sum
675 1658 796 1715 est,
838 1658 1000 1719 atque
1046 1650 1407 1705 indiscussum
1431 1690 1446 1717 ,
1487 1650 2015 1719 quamvisvidearis
2051 1650 2104 1704 in

515 1741 833 1808 corporibus
917 1741 1332 1797 resurrectionis
1417 1742 1727 1811 spirituales
1811 1742 2105 1813 qualitates

515 1831 950 1903 quantitatesque
985 1833 1029 1864 ¹⁰
1075 1833 1249 1904 magis
1298 1849 1461 1903 quam
1511 1834 1818 1903 corporales
1874 1834 2103 1889 suadere

2210 644 2372 702 atque
2395 633 2652 688 adunatio
2683 630 2864 687 futura
2893 632 3011 688 sit?
3042 631 3235 687 Utrum
3286 633 3490 703 reipsa,
3540 634 3644 689 hoc
3692 645 3793 701 est,

2211 725 2444 781 transitu
2473 728 2711 782 omnium
2742 726 3078 782 sensibilium
3109 726 3163 781 in
3192 726 3594 794 intellectualia,
3641 727 3714 783 ita
3740 738 3797 782 ut

2206 825 2426 887 peracto
2465 817 2649 872 mundi
2675 817 2835 889 hujus
2862 817 3134 880 sensibilis
3170 818 3440 873 curriculo
3464 820 3643 875 omnia
3688 820 3793 874 sint

2208 907 2535 976 spiritualia,
2588 908 2829 978 nihilque
2861 908 2906 940 ’⁸
2937 924 3259 979 corporeum
3290 923 3386 964 seu
3424 910 3674 965 sensibile
3703 927 3790 967 re-

2207 1006 2455 1062 maneat;
2479 1013 2545 1051 an
2575 997 2690 1052 solo
2712 998 2955 1053 contuitu
2988 998 3153 1053 animi
3191 999 3492 1055 naturalem
3532 1000 3793 1055 unitatem

2205 1086 2447 1142 omnium
2477 1103 2656 1142 rerum
2684 1089 2738 1143 in
2766 1089 2879 1144 suis
2915 1090 3218 1147 rationibus
3250 1091 3793 1162 primordialibusque

2208 1181 2388 1236 causis
2415 1181 2875 1250 contemplantis?
2903 1181 2979 1238 Ea
3008 1198 3265 1254 namque,
3296 1199 3439 1254 quae
3460 1193 3795 1239 extrinsecus

2208 1291 2471 1347 corporeo
2500 1276 2679 1332 sensui
2710 1276 2860 1331 varia
2888 1276 3317 1347 multipliciaque
3347 1277 3507 1343 locis,
3538 1276 3795 1346 tempori-

2206 1368 2717 1438 bus,qualitatibus,
2749 1369 3161 1438 quantitatibus,
3195 1369 3501 1438 ceterisque
3526 1368 3797 1423 sensibilis

2207 1469 2433 1514 naturae
2445 1458 2764 1513 diiierentiis
2776 1468 3055 1529 apparent,
3071 1459 3122 1512 in
3141 1459 3254 1514 suis
3268 1458 3593 1524 rationibus,
3608 1472 3796 1513 secun-

2208 1552 2334 1607 dum
2363 1568 2499 1621 quas
2517 1568 2546 1606 a
2561 1552 2816 1607 Creatore
2829 1554 3066 1609 omnium
3084 1553 3299 1608 condita
3324 1562 3473 1620 sunt,
3504 1553 3797 1608 aeternali-

2207 1653 2399 1717 terque
2428 1646 2747 1702 immutabili
2769 1646 2814 1678 ¹⁹
2831 1662 2959 1702 suae
2973 1658 3196 1702 naturae
3217 1655 3384 1713 statu,
3410 1644 3683 1715 certisque
3714 1646 3801 1701 di-

2206 1739 2366 1793 vinae
2377 1738 2747 1808 providentiae
2761 1739 2960 1810 regulis
2981 1738 3299 1806 subsistunt,
3316 1754 3450 1809 puro
3476 1736 3792 1803 intellectui,

2207 1846 2388 1885 rerum
2459 1832 2699 1886 omnium
2758 1830 3044 1886 veritatem
3101 1829 3415 1900 inquirenti,
3473 1828 3791 1894 invenienti,

512 1934 634 1976 esse
680 1918 935 1978 futuras.
988 1922 1060 1979 Ut
1103 1938 1209 1978 non
1261 1923 1439 1977 dicam
1467 1964 1483 1990 ,
1532 1933 1790 1993 quantum
1830 1924 1967 1980 haec
2002 1926 2100 1979 do-
2128 1910 2177 1972 Β
2209 1921 2599 1986 consideranti,
2629 1936 2797 1977 unum
2828 1921 3162 1976 individuum
3193 1935 3312 1976 esse
3332 1920 3583 1974 videntur
3623 1920 3689 1985 ὀ,
3739 1928 3794 1974 ct

512 2011 685 2066 ctrina
756 2012 994 2067 omnium
1066 2022 1159 2068 aut
1220 2029 1393 2085 paene
1458 2016 1701 2072 omnium
1763 2016 1963 2073 latialis
2002 2018 2105 2073 lin-

515 2118 652 2172 guae
708 2113 1017 2160 sanctorum
1082 2107 1463 2176 magistrorum
1525 2109 1804 2164 autoritati
1860 2110 2103 2178 resistat,

515 2190 609 2260 qui
637 2192 966 2248 unanimiter
1006 2202 1128 2263 post
1151 2196 1603 2252 resurrectionem
1631 2197 1871 2257 omnium
1902 2200 2105 2255 utrius-

515 2296 621 2350 que
672 2298 833 2339 sexus
882 2284 1248 2354 integritatem
1297 2286 1534 2342 futuram
1562 2301 1683 2343 esse
1705 2298 1975 2356 asserunt,
2027 2291 2103 2345 ita

515 2382 583 2443 ut
604 2372 686 2426 vir
719 2375 773 2429 in
812 2372 1043 2430 formam
1072 2376 1195 2442 viri,
1224 2377 1423 2432 lemina
1471 2378 1526 2432 in
1569 2378 1800 2434 formam
1841 2360 2098 2447 feminae,

518 2480 640 2518 cum
663 2465 915 2521 omnibus
943 2468 985 2498 “
1014 2469 1372 2538 corporalium
1398 2472 1632 2541 partium
1655 2470 1890 2540 indiciis,
1906 2474 2103 2543 quibus

517 2556 754 2611 maxime
783 2564 1012 2628 uterque
1057 2575 1218 2616 sexus
1261 2562 1621 2630 discernitur,
1666 2565 1882 2632 redeat,
1916 2582 1982 2621 ac
2023 2567 2101 2621 sic

514 2647 629 2702 sive
652 2647 705 2701 in
737 2647 926 2717 gloria,
960 2649 1074 2705 sive
1104 2667 1158 2705 in
1184 2668 1356 2723 poena
1387 2654 1734 2711 aeternaliter
1762 2665 2098 2727 permaneat,

515 2738 559 2792 si
588 2747 764 2792 tamen
795 2749 1019 2797 aeterna
1045 2758 1218 2813 poena
1244 2747 1600 2816 corporaliter
1625 2747 1804 2803 futura
1838 2749 1928 2814 sit,
1961 2749 2103 2805 sicut

514 2837 735 2885 aeterna
752 2831 948 2907 gloria,
979 2834 1044 2889 de
1066 2851 1173 2906 qua
1203 2836 1245 2868 ¹²
1267 2838 1589 2908 quaestione
1611 2838 1665 2892 in
1689 2839 1877 2908 quinto
1901 2848 2103 2895 tracta-

516 2924 717 2981 bimus.
762 2925 943 2984 Multis
966 2930 1112 2984 enim
1160 2929 1379 2985 videtur
1425 2931 1808 3002 incongruum,
1859 2943 2102 2989 coaeter-

514 3032 638 3072 nam
660 3018 977 3075 beatitudini
1004 3020 1280 3077 miseriam
1306 3021 1423 3078 fore
1441 3023 1695 3089 credere;
1728 3022 1923 3093 quibus
1937 3040 2103 3079 evan-

513 3107 722 3177 gelicus
745 3123 924 3165 sermo
947 3110 1160 3165 videtur
1186 3113 1463 3178 resistere,
1494 3115 1585 3183 qui
1604 3116 1684 3168 ait
1708 3133 1721 3169 :
1753 3114 1858 3181 Ite,
1882 3115 2105 3169 maledi-

515 3202 606 3267 cti,
632 3202 689 3255 in
713 3202 883 3271 ignem
914 3211 1204 3257 aeternum.
1246 3204 1414 3270 Haec,
1446 3214 1506 3259 ut
1533 3207 1665 3270 dixi,
1712 3207 1765 3261 in
1806 3209 2101 3277 praedictis

482 3320 487 3323 λ
515 3292 942 3347 substantiarum
970 3291 1237 3348 factarum
1266 3309 1297 3348 a
1323 3295 1435 3350 Deo
1475 3295 1831 3352 divisionibus
1866 3301 2104 3355 maxime
2130 3267 2178 3332 Ο

516 3380 649 3434 mihi
676 3382 988 3451 scrupulum
1016 3384 1289 3454 ingerunt.
1312 3385 1390 3441 De
1417 3388 1591 3443 reditu
1613 3396 1795 3444 autem
1813 3406 1878 3446 ac
1900 3392 2105 3447 aduna-

520 3468 663 3525 tione
676 3472 1054 3542 quicquid-jam
1084 3490 1112 3528 a
1144 3484 1196 3530 te
1219 3476 1423 3532 dictum
1446 3487 1546 3545 est,
1571 3479 1769 3536 durqu
1798 3484 1929 3538 mihi
1946 3494 2109 3556 atque

521 3561 810 3617 obscurum
826 3565 1203 3623 universalitcr
1217 3585 1338 3625 esse
1359 3571 1554 3629 fateor.
1572 3574 1687 3629 Non
1708 3577 1852 3631 enim
1874 3578 2021 3634 clare
2035 3581 2110 3635 vi-

516 3651 638 3719 deo,
663 3655 934 3723 quomodo
948 3659 1229 3730 utriusque
1250 3676 1413 3719 sexus
1442 3663 1711 3723 humanae
1732 3678 1961 3727 naturae
1978 3672 2111 3727 adu-

517 3744 667 3799 natio
695 3745 750 3800 in
781 3745 1019 3815 Christo,
1064 3752 1296 3820 primum
1323 3770 1393 3811 ex
1422 3756 1466 3788 ³³
1493 3759 1722 3815 mortuis
1770 3772 2106 3834 resurgente,

515 3837 657 3892 facta
676 3845 781 3906 est,
802 3848 858 3895 et
877 3841 930 3895 in
944 3844 1197 3901 omnibus
1216 3847 1525 3905 hominibus
1548 3852 1697 3908 finito
1712 3855 1913 3910 mundo
1927 3856 2110 3914 futura

518 3926 608 3985 sit.
642 3931 699 3987 In
725 3933 919 3989 eodem
946 3938 1090 3993 enim
1115 3954 1267 4007 sexu,
1286 3945 1464 4012 quoin
1485 3961 1649 4002 carne
1662 3948 1816 4015 vixit,
1832 3949 2108 4006 Christum

518 4024 790 4081 credimus
820 4030 1209 4099 resurrexisse,
1239 4046 1557 4107 semperque
1578 4054 1900 4109 permanere
1916 4051 1972 4098 et
1992 4031 2112 4113 per-

515 4132 834 4175 mansurum
861 4136 1001 4177 esse.
1019 4122 1150 4201 Quis
1164 4135 1345 4182 autem
1360 4130 1598 4199 negabit,
1621 4131 1830 4189 virilem
1852 4149 2042 4189 sexum
2067 4134 2111 4167 ιδ

518 4210 693 4281 ipsum
739 4213 908 4272 fuisse
949 4217 1195 4275 indutum
1228 4220 1292 4289 ¹⁸,
1349 4224 1665 4294 priusquam
1715 4237 1998 4297 pateretur
2053 4238 2109 4286 et

522 4310 872 4379 resurgeret?
904 4308 1164 4368 Similiter
1192 4314 1356 4370 etiam
1385 4317 1679 4386 credimus,
1710 4334 1900 4376 omnes
1926 4321 2106 4377 homi-

519 4412 615 4453 nes
638 4399 692 4453 in
706 4402 894 4457 eodem
916 4417 1071 4471 sexu,
1088 4405 1141 4459 in
1158 4422 1265 4475 quo
1290 4407 1509 4474 cadunt,
1538 4419 1942 4465 resurrecturos
1964 4426 2107 4467 esse.

519 4488 795 4554 Quomodo
827 4493 977 4547 orbis
1007 4495 1050 4525 ¹⁶
1079 4504 1345 4553 terrarum
1367 4500 1642 4570 paradiso,
1678 4510 1929 4573 terraque
1955 4503 2107 4559 unita

518 4580 938 4644 caelo,omnis"
968 4587 1239 4643 sensibilis
1264 4602 1516 4647 creatura
1534 4593 1874 4662 intelligibili,
1897 4603 1953 4650 ct
1975 4596 2109 4653 haec

518 4669 699 4724 omnia
726 4670 837 4726 Deo
867 4675 1282 4744 copulabuntur,
1308 4681 1380 4734 ita
1416 4692 1473 4737 ut
1504 4699 1668 4738 unum
1697 4688 1829 4753 sint,
1852 4687 2105 4759 nullaque

520 4762 577 4817 in
619 4763 700 4817 eis
732 4764 1018 4822 diversitas
1067 4773 1368 4838 appareat?
1393 4774 1458 4829 Et
1503 4777 1739 4831 maxime
1772 4780 1923 4848 illud,
1960 4782 2104 4851 quod

520 4854 819 4924 promisisti
847 4865 955 4914 ate
982 4860 1403 4932 explanandum,
1432 4866 1535 4920 hoc
1551 4877 1655 4934 est,
1685 4873 1954 4938 quomodo
1980 4888 2102 4929 om-

2134 4646 2187 4705 D

2210 2023 2356 2068 sunt.
2389 2012 2522 2068 Nam
2569 2022 2834 2083 quantum
2878 2013 3181 2069 exteriores
3213 2020 3461 2078 naturae,
3511 2011 3793 2067 sensibiles

2209 2105 2330 2159 dico
2361 2113 2522 2173 atque
2550 2119 2842 2174 corporeus
2865 2104 2931 2169 “,
2960 2103 3096 2159 locis
3118 2103 3552 2173 temporibusque
3572 2100 3796 2156 ceteris-

2206 2211 2312 2265 que
2339 2195 2709 2251 accidentibus
2732 2195 2933 2250 variari
2959 2202 3241 2265 appetunt,
3271 2193 3326 2247 in
3342 2193 3427 2248 his
3448 2193 3589 2248 enim
3604 2206 3789 2247 eorum

2204 2287 2550 2356 pulchritudo
2585 2289 2823 2343 maxime
2870 2286 3096 2353 arridet,
3131 2287 3364 2356 ideoque
3409 2301 3439 2339 a
3487 2284 3792 2340 carnalibus

2206 2380 2421 2445 animis,
2454 2379 2609 2450 longe
2633 2395 2662 2432 a
2684 2379 2912 2434 veritate
2941 2387 2997 2432 et
3020 2378 3233 2432 unitate
3254 2376 3602 2441 distantibus,
3635 2376 3794 2444 inque

2207 2470 2582 2542 temporalium
2615 2486 2797 2526 rerum
2823 2471 3273 2525 numerositatem
3316 2468 3550 2534 diffusis,
3601 2467 3793 2522 intem-

2204 2572 2391 2633 perate
2448 2562 2837 2634 luxurioscque
2892 2572 3166 2629 amantur,
3212 2571 3420 2617 tantum
3475 2560 3791 2623 interiores,

2204 2655 2311 2712 hoc
2338 2663 2445 2722 est,
2474 2654 2839 2725 intelligibiles
2869 2655 3138 2710 essentiae
3164 2651 3460 2723 simplicem
3484 2651 3567 2706 sui
3596 2649 3790 2703 indivi-

2202 2750 2476 2821 duamque
2507 2752 2770 2805 unitatem
2801 2751 2852 2804 in
2875 2751 3066 2820 seipsis
3087 2758 3142 2803 et
3168 2750 3310 2803 inter
3334 2749 3544 2817 seipsas
3574 2748 3788 2815 insepa-

2204 2843 2456 2899 rabiliter
2483 2843 2529 2873 “
2558 2844 2870 2908 ostendunt,
2912 2857 2977 2896 ac
3003 2840 3049 2871 ³³
3074 2856 3171 2911 per
3210 2841 3312 2894 hoc
3338 2838 3647 2908 sapientum
3677 2835 3793 2888 ani-

2205 2951 2323 2991 mos
2354 2936 2809 3006 pulchritudinem
2844 2933 3162 2988 harmoniae
3188 2931 3576 2999 societatisque
3602 2943 3794 2983 earum

2203 3027 2635 3097 contemplantes
2648 3027 2937 3083 delectant.
2973 3025 3178 3093 Quibus
3202 3038 3268 3076 ex
3295 3020 3535 3076 instabili
3561 3020 3795 3075 diversa-

2205 3137 2309 3190 que
2338 3121 2578 3175 locorum
2607 3136 2670 3175 ac
2699 3129 3002 3190 temporum
3027 3118 3288 3171 varietate
3311 3112 3683 3178 redeuntibus,
3704 3127 3796 3166 so-

2207 3211 2309 3266 lius
2337 3211 2559 3265 unitatis
2578 3208 2624 3242 ”
2671 3209 3127 3279 immutabilisque
3149 3206 3393 3263 veritatis
3413 3202 3797 3273 contemplatio

2208 3306 2510 3376 praemium
2544 3301 2896 3374 promittitur.
2930 3301 3046 3357 Non
3071 3300 3215 3356 enim
3244 3297 3508 3354 caelestes
3540 3296 3785 3355 virtutes,

2209 3410 2345 3465 quas
2360 3394 2526 3448 variis
2552 3393 3011 3449 nominationibus
3040 3392 3320 3461 Scriptura
3348 3404 3501 3445 sacra
3528 3386 3791 3450 nominat,

2212 3492 2357 3547 hunc
2380 3489 2429 3521 ³⁵
2460 3489 2721 3543 mundum
2747 3487 3015 3542 visibilem
3043 3486 3384 3540 extrinsecus
3410 3481 3792 3552 corporeisque
3814 3546 3823 3551 _

2210 3582 2460 3639 sensibus
2490 3580 2689 3635 intueri
2720 3580 3021 3635 credendas
3045 3593 3169 3634 esse
3198 3578 3449 3634 aestimo.
3479 3573 3589 3628 Nec
3612 3582 3793 3627 tamen

2210 3688 2302 3728 eas
2341 3673 2564 3727 omnino
2594 3672 2847 3743 ignorare
2883 3679 2966 3726 est
2990 3669 3035 3701 '°
3066 3670 3395 3740 putandum,
3439 3666 3650 3739 quando
3697 3678 3795 3732 per

2213 3779 2306 3821 eas
2351 3765 2464 3834 regi
2497 3779 2563 3818 ac
2608 3763 2913 3819 ministrari
2956 3764 3092 3819 haec
3139 3763 3323 3818 omnia
3365 3760 3597 3817 visibilia
3640 3772 3797 3814 sacra

2215 3859 2408 3915 edocet
2431 3858 2660 3913 historia
2687 3856 2933 3928 ".Leges
2957 3857 3223 3927 siquidem
3236 3856 3454 3911 divinae
3468 3870 3567 3926 per
3579 3852 3801 3923 angelos

2212 3951 2624 4007 administratae
2661 3960 2808 4017 sunt,
2834 3951 3098 4005 bonorum
3113 3950 3158 3989 ³⁸
3173 3950 3449 4005 hominum
3474 3964 3658 4004 mores
3681 3962 3802 4002 cor-

2214 4043 2371 4108 recti,
2400 4042 2669 4108 ordinati,
2707 4057 2739 4096 a
2782 4042 2968 4112 pravis
2994 4041 3099 4096 viis
3143 4038 3353 4097 reducti
3410 4037 3803 4109 multiplicibus

2212 4140 2430 4194 divinae
2459 4136 2832 4209 providentiae
2874 4135 3136 4192 doctrinis
3157 4134 3467 4201 exercitati,
3505 4133 3574 4190 ad
3615 4133 3800 4204 pristi-

2214 4249 2343 4287 num
2372 4241 2601 4288 naturae
2635 4231 2859 4286 modum
2887 4238 3243 4295 revocantur;
3276 4228 3369 4283 sed
3397 4228 3452 4283 in
3491 4227 3732 4283 aeternis
3754 4225 3801 4256 ¹⁹

2214 4325 2414 4390 causis,
2462 4339 2599 4393 quas
2639 4323 2789 4393 ipsae
2823 4320 3177 4387 aeternaliter
3219 4320 3605 4383 considerant,
3658 4319 3827 4377 hunc~

2212 4419 2473 4475 mundum
2508 4458 2523 4481 ,
2571 4431 2733 4487 quem
2807 4416 3134 4487 gubernant,
3207 4424 3469 4483 quantum
3525 4412 3606 4467 eis
3670 4409 3804 4465 sini-

2214 4520 2302 4566 tur
2330 4551 2345 4578 ,
2422 4510 2794 4581 perspiciunt,
2867 4523 2974 4563 non
3030 4507 3270 4563 locorum
3311 4505 3500 4575 spatiis
3543 4503 3796 4565 divisum,

2215 4620 2324 4660 non
2352 4603 2519 4658 variis
2561 4611 2869 4671 temporum
2918 4600 3154 4655 motibus
3190 4599 3660 4661 distinctum,non
3689 4607 3793 4644 nti--

2215 4693 2532 4750 nierositate
2560 4693 2799 4763 partium
2822 4707 3044 4748 suarum
3066 4691 3388 4761 dispersum,
3418 4701 3523 4742 non
3565 4681 3795 4753 qualita-
3840 4750 3883 4769 Β

2215 4797 2327 4840 tum
2359 4785 2792 4855 quantitatumve
2817 4784 3203 4854 multiplicibus
3223 4777 3538 4837 differentiis
3564 4772 3798 4834 dissimi-

2214 4875 2342 4944 lem,
2368 4891 2474 4932 non
2505 4875 2663 4936 molis
2689 4876 3064 4947 magnitudine
3095 4871 3380 4950 tumidum,
3427 4882 3538 4949 non
3567 4863 3800 4922 diversis

1826 5028 2077 5088 VARIAE
2114 5029 2500 5092 LECTIONES

596 5150 877 5245 :g‘Sic
913 5170 1014 5245 pro
1068 5174 1175 5214 non
1229 5171 1466 5245 erumpat
1494 5163 1813 5245 dicturusA
1842 5180 2181 5245 prorumpat;
2221 5172 2265 5245 l)
2295 5187 2400 5229 non
2452 5181 2701 5245 erumpat
2740 5174 2915 5228 dictis.

525 5221 548 5255 ³
578 5221 671 5303 Sic
700 5225 840 5281 ΑΒΕ
863 5221 882 5294 ’;
913 5221 1098 5303 "senius
1159 5246 1270 5303 om.
1317 5221 1387 5288 (ἒξ
1502 5233 1525 5266 ⁴
1551 5235 1643 5292 Sic
1671 5221 1810 5303 CE,
1842 5221 1886 5293 Ἀ

523 5297 820 5368 auferetur.
948 5299 969 5330 ⁸
1018 5299 1108 5356 Sic
1156 5301 1325 5368 CDE;
1397 5304 1445 5359 Α
1496 5307 1585 5361 At.

523 5385 855 5468 QQE‘Aet.
966 5395 1004 5468 _’
1049 5393 1153 5448 sive
1207 5394 1538 5468 ttisibilisr—
1593 5408 1816 5468 tempore
1868 5416 1976 5454 om.
2026 5402 2089 5457 E.

532 5454 698 5534 ρος.)
749 5461 1086 5534 Antiatium.
1202 5466 1246 5497 ”
1293 5467 1383 5521 Sic
1429 5467 1590 5534 CDE;
1639 5454 1704 5522 A'
1735 5469 1841 5522 Sed
1886 5471 1951 5524 de
1992 5454 2110 5526 hac.

533 5525 578 5597 ’ξ’
628 5526 717 5597 Sic
752 5530 925 5597 rCDE;
972 5535 1015 5587 A
1064 5535 1396 5591 indulurum.

1508 5540 1551 5570 “
1570 5538 1948 5616 CD_L;;__A
1981 5546 2250 5616 quomodo
2274 5588 2288 5612 ,
2332 5563 2523 5616 quaeso
2547 5586 2562 5608 ,
2592 5538 2757 5602 'orbis
2807 5555 2913 5602 cet.

3021 5176 3042 5206 ²
3070 5173 3162 5229 Sic
3203 5169 3368 5239 CDE;
3407 5171 3452 5224 A
3481 5177 3529 5224 et
3554 5167 3799 5239 feminae.

1933 5239 2140 5311 penitus
2185 5244 2249 5297 ab
2303 5246 2536 5299 humana
2588 5239 2642 5300 ᾱ.
2692 5262 2782 5311 η.;
2838 5245 2882 5299 D
2936 5245 3001 5300 ab
3056 5246 3291 5299 humana
3344 5252 3539 5296 natura
3597 5239 3802 5311 penitus

1710 5307 1730 5339 ⁸
1775 5308 1865 5365 Sic
1913 5307 2094 5379 CDE;
2149 5313 2196 5367 A
2243 5314 2619 5383 cli/ferentium.

2745 5308 2771 5348 ⁷⁷
2810 5315 2904 5372 Sic
2945 5315 3068 5382 AD;
3138 5316 3180 5372 (Ι
3226 5314 3508 5392 sensibilis.
3598 5308 3656 5341 ’⁸
3713 5308 3805 5363 Sic

2205 5402 2258 5477 Ψ,
2302 5402 2393 5477 _S_i0
2443 5405 2608 5477 CDE;
2669 5405 2717 5477 Α
2756 5406 3078 5477 quantitates
3126 5405 3531 5477 qualitatesque.

2218 5474 2261 5504 ¹³
2296 5473 2388 5529 Sic
2441 5476 2604 5542 CDE;
2656 5476 2701 5529 Α
2741 5473 2792 5531 ά.

2906 5406 3078 5460 titates
3126 5405 3531 5477 qualicumque.
3639 5400 3677 5430 ¹¹
3714 5400 3805 5452 Sic

2906 5475 2949 5508 “
3003 5476 3094 5531 Sic
3140 5477 3305 5541 CDE;
3362 5476 3409 5527 Α
3450 5470 3601 5529 ,υὲνὶΙὶ
3655 5484 3801 5523 sexu.

3015 5549 3055 5579 ⁸⁷
3085 5547 3178 5603 Sic
3225 5544 3389 5610 CDE;
3428 5541 3474 5595 A
3513 5541 3799 5609 omnisque.

531 5595 575 5683 ξ⁸
617 5595 857 5683 $0.99;
910 5595 1209 5683 ﬁngi/051,113
1239 5608 1500 5683 nihilque.
1566 5610 1609 5642 ¹⁹
1636 5610 1728 5683 Sic
1765 5595 1935 5683 _AC'E;
1980 5595 2035 5667 ll),
2064 5595 2562 5670 ἶῆξῦἱξῖιᾶὺῖιίξςίπῖδ
2587 5595 2965 5683 ὧὲ-’ἀυῖξξᾌ
3020 5595 3416 5672 triginta—5.}.
3446 5682 3451 5683 ί
3480 5595 3802 5683 ﬁrmiora-

527 5663 623 5720 les.
698 5663 854 5724 "Sic
883 5671 1059 5751 _ACE;
1104 5663 1144 5728 ι)
1182 5663 1603 5747 inseparabilem.
1653 5663 1726 5712 7'5
1760 5663 1851 5736 Sic
1870 5663 2049 5753 EDE;
2496 5663 2887 5754 SicvxfCl-l-li

524 5735 691 5791 llUllC.
767 5740 814 5772 ⁸⁸
838 5739 929 5791 διο
964 5742 1126 5791 CDE:
1171 5746 1209 5791 Α
1235 5748 1480 5791 ἱαηονιησρ
1509 5752 1719 5791 ηηιηὸηη
1763 5754 1858 5791 (ne!
1903 5772 1989 5791 nm
2045 5759 2105 5791 A\
2201 5705 2257 5791 ly
2285 5758 2374 5791 Qin
2413 5758 2573 5791 rma.
2626 5761 2653 5791 Α
2706 5760 2976 5791 Caunum-
3097 5761 3141 5791 ιε

838 5739 929 5831 Sic
959 5742 1215 5831 gDElinA
1235 5739 1480 5831 ignorare
1509 5752 1745 5831 ornnini?_
1763 5754 1859 5821 (est
1903 5772 2013 5813 om.
2037 5739 2126 5831 'A):

523 5804 808 5863 bonorum.
883 5810 929 5843 "
959 5809 1048 5866 Sic
1088 5804 1206 5879 CE;
1255 5804 1482 5873 aeternis
1518 5837 1626 5877 om.
1679 5804 1791 5878 AD:

3222 5690 3269 5720 "
3301 5689 3393 5743 Sic
3432 5680 3595 5756 130113;
3628 5679 3672 5730 Α
3696 5691 3807 5756 λἐν

3097 5761 3143 5794 ⁸⁸
3177 5760 3271 5817 Sic
3314 5755 3483 5819 CDE;
3528 5751 3571 5804 A
3620 5751 3805 5820 quibus

2285 5758 2376 5813 Sic
2413 5758 2575 5826 CDE;
2618 5761 2665 5816 A
2700 5760 2997 5831 Scriptura.
