4236 6274
406 368 511 424 545

1222 364 1309 419 DE
1348 362 1688 420 DIVISIONE
1728 361 2080 420 NATURAE.
2120 389 2185 434 ἡ·
2230 360 2427 415 LIBER
2469 363 2850 421 SECUNDUS.

3572 370 3674 425 546

408 480 784 553 longitudinis,
808 477 1128 542 latitudinis,
1171 476 1580 546 altitudinisque
1613 477 1629 508 ¹
1656 477 1848 547 spatiis
1883 477 1989 531 dis-
2016 480 2065 538 Α
2096 486 2192 539 tcs,
2220 477 2425 531 caelum
2463 478 2585 532 dico
2618 487 2672 531 ct
2704 456 2901 533 terram
2929 481 2992 541 ",
3045 480 3206 534 veluti
3246 481 3385 534 inter
3414 485 3672 549 questam

415 582 649 638 tentum,
694 573 790 628 sed
817 580 989 627 totum
1011 568 1173 625 simul
1214 568 1639 637 simpliciterque
1667 570 1719 622 in
1750 569 1866 624 suis
1909 583 2001 629 ra-.

413 665 655 722 tionibus
694 660 1105 717 immutabiliter
1134 659 1555 714 subsistentem.
1590 658 1668 713 De
1713 659 1800 713 his
1832 659 2001 728 igitur,

414 756 659 813 obscuris
677 751 1106 825 quaeetionibus.
1132 764 1274 819 quae
1310 763 1410 819 per
1434 749 1700 818 meipsum
1735 750 1805 805 ad
1834 750 1997 819 liqui-

414 847 541 899 dum
566 842 758 899 intueri
780 855 1017 910 nequeo,
1061 839 1390 903 luculentius
1429 853 1460 893 a
1504 848 1554 894 te
1578 839 1995 901 discernendum

413 946 532 989 esse
561 933 581 962 ²
610 931 972 987 aestimarim.
1000 910 1122 984 Tuo
1164 918 1349 989 rtamen
1376 928 1625 992 arbitrio,
1652 942 1762 998 quo
1805 929 1997 1000 ordine

413 1022 736 1092 aperiendae
766 1021 898 1084 sint,
945 1027 1158 1074 tantum
1203 1026 1266 1071 ut
1311 1018 1645 1087 aperiantur,
1693 1018 1808 1073 sive
1852 1032 1997 1083 nunc

410 1114 527 1168 sive
546 1110 929 1182 postea,-mihi
958 1110 1138 1165 visum
1167 1117 1254 1167 est
1280 1109 1544 1166 tribuere.

484 1200 627 1256 huc.
648 1238 655 1243 ρ
675 1202 756 1256 De
782 1201 870 1255 his
895 1199 1151 1256 omnibus
1175 1237 1191 1262 ,
1241 1213 1415 1268 quae,
1464 1208 1525 1255 ut
1573 1200 1729 1265 dicis,
1765 1200 1859 1255 tibi
1891 1214 1997 1254 non

417 1290 566 1345 clare
592 1289 614 1320 ³
643 1296 953 1358 patescunt,
995 1287 1161 1343 alium
1186 1288 1487 1345 disserendi
1517 1288 1692 1344 locum
1735 1290 1868 1344 ordo
1908 1305 1996 1344 re-

419 1396 540 1435 rum
570 1380 593 1411 "
618 1380 845 1450 expetit.
877 1379 985 1435 Sed
1015 1379 1103 1434 hic
1134 1378 1369 1434 breviter
1406 1379 1837 1448 praelibandu-m,
1866 1394 2003 1450 quo—

401 1470 567 1526 .niam
596 1471 733 1526 haec
754 1468 955 1535 omnia,
993 1482 1133 1538 quae
1154 1466 1390 1525 difﬁcilia
1418 1469 1511 1523 tibi
1540 1470 1790 1525 videntur
1816 1510 1831 1532 ,
1892 1484 2002 1525 uno

420 1568 745 1631 argumento
768 1566 1000 1629 possunt
1024 1557 1296 1614 concludi.
1339 1557 1397 1613 Si
1426 1558 1570 1615 enim
1597 1557 1870 1625 Christus,
1909 1560 2002 1629 qui

418 1651 601 1705 omnia
624 1648 897 1720 intelligit,
927 1649 1096 1703 immo
1128 1657 1215 1704 est
1239 1649 1482 1702 omnium
1547 1647 1868 1710 intellectus,
1919 1662 2005 1702 re-

421 1742 535 1808 ipsa
556 1739 761 1803 omnia,
792 1751 934 1808 quae
958 1737 1554 1819 assumpsit,'adunavit
1578 1755 1592 1791 :
1619 1739 1741 1807 quis
1769 1740 1999 1811 dubitet,

2094 577 2370 623 extremos
2395 570 2440 603 ¹³
2472 569 2753 632 terminos,
2784 585 2813 622 a
2849 584 2969 623 sese
2997 570 3227 624 invicem
3253 570 3540 633 discretos,
3566 575 3678 627 suis

2095 661 2474 716 mcdietatibus
2505 676 2803 727 connexos,
2831 661 2988 730 hujus
3037 661 3220 716 mundi
3253 660 3525 716 sensibilis
3555 650 3697 733 uni-2

2095 751 2407 806 versitatcm
2454 751 2737 806 harmonia
2786 751 3017 820 quadam
3049 751 3281 804 naturali
3326 752 3678 822 campositam

2096 832 2563 910 coadunatamque
2591 856 2711 895 esse
2748 842 2914 896 certis
2961 841 3263 896 rationibus
3291 843 3538 898 edocent.
3574 844 3679 899 Sed

2097 929 2317 1008 longum
2342 939 2448 997 est,
2471 938 2527 984 et
2572 931 2872 999 praesentis
2898 931 3077 999 operis
3111 934 3387 1003 preposito
3429 934 3682 990 inconve—

2098 1020 2275 1084 niens,
2319 1034 2417 1090 per
2445 1021 2691 1097 diversas
2712 1022 3046 1075 diversorum
3073 1022 3356 1092 Opiniones
3386 1025 3584 1080 multas
3617 1041 3680 1078 at:

2041 1112 2043 1114 ’
2108 1111 2284 1190 varias
2309 1126 2617 1166 sermonem
2658 1112 2977 1176 extendere,
3016 1111 3454 1185 superﬁuumque
3478 1117 3683 1172 videbi-

2100 1210 2211 1265 tur,
2244 1194 2476 1256 aliorum
2508 1201 2815 1257 intellectus
2843 1202 2909 1257 de
2952 1201 3259 1272 hujusmodi
3310 1206 3544 1276 negotio,
3574 1194 3683 1261 nisi

2102 1292 2192 1346 ubi
2219 1307 2432 1349 summa
2464 1292 2760 1347 necessitas
2787 1292 2977 1362 exigit,
3028 1292 3390 1348 introducere.
3429 1293 3555 1350 Mihi
3588 1312 3685 1350 au-

2104 1389 2212 1449 tem
2238 1368 2526 1436 multorum
2550 1396 2739 1435 sensus
2757 1380 3118 1437 consideranti
3145 1382 3586 1452 nilprobabilius,
3614 1400 3645 1437 n
3673 1386 3687 1437 Ι

2104 1452 2447 1526 verisimilius
2496 1471 2754 1535 occurrit,
2789 1487 2948 1541 quam
2983 1483 3041 1527 ut
3081 1473 3136 1527 in
3180 1475 3222 1504 ¹¹⁸
3253 1474 3545 1544 praedictis
3593 1490 3683 1530 sa-

2096 1551 2237 1620 crae
2271 1561 2584 1632 Scripturae
2610 1556 2817 1625 verbis,
2845 1556 3237 1633 signiﬁcatione
3279 1565 3528 1625 videlicet
3553 1554 3701 1631 caeli.

2103 1664 2158 1733 et
2182 1664 2377 1717 terrae,
2403 1653 2782 1724 primordiales
2815 1656 2978 1710 totius
3005 1648 3287 1733 creaturae
3306 1673 3520 1725 causas,
3553 1674 3688 1729 quas

2107 1732 2274 1827 Pater
2298 1734 2350 1802 in
2380 1749 2659 1819 unigenito
2682 1764 2782 1803 suo
2811 1749 2966 1814 Filio,
3018 1749 3109 1819 qui
3154 1751 3402 1822 principii
3452 1752 3690 1827 appella-

414 1829 559 1899 quod
604 1828 909 1898 praecessit
952 1828 1007 1882 in
1050 1829 1228 1901 capite
1268 1837 1326 1885 et
1363 1828 1384 1859 ⁸
1424 1828 1709 1899 principali
1760 1831 2007 1899 exemplo
2040 1830 2082 1887 Β
2114 1822 2257 1894 tione
2281 1839 2610 1903 nominatur,
2646 1852 2772 1897 ante
2817 1836 3021 1905 omnia,
3074 1854 3212 1910 quae
3263 1842 3479 1920 condita
3537 1824 3686 1911 sunt,

418 1919 586 1974 totius
611 1919 882 1977 humanae
903 1925 1152 1982 naturae,
1178 1919 1235 1973 in
1263 1927 1374 1977 tota
1415 1917 1534 1977 fore
1559 1920 2001 1986 subsecuturum,

417 2008 557 2065 sicut
582 2007 866 2077 in'quinto
912 2007 1052 2064 libro
1079 2000 1479 2064 tractabimus?
1518 2009 1800 2080 Siquidem
1843 2011 2004 2082 hujus

420 2099 718 2169 praesentis
738 2084 863 2155 libri
895 2098 1590 2173 textusnilaliudﬁagitat,
1619 2116 1779 2170 quam
1811 2111 1871 2155 ut
1904 2117 2004 2173 pro

418 2189 625 2247 viribus
652 2188 877 2254 nostris,
906 2187 1166 2258 quiequid
1210 2187 1304 2245 lux
1336 2188 1642 2243 animorum
1664 2189 1860 2259 largita
1891 2188 2005 2245 fue-

417 2281 511 2348 rit,
541 2281 611 2338 de
634 2279 1078 2351 primordialibus
1106 2281 1294 2336 causis
1321 2281 1682 2350 disputemus.

490 2382 580 2438 15.
625 2383 785 2438 Dtsc.
812 2382 1097 2452 Ingredere
1122 2381 1344 2451 quovis
1374 2383 1582 2440 ordine.
1614 2381 1697 2451 Eo
1717 2382 1862 2438 enim
1892 2397 2005 2449 mo-

423 2474 519 2541 do,
541 2487 649 2542 quo
666 2481 982 2542 praesentes
1002 2472 1351 2543 quaestiones
1376 2473 1441 2527 de
1469 2474 1865 2543 quadripertita
1888 2474 2007 2528 uui-

421 2563 653 2619 versalis
684 2573 916 2618 naturae
963 2563 1227 2619 divisione
1256 2562 1566 2633 propositae
1593 2572 1739 2629 sunt,
1780 2579 1887 2620 non
1920 2566 2004 2619 in-

421 2666 662 2724 congrue
681 2653 1051 2724 explanandas
1071 2668 1193 2709 esse
1213 2655 1426 2724 opinor.
1452 2653 1593 2710 MAG.
1625 2655 2009 2712 Ratiocinatio-

423 2746 509 2809 nis
536 2745 824 2802 exordium
870 2761 937 2800 ex
983 2744 1181 2800 divinis
1217 2745 1447 2817 eloquiis
1476 2746 1857 2801 assumendum
1886 2762 2008 2802 esse

422 2835 670 2890 aestimo.
697 2835 848 2891 DlSC.
876 2834 962 2889 Nil
984 2835 1426 2901 conveniendus;
1451 2850 1517 2889 ex
1539 2850 1600 2889 ea
1620 2835 1763 2891 enim
1789 2850 2005 2891 omnem

425 2929 672 2985 veritatis
699 2929 1110 2998 inquisitionem
1142 2927 1361 2983 initium
1386 2944 1600 2983 sumere
1642 2929 2005 2984 necessarium

426 3026 530 3074 est.
564 3018 706 3074 HAG.
744 3019 1121 3074 Divinissimus
1156 3020 1439 3088 propheta,
1470 3018 1672 3075 Moisen
1705 3019 1726 3050 ⁸
1754 3020 1893 3085 dico,
1947 3020 2002 3074 in

427 3110 605 3182 prima
655 3110 835 3165 fronte
865 3110 987 3165 libri
1012 3110 1032 3142 '
1054 3109 1364 3165 Geneseos:
1398 3108 1468 3163 In
1489 3110 1764 3180 principio,
1808 3110 2001 3180 inquit,

386 3222 389 3223 ν
429 3200 556 3270 fecit
581 3199 722 3255 Deus
746 3199 950 3254 caelum
989 3208 1037 3254 el
1072 3209 1288 3254 terram.
1321 3198 1435 3266 Quo
1460 3200 1514 3253 in
1558 3199 1675 3255 loco
1709 3214 1897 3257 omnes
1919 3215 2009 3275 .sa-
2036 3182 2080 3244 (ἶ

429 3303 555 3356 crae
582 3289 898 3360 Scripturae
921 3291 1254 3360 expositores
1280 3291 1475 3360 ingenii
1499 3291 1581 3344 sui
1605 3305 1834 3345 acumen
1853 3306 2010 3346 exer-

422 3391 673 3447 cuerunt,
699 3381 1035 3452 diversisque
1068 3382 1456 3451 intelligentiae
1484 3381 1676 3445 modis,
1719 3381 1846 3450 quid
1872 3381 2008 3436 caeli

421 3469 661 3534 nomine,
689 3470 820 3540 quid
843 3478 1038 3532 terrae,
1066 3471 1348 3540 propheta,
1383 3469 1551 3525 immo
1605 3471 1768 3524 etiam
1793 3470 1815 3501 ⁸
1840 3469 2012 3539 Spiri-

424 3567 511 3615 tus
541 3569 763 3615 sanctus
788 3576 887 3631 per
916 3562 1262 3631 prophetam,
1291 3561 1461 3616 voluit
1489 3561 1811 3632 signiﬁcari,
1837 3577 2007 3632 expo-

423 3658 667 3705 snerunt.
696 3650 800 3704 Alii
819 3651 1086 3720 siquidem
1108 3653 1328 3707 brevem
1355 3653 1627 3722 quandam
1655 3655 2009 3723 comprehen-

421 3739 632 3797 sionem
677 3741 842 3796 totius
883 3739 1155 3810 perfectae
1184 3751 1475 3796 creaturae
1523 3742 1608 3796 his
1649 3742 1831 3798 verbis
1879 3742 2012 3796 insi-
2050 3812 2051 3815 η
2112 3735 2120 3815 ξ

426 3830 581 3884 nuari
610 3830 915 3884 aestimant.
950 3829 1099 3884 Caeli
1151 3831 1371 3900 quidem
1397 3832 1418 3864 °
1449 3830 1669 3887 nomine
1700 3832 2010 3902 totam,spi-

428 3916 680 3972 ritualem
748 3918 1270 3988 intellectualemque
1344 3927 1655 3974 creaturam
1737 3921 2009 3976 conditam

426 4016 593 4078 atque
641 4007 947 4074 formatam,
990 4019 1166 4065 terrae
1228 4026 1358 4065 vero
1409 4026 1625 4081 omnem
1692 4026 2009 4080 corpoream

423 4100 847 4170 sensibilemque
874 4102 984 4157 suis
1013 4101 1420 4171 pcrfcctissimis
1447 4101 1852 4158 deﬁnitionibus
1881 4118 2011 4157 con-

423 4190 667 4245 stitutam
727 4191 962 4245 iutimari
1024 4192 1374 4246 arbitrantur.
1440 4192 1546 4267 Alii
1616 4192 2005 4248 informitatem

423 4280 702 4350 utriusque
714 4290 1019 4347 creaturae,
1046 4282 1338 4351 spiritualis
1360 4266 1585 4351 quidem
1601 4283 1818 4338 nomine
1844 4271 2004 4349 caeli,

424 4379 603 4426 terrae
647 4387 776 4427 vero
831 4372 1211 4447 appellatione
1250 4373 1437 4426 mundi
1488 4371 1647 4441 hujus
1709 4374 2006 4444 corporalis

423 4459 823 4515 inchoationem
850 4462 1079 4516 suadere
1097 4470 1384 4517 conantur.
1409 4461 1513 4517 Alii
1543 4450 1707 4518 totius
1728 4464 2004 4519 sensibilis

2105 1939 2404 2001 creaverat,
2433 1931 2814 2001 intelligamus,
2843 1942 2898 1988 et
2939 1933 3073 1988 caeli
3107 1935 3322 1988 nomine
3376 1950 3552 1989 rerum
3603 1935 3687 1988 iu-

2105 2006 2464 2096 telligibilium
2489 2020 2908 2090 caelestiumque
2939 2022 3323 2085 essential-um,
3355 2032 3530 2077 terrae
3562 2038 3689 2079 vero

2106 2108 2462 2179 appellatione
2485 2109 2820 2167 sensibilium
2862 2126 3066 2176 rerum,
3114 2112 3309 2179 quibus
3360 2097 3691 2167 universitas

2107 2201 2268 2270 hujus
2302 2189 2487 2254 mundi
2520 2201 2818 2270 corporalis
2843 2202 3168 2273 completur,
3198 2203 3524 2274 principales
3561 2220 3691 2259 cau-

2106 2280 2196 2346 sas
2241 2278 2569 2360 Significatas
2614 2306 2737 2347 esse
2782 2292 3112 2362 accipiamus
3140 2292 3203 2346 ³⁸.
3244 2293 3389 2348 Dtsc.
3426 2294 3690 2348 Similiter

2105 2382 2269 2454 etiam
2302 2383 2447 2438 hunc
2477 2382 2809 2438 intellectum
2857 2398 2988 2453 prae
3035 2384 3233 2439 ceteris
3259 2384 3511 2455 elegerim
3544 2385 3614 2451 “,
3642 2387 3692 2440 si

2105 2489 2192 2529 me
2220 2473 2493 2544 paululum
2517 2464 2623 2529 neu
2670 2484 2916 2545 moveret
2952 2475 3042 2543 illa
3073 2477 3421 2546 ambiguitas,
3471 2492 3609 2546 quae
3635 2477 3692 2531 in

2105 2563 2398 2634 praedictis
2422 2563 2811 2641 intelligentiae
2841 2564 3259 2621 discretionibus
3290 2566 3504 2622 videtur
3531 2568 3686 2622 oriri.

2106 2654 2259 2721 Nam,
2283 2662 2341 2711 ut
2359 2655 2494 2710 mihi
2517 2655 2751 2720 videtur,
2778 2663 2873 2710 aut
2903 2671 3069 2725 parva
3101 2664 3194 2710 aut
3221 2656 3367 2711 nulla
3390 2648 3693 2713 differentia

2105 2745 2348 2800 estinter
2366 2759 2552 2800 eorum
2570 2743 2925 2810 intellectum,
2950 2745 3043 2815 qui
3067 2728 3273 2812 dicunt,
3300 2745 3689 2801 informitatcm

2105 2837 2386 2907 utriusque
2416 2826 2662 2902 naturae,
2692 2835 3042 2907 intelligibilis
3067 2836 3187 2893 dico
3212 2844 3374 2906 atque
3394 2837 3686 2899 sensibilis,

2104 2935 2158 2981 et
2172 2926 2476 2998 eorum,qui
2494 2927 2868 2997 primordiales
2881 2913 3073 2984 causas
3083 2927 3497 3000 intelligibilium
3511 2934 3565 2983 et
3576 2918 3694 2984 sen-

2107 3017 2341 3072 sibilium
2370 3019 2659 3087 praedictis
2691 3017 3004 3087 Scripturae
3027 3020 3205 3074 verbis
3243 3018 3543 3089 descriptas
3572 3035 3694 3074 esse

2101 3106 2368 3174 jmlicant.
2400 3104 2536 3161 Nam
2560 3105 2845 3162 informem
2873 3107 3160 3162 materiam
3197 3104 3422 3178 ejusque
3450 3096 3694 3185 informi-

2115 3204 2275 3250 tatem
2307 3212 2527 3252 causam
2562 3197 2831 3267 quandam
2860 3212 3041 3251 rerum
3070 3206 3190 3253 esse
3239 3198 3491 3259 dicimus.
3529 3199 3585 3253 ln
3628 3214 3693 3253 ca

2111 3278 2695 3352 siquidein'inchoant,
2739 3272 2987 3357 quamvis
3024 3285 3363 3351 informiter,
3411 3288 3465 3343 id
3514 3297 3598 3342 est
3627 3286 3691 3350 τ’,

2111 3362 2285 3435 adhuc
2320 3377 2633 3449 imperfecte
2662 3394 2727 3433 ac
2754 3394 2920 3450 prope
2948 3378 3080 3435 nihil
3114 3378 3154 3410 ⁸⁸
3187 3393 3345 3445 esse;
3376 3394 3481 3434 non
3512 3376 3693 3435 tamen

2110 3466 2325 3545 penitus
2372 3469 2506 3524 nihil
2539 3485 2661 3526 esse
2692 3470 3083 3541 intelliguntur,
3125 3468 3693 3538 scdinchoamentum

2110 3556 2507 3631 quodammodo
2536 3575 2679 3628 esse,
2721 3560 3058 3630 formamque
3095 3569 3150 3617 et
3183 3559 3569 3633 perfectionem
3601 3562 3698 3631 ap-

2110 3659 2313 3721 petere.

2112 3736 2122 3819 ς
2179 3739 2321 3796 MAG.
2363 3736 2493 3796 Esto
2540 3741 2706 3813 igitur
2738 3740 3025 3807 intentior,
3056 3751 3109 3798 et
3140 3758 3322 3798 rerum
3364 3742 3695 3799 differentias

2111 3838 2267 3885 acute
2297 3831 2564 3900 perépicc,
2596 3832 2930 3904 nebulasque
2964 3833 3332 3905 ambiguitatis
3360 3848 3425 3888 ex
3454 3836 3573 3890 acie
3614 3835 3696 3888 in-

2113 3916 2369 3977 tentionis
2396 3930 2519 3976 tuae
2545 3924 2758 3991 penitus
2779 3923 2999 3993 depelle.
3032 3922 3146 3977 Non
3163 3924 3326 3986 enim,
3358 3932 3420 3977 ut
3437 3925 3693 3985 arbitror,

2112 4017 2164 4064 te
2192 4018 2370 4077 petest
2408 4011 2774 4077 laterc,‘alias
2805 4028 2927 4067 esse
2966 4026 3147 4066 rerum
3197 4011 3564 4068 informitates
3589 4053 3603 4078 ,
3639 4026 3696 4067 et

2111 4101 2245 4155 alias
2272 4110 2696 4157 rerum'causas
2742 4101 3091 4173 perfectaque
3128 4102 3410 4171 principia.
3458 4102 3594 4157 Nam
3647 4107 3696 4159 si

2109 4192 2230 4246 esse
2257 4198 2313 4244 et
2350 4202 2603 4246 non'csse
2632 4190 2744 4245 sibi
2774 4192 3008 4246 invicem
3053 4206 3084 4246 e
3110 4191 3387 4246 contrario
3414 4206 3697 4264 opponun-

2088 4287 2195 4333 tur
2229 4277 2291 4343 ¹⁹,
2326 4286 2381 4333 et
2408 4279 2454 4309 ¹⁰
2485 4278 2561 4333 nil
2595 4280 2960 4350 propinquius
2987 4289 3071 4334 est
3103 4279 3173 4333 ad
3201 4294 3330 4333 vere
3361 4293 3500 4345 esse,
3526 4294 3694 4350 quam

2107 4377 2306 4423 Causae
2337 4376 2552 4429 creatae
2582 4376 2889 4423 creatarum
2939 4384 3147 4435 rerum,
3178 4368 3421 4438 nihilque
3461 4370 3694 4424 vicinius

2110 4457 2176 4516 ad
2208 4478 2314 4517 non
2347 4477 2631 4529 vereesse,
2662 4468 2823 4534 quam
2848 4462 3096 4519 informis
3121 4463 3386 4530 materia;
3420 4473 3504 4519 est
3524 4465 3691 4531 enim,

423 4560 725 4618 creaturae,
762 4569 902 4623 quae
926 4553 1091 4607 veluti
1108 4554 1314 4610 duabus
1339 4553 2003 4626 principalibuspartibus.
2038 4525 2083 4583 D
2112 4538 2170 4612 itt
2206 4558 2285 4611 ait
2320 4525 2922 4629 Augustinum-informe
2955 4554 3112 4630 prope
3135 4559 3265 4614 nihil
3291 4578 3302 4614 :
3330 4525 3458 4615 num
3484 4525 3696 4617 tibi'vi;

421 4642 571 4698 caelo
612 4643 733 4698 dico
781 4660 848 4698 ac
880 4644 920 4674 ¹⁰
957 4652 1098 4697 terra
1126 4683 1140 4709 ,
1188 4643 1470 4712 perﬁcitur
1494 4684 1509 4707 ,
1561 4646 1887 4700 creationem
1919 4646 2005 4703 his

421 4736 598 4791 verbis
618 4736 848 4790 indicari
889 4733 1193 4801 allirmant,
1233 4736 1307 4788 ita
1346 4744 1405 4789 ut
1450 4736 1581 4790 nihil
1615 4737 1680 4792 de
1708 4737 2003 4808 spiritualis

422 4836 703 4883 creaturae
731 4826 1043 4881 conditione
1066 4825 1167 4880 hoc
1193 4824 1246 4879 in
1292 4825 1409 4881 loco
1441 4825 1482 4856 “
1512 4826 1863 4897 signiﬁcetur,
1907 4825 2002 4881 sed

424 4919 758 4974 solummodo
806 4917 1194 4987 plenitudinem
1230 4933 1519 4987 corporeae
1565 4929 1842 4972 creaturae
1872 4934 2000 4988 pro-

427 5008 589 5081 pheta
619 5010 847 5065 voluerit
875 5009 1202 5065 describere.
1233 5011 1379 5064 lutcr
1410 5012 1508 5063 has
1538 5011 1679 5063 enim
1710 5012 1843 5065 duas
1872 5026 1998 5079 par-

1709 5162 1962 5220 VARIAE
1996 5163 2393 5223 LECTIONES.

2110 4646 2267 4700 detur
2292 4650 2457 4717 parva
2486 4647 2740 4701 distantia
2771 4647 2914 4703 inter
2952 4648 3026 4714 id,
3059 4648 3201 4718 quod
3236 4663 3397 4705 verae
3419 4654 3695 4708 essentiae

2107 4729 2191 4818 est
2205 4740 2559 4808 prepinquum
2572 4779 2586 4804 ,
2601 4746 2656 4793 et
2677 4738 2748 4804 id,
2767 4740 2910 4810 quod
2927 4754 3084 4795 verae
3096 4741 3364 4796 essentiae
3381 4743 3690 4813 privationi,

2107 4847 2245 4901 quae
2261 4826 2392 4885 nihil
2412 4832 2632 4888 omnino
2648 4833 2690 4864 ²¹
2704 4832 2933 4899 dicitur,
2947 4834 3254 4904 proximum
3273 4835 3355 4888 "?
3379 4834 3489 4890 Nec
3511 4852 3692 4891 rerum

2109 4920 2492 4978 informitatcm
2527 4939 2745 4977 causam
2779 4926 3049 4978 essentiae
3103 4922 3416 4994 formaeque
3465 4941 3528 4978 ac
3570 4941 3693 4993 per-

2107 5008 2355 5067 fectionis
2387 5029 2567 5067 rerum
2604 5029 2724 5067 esse
2764 5014 3028 5078 "diximus,
3079 5008 3173 5068 sed
3226 5014 3397 5083 magis
3432 5013 3691 5082 privatio-

3678 5114 3736 5222 33'.

490 5292 511 5326 ί
542 5292 634 5374 Sic
653 5294 847 5374 AELC
868 5295 1234 5374 Longitudinis,
1258 5297 2010 5374 altitudinislatitudinisque;
2035 5301 2078 5354 D
2100 5301 2439 5374 longitudinis
2470 5302 2866 5374 altitudinisque
2895 5301 3212 5374 (altitudinis
3234 5316 3357 5374 om;
3370 5301 3458 5374 Il),
3532 5303 3553 5332 ²
3583 5318 3694 5355 esse

417 5379 453 5417 0
471 5379 529 5438 n_.
557 5364 623 5417 A.
648 5436 664 5438 ﬁ
700 5366 727 5438 ξ
742 5366 940 5438 Αὸἰερς
960 5364 1056 5422 ὈΕ
1078 5384 1213 5438 quae
1239 5369 1354 5433 tibi,
1379 5381 1433 5421 ut
1465 5370 1617 5431 dicis,
1645 5386 1747 5422 non
1780 5364 1953 5431 clare;
1983 5364 2025 5423 Ᾱ

416 5435 569 5536 pila.
591 5504 618 5536 Δ
634 5435 967 5536 :EicpCpE
988 5435 1099 5536 LK
1128 5453 1258 5536 ex.“
1284 5438 1376 5536 ἐς]
1402 5438 1640 5536 Ιξῑίίέξιδῆ
1654 5440 1742 5536 Dia:
1781 5439 2015 5536 Mplyscen.

417 5504 440 5536 ’
465 5504 556 5558 tie
583 5504 754 5567 ADE;
788 5505 831 5560 C
860 5508 1137 5575 siquidem.
1216 5508 1258 5539 ¹⁰
1284 5508 1374 5561 Sic
1402 5504 1561 5569 CDE;
1606 5509 1649 5560 Α
1695 5518 1766 5561 et.

417 5573 557 5625 dict.
639 5577 681 5606 ”
717 5576 809 5625 Sic
865 5575 1031 5625 CDE:
1081 5578 1123 5625 Δ
1180 5580 1441 5625 nilnstlnm
1485 5580 1617 5625 duo:
1656 5589 1764 5625 t‘lll

614 5644 791 5705 CDE;
842 5647 881 5698 Α
935 5641 1211 5715 ειὶςενρηιξ
1277 5650 1317 5679 ’⁷
1343 5649 1616 5711 Sic-(Ilii);
1662 5649 1705 5701 Α
1760 5650 1854 5702 hoc
1900 5660 2008 5701 est.

418 5711 465 5742 ³⁸
495 5710 586 5767 Si:
634 5715 804 5779 CDE;
853 5725 901 5769 et
944 5710 1052 5771 om.
1081 5719 1145 5769 A.
1221 5720 1265 5751 ἰ
1292 5717 1382 5772 Sic
1406 5718 1564 5772 CDE'
1593 5721 1635 5772 Λ
1674 5720 2034 5773 nihilominus.

846 5810 1120 5869 PATROL.
1165 5810 1267 5870 CX
1285 5809 1424 5872 ΧΠ.

2065 5387 2219 5440 quae,
2246 5382 2300 5423 ut
2336 5372 2490 5434 dicis,
2522 5373 2615 5425 tibi
2659 5370 2801 5427 clare
2842 5370 2965 5426 non.
3042 5372 3064 5403 ⁸
3089 5372 3202 5440 δίον
3226 5370 3391 5440 CDE;
3419 5371 3466 5440 Δ
3513 5384 3690 5424 rerum

2091 5442 2111 5510 δ’
2153 5441 2242 5495 Sic
2263 5441 2426 5504 (ΖΒΕ-ς
2459 5442 2584 5494 Ain
2610 5442 2865 5510 principio
2907 5441 3059 5510 libro.
3113 5442 3157 5510 7'
3185 5439 3284 5510 Sic
3322 5438 3484 5503 CDE;
3533 5441 3578 5493 A
3616 5452 3686 5494 et.

1844 5513 1885 5541 “
1918 5508 2009 5563 Sic
2037 5509 2200 5574 CDE;
2234 5510 2280 5564 A
2301 5511 2398 5563 hoc
2424 5512 2479 5563 in
2501 5508 2634 5564 loco.
2713 5511 2754 5541 "

639 5577 681 5606 ¹³
717 5576 809 5629 Sic
865 5575 1031 5640 CDE;
1080 5578 1124 5630 Α
1180 5580 1441 5645 quosdam
1485 5580 1617 5632 duos
1656 5589 1948 5633 extremos.
2028 5578 2071 5609 "‘
2107 5579 2197 5633 Sic
2242 5579 2361 5644 AC;
2407 5581 2461 5632 in
2491 5595 2599 5632 om.
2634 5579 2740 5632 DE.

2825 5510 2874 5563 ic
2905 5509 3069 5571 ACE;
3100 5509 3146 5562 D
3174 5508 3378 5563 caelum
3418 5519 3466 5562 et
3492 5520 3690 5565 terram

2834 5578 2999 5650 "Sic
3031 5578 3197 5641 ΟὓΕς
3244 5578 3287 5630 Α
3314 5577 3688 5650 intelligamus.

2107 5650 2148 5683 ’⁸
2180 5650 2219 5702 Α
2269 5649 2363 5702 nil.
2443 5649 2485 5680 ¹⁹
2523 5648 2615 5701 Sic
2658 5647 2823 5711 CDE;
2875 5647 2919 5700 A
2964 5659 3293 5716 opponuntur
3338 5666 3365 5702 e
3402 5647 3685 5711 contrario.

2109 5720 2153 5748 “
2186 5718 2277 5774 Sic
2309 5718 2472 5783 CDE;
2505 5719 2549 5769 Α
2579 5717 2776 5771 dicitur
2803 5733 2911 5772 esse
2940 5727 3013 5771 est
3038 5722 3343 5787 proximum

2898 5897 2902 5900 .
2947 5888 2985 5901 ..Α
