4236 6274
1778 347 1809 363 ν.

568 383 674 440 547

1961 365 2243 429 JOANNIS
2276 364 2473 422 SCOTI

3738 375 3850 431 548

569 512 691 553 nem
759 494 1056 558 essentiae,
1128 490 1333 547 formae
1393 488 1853 564 pcrfectionisque
1890 490 1907 520 ¹
1942 503 2149 544 rerum.
2178 496 2226 555 Α
2257 484 2355 538 sub
2384 482 2514 553 ipsis
2551 488 2706 549 sunt,
2736 492 2957 551 creant;
2990 499 3115 541 nam
3145 484 3523 555 primordiales
3567 500 3764 544 causas
3793 499 3849 545 ct

574 588 747 644 Causa
779 583 1067 656 siquidem,
1099 581 1145 638 si
1181 597 1308 639 vere
1360 596 1525 637 causa
1571 582 1723 646 est',
1754 581 1936 636 omnia
1964 579 2144 650 perfe—

570 677 831 742 ctissime,
868 687 1099 745 quorum
1127 687 1291 728 causa
1323 680 1427 740 est,
1460 672 1514 727 in
1560 673 1738 743 seipsa
1773 672 2077 744 pracambit
2101 671 2146 738 ³,

573 765 904 833 cii'ectusqne
926 776 1075 829 suos,
1102 763 1416 834 priusquam
1447 762 1502 817 in
1533 762 1714 833 aliquo
1740 771 2059 834 appareant,
2092 763 2148 817 in

568 854 745 926 seipsa
766 849 1010 923 perﬁcit;
1040 860 1097 907 et
1128 851 1257 907 dum
1302 850 1357 905 in
1387 865 1585 922 genera
1628 849 1939 924 formasque
1968 851 2150 908 visibi-

565 943 646 998 les
674 956 772 1012 per
795 941 1204 1013 generationem
1235 949 1548 1011 erumpunt,
1570 938 1962 1010 perfectionem
1991 957 2147 999 suam

564 1033 620 1091 in
661 1047 727 1088 ea
766 1047 874 1087 non
904 1032 1192 1098 deserunt,
1228 1034 1322 1088 sed
1366 1031 1523 1101 plene
1573 1031 1595 1063 ‘
1644 1041 1698 1087 et
1737 1033 2149 1091 immntabiliter

564 1132 909 1195 permanent,
933 1121 1242 1194 nulliusque
1264 1122 1488 1177 alterius
1510 1121 1864 1180 perfectionis
1881 1124 2147 1197 indigent,

564 1214 668 1271 nisi
698 1213 869 1285 ipsius
898 1215 1080 1281 unius,
1118 1212 1172 1268 in
1198 1228 1305 1283 qua
1335 1211 1502 1269 semel
1532 1223 1589 1268 et
1613 1212 1635 1243 ⁸
1661 1213 1823 1268 simul
1852 1223 1908 1269 et
1933 1230 2150 1287 semper

567 1304 890 1361 subsistunt.
927 1300 1074 1360 Dtsc.
1109 1301 1229 1359 Non
1260 1317 1425 1373 parva
1478 1302 1697 1373 quidem
1728 1303 1752 1336 ⁶
1775 1303 1910 1360 mihi
1937 1305 2150 1361 videtur

569 1407 688 1453 csse
717 1395 839 1452 talis
882 1391 1226 1461 ditlerentia;
1272 1393 1432 1464 longe
1454 1393 1721 1463 siquidem
1752 1408 1783 1447 a
1836 1393 2033 1465 seipsis
2070 1395 2149 1450 di-

565 1497 711 1544 stant
744 1486 1122 1559 primordiales
1149 1499 1368 1552 causae,
1402 1500 1543 1557 quae
1583 1487 1651 1542 ab
1685 1502 1794 1542 uno
1823 1502 2149 1559 summoque

563 1577 804 1633 omnium
834 1577 1121 1648 principio,
1167 1579 1314 1647 quod
1352 1592 1383 1631 a
1413 1575 1562 1633 nullo
1601 1584 1705 1644 est,
1749 1576 2148 1648 perfectissime

562 1668 619 1722 in
647 1668 761 1723 suis
788 1666 1216 1723 inmutabilibus
1252 1667 1562 1725 rationibus
1603 1668 1857 1725 conditae
1899 1677 2048 1737 sunt,
2091 1678 2149 1726 et

563 1754 929 1813 informitates
975 1757 1219 1813 omnium
1273 1772 1493 1824 rerum,
1538 1773 1678 1828 quae
1718 1773 1826 1815 non
1872 1759 2047 1818 solum
2076 1761 2146 1817 ad

2252 573 2428 628 creari
2445 582 2501 629 et
2517 589 2707 629 creare
2726 576 3092 645 praediximus
3106 577 3150 607 "
3172 593 3184 630 :
3202 577 3329 646 quid
3353 577 3574 646 mirum,
3592 577 3635 633 si
3659 592 3849 648 quern-

2250 664 2537 720 admodum
2588 665 2640 719 in
2688 678 2916 721 numero
2970 681 3190 733 eorum,
3226 682 3367 737 quae
3401 676 3555 739 post,
3586 678 3641 724 et
3670 682 3768 740 per
3805 670 3851 705 ³⁸

2249 757 2629 828 primordiales
2668 773 2863 815 causas
2901 760 3116 815 condita
3151 769 3313 827 sunt,
3352 760 3637 818 informem
3670 771 3846 818 mate-

2251 846 2389 903 riam
2421 863 2542 905 esse
2581 848 2879 915 credimus,
2909 849 3180 919 certisque
3205 850 3501 907 rationibus
3528 852 3845 918 firmamus,

2250 951 2372 993 eam
2421 951 2635 1008 quoque
2696 952 2728 993 a
2792 938 3237 1010 primordialibus
3280 942 3463 998 causis
3515 942 3691 998 creari
3764 940 3847 995 fa-

2252 1028 2501 1086 teamur?

2320 1115 2409 1171 i6.
2425 1115 2566 1172 Mss.
2587 1116 2741 1173 Alius
2753 1117 2920 1190 igitur
2933 1119 3236 1176 Intellectus
3255 1128 3338 1177 est
3359 1122 3401 1157 "
3415 1122 3844 1192 primordialium

2249 1222 2565 1276 causarum,
2596 1209 2736 1265 alius
2763 1210 3074 1267 informium
3098 1213 3468 1270 materiarum.
3500 1216 3644 1270 Dlsc.
3670 1215 3840 1270 Prae-

2250 1299 2414 1355 dictis
2443 1300 2749 1357 rationibus
2778 1302 2851 1359 ita
2878 1304 3174 1359 concedere
3198 1306 3475 1375 cogimur;
3504 1314 3685 1362 cetera
3714 1322 3844 1362 con-

2249 1389 2451 1444 sidera.
2473 1389 2610 1446 MAG.
2632 1390 2892 1448 Similiter
2907 1401 2981 1459 et,
2996 1393 3139 1463 quod
3152 1396 3419 1465 sequitur,
3434 1397 3586 1452 varie
3603 1399 3839 1455 tradunt.

2253 1477 2419 1533 Terra
2457 1488 2635 1534 autem
2671 1489 2783 1535 erat
2810 1482 2985 1537 inanis
3014 1491 3063 1537 et
3100 1500 3303 1551 vacua,
3332 1484 3449 1550 vel,
3474 1485 3629 1554 juxta
3662 1487 3802 1543 LXX
3821 1528 3839 1553 ,

2248 1569 2522 1624 invisibilis
2552 1580 2601 1625 et
2632 1572 3004 1643 incomposita,
3036 1583 3087 1628 es
3128 1574 3367 1629 tenebrae
3398 1575 3445 1606 ¹⁶
3479 1592 3636 1647 super
3654 1577 3843 1647 faciem

2249 1659 2445 1731 abyssi.
2477 1661 2584 1716 Alii
2622 1677 2859 1733 namque
2887 1671 3068 1720 terrae
3091 1664 3269 1720 inanis
3293 1673 3349 1719 et
3375 1680 3606 1727 vacuae,
3632 1682 3726 1723 seu
3754 1668 3837 1724 in-

2248 1750 2476 1809 visibilis
2500 1761 2557 1810 et
2598 1754 2988 1825 incompositae
3020 1756 3389 1812 nominatione
3427 1757 3658 1813 visibilis
3683 1774 3839 1814 crea-

564 1845 950 1917 perfectionem
1026 1848 1235 1905 formae
1300 1848 1538 1907 nondum
1609 1852 1931 1922 perventum
1960 1892 1977 1920 ,
2050 1853 2145 1909 sed
2174 1870 2223 1931 Β
2252 1852 2438 1911 turae,
2484 1847 2665 1918 abyssi
2709 1859 2842 1903 vero
2889 1847 3205 1903 tenebrosae
3250 1848 3507 1904 vocabulo
3554 1848 3841 1908 invisibilis

564 1940 656 1995 vix
686 1939 799 2011 jam
826 1955 948 1997 esse
980 1940 1269 2011 incipiunt,
1307 1954 1409 1996 nec
1432 1940 1591 2013 longe
1610 1955 1679 1996 ex
1711 1956 1818 1997 non
1845 1955 1967 2001 esse
1987 1958 2142 1999 rece-

565 2031 720 2087 dunt.
772 2029 1031 2098 Quamvis
1062 2031 1208 2087 enim
1246 2031 1535 2088 videantur
1565 2047 1749 2088 rerum
1778 2030 2147 2090 informitates

558 2122 868 2178 medietatis
920 2120 1100 2178 locum
1141 2122 1391 2179 obtinere
1434 2123 1578 2179 inter
1610 2137 1730 2181 esse
1753 2133 1810 2180 et
1846 2140 1953 2181 non
2000 2141 2141 2195 esse,

561 2212 882 2284 incipientes
934 2228 1004 2269 ex
1056 2226 1338 2269 non-esse
1396 2227 1518 2270 esse
1566 2214 1587 2247 ⁷
1638 2244 1703 2255 -
1753 2215 2019 2285 siquidem
2075 2232 2144 2273 ex

559 2319 671 2360 non
719 2318 840 2360 esse
862 2304 1261 2376 processionem
1298 2304 1569 2375 quandam
1598 2306 1666 2361 ad
1696 2321 1819 2363 esse
1864 2308 2144 2378 inchoent,

564 2396 806 2452 nondum
831 2405 1009 2452 tamen
1040 2396 1108 2453 ad
1135 2396 1523 2468 perfectionem
1545 2395 1751 2453 formae
1776 2407 1939 2470 atque
1960 2416 2145 2457 essen-

559 2483 677 2543 tiaé
699 2486 1071 2560 intelliguntur
1095 2490 1409 2558 pervenisse
1446 2520 1518 2530 —
1544 2488 1666 2561 plus
1709 2493 2147 2563 appropinquare

550 2578 864 2649 indicantur
903 2580 925 2612 ⁸
970 2581 1039 2635 ad
1098 2594 1206 2636 non
1273 2594 1395 2636 esse
1454 2594 1618 2651 quam
1667 2581 1738 2637 ad
1793 2595 1914 2640 esse
1961 2583 2006 2639 ’.
2061 2583 2147 2642 Nil

556 2670 703 2725 enim
747 2678 832 2726 est
866 2668 1011 2725 aliud
1050 2670 1099 2717 '°.
1136 2684 1317 2726 rerum
1358 2669 1661 2727 informitas
1694 2672 1800 2729 nisi
1826 2680 2005 2731 motus
2029 2676 2147 2746 qui-

559 2760 709 2828 dam,
739 2775 847 2817 non
885 2774 1007 2817 esse
1033 2760 1255 2817 omnino
1280 2760 1536 2818 deserens
1554 2802 1569 2829 ,
1595 2770 1651 2817 et
1682 2770 1882 2818 statum
1909 2779 2065 2820 suum
2093 2766 2146 2821 in

556 2864 654 2917 eo,
704 2850 846 2921 quod
895 2865 1023 2907 vere
1076 2857 1195 2919 est,
1251 2858 1525 2921 appetens.
1580 2850 1964 2910 Primordiales
2020 2870 2147 2911 vero

559 2956 756 2999 causae
784 2944 859 2999 ita
889 2945 941 2999 in
962 2945 1248 3016 principio,
1273 2946 1376 3002 hoc
1395 2952 1496 3012 cst,
1516 2944 1612 3000 Dei
1632 2945 1836 3012 Verbo,
1858 2947 2001 3018 quod
2024 2963 2149 3003 vere

558 3036 759 3091 dicitur
780 3049 899 3093 esse
920 3046 1100 3104 etest,
1122 3037 1371 3093 conditae
1391 3048 1542 3104 sunt,
1562 3044 1621 3093 ut
1634 3037 1781 3094 nullo
1806 3048 1953 3095 motu
1978 3039 2151 3111 perfe-

555 3126 791 3184 ctionem
804 3142 956 3182 suam
971 3128 1024 3184 in
1037 3128 1217 3198 aliquo
1231 3137 1507 3198 appetant,
1524 3127 1627 3183 nisi
1643 3128 1696 3183 in
1711 3144 1800 3195 eo,
1822 3129 1875 3185 in
1897 3147 2004 3201 quo
2024 3140 2151 3186 sunt

2247 1937 2519 1993 cssentiae
2550 1936 2935 1995 informitatem
2967 1939 3194 2011 figurate
3230 1940 3522 2011 signiﬁcari
3552 1940 3599 1971 “
3632 1942 3837 1998 volunt.

2246 2028 2435 2085 Omnis
2460 2030 2725 2100 siquidem
2755 2030 3049 2101 corporalis
3077 2029 3461 2100 scnsibilisque
3490 2039 3741 2088 creatura
3769 2048 3840 2089 ex

2246 2121 2475 2176 materia
2513 2129 2569 2176 et
2610 2120 2784 2176 forma
2826 2104 3193 2185 constituitur,
3241 2129 3405 2191 atque
3449 2121 3572 2177 ideo
3609 2123 3839 2178 materia

2244 2225 2436 2266 carens
2462 2210 2657 2278 forma,
2676 2209 2921 2266 informis
2941 2211 3159 2279 dicitur,
3178 2212 3283 2267 hoc
3298 2219 3405 2280 est,
3427 2226 3621 2269 carens
3640 2213 3834 2280 forma,

2244 2312 2302 2358 et
2346 2303 2626 2359 invisibilis
2665 2312 2721 2359 et
2756 2304 3135 2374 incomposita,
3177 2318 3273 2359 seu
3320 2305 3499 2360 inanis
3536 2313 3592 2360 et
3634 2320 3837 2373 vacua;

2252 2391 2544 2447 accedente
2571 2407 2701 2447 vero
2735 2391 2906 2446 forma
2940 2391 3171 2447 visibilis
3208 2393 3407 2447 dicitur
3434 2401 3490 2448 et
3518 2394 3839 2463 composita,

2251 2483 2535 2553 solidaque
2563 2492 2728 2553 atque
2752 2482 3015 2553 perfecta,
3044 2491 3272 2537 naturae
3295 2498 3426 2538 suae
3448 2484 3616 2538 certis
3643 2484 3842 2540 ﬁnibus

2249 2572 2680 2641 circumscripta.
2725 2571 3016 2627 invisibilis
3053 2585 3186 2626 vero
3226 2581 3494 2638 creatura,
3534 2572 3587 2628 id
3630 2584 3712 2629 est
3758 2573 3837 2629 in-

2250 2662 2572 2717 tellectualis
2626 2670 2682 2716 ct
2741 2660 3052 2725 rationalis,
3106 2659 3354 2715 informis
3398 2660 3611 2727 dicitur,
3658 2662 3836 2730 prius-

2248 2770 2411 2825 quam
2452 2754 2521 2808 ad
2550 2753 2778 2807 formam
2816 2767 2995 2819 suam,
3020 2751 3329 2807 Creatorem
3360 2752 3604 2807 videlicet
3631 2767 3788 2807 suum
3814 2792 3833 2819 ,

2249 2856 2615 2903 convertatur.
2649 2845 2766 2900 Non
2795 2846 2937 2900 enim
2964 2844 3016 2901 ei
3045 2845 3093 2875 "
3135 2844 3328 2900 subicit
3354 2846 3418 2900 ad
3444 2844 3834 2914 perfectionem

2250 2953 2316 2994 ex
2350 2938 2584 2993 essentia
2621 2936 3003 3004 cssentialique
3044 2933 3346 2991 differentia
3393 2937 3715 3003 subsistere,
3750 2938 3840 2993 his

2250 3031 2394 3085 enim
2437 3028 2647 3083 duobus
2694 3027 2872 3082 omnis
2916 3027 3295 3083 intellectualis
3334 3038 3582 3084 creatura
3620 3044 3837 3101 compo-

2253 3120 2421 3186 nitur,
2450 3120 2551 3174 nisi
2574 3120 2639 3174 aJ
2663 3118 2896 3173 Verbum
2922 3118 3277 3190 unigenitum,
3295 3118 3387 3173 Dei
3410 3118 3605 3175 Filium
3626 3120 3746 3177 dico
3764 3120 3834 3188 ⁸⁸,

553 3219 994 3286 ίωεηυωὺηίωτ,
1036 3219 1383 3291 perfecteun
1433 3220 1697 3277 formatae
1730 3230 1877 3276 sunt,
1920 3221 2146 3292 Semper
2174 3220 2217 3279 C
2249 3214 2339 3281 qui
2382 3221 2465 3267 est
2510 3211 2680 3266 forma
2726 3212 2905 3267 omnis
2938 3212 3319 3268 intellectualis
3359 3214 3531 3279 vitae,
3573 3228 3836 3270 conversa

552 3313 698 3367 enim
715 3312 780 3367 ad
797 3327 957 3367 unam
972 3325 1151 3367 rerum
1164 3311 1406 3367 omnium
1420 3310 1673 3378 formam,
1688 3325 1851 3382 quam
1864 3312 2044 3367 omnia
2059 3327 2148 3383 ap-

506 3436 507 3439 η
551 3410 763 3471 petunt,
792 3400 1027 3457 Verbum
1049 3398 1228 3455 Patris
1248 3399 1387 3466 dico,
1425 3414 1721 3456 conversae
1745 3401 2069 3468 formantur,
2091 3411 2147 3459 et

552 3490 932 3546 formationem
945 3504 1097 3546 suam
1110 3504 1375 3560 nusquam
1392 3491 1434 3522 “
1446 3506 1721 3561 nunquam
1734 3491 2147 3549 deserunt.Can-

554 3595 649 3638 sae
669 3580 867 3651 quippe
877 3578 1119 3635 locorum
1133 3587 1187 3636 et
1201 3588 1500 3650 temporum
1514 3581 1570 3636 in
1590 3580 1673 3637 eis
1683 3591 1810 3637 sunt
1825 3598 1841 3648 ;
1863 3597 2001 3652 quae
2017 3598 2145 3640 vero

552 3671 656 3730 sub
680 3669 812 3741 ipsis
843 3677 972 3725 sunt
996 3669 1053 3725 in
1083 3669 1129 3703 ⁸³
1157 3669 1507 3728 inferioribus
1530 3686 1712 3727 rerum
1740 3672 2040 3740 ordinibus,
2068 3674 2145 3729 ita

559 3766 628 3822 ab
651 3764 737 3821 eis
762 3769 1041 3830 creantur,
1062 3772 1123 3819 ut
1143 3763 1212 3819 ad
1237 3764 1444 3834 seipsas
1466 3778 1532 3820 ea
1554 3764 1852 3832 attrabant,
1874 3766 2146 3821 omniurn-

555 3871 662 3926 que
689 3869 869 3911 rerum
899 3870 1064 3939 unum
1090 3854 1415 3939 principium
1439 3855 1483 3888 “
1512 3865 1801 3928 appetant;
1831 3856 1978 3929 ipsae
2012 3873 2145 3916 vero

554 3954 702 4012 nullo
724 3954 885 4012 modo
910 3955 980 4012 ad
999 3969 1084 4021 ea,
1109 3970 1250 4029 quae
1285 3956 1386 4013 sub
1415 3955 1496 4014 eis
1522 3966 1673 4026 sunt,
1697 3959 2021 4030 respiciunt,
2046 3960 2143 4018 sed

552 4060 709 4102 suam
753 4044 982 4101 formam
1031 4047 1367 4116 superiorem
1411 4061 1474 4104 se
1508 4062 1722 4118 semper
1760 4048 2145 4118 intuentur,ut

554 4134 768 4209 semper
790 4137 860 4194 ab
888 4152 952 4196 ea
980 4137 1203 4195 formari
1228 4152 1337 4196 non
1357 4138 1623 4196 desinant.
1654 4137 1790 4196 Nam
1816 4155 1913 4211 per
1934 4142 2141 4212 seipsas

553 4227 815 4285 informes
849 4235 1018 4297 sunt,
1063 4237 1121 4285 et
1161 4229 1217 4284 in
1259 4243 1324 4284 ea
1367 4229 1660 4286 universali
1697 4246 1794 4287 sua
1832 4230 2040 4297 forma,
2086 4232 2143 4287 in

555 4317 734 4377 Verbo
755 4320 899 4387 dico,
920 4306 1237 4391 semetipsas
1257 4320 1497 4391 perfecte
1518 4322 1764 4378 conditas
1786 4330 2139 4393 cognoscunt.

553 4408 683 4478 Quis
707 4419 889 4467 autem
917 4418 1099 4466 rectae
1135 4410 1519 4481 intelligentiae
1556 4411 1710 4475 haec,
1746 4425 1885 4480 quae
1922 4410 1990 4466 de
2024 4410 2140 4481 pri-

553 4501 905 4556 mordialibus
916 4501 1097 4556 causis
1116 4502 1220 4556 dici
1245 4511 1495 4571 possunt,
1518 4502 1583 4557 de
1604 4501 1933 4558 informitate
1956 4517 2137 4559 rerum

554 4590 734 4644 dicere
770 4588 1019 4654 audebit,
1058 4592 1375 4658 praesertim
1409 4608 1532 4647 eum
1576 4600 1631 4648 et
1673 4591 1924 4648 informis
1958 4608 2141 4649 rerum

553 4678 780 4733 materia
812 4694 918 4733 non
947 4679 1163 4735 aliunde
1190 4681 1446 4736 credatur
1480 4698 1727 4750 manare,
1772 4683 1878 4739 nisi
1917 4698 1983 4739 ex
2027 4683 2138 4756 pri-

553 4763 903 4821 mordialibus
936 4766 1115 4822 causis
1144 4766 1227 4821 “t
1266 4767 1324 4821 Si
1349 4769 1493 4824 enim
1528 4769 1904 4839 primordiales
1942 4788 2138 4830 causae

553 4856 676 4914 ideo
699 4854 746 4891 "
767 4855 1145 4926 primordiales
1170 4856 1527 4927 appellantur,
1551 4859 1676 4927 quia
1716 4860 1759 4890 ⁸⁸
1794 4862 2046 4929 primitus
2071 4861 2138 4917 ab

554 4962 661 5003 una
692 4946 954 5004 crcatrice
981 4945 1221 5017 omnium
1268 4960 1431 5003 causa
1461 4958 1743 5015 creantur,
1781 4958 1838 5003 et
1872 4963 1957 5015 ea,
1997 4965 2138 5019 quae

2248 3301 2580 3370 perficiatur;
2600 3300 2837 3369 alioquin
2858 3300 3172 3370 imperfecta
3196 3301 3548 3373 informisque
3569 3311 3831 3358 remanet.

2246 3392 2349 3446 Alii
2377 3402 2578 3446 terram
2608 3392 2822 3445 inanem
2861 3406 3219 3461 vacuamque,
3256 3408 3349 3448 seu
3382 3392 3700 3448 invisibilem
3741 3393 3831 3447 iu-

2248 3482 2733 3553 compositamqne,
2759 3480 2957 3535 dictam
2983 3482 3319 3538 arbitrantur
3346 3483 3538 3539 molem
3562 3484 3699 3539 banc
3720 3491 3833 3538 ter-

2250 3571 2366 3625 reni
2418 3571 2660 3642 corporis
2729 3570 2904 3641 primo
2966 3572 3264 3641 conditam,
3330 3591 3551 3630 uacuam
3612 3574 3832 3645 quidem

2248 3670 2403 3730 atque
2427 3660 2474 3691 “
2501 3660 2734 3727 inanem,
2765 3669 2823 3714 ut
2851 3660 2957 3717 illis
2992 3661 3225 3729 videtur,
3253 3664 3377 3735 quia
3407 3664 3639 3718 nondum
3669 3665 3835 3719 diver-

2246 3752 2318 3806 sis
2353 3750 2623 3822 generibus
2666 3750 2948 3823 {armisque
2987 3755 3299 3824 germinum,
3328 3755 3599 3826 fruticum,
3627 3750 3832 3811 animai

2245 3841 2474 3915 (iamque
2496 3853 2684 3898 ornata
2708 3854 2861 3910 erat;
2899 3846 3171 3901 invisibilis
3201 3865 3353 3915 vero,
3388 3859 3481 3903 aut
3512 3850 3636 3921 quia
3654 3850 3830 3904 humi-

2245 3936 2344 3992 dae
2372 3946 2592 3991 naturae
2618 3935 2945 3992 abundantia
2976 3939 3205 4010 undique
3238 3940 3516 4011 superfusa
3546 3951 3657 3995 erat
3678 3981 3694 4007 ,
3737 3949 3830 3994 aut

2241 4028 2368 4100 quia
2399 4029 2577 4095 homo,
2606 4030 2695 4100 qui
2736 4045 2851 4083 eam
2889 4031 3118 4100 aspicere
3148 4040 3337 4101 posset,
3370 4032 3603 4086 nondum
3632 4048 3697 4087 ea:
3721 4033 3832 4103 pri-

2243 4123 2586 4178 mordialibus
2608 4125 2781 4177 causis
2792 4139 2886 4194 per
2898 4124 3283 4195 generationem
3299 4134 3574 4194 eruperat;
3591 4123 3831 4178 tenebras

2242 4225 2419 4271 autem
2444 4216 2494 4247 ⁸⁸
2528 4234 2681 4287 super
2716 4216 2960 4287 abyssum
2999 4217 3160 4285 fuisse
3189 4215 3237 4248 ¹⁶
3269 4217 3443 4281 aiunt,
3478 4218 3600 4287 quia
3630 4217 3674 4248 "
3713 4232 3829 4283 aer,

2241 4311 2331 4379 qui
2358 4309 2545 4380 abysso
2568 4308 2795 4379 undique
2819 4307 2866 4340 ³⁸
2893 4307 3242 4376 circumfusus
3272 4308 3468 4379 fuerat,
3502 4309 3675 4363 adhuc
3694 4308 3829 4362 luci—

2242 4400 2342 4454 dus
2382 4416 2485 4454 non
2522 4408 2667 4465 erat,
2698 4399 2913 4470 ideoque
2947 4400 3279 4453 constitutam
3326 4400 3464 4454 inter
3490 4417 3544 4456 se
3581 4401 3826 4472 abyssum

2243 4489 2473 4543 nondum
2503 4489 2800 4544 illuminare
2819 4497 3039 4559 poterat.
3065 4489 3160 4545 Cui
3205 4491 3385 4547 sensui
3418 4491 3666 4561 quamvis
3694 4507 3823 4549 san-

2169 4561 2365 4637 l)ctus
2413 4580 2742 4652 Augustinus
2791 4580 3057 4651 refragari
3113 4580 3377 4647 videatur,
3435 4596 3540 4635 non
3599 4581 3826 4636 omnino
3905 4604 3915 4613 -

2246 4682 2451 4738 tamen,
2477 4673 2732 4742 quoniam
2761 4673 2930 4728 sancti
2955 4672 3139 4728 Basilii
3162 4680 3264 4740 est,
3295 4688 3323 4727 a
3352 4671 3503 4726 nobis
3530 4669 3815 4725 refellitur.

2244 4765 2360 4824 Non
2399 4767 2544 4822 enim
2585 4774 2829 4821 nostrum
2867 4774 2981 4833 est,
3022 4766 3088 4821 de
3128 4765 3481 4821 intellectibus
3506 4771 3819 4818 sanctorum

2244 4861 2464 4917 Patrum
2493 4858 2803 4932 diiudicare
2848 4859 2915 4925 ⁸⁵,
2949 4860 3043 4915 sed
3086 4874 3178 4914 eos
3217 4858 3302 4929 pie
3334 4871 3397 4913 ac
3435 4853 3822 4912 venerabiliter

2243 4953 2555 5024 suscipere;
2587 4966 2693 5007 non
2723 4960 2900 5006 tamen
2928 4950 3272 5021 prohibemur
3299 4947 3519 5019 eligere,
3542 4946 3685 5018 quod
3707 4962 3823 5004 ma-

1836 5108 2090 5166 VABIAE
2128 5108 2531 5166 LECTIONES.

633 5224 652 5256 ‘
679 5222 771 5279 Sic
792 5220 913 5287 CB;
957 5221 1003 5275 A
1031 5220 1200 5289 forma

555 5293 651 5347 AD
691 5293 963 5362 perambit.
1035 5293 1061 5321 ⁸
1088 5289 1192 5345 Sic

559 5362 879 5445 Ξιιοέρκειξε
931 5374 1152 5445 ἐδειμεαξ
1207 5377 1310 5445 ηιξη
1369 5377 1500 5416 W-

558 5500 605 5573 5
632 5502 1145 5573 prineipigmunum.
1220 5500 1265 5532 “
1296 5500 1387 5573 Sic
1411 5500 1545 5573 _CDE_J
1562 5501 1651 5573 ;_A
1679 5517 1744 5553 ea:
1768 5504 1939 5556 causis
1967 5500 2415 5573 primordtalibns.

1332 5571 1376 5601 ³⁸
1403 5571 1493 5625 Sic
1522 5570 1608 5622 DE
1627 5587 1641 5633 ;
1659 5580 1718 5640 et
1743 5587 1833 5638 per
1855 5570 1975 5625 om.
1997 5573 2062 5635 A;
2089 5588 2181 5640 per
2205 5587 2315 5624 om.
2346 5572 2407 5625 C.

561 5568 604 5600 ⁸⁷
638 5569 731 5623 Sic
756 5568 914 5632 CBE;
938 5571 982 5622 Α
999 5570 1248 5624 diximus.

1302 5237 1329 5274 ε
1367 5231 1414 5274 et
1461 5221 1827 5343 parre-tionis;
1879 5224 1923 5277 D
1970 5225 2173 5294 formae
2218 5242 2280 5279 ac
2334 5224 2784 5303 perfectionisque.
2864 5225 2885 5254 ⁸
2913 5222 3004 5276 Sic
3053 5220 3217 5302 ᾳῡῇ
3247 5220 3291 5273 Α
3320 5220 3409 5274 sit.
3555 5217 3648 5273 Sic
3691 5220 3812 5284 CE;

1302 5289 1394 5343 1E:
1434 5292 1479 5343 D
1517 5308 1688 5343 uane.
1765 5295 1786 5325 δ
1827 5293 1920 5343 Sic
1959 5295 2126 5343 ADE:
2169 5306 2217 5343 et
2257 5310 2366 5343 om.
2412 5295 2470 5343 ti.
2545 5293 2567 5324 ⁸
2614 5293 2706 5343 Sic
2743 5292 2863 5343 CE:
2896 5294 2988 5343 Al)
3035 5291 3313 5343 stautdern.
3388 5290 3407 5321 ⁷
3441 5288 3532 5343 Sic
3561 5287 3725 5343 CDE:
3768 5291 3812 5342 A

1278 5289 1394 5356 CE;
1434 5289 1479 5345 D
1516 5289 1688 5361 plane.
1765 5295 1786 5325 ⁵
1827 5293 1920 5350 Sic
1959 5289 2126 5360 ADE;
2169 5306 2217 5349 et
2257 5289 2366 5349 oni.
2412 5289 2470 5349 C.

1278 5377 1310 5415 η
1369 5377 1500 5416 esse.
1614 5363 1638 5394 ⁸
1683 5361 1776 5419 Sic
1822 5364 1943 5430 AC;
1996 5364 2039 5417 D
2083 5366 2381 5418 videantur.

561 5431 606 5503 f'
634 5429 724 5503 Sic
765 5432 881 5503 DE;
918 5432 965 5485 Α
999 5429 1147 5484 aliud
1198 5440 1575 5503 agrestem.
1604 5430 1667 5503 (Ζ.
1744 5434 1782 5464 ⁸³
1819 5434 1910 5487 Sic
1931 5429 2052 5498 CE;
2081 5450 2337 5503 nusquam
2365 5448 2475 5488 om.
2513 5429 2624 5503 AD.

2545 5293 2567 5324 ⁸
2614 5287 2706 5347 Sic
2743 5292 2863 5355 CE;
2896 5294 2988 5347 Al)
3035 5291 3313 5361 siquidem.
3347 5359 3356 5361 _
3388 5290 3407 5321 ⁷
3441 5288 3532 5343 Sic
3561 5287 3725 5355 CDE;
3756 5291 3814 5361 7A

2471 5364 2495 5397 '
2513 5362 2647 5484 Ilus
2690 5359 3114 5483 appropinquare
3156 5389 3228 5400 ——
3287 5359 3357 5412 ad
3417 5375 3528 5413 esse
3577 5374 3686 5440 om.

2471 5472 2475 5483 .
2563 5433 2624 5485 ι).
2710 5433 2754 5463 ¹²
2787 5433 2877 5486 Sic
2905 5432 2945 5484 C
2972 5430 3068 5486 )E:
3095 5448 3151 5484 in
3171 5444 3283 5484 om.
3310 5430 3376 5481 Α.
3457 5429 3501 5459 ⁷³
3532 5426 3622 5482 Sic
3647 5428 3813 5486 Cilla;

2494 5470 2667 5553 ris}.
2692 5470 3151 5565 ρυὲἴὶἓὶἱὲἆὲῗ
3172 5470 3384 5553 "usit;
3405 5470 3815 5565 ουεῖλῆῐιῐοῖ

2492 5570 2535 5600 ¹⁹
2563 5570 2654 5624 Sic
2690 5571 2852 5638 CDE;
2887 5572 2928 5624 A
2959 5581 3033 5623 est
3063 5570 3373 5624 intellectus.
3449 5568 3617 5638 "Sic
3645 5566 3816 5632 CDE;

559 5641 604 5692 Α
628 5639 881 5708 tenebrae
902 5647 1049 5708 erant
1069 5654 1232 5707 super
1252 5649 1356 5694 cet.
1426 5642 1473 5698 ,τι
1494 5640 1584 5694 Sic
1604 5639 1762 5703 CDE;
1791 5642 1833 5693 A
1857 5637 2097 5708 intelligi.
2171 5642 2216 5670 “
2235 5641 2324 5694 Sic
2354 5641 2468 5702 CE;
2499 5641 2546 5693 ei
2576 5654 2686 5693 om.
2717 5637 2844 5695 AD.
2905 5641 2951 5671 ³³
2988 5640 3078 5694 Sic
3108 5640 3272 5701 ()Dlﬁ;
3296 5641 3335 5691 Α
3359 5638 3476 5691 dico
3493 5637 3596 5708 Dei
3618 5638 3812 5708 litium.

562 5709 608 5739 “
635 5707 905 5780 SEcCDE;
930 5707 978 5780 _A
1009 5718 1076 5759 et.
1136 5704 1198 5738 "5
1228 5707 1318 5780 Sic
1344 5707 1507 5771 ACE;
1541 5719 1715 5761 autem
1743 5727 1850 5763 om.
1881 5712 1941 5765 υ.
2018 5704 2063 5744 ⁷⁸
2086 5710 2175 5766 Sic
2198 5710 2359 5777 CDE;
2382 5711 2543 5780 fuisse
2562 5725 2671 5765 om.
2691 5714 2751 5764 Α.
2829 5712 2871 5742 ³⁷
2890 5709 2979 5766 Sic
2993 5709 3217 5777 CDE;A
3237 5707 3395 5779 quod.
3459 5707 3505 5737 ’⁸
3532 5705 3621 5760 Sic
3647 5704 3810 5772 CDE;

563 5781 608 5835 Δ
639 5778 861 5846 undique
889 5776 1091 5843 abysso.
1166 5780 1211 5808 ¹⁹
1239 5779 1399 5843 CDE;
1440 5783 1479 5832 Λ
1514 5780 1764 5832 iudicare.
