4236 6274
441 356 550 417 540

1273 346 1362 404 DE
1397 345 1736 404 DIVISIONE
1775 342 2124 400 NATURAE.
2162 371 2231 382 -—-
2268 340 2470 396 LIBER
2511 339 2895 398 SECUNDUS.

3611 342 3718 398 550

445 472 530 546 gis
575 468 791 534 videtur
831 464 1027 524 divinis
1065 461 1293 532 eloquiis
1332 461 1555 516 rationis
1600 457 2033 514 consideratione
2061 460 2109 518 Α
2137 453 2325 512 Graeci
2352 454 2580 546 éfpidiuci
2602 461 2817 519 vocant,
2851 452 3208 546 Immidaeque
3236 452 3414 525 abyssi
3445 456 3720 514 vicinitate

446 561 758 618 convenire.
795 556 902 613 Sed
940 555 986 611 si
1009 555 1130 624 quis
1159 551 1388 614 dixerit,
1430 549 1708 620 praedicta
1737 547 2033 619 prephetae

445 652 612 709 verba
641 668 747 708 non
782 651 924 705 aliud
945 690 961 716 ,
1008 662 1168 718 quam
1202 644 1581 717 primordiales
1623 657 1808 700 rerum
1840 657 2035 698 causas

447 747 694 809 innuene,
721 758 827 798 non
866 740 1134 796 videbitur
1177 739 1192 770 ¹
1251 752 1319 793 ex
1358 737 1588 793 veritate
1612 734 1847 792 deviare.
1894 733 2034 801 Quid

444 833 627 889 enim?
679 830 817 886 Num
870 829 1190 885 incredibile
1233 836 1338 893 est,
1389 826 1751 902 πρωτὸτυπον,
1799 825 1903 879 hoc
1949 831 2036 878 est

442 919 740 992 principale
764 917 1045 988 exemplar
1081 915 1382 987 corporalis
1418 923 1668 980 naturae,
1696 913 1840 984 quod
1865 912 2032 982 signi-

441 1010 639 1066 ﬁcatur
665 1021 844 1066 terrae
869 1009 1122 1074 nomine,
1163 1006 1418 1076 quodque
1445 1014 1572 1061 ante
1599 1004 1744 1059 hunc
1773 1003 2033 1059 mundum

439 1101 762 1159 sensibilem
787 1110 1051 1172 perpetuo
1087 1098 1592 1170 perfectissimcque
1629 1097 1774 1152 Deus
1803 1096 1855 1150 in
1885 1094 2033 1166 prin-

438 1191 609 1261 eipio,
657 1192 764 1247 hoc
809 1199 895 1246 est
935 1190 1099 1245 Pater
1133 1190 1187 1244 in
1227 1188 1366 1244 Filio
1413 1186 1752 1252 condiderat,
1801 1198 2030 1238 vacuum

443 1287 611 1340 atque
631 1281 795 1336 inane
817 1295 977 1351 posse
1001 1278 1220 1335 vocari?
1248 1278 1487 1334 Vacuum
1513 1277 1749 1348 quidem,
1775 1275 2030 1346 quoniam

443 1375 640 1422 omnﬂ
657 1368 870 1425 ensibili
895 1370 950 1424 in
984 1369 1098 1424 suis
1121 1368 1405 1424 effectibus
1428 1366 1683 1432 vacabat,
1712 1366 2029 1436 priusquam

446 1459 503 1514 in
530 1451 756 1528 ‘gcatera
811 1460 1117 1532 formasque
1171 1459 1445 1515 sensibilis
1509 1467 1738 1515 naturae
1798 1476 1896 1530 per
1933 1475 2031 1531 ge-

445 1561 784 1606 nerattonem
850 1552 984 1608 locis
1052 1551 1494 1621 temporibusque
1552 1550 1816 1621 prodiret.
1868 1551 2032 1607 lnane

442 1657 606 1708 vero,
647 1644 772 1713 quia
813 1643 1013 1700 nullam
1044 1644 1435 1716 quantitatem,
1464 1641 1542 1697 nil
1576 1643 1844 1713 corporali
1889 1644 2032 1698 mole

439 1731 691 1798 densum,
720 1732 797 1787 nil
825 1732 959 1789 locis
983 1733 1313 1804 dispersum,
1357 1731 1432 1787 nil
1461 1733 1790 1804 temporibus
1831 1733 2029 1789 mobile

2134 546 2386 601 accidunt
2405 546 2466 599 "’.
2485 545 2656 616 Hujus
2677 557 2892 614 quoque
2905 545 3326 613 eorpulentioris
3340 546 3484 601 aeris
3501 547 3720 604 inferio-

2133 639 2318 710 risque
2344 637 2679 694 nebulositas
2710 645 2765 693 et
2800 637 3106 692 obscuritas
3138 653 3243 691 non
3276 653 3345 692 ex
3384 638 3596 707 seipso,
3628 641 3720 694 sed

2132 745 2200 784 ex
2247 745 2510 800 aquarum
2579 736 2954 796 terrarumque
3023 726 3426 796 propinquitate
3481 727 3720 783 advenit.

2135 818 2290 874 Unde
2322 819 2468 874 enim
2527 817 2770 873 nascitur
2827 816 2986 873 lunae
3013 807 3340 881 humidit’as,
3382 816 3505 872 inde
3554 818 3720 874 etiam

2133 913 2278 968 aeris
2320 910 2672 976 nebulositas,
2727 909 2964 965 tonitrua
3022 921 3237 978 quoque
3267 908 3310 939 ¹⁸
3356 906 3720 981 fulminaque,

2134 1003 2358 1068 imbres,
2387 1001 2620 1071 pluviae,
2644 1001 2762 1068 nix,
2787 1000 2930 1071 gelu,
2965 999 3100 1055 varii
3132 1008 3414 1055 ventorum
3449 1000 3607 1059 ﬂatus
3631 1003 3674 1034 ¹⁹
3699 1022 3715 1058 :

2132 1111 2240 1150 non
2269 1094 2486 1149 aliunde
2521 1094 2623 1149 nisi
2654 1110 2722 1149 ex
2768 1092 3000 1149 terrenis
3025 1091 3396 1162 aquaticisque
3434 1095 3722 1166 vaporibus

2131 1185 2473 1241 occasionem
2497 1183 2785 1254 accipiunt.

2205 1278 2271 1330 i7
2313 1276 2450 1344 Quid
2495 1290 2626 1345 ergo
2666 1275 2893 1337 mirum,
2941 1275 2986 1328 si
3029 1272 3405 1344 primordiales
3429 1274 3724 1330 visibilium

2133 1385 2315 1425 rerum
2334 1370 2378 1400 ὀ
2395 1383 2592 1424 causae
2621 1376 2797 1423 terrae
2814 1366 2990 1422 inanis
3013 1375 3068 1421 et
3087 1381 3290 1422 vacuae
3309 1367 3573 1422 vocabulo
3591 1367 3726 1438 figu-

2131 1473 2249 1518 rate
2276 1462 2638 1524 insinuentur,
2657 1475 2786 1529 prae
2815 1459 3039 1513 nimia“
3060 1458 3145 1513 sui
3160 1458 3205 1488 "
3223 1457 3521 1514 subtilitate
3537 1457 3724 1513 ineffa-

2133 1557 2336 1627 bilique
2359 1553 2734 1610 intellectualis
2749 1567 2879 1608 suac
2899 1560 3126 1607 naturae
3149 1552 3524 1622 simplicitate,
3546 1553 3725 1621 prius-

2132 1662 2293 1718 quam
2339 1647 2391 1700 in
2442 1659 2642 1716 genera
2682 1651 2739 1698 et
2777 1643 2979 1699 formas
3014 1642 3405 1712 sensibilesque
3441 1657 3720 1705 numeros,

2134 1738 2186 1792 in
2215 1737 2411 1808 quibus
2449 1735 2611 1790 veluti
2639 1734 2958 1804 quibusdam
2998 1732 3209 1788 nebulis
3236 1734 3512 1803 corporeis
3549 1732 3724 1788 sensi-

437 1820 616 1876 adhuc
638 1821 694 1876 in
740 1824 848 1878 eo'
875 1823 1183 1880 intellectus
1219 1822 1600 1894 propheticus,
1641 1824 1730 1894 qui
1771 1825 1826 1880 in
1855 1825 2037 1880 divina
2067 1823 2113 1882 B
2143 1830 2243 1884 bus
2287 1833 2618 1898 apparent,
2647 1841 2745 1895 per
2797 1825 3200 1896 generationem
3253 1824 3584 1895 profluerent
3633 1823 3680 1854 ²³
3703 1861 3720 1885 .

435 1913 700 1985 mysteria
742 1923 827 1972 est
877 1917 1258 1983 introductus,
1315 1927 1622 1988 aspexerat.
1689 1918 1832 1973 llaec
1881 1919 2026 1974 enim

434 2004 718 2071 voeabula,
747 2006 906 2060 inane
943 2005 1066 2062 dico
1104 2015 1153 2061 et
1200 2023 1455 2072 vacuum,
1506 2007 1626 2077 plus
1665 2007 2030 2078 primordialis

437 2104 664 2153 naturae
701 2107 826 2154 ante
849 2097 1030 2154 omnia
1063 2098 1118 2153 in
1154 2099 1337 2155 Verbo
1377 2098 1628 2154 conditae
1655 2098 2028 2168 plenissimam

435 2187 938 2259 immutabilemque
989 2188 1299 2260 significant
1357 2187 1794 2260 perfectionem,
1864 2206 2029 2260 quam

437 2275 758 2331 mutabilem
803 2276 1284 2347 imperfectamquc
1325 2279 1484 2350 bujus
1530 2279 1715 2335 mundi
1758 2279 2032 2335 sensibilis

437 2363 728 2422 informem
753 2365 933 2423 adhuc
955 2369 1358 2438 processioncm
1383 2410 1397 2435 ,
1430 2370 1566 2425 locis
1591 2370 2032 2440 temporibusque

441 2454 782 2523 dispersam,
809 2471 1017 2528 perque
1054 2459 1458 2528 generationem
1497 2474 1617 2515 esse
1648 2460 1991 2516 inchoantem
2013 2501 2030 2526 ,

443 2545 788 2618 diversisque
847 2549 1126 2605 sensibilis
1169 2558 1451 2606 creaturae
1504 2553 1748 2607 numeris
1809 2551 2030 2607 formari

436 2644 802 2706 appetentem.
881 2637 1055 2708 Saepe
1102 2639 1372 2709 siquidem
1422 2641 1442 2672 ³
1491 2641 1653 2696 inane
1701 2651 1756 2697 et
1801 2659 2029 2699 vacuum

431 2727 600 2782 etiam
643 2728 664 2759 ⁸
711 2728 768 2784 in
813 2727 1060 2787 laudibus
1135 2732 1500 2802 corporalium
1567 2748 1748 2787 rerum
1791 2734 1812 2765 ⁵
1856 2735 2031 2790 solent

432 2820 585 2889 poni.
621 2820 816 2877 Totum
860 2837 1097 2894 namque
1139 2825 1396 2893 spatium,
1445 2827 1586 2894 quod
1633 2825 1776 2880 inter
1814 2827 2028 2897 globum

436 2917 618 2966 terrae
640 2909 946 2982 chorosque
974 2911 1216 2968 siderum
1255 2922 1664 2984 extremumque
1697 2916 1882 2970 mundi
1908 2932 2028 2970 am-

433 2998 609 3053 bitum
641 2999 696 3054 in
731 3001 909 3056 medie
933 3011 1019 3058 est
1046 3004 1421 3069 constitutum,
1462 3005 1514 3058 in
1570 3006 1704 3060 duas
1738 3017 1921 3076 partes
1948 3023 1978 3061 a
2008 3010 2028 3040 ⁶

435 3089 775 3160 sapientibus
812 3094 996 3148 mundi
1040 3094 1360 3166 divinaeque
1399 3095 1712 3165 Scripturae
1771 3098 2024 3153 divisum.

2129 1919 2345 1990 quando
2371 1919 2417 1949 “
2440 1917 2715 1988 praedicta
2742 1917 2968 1973 visibilis
2993 1917 3176 1972 mundi
3205 1916 3252 1949 "
3279 1917 3473 1986 spatia,
3499 1925 3724 1987 propter

2131 2011 2213 2066 Sui
2259 2009 2612 2064 subtilitatem
2652 2022 2717 2062 ac
2757 2022 2928 2077 paene
2975 2007 3492 2076 incorporalitatem,
3536 2007 3720 2061 inania

2131 2116 2224 2155 seu
2259 2113 2426 2153 vacua
2471 2113 2578 2152 non
2625 2098 2917 2167 incongrue
2961 2097 3330 2167 appellantur,
3382 2098 3524 2154 sicut
3562 2097 3608 2128 ²⁶
3646 2097 3725 2151 ait

2131 2189 2349 2259 quidam
2377 2196 2656 2257 poetarum
2683 2205 2697 2240 :

2315 2291 2443 2340 Aera
2470 2303 2559 2350 per
2585 2301 2783 2339 vacuum
2805 2287 2931 2339 saltu
2954 2289 3234 2351 iaculabere
3258 2299 3452 2353 corpus.

2131 2373 2267 2430 item
2297 2371 2555 2442 Virgilius
2582 2371 2635 2426 in
2667 2371 3016 2427 duodecimo:

2315 2470 2440 2522 Tum
2463 2469 2586 2532 lapis
2613 2473 2716 2534 ipse
2741 2472 2829 2522 viri
2857 2484 3059 2522 vacuum
3083 2485 3175 2534 per
3199 2474 3346 2524 inane
3375 2474 3586 2524 volutus.

2130 2557 2333 2612 Eadem
2371 2556 2511 2612 ratio
2533 2565 2618 2610 est
2643 2555 2868 2610 alterius
2897 2555 3379 2626 interpretationis,
3405 2572 3544 2628 quae
3567 2559 3718 2623 dicit,

2133 2657 2331 2702 terram
2374 2647 2699 2702 invisibilem
2747 2647 3267 2717 incompositamque
3328 2647 3513 2704 fuisse.
3580 2650 3719 2716 Quid

2129 2743 2272 2799 enim
2317 2743 2460 2796 aliud
2503 2741 2879 2796 rationabilius
2922 2742 3025 2797 ista
3062 2741 3406 2798 invisibilitas
3455 2745 3717 2814 mysticae

2131 2844 2309 2891 terrae
2357 2835 2722 2906 signiﬁcaret,
2763 2848 2926 2902 quam
2958 2833 3390 2904 primordialium
3426 2849 3713 2890 causarum

2130 2928 2424 2998 corporalis
2453 2935 2734 2984 creaturae
2768 2927 3176 2992 obscuritatem,
3220 2926 3364 2981 nullo
3403 2926 3600 2982 coloris
3636 2928 3716 2982 lu-

2128 3021 2294 3085 mine,
2317 3020 2461 3074 nulla
2488 3019 2786 3074 formarum
2811 3018 3133 3072 discretione
3158 3017 3335 3073 adhuc
3359 3018 3710 3080 declaratum,

2130 3111 2350 3180 insuper
2395 3111 2556 3165 etiam
2610 3111 2929 3180 purissimos
2984 3109 3287 3165 intellectus
3340 3122 3707 3181 superantem.

438 3179 668 3236 Inferior
688 3181 834 3237 enim
871 3198 998 3253 pars
1037 3199 1065 3238 a
1114 3193 1254 3239 terra
1308 3201 1477 3255 usque
1521 3187 1541 3218 ⁷
1592 3187 1657 3241 ad
1704 3186 1884 3242 lunam
1930 3186 2057 3243 aer‘

2130 3201 2321 3256 Merito
2383 3215 2596 3270 quoque
2653 3216 2850 3257 causae
2901 3199 3276 3272 primordialcs
3321 3202 3713 3272 incompositae

437 3270 654 3337 dicitur,
679 3272 784 3328 hoc
807 3283 893 3328 est
921 3274 1176 3342 spiritus:
1209 3277 1456 3345 superior
1481 3291 1608 3331 vero
1630 3293 1659 3331 a
1703 3276 1827 3332 luna
1849 3293 2020 3347 usque

430 3361 500 3414 ad
546 3361 724 3416 sidera
766 3373 1043 3420 extremae
1085 3365 1348 3434 sphaerae
1384 3366 1592 3431 aether,
1635 3366 1686 3422 id
1735 3377 1820 3423 est
1855 3384 2024 3439 purus

429 3450 681 3520 spiritus;
723 3454 916 3510 ambae
953 3465 1136 3511 autem
1180 3464 1330 3531 κῦφος
1359 3457 1380 3488 ⁸
1419 3473 1449 3512 a
1503 3459 1751 3525 Graecis,
1793 3474 2020 3514 vacuum

429 3554 526 3595 seu
557 3542 720 3600 inane
747 3559 779 3598 a
809 3543 1024 3602 Latinis
1063 3557 1348 3603 vocantur.
1383 3547 1491 3604 Sed
1530 3551 1879 3620 purissimum
1907 3551 2020 3606 eia-

430 3630 816 3705 rissimumque
851 3634 985 3692 illud
1023 3639 1272 3708 superius
1305 3639 1540 3709 spatium
1568 3651 1783 3698 constat
1808 3658 2023 3712 semper

430 3735 550 3778 esse
588 3722 610 3754 ’
649 3726 1082 3794 serenissimum,
1111 3738 1441 3802 aeternoque
1495 3733 1712 3788 siieutio
1752 3735 2018 3805 quietum,

431 3812 673 3882 exceptis
728 3816 1064 3874 harmonicis
1131 3821 1500 3876 consonantiis
1556 3821 1601 3854 ³ο
1657 3823 2016 3892 planetarum,

429 3916 650 3959 omnem
694 3908 975 3964 mortalem
1017 3919 1400 3980 terrenumque
1441 3913 1484 3944 “
1517 3927 1736 3969 sensum
1769 3924 2017 3970 tonorum

433 3995 930 4070 semitonorumque
981 4002 1022 4034 "
1070 4004 1322 4059 acumine
1374 4019 1679 4075 superans,
1730 4007 2018 4062 subtilissi-

429 4084 614 4154 mique
643 4087 783 4159 ignis
809 4091 1040 4147 motibus
1079 4093 1296 4158 labens,
1329 4094 1565 4150 diuturni
1597 4097 1638 4128 ¹³
1662 4097 1881 4153 luminis
1909 4098 2021 4168 plc-

428 4194 587 4246 num,
650 4191 870 4252 praeter
911 4186 1338 4255 portiunculam,
1383 4204 1546 4259 quam
1600 4193 1791 4246 umbra
1841 4202 2020 4251 terrae

425 4269 806 4343 obtinet,.quae
828 4290 931 4330 nox
955 4277 1278 4348 appellatur,
1296 4279 1520 4349 ideoque
1541 4281 1741 4336 dicitur
1764 4263 2014 4339 vacuum.

428 4359 536 4415 Nec
565 4364 856 4429 immerito,
887 4368 1141 4436 quoniam
1180 4370 1327 4424 omni
1371 4379 1584 4427 terrena
1630 4373 1673 4404 ¹¹⁵
1721 4389 2017 4445 crassaque

426 4448 570 4504 mole
605 4460 782 4517 vacat,
830 4454 1086 4525 nulloque
1125 4473 1390 4527 corporeo
1444 4462 1683 4530 pondere
1733 4464 2008 4534 impletur.

428 4536 772 4595 Planetarum
815 4544 1016 4598 etenim
1061 4547 1202 4616 globi
1235 4529 1493 4603 levissimi
1543 4552 1586 4581 ¹⁵
1617 4561 1671 4606 et
1705 4529 2010 4622 spir‘ituales
2041 4529 2088 4586 D

427 4638 572 4695 sunt,
614 4633 760 4687 nulla
807 4636 850 4667 ¹⁶
897 4644 1113 4692 terrena
1153 4639 1412 4707 qualitate
1455 4654 1766 4710 gravantur,
1808 4646 2008 4700 nullam

425 4719 811 4776 obscuritatem
859 4723 1118 4780 eiliciunt.
1166 4728 1348 4782 Lunae
1380 4730 1642 4800 siquidem
1685 4735 2004 4796 humiditas,

427 4810 740 4882 sordesque,
767 4830 906 4884 quae
933 4817 984 4872 in
1009 4835 1070 4873 ea
1100 4830 1380 4888 apparent,
1413 4838 1516 4878 non
1541 4841 1604 4880 ex
1630 4842 1760 4881 suae
1783 4836 2009 4881 naturae

429 4901 678 4968 puritate,
734 4907 833 4960 scd
887 4922 952 4961 ex
1028 4918 1279 4964 terrenae
1327 4913 1484 4968 molis
1525 4916 1834 4983 vaporibus,
1872 4932 2008 4985 quos

2125 3294 2534 3361 praedicantur;
2565 3301 2689 3348 sunt
2718 3293 2860 3347 enim
2892 3291 3160 3360 simplices
3203 3293 3458 3362 omnique
3495 3309 3711 3364 compo-

2123 3383 2320 3437 sitione
2347 3383 2568 3437 omnino
2597 3395 2864 3438 carentes.
2906 3381 3040 3436 Nam
3086 3382 3138 3436 in
3180 3383 3260 3439 cis
3293 3391 3377 3439 est
3425 3384 3712 3442 ineffabilia

2125 3475 2325 3539 unitas,
2371 3473 2854 3544 inscparabilisque
2893 3473 3357 3546 incompositaquc
3403 3475 3708 3541 harmonia,

2125 3567 2505 3622 universaliter
2574 3564 2936 3622 diiierentium
3000 3580 3095 3621 seu
3161 3567 3417 3622 similium
3473 3569 3707 3638 partium

2124 3658 2518 3729 copulationem
2567 3659 3000 3730 supergrediens.
3046 3659 3184 3727 Quid
3213 3662 3389 3717 dicam
3429 3663 3495 3718 de
3523 3665 3712 3736 causis

2122 3749 2507 3818 principalibus
2565 3749 2943 3805 intellectualis
2991 3752 3294 3807 cssentiae?
3337 3747 3547 3808 Nonne
3579 3771 3708 3811 con-

2122 3839 2500 3908 gruentissime
2544 3839 2859 3895 tenebrosae
2905 3840 3083 3910 abyssi
3131 3841 3395 3898 vocabulo
3431 3859 3470 3918 a.
3500 3843 3708 3914 Spiritu

2122 3938 2308 3983 sancto
2336 3929 2632 3999 appellatae
2654 3931 2810 3984 sunt?
2849 3930 3089 4000 Abyssus
3115 3932 3258 3985 enim
3302 3933 3555 3987 dicuntur
3583 3951 3708 4003 pro-

2122 4033 2242 4094 pter
2267 4037 2452 4077 carum
2494 4024 3091 4094 incomprehensibilem
3133 4024 3492 4092 altitudinem,
3527 4028 3707 4082 inﬁni-

2123 4125 2340 4190 tamque
2371 4114 2450 4168 sui
2476 4129 2572 4184 per
2597 4114 2777 4181 omnia
2808 4113 3168 4179 diﬂ‘usionem,
3194 4129 3333 4184 quae
3354 4115 3500 4169 nullo
3527 4117 3706 4184 perci-

2120 4208 2267 4277 pitur
2296 4221 2496 4270 sensu,
2533 4205 2678 4261 nullo
2713 4205 3190 4274 comprehenditur
3221 4205 3516 4269 intellectu,
3548 4221 3708 4274 praev-

2121 4315 2226 4369 que
2253 4296 2538 4353 ineil‘abilis
2572 4312 2701 4350 suae
2729 4297 2982 4367 puritatis
3012 4295 3329 4349 excellentia
3357 4295 3703 4350 tenebrarum

2121 4392 2337 4444 nomine
2384 4389 2639 4461 appellari
2681 4396 3015 4443 meruerunt.
3061 4386 3340 4456 Siquidem
3381 4395 3436 4441 et
3489 4386 3566 4442 sol
3599 4387 3702 4442 iste

2120 4484 2389 4539 sensibilis
2439 4481 2768 4536 intuentibus
2816 4495 2938 4534 eum
2985 4493 3144 4548 saepe
3194 4477 3388 4548 ingerit
3429 4477 3702 4541 tenebras,

2116 4591 2220 4628 non
2249 4573 2551 4628 valentibus
2576 4571 2830 4627 eximium
2863 4571 2944 4625 sui
2985 4569 3180 4623 intueri
3210 4567 3492 4638 fulgorem.
3524 4568 3700 4623 Tene-

2114 4667 2244 4720 brae
2304 4667 2483 4733 itaque
2530 4672 2682 4718 erant
2731 4677 2893 4732 super
2943 4673 3227 4716 causarum
3272 4661 3698 4732 primordialium

2114 4756 2385 4826 abyssum.
2417 4753 2550 4807 Nam
2588 4753 2902 4822 priusquam
2945 4752 2997 4806 in
3037 4750 3398 4822 spiritualium
3432 4753 3695 4807 essentia-

2114 4860 2231 4898 rnm
2275 4844 2714 4898 numerositatem
2761 4842 3147 4913 procederent,
3177 4842 3357 4897 nullus
3397 4842 3697 4898 intellectus

2112 4936 2363 4991 con-litus
2394 4938 2436 4974 ³⁷
2467 4949 2793 5004 cognoscere
2824 4949 2916 4986 eas
2943 4935 2987 4963 "
3021 4934 3211 5002 potuit,
3240 4933 3366 5000 quid
3397 4941 3597 4988 essent.
3631 4931 3697 4985 Et

1694 5065 1948 5118 VAIilAE
2010 5067 2412 5122 LECTIONES.

497 5164 516 5194 ¹
559 5163 650 5222 Sic
705 5169 866 5236 ACE;
908 5171 952 5225 D
996 5173 1218 5226 videtur.

418 5233 678 5311 ᾼλζςηιηι
724 5233 1094 5311 corporalium.

625 5325 725 5383 pro
775 5303 976 5382 semper
1017 5329 1128 5367 esse
1170 5313 1214 5366 A
1265 5303 1554 5383 superioris
1604 5333 1713 5372 esse
1761 5330 2004 5373 naturae.

418 5371 582 5441 CDE;
614 5371 660 5432 Ᾰ
689 5371 952 5435 terrenum
993 5393 1040 5436 et
1079 5371 1374 5436 mortalcni.

417 5442 548 5519 QE_;_
573 5447 664 5519 AD
692 5459 858 5504 terra.
937 5452 981 5483 ¹⁸
1013 5453 1103 5507 Sic
1144 5452 1307 5519 CDE;
1347 5453 1391 5506 A
1438 5451 1681 5510 levissimi

422 5459 548 5543 ab,
573 5459 664 5500 AD
692 5459 858 5504 terra.
937 5459 981 5483 "’
1013 5459 1103 5507 Sic
1144 5459 1307 5519 GDL‘;
1347 5459 1391 5506 A
1438 5459 1681 5510 levissimi
1719 5459 1878 5528 giobi.

431 5514 585 5592 _.S_Ic
613 5518 733 5585 DE;
785 5521 876 5575 AC
921 5525 1274 5592 tonitruaque.
1357 5520 1399 5553 ¹⁰
1431 5521 1522 5576 Sic
1564 5525 1726 5591 CDE;
1758 5529 1802 5581 A
1844 5530 1878 5592 ﬂ

1293 5177 1312 5206 ¹
1345 5173 1436 5228 Sic
1473 5174 1635 5240 ACE;
1681 5176 1724 5230 D
1759 5179 1810 5232 in
1838 5197 1919 5232 ea.
1996 5180 2017 5210 ³
2046 5179 2138 5235 Sic
2163 5181 2280 5242 CE;
2311 5180 2404 5233 AD

1181 5243 1202 5318 ἢ
1237 5242 1328 5298 Sic
1377 5243 1542 5318 CDEA;
1591 5246 1634 5298 Α
1675 5258 1749 5301 est
1790 5265 1842 5302 a.
1916 5251 1935 5281 ’⁷
1989 5248 2082 5306 Sic
2127 5251 2298 5312 ADE;
2329 5242 2491 5318 usque
2533 5266 2644 5304 oni.
2691 5252 2752 5306 C.
2829 5251 2852 5281 ⁸
2893 5249 2982 5301 Sic
3017 5246 3181 5308 ΟυΕς
3219 5245 3474 5318 A305?“-

1453 5383 1495 5459 ξ’
1524 5383 1612 5459 Sic
1641 5389 1717 5459 A;
1752 5390 1882 5442 (IDE
1927 5391 2409 5459 emitouoriumque.
2491 5390 2534 5421 ¹³
2565 5391 2656 5444 Sic
2677 5390 2793 5453 CE;
2827 5390 2870 5459 Δ
2907 5385 3127 5459 diur_ni_.'_
3159 5383 3426 5459 thijvt'tfi;

1958 5461 2001 5490 ³⁸
2039 5461 2129 5515 Sic
2177 5459 2339 5525 CDE;
2378 5459 2424 5512 A
2464 5469 2512 5511 et

1357 5520 1399 5553 ¹⁹
1431 5520 1802 5597 δῇο-(ΣΟΕΞΑ
1843 5530 2004 5597 ﬂatus
2038 5542 2324 5584 ventorum.

2754 5181 2773 5210 δ
2806 5181 2896 5233 Sic
2922 5178 3084 5236 CDE;
3120 5176 3164 5226 Λ
3193 5185 3263 5228 et.
3343 5176 3370 5206 ⁵
3397 5176 3487 5230 Sic
3527 5177 3689 5244 CDE;

2829 5251 2852 5281 ⁸
2893 5249 2982 5297 Sic
3017 5246 3181 5297 CDE:
3219 5245 3263 5297 Α
3293 5252 3474 5297 κοῦφα.
3555 5246 3574 5275 ⁸
3601 5248 3691 5297 Sic

2127 5267 2298 5312 ADL;
2329 5267 2491 5318 usque
2533 5267 2644 5304 om.
2691 5267 2752 5306 υ.
2829 5267 2852 5281 υ
2893 5267 2982 5301 Sic
3017 5267 3181 5308 um;
3219 5267 3263 5298 ιι
3293 5267 3474 5318 uappa.
3556 5267 3573 5275 ν
3601 5267 3692 5303 me

2119 5322 2160 5351 ¹⁰
2205 5321 2296 5374 Sic
2347 5320 2508 5383 (20E;
2563 5321 2605 5372 Α
2662 5319 2935 5373 cantilenis
2985 5314 3456 5382 consonantiisque.
3527 5316 3567 5346 ¹¹
3601 5317 3691 5372 Sic

2130 5392 2392 5414 ,...:-...._-.-
2491 5390 2534 5414 ιδ
2565 5391 2654 5414 ωε,
2678 5390 2791 5414 ρο.
2835 5390 2859 5414 Α
2911 5385 3083 5414 λι..-κέ
3109 5401 3118 5410 -
3160 5384 3201 5414 n
3245 5383 3406 5414 A3...'...‘
3517 5385 3560 5414 13
3599 5386 3688 5414 ας,

2990 5386 3118 5444 ιτηὶξ
3159 5386 3201 5437 D
3243 5386 3426 5436 divini.
3517 5386 3560 5414 ³³
3599 5386 3689 5441 sic

2990 5457 3031 5488 ⁸⁷
3073 5454 3165 5507 Sic
3199 5453 3314 5514 CE;
3355 5453 3444 5506 AD
3473 5455 3686 5511 accidit.

2445 5181 2675 5249 quidem.

2567 5460 2691 5528 quia
2747 5458 2912 5511 nulla.

2406 5530 2451 5560 ²⁰
2485 5523 2772 5591 εἰς’(ἷυΕς
2827 5529 2873 5580 Α
2916 5541 3090 5580 rerum
3139 5523 3438 5576 visibilium.
3513 5525 3557 5555 ²¹
3598 5527 3689 5582 Sic

419 5582 574 5663 APE;
596 5605 702 5665 pro
721 5582 853 5665 prae
875 5594 1043 5665 nimia
1068 5593 1109 5665 C
1134 5582 1389 5665 praemia.
1445 5594 1488 5623 ”
1520 5594 1610 5651 Sic
1640 5582 1755 5663 (3E;
1786 5582 1870 5651 su'i
1900 5582 2007 5653 oni.
2038 5582 2170 5653 Ᾰῧξ
2225 5600 2270 5630 ³³
2302 5599 2393 5652 Sic
2418 5582 2580 5662 CDE;
2610 5599 2648 5651 A
2680 5582 2986 5665 defluerent.
3067 5595 3112 5665 ’ἕ
3139 5591 3228 5645 Sic
3273 5592 3432 5657 CDE;
3481 5595 3522 5648 A
3552 5612 3687 5663 quo-

421 5653 828 5738 giggaift'sm
863 5662 1028 5725 CDE;
1079 5653 1374 5716 A'visibilis
1419 5668 1606 5720 mundi
1644 5653 1929 5738 pracdicto.

421 5721 578 5792 CDE;
615 5731 656 5782 A
701 5749 791 5784 ea:
830 5721 1152 5802 cognoscere.

2010 5671 2052 5700 ²⁶
2106 5669 2196 5724 Sic
2239 5670 2402 5734 CDE;
2436 5672 2476 5722 A
2509 5671 2602 5722 sic.
2682 5669 2722 5696 ’⁷
2762 5668 2850 5720 Sic
2879 5667 3042 5731 Chii;
3082 5664 3122 5716 Δ
3171 5665 3426 5719 conditas.
3515 5666 3561 5695 ’⁸
3596 5665 3687 5719 Sic
