4236 6274
528 336 634 393 55!

1915 339 2201 398 JOAN-NIS‘
2232 343 2425 401 SCOTI
2951 335 2966 345 ’
3136 336 3186 351 ”

3697 344 3802 407 532

526 455 710 511 adhuc
739 457 990 511 tenebrae
1011 465 1135 510 sunt
1162 469 1323 526 super
1354 456 1493 511 hanc
1521 455 1796 529 abyssum,
1825 458 1949 528 quia
1972 457 2118 511 nullo
2146 466 2192 521 Α
2222 462 2525 516 animorum
2555 463 2599 494 ιτ
2625 462 2871 518 notitiam
2897 462 3231 520 naturalibus
3256 460 3736 538 artiticialibusque
3759 468 3803 499 “

524 546 829 616 percipitur
852 544 1156 609 intellectu,
1182 560 1248 600 eo
1273 555 1531 616 excepto,
1557 548 1649 616 qui
1678 563 1798 603 eam
1837 548 1889 603 in
1908 548 2117 618 .princi-
2181 552 2684 648 tprogressionibus
2712 554 2956 625 proferre
2982 568 3090 609 non
3120 556 3361 613 retardat
3388 557 3454 611 ⁵⁸.

524 637 619 705 pio
645 636 915 693 formavit.
956 635 1032 689 Ex
1073 634 1354 692 etTectibus
1377 646 1552 693 autem
1571 679 1585 704 ,
1612 640 1715 695 hoc
1742 647 1825 695 est
1844 655 2115 710 ,«proces-

529 725 770 781 sionibus
814 725 933 795 ejus
982 726 1037 779 in
1090 726 1452 797 intelligibilcs
1494 722 1722 786 formas
1773 732 2116 801 cognoscitur

527 818 886 883 solummodo,
906 817 1032 888 quia
1055 827 1158 884 est,
1176 835 1283 874 non
1299 829 1480 876 autem
1504 821 1842 891 intelligitur,
1866 823 1994 894 quid
2009 833 2113 879 est.

597 906 683 960 18.
709 906 815 962 Sed
836 915 1017 961 utrum
1038 907 1267 977 mystica
1286 908 1372 962 illa
1396 917 1538 963 terra
1561 911 1866 981 invisibilis,
1892 914 2115 984 ipsaque

522 998 813 1053 tenebrosa
860 998 1088 1068 abyssus
1129 1006 1185 1051 et
1227 998 1609 1055 intellectualis
1652 1003 1948 1071 primarum
1982 1020 2114 1059 cau-

526 1104 707 1144 sarum
738 1097 1000 1159 perpetuo
1039 1088 1323 1145 invisibilis
1354 1090 1372 1121 ¹
1410 1090 1534 1156 erit,
1577 1091 1912 1163 abyssusqne
1968 1103 2114 1150 teneo

523 1179 686 1233 brosa
721 1178 1070 1233 aeternaliter
1096 1178 1466 1247 permanebit,
1509 1194 1578 1233 an
1603 1181 1929 1251 quandoque
1951 1223 1966 1246 ,
2015 1183 2118 1239 hoc

520 1275 626 1332 est,
654 1268 777 1337 post
809 1266 971 1321 finem
1012 1266 1172 1336 hujus
1216 1267 1401 1323 mundi
1443 1268 1464 1298 ³
1503 1258 1732 1322 visibilis
1772 1268 1825 1321 in
1866 1269 2113 1326 notitiam

520 1357 977 1414 intellectualium
1006 1358 1463 1428 rationaliumque
1493 1359 1855 1414 essentiarum
1883 1374 2112 1428 perven-

523 1456 674 1504 turae
700 1456 849 1513 sunt,
880 1463 986 1503 non
1026 1463 1190 1518 parva
1232 1448 1435 1520 indiget
1463 1449 1735 1520 indagine.
1766 1450 1914 1506 Dtsc.
1944 1450 2114 1506 immo

521 1538 859 1604 inaxima,et
892 1552 961 1592 ne
999 1539 1104 1595 hoc
1144 1538 1406 1594 intactum
1447 1538 1879 1609 praetermittas,
1916 1540 2116 1597 obnixe

517 1639 665 1700 peto.
696 1630 837 1686 MAG.
875 1630 994 1694 Dic,
1020 1644 1263 1699 quaeso,
1305 1630 1435 1698 quid
1479 1629 1576 1685 tibi
1628 1630 1840 1685 videtur
1862 1632 1887 1684 ?
1925 1632 2063 1686 Num
2091 1633 2113 1665 ³

516 1719 893 1788 primordiales
945 1734 1126 1772 rerum
1176 1733 1373 1775 causae
1420 1718 1467 1785 δ,
1533 1733 1670 1788 quas
1720 1728 1901 1777 terrae
1951 1730 2113 1791 atque

2290 640 2431 698 MAG.
2464 643 2809 715 Principales
2834 645 3018 715 itaque
3056 658 3253 701 causae
3282 655 3338 702 et
3374 648 3428 702 in
3459 662 3546 713 ea,
3576 663 3807 718 quorum

2217 746 2417 787 causae
2463 740 2609 797 sunt,
2662 733 3021 802 proveniunt,
3072 742 3129 788 et
3189 735 3546 805 principium,
3591 738 3648 792 id
3701 749 3804 802 est,

2218 818 2539 890 sapientiam
2587 820 2766 879 Patris
2788 824 2857 888 ὀ,
2882 824 2933 877 in
2960 838 3066 894 qua
3097 824 3271 879 factae
3294 835 3441 893 sunt,
3480 842 3595 882 non
3642 830 3807 883 relin-

2217 922 2410 983 quunt,
2435 922 2509 977 et,
2536 915 2700 969 utsic
2723 915 2769 947 ³⁸
2794 915 2992 979 dicam,
3023 915 3078 969 in
3111 917 3159 948 ³³
3189 930 3249 970 se
3273 916 3403 986 ipsis
3424 929 3805 987 pennancntes

2217 1003 2537 1071 invisibiles,
2568 1004 2806 1060 tenebris
2833 1005 2879 1037 ”
2909 1021 3039 1061 suae
3064 1007 3414 1065 excellentiae
3438 1025 3652 1080 semper
3677 1014 3805 1065 als-

2217 1096 2481 1161 conditac,
2502 1097 2554 1150 in
2575 1095 2855 1152 eﬂ‘ectihus
2880 1089 2992 1152 suis
3005 1098 3167 1152 veluti
3191 1098 3242 1153 in
3267 1101 3537 1168 quandam
3557 1101 3729 1155 lucem
3750 1102 3799 1135 ”

2217 1187 2545 1257 cognitionis
2592 1188 2859 1257 prolatae,
2914 1204 3021 1243 non
3068 1197 3283 1245 cessant
3332 1205 3610 1260 apparere.
3653 1192 3810 1245 lits‘c.

2216 1276 2363 1333 Haec
2388 1277 2741 1349 probabiliter
2771 1277 2986 1333 suaderi
3016 1287 3264 1349 possunt.
3296 1274 3407 1334 Sed
3431 1290 3593 1334 nosse
3613 1276 3798 1340 velim.

2216 1375 2397 1422 utrum
2429 1367 2692 1438 principia
2731 1382 2937 1433 rerum,
2976 1383 3115 1438 quae
3151 1368 3584 1437 primordialium
3616 1383 3748 1425 caus
3784 1391 3811 1407 -·

2214 1469 2335 1509 rum
2361 1456 2669 1513 nominibus
2689 1457 3043 1527 appellantur,
3071 1457 3247 1527 seipsa
3272 1457 3597 1529 intelligunt,
3629 1463 3805 1530 prius-

2214 1558 2376 1613 quam
2411 1545 2464 1599 in
2497 1546 2644 1615 ipsas
2670 1560 2775 1612 res,
2795 1561 3022 1617 quarum
3049 1562 3247 1602 causae
3268 1558 3395 1602 sunt
3418 1548 3489 1612 ",
3512 1535 3794 1618 pro'ﬂuant,

2214 1635 2422 1690 necne?
2459 1635 2599 1692 Mm.
2645 1637 2730 1691 Ad
2787 1638 2890 1692 hoc
2941 1636 3179 1693 breviter
3225 1638 3679 1707 respondendum.
3741 1638 3797 1691 Si

2216 1724 2359 1780 Deus
2396 1726 2448 1779 in
2492 1725 2756 1796 sapientia
2788 1741 2884 1780 sua
2929 1726 3263 1781 fecitromnia
3292 1742 3447 1796 quae
3475 1726 3617 1787 fecit,
3662 1735 3799 1781 teste

516 1811 698 1881 abyssi
741 1808 1013 1864 vocabulis
1059 1809 1388 1879 signiﬁcatas
1430 1823 1582 1876 esse,
1623 1826 1861 1881 praeque
1902 1814 2108 1869 incom—
2138 1803 2188 1863 Β
2218 1814 2514 1887 Scriptura,
2543 1830 2683 1887 quae
2708 1817 2860 1883 dicit,
2897 1817 3073 1870 omnia
3107 1818 3163 1870 in
3190 1818 3459 1887 sapientia
3478 1817 3670 1885 fecisti,
3709 1818 3798 1870 cui

512 1900 861 1972 prchensibili
882 1908 1044 1969 atque
1057 1900 1339 1956 excellenti
1356 1901 1953 1960 altitudineinvisibiles
1968 1912 2111 1960 tene-

513 1995 813 2065 brosasque
828 1994 1002 2049 dictas
1015 1992 1362 2060 arbitramur,
1389 1995 1517 2050 dum
1532 1995 1555 2027 ⁸
1579 2009 1676 2064 per
1707 1999 2110 2066 generationem

514 2085 571 2138 in
617 2098 815 2154 genera
866 2082 1174 2151 formasque
1200 2123 1214 2147 ,
1267 2083 1322 2137 in
1368 2097 1625 2139 numeros
1669 2083 2112 2155 differentiasque

512 2191 697 2229 rerum
738 2190 835 2229 seu
876 2189 1036 2228 sensu
1084 2188 1179 2228 seu
1230 2172 1501 2228 intellectu
1539 2176 2107 2244 comprehensibiliqu

511 2265 841 2333 procedunt,
909 2263 1204 2324 invisibiles
1254 2264 1936 2335 incomprehensibilcsque
1987 2284 2110 2324 esse

512 2356 764 2410 desinunt
785 2355 809 2407 ?
830 2355 909 2408 An
934 2369 1148 2425 semper
1179 2355 1244 2408 in.
1270 2354 1590 2410 excellentia
1620 2371 1753 2413 suae
1775 2366 2024 2425 naturae,
2051 2359 2111 2414 in

511 2462 621 2515 qua
657 2454 786 2503 ante
818 2445 1001 2501 omnia
1040 2447 1093 2500 in
1122 2446 1392 2517 principio
1420 2447 1671 2504 conditae
1693 2456 1854 2516 sunt,
1896 2465 2108 2520 perma-

509 2547 665 2602 nent,
705 2546 763 2592 et
791 2537 893 2592 sub
929 2535 1134 2591 nullum
1178 2551 1396 2592 sensum
1440 2537 1847 2596 intellectumve
1875 2541 2106 2608 cadunt,

507 2631 587 2686 ita
634 2637 695 2685 ut
734 2638 792 2689 et
826 2628 880 2684 in
928 2630 1113 2694 rebus,
1143 2645 1372 2700 quarum
1409 2644 1608 2686 causae
1656 2641 1814 2698 sunt,
1857 2632 2109 2690 sensibus

509 2736 605 2778 seu
633 2719 997 2777 intellectibus
1023 2720 1420 2789 quodammodo
1444 2730 1768 2793 appareant,
1795 2731 1852 2779 et
1878 2724 2109 2780 excelsi-

504 2812 750 2867 tudinem
788 2825 922 2867 suae
964 2811 1627 2882 incomprehensibilitatis
1677 2828 1785 2869 non
1831 2816 2104 2888 deserant,

505 2919 573 2959 ac
613 2901 778 2956 veluti
827 2901 883 2958 in
935 2902 1177 2959 tenebris
1223 2902 1580 2973 quibusdam,
1617 2904 1675 2959 in
1728 2905 2106 2961 secretissimis

437 2987 445 2994 ”
505 2994 631 3049 dico
666 2993 883 3050 divinae
943 2993 1241 3063 sapientiae
1283 2993 1520 3058 sinibus,
1577 3007 1795 3066 semper
1844 2994 2106 3050 sedeant?

496 3085 656 3139 Disc.
718 3083 824 3138 Eas
890 3092 1152 3153 perpetuo
1225 3082 1527 3138 invisibiles
1599 3083 2027 3154 tenebrosasque
2081 3083 2103 3114 ‘

2210 1905 2461 1962 dubitare
2512 1907 2880 1977 permittitur,
2933 1907 3112 1961 omnia
3142 1947 3158 1970 ,
3192 1922 3358 1977 quae
3412 1907 3467 1961 in
3527 1908 3800 1976 sapientia

2209 1994 2351 2051 facta
2421 2005 2588 2062 sunt,
2661 1996 2803 2052 sicut
2873 1997 2989 2066 ipsa
3054 1996 3318 2066 sapientia
3391 1996 3625 2066 seipsam
3698 2011 3795 2051 co-

2210 2086 2437 2156 gnoscit,
2491 2095 2547 2141 et
2590 2100 2730 2155 quae
2780 2086 2834 2141 in
2889 2087 3003 2156 ipsa
3054 2085 3195 2140 facta
3245 2094 3395 2152 sunt,
3452 2102 3559 2141 non
3617 2086 3794 2141 solum

2209 2179 2384 2249 seipsa
2414 2195 2758 2251 cognoscere,
2800 2180 2895 2235 sed
2936 2187 2992 2234 et
3032 2194 3495 2250 rerum,'quarum
3524 2180 3792 2248 principia

2209 2278 2353 2334 sunt,
2386 2271 2573 2326 notitia
2612 2287 2718 2327 non
2748 2271 2973 2327 carere?
3009 2271 3127 2325 Non
3153 2271 3296 2325 enim
3323 2270 3647 2339 credendum
3685 2280 3793 2334 est,

2213 2360 2268 2414 in
2331 2361 2512 2416 divina
2558 2361 2822 2431 sapientia
2883 2360 3086 2430 aliquid
3137 2360 3397 2428 insipiens
3444 2368 3502 2415 et
3558 2359 3797 2428 seipsum

2213 2450 2470 2521 ignorans
2492 2452 2766 2506 conditum
2793 2450 2984 2505 fuisse.
3006 2449 3115 2505 Sed
3141 2449 3208 2504 de
3231 2450 3319 2504 bis
3332 2449 3644 2520 diligentius
3670 2449 3797 2504 alibi

2207 2541 2678 2597 considerandum.
2742 2542 2887 2596 DlSC.
2937 2541 3015 2594 lta
3067 2540 3183 2594 ﬁat.
3235 2539 3372 2594 Nam
3426 2555 3545 2596 non
3576 2540 3797 2594 brevem

2208 2630 2685 2700 transitoriamque
2733 2631 2951 2700 quaerit
2990 2629 3411 2699 indagationem,
3461 2631 3507 2684 si
3560 2631 3794 2699 primor-

2207 2720 2379 2776 diales
2405 2735 2603 2776 causae
2643 2721 2851 2792 seipsas
2878 2720 3114 2790 sapiunt,
3154 2721 3408 2789 quoniam
3441 2721 3495 2776 in
3524 2720 3790 2789 sapientia

2208 2821 2425 2867 creatae
2453 2820 2599 2877 sunt,
2631 2811 3086 2882 aeternaliterque
3129 2810 3182 2864 in
3210 2825 3272 2866 ea
3296 2812 3616 2876 subsistunt,
3648 2826 3794 2879 quae

2205 2901 2410 2956 nullum
2440 2902 2698 2972 insipiens
2743 2902 2798 2956 in
2844 2916 2905 2957 se
2951 2902 3147 2973 recipit
3171 2902 3247 2967 “,
3293 2901 3564 2971 quomodo
3591 2917 3661 2956 ex
3701 2916 3797 2955 sa-

2206 2991 2475 3060 pientibus
2520 2992 2697 3048 causis
2741 2993 2909 3048 multa
2955 2992 3264 3062 insipientia
3310 2992 3626 3064 procedunt.
3677 2992 3799 3047 Non

2205 3082 2350 3136 enim
2389 3083 2599 3149 omnia,
2624 3097 2765 3152 quae
2807 3097 2877 3138 ex
2919 3082 2988 3138 iis
3029 3081 3317 3152 proﬂuunt,
3349 3082 3613 3152 sapientia
3648 3092 3797 3138 sunt.

502 3190 627 3231 esse
701 3145 1048 3230 crediderim.
1118 3171 1176 3226 Si
1253 3172 1402 3226 enim
1465 3172 1581 3241 ipsa
1656 3145 1953 3241 sapientia'
2006 3145 2174 3227 Deic
2206 3172 2349 3227 Duas
2386 3145 2659 3241 siquidem
2713 3182 2936 3227 naturas
2989 3145 3628 3241 sapientiaeparticipes
3675 3184 3798 3226 esse

502 3265 704 3331 Patris,
724 3263 783 3317 in
818 3275 924 3332 qua
947 3261 968 3292 ⁷
991 3259 1173 3316 omnia
1194 3259 1335 3314 facta
1359 3267 1485 3314 sunt
1510 3273 1745 3328 vereque
1782 3260 2103 3324 subsistunt,

505 3366 563 3410 et
586 3365 741 3410 extra
769 3366 934 3422 quam
978 3349 1114 3405 nihil
1140 3363 1261 3405 esse
1308 3348 1626 3421 intelligitur
1648 3349 1693 3416 ⁸,
1734 3349 1789 3404 in
1813 3349 1990 3419 seipsa
2019 3351 2102 3404 in-

505 3437 1018 3512 comprehensibilis
1054 3436 1451 3505 invisibilisque
1486 3445 1801 3506 permanet;
1841 3437 1934 3490 tua:
1959 3438 2102 3492 enim

506 3542 592 3588 est
634 3526 1013 3585 iuaccessibilis
1045 3567 1059 3591 ,
1108 3539 1326 3581 omnem
1389 3524 2040 3595 intellectumsuperans
2086 3543 2101 3581 :

509 3622 640 3694 quid
670 3621 889 3684 mirum,
918 3618 961 3672 si
993 3632 1194 3673 causae
1218 3616 1486 3683 omnium,
1516 3631 1657 3686 quae
1698 3617 1751 3671 in
1797 3630 1884 3684 ea,
1918 3624 1975 3670 et
2007 3632 2105 3687 per

508 3726 654 3776 eam,
681 3719 736 3764 et
760 3707 827 3762 ad
848 3721 969 3761 eam
995 3705 1171 3761 factae
1196 3714 1338 3770 sunt,
1364 3704 1667 3761 invisibiles
1693 3707 2105 3776 incomprehen-

507 3801 798 3869 sibilesque
827 3796 1181 3853 aeternaliter
1206 3796 1496 3852 credantur
1529 3809 1674 3870 esse,
1717 3804 1772 3850 et
1802 3795 2104 3850 incommu-

508 3890 759 3958 tabiliter.
770 3887 1127 3960 permanere?
1147 3885 1217 3941 Et
1236 3884 1485 3954 exemplo
1503 3887 1524 3919 '
1546 3892 1764 3941 nostrae
1810 3895 2039 3941 naturae
2058 3884 2103 3916 ¹⁰

505 3981 639 4037 iliud
684 3994 973 4051 possumus
1017 3975 1287 4046 conjicere
1334 3976 1400 4030 “.
1432 3975 1568 4030 Nam
1607 3976 1750 4046 quod
1792 3975 2105 4033 intellectus

507 4084 697 4132 noster
739 4077 793 4131 in
836 4074 1017 4143 seipso
1045 4072 1283 4144 primum
1329 4071 1726 4128 rationabiliter
1759 4072 2018 4142 concipit,
2046 4080 2105 4128 et

507 4166 574 4221 ad
604 4166 851 4222 habitum
872 4178 1054 4234 purae
1070 4162 1466 4235 perfectaeque
1492 4163 1878 4236 intelligentiae
1903 4166 2102 4234 perdu-

505 4258 603 4323 cit,
633 4271 849 4327 sempcr
891 4262 947 4310 et
982 4255 1047 4310 in
1093 4269 1162 4310 se
1210 4253 1438 4318 obtinet,
1483 4261 1539 4310 et
1585 4253 2105 4325 quibusdamgsignis

504 4349 844 4411 extrinsecus
886 4345 1113 4415 profert.
1159 4345 1324 4401 Verbi
1362 4345 1556 4416 gratia,
1597 4343 1644 4397 si
1692 4358 1873 4399 veram
1919 4344 2106 4412 cogni-

507 4438 707 4493 tionem
756 4438 824 4492 de
871 4436 1052 4506 aliquo
1104 4434 1346 4492 sensibili
1394 4433 1477 4489 vel
1524 4433 1844 4503 intelligibili
1887 4434 2102 4504 sapiens

2206 3264 2930 3331 crcdimus,—intellectualem
2946 3266 3000 3320 in
3015 3264 3309 3337 angelis,ct
3329 3265 3373 3299 ⁸⁷
3402 3265 3455 3318 in
3482 3264 3793 3319 hominibus

2206 3351 2523 3407 rationalem
2549 3367 2564 3406 :
2589 3362 2770 3407 cetera
2807 3369 2961 3419 vero,
2990 3369 3130 3426 quae
3166 3369 3197 3409 a
3226 3355 3479 3410 sensibus
3506 3368 3598 3409 seu
3631 3352 3785 3407 intel-
3868 3382 3873 3387 ~

2206 3444 2350 3499 lectu
2380 3444 2427 3479 ⁸³
2456 3444 2840 3514 comprehendi
2892 3454 3152 3515 possunt,
3203 3447 3499 3516 sapientiae
3549 3445 3788 3515 expertia

2206 3533 2582 3588 existimamus
2611 3532 2656 3564 ²⁹
2688 3546 2830 3588 esse.
2870 3533 3129 3601 Quamvis
3157 3534 3395 3590 breviter
3421 3534 3545 3605 quis
3567 3548 3794 3604 respon-

2204 3624 2333 3682 dere
2367 3622 2561 3689 valeat,
2602 3638 2709 3679 non
2737 3637 2859 3679 esse
2885 3624 3108 3690 mirum,
3137 3624 3189 3680 in
3236 3624 3569 3693 sapientibus
3614 3638 3798 3678 exeru-

2203 3711 2445 3782 plaribus
2483 3711 2850 3782 insipientium
2885 3727 3081 3768 causas
3125 3713 3443 3777 subsistere.
3482 3713 3609 3767 dum
3650 3712 3796 3766 vide-

2168 3844 2175 3853 .
2205 3816 2346 3868 mus,
2372 3801 2425 3857 in
2449 3800 2715 3856 solaribus
2742 3802 2908 3858 radiis
2931 3803 3275 3858 tenebrarum
3292 3802 3613 3858 occasiones
3637 3810 3797 3856 uatu-

2205 3892 2394 3949 raliter
2424 3893 2628 3959 inesse,
2657 3894 2896 3965 dumque
2941 3894 2995 3949 in
3033 3910 3094 3950 se
3134 3895 3270 3965 ipsis
3321 3894 3494 3949 nullas
3542 3895 3797 3949 tenebras

2205 3997 2327 4037 esse
2357 3982 2562 4048 sinunt,
2592 3998 2688 4038 eas
2714 3992 2895 4039 tamen
2927 3982 2996 4042 de
3029 3982 3214 4038 causis
3254 3982 3307 4037 in
3334 3997 3395 4039 se
3425 3982 3604 4040 insitis
3630 3982 3795 4036 veluti

2206 4071 2309 4126 sibi
2335 4072 2612 4142 oppositas
2641 4073 2885 4144 gignunt.

2278 4163 2364 4218 l9.
2402 4164 2550 4219 Dtsc.
2589 4161 2728 4230 Quid
2757 4178 2887 4234 ergo
2922 4163 3037 4219 vult
3068 4164 3213 4233 quod
3242 4163 3497 4235 sequitur
3526 4182 3540 4217 :
3575 4162 3641 4219 Et
3669 4160 3797 4230 Spi-

2206 4260 2339 4315 ritus
2385 4257 2482 4313 Dei
2511 4258 2935 4328 superferebalur
2977 4275 3134 4329 super
3158 4258 3368 4329 aquas?
3412 4257 3494 4312 An
3526 4256 3667 4312 forte
3694 4256 3799 4310 hoc

2205 4348 2472 4414 additum,
2503 4363 2573 4403 ne
2601 4348 3022 4403 aestimarentur
3058 4348 3440 4418 primordiales
3468 4361 3667 4402 causae
3689 4358 3795 4399 non

2209 4453 2260 4499 sc
2276 4439 2383 4494 lum
2410 4438 2790 4495 intellectualis
2814 4436 3198 4506 rationalisque
3219 4445 3500 4493 creaturae
3516 4423 3795 4497 virtutem,

506 4528 719 4580 animus
747 4501 1053 4594 perceperit
1081 4525 1148 4591 ¹²,
1198 4524 1313 4594 ipsa
1359 4524 1594 4594 cognitio
1639 4501 1778 4578 etin
1807 4538 1872 4578 eo
1905 4501 1964 4555 ’³⁷
1995 4523 2102 4578 fixa
2130 4501 2183 4562 D
2206 4546 2394 4586 verum
2419 4531 2584 4586 etiam
2611 4531 2657 4562 ³⁴¹
2679 4530 2958 4586 Creatoris
2983 4501 3170 4587 earn-tn
3198 4528 3589 4599 intelligibilem
3609 4525 3792 4594 α)εηί-

486 4622 790 4684 permanet
828 4611 889 4675 "*,
920 4620 975 4665 et
997 4612 1311 4679 phantasias
1350 4613 1524 4682 primo
1554 4610 1619 4668 in
1647 4613 1689 4645 “’
1716 4613 2098 4693 cognitionem,

509 4704 703 4761 deinde
736 4704 778 4734 ¹⁶
807 4704 860 4757 in
892 4717 1105 4767 sensus,
1136 4703 1331 4758 deinde
1357 4705 1400 4735 ¹⁶
1434 4705 1487 4758 in
1517 4720 1708 4761 vocum
1737 4709 1911 4780 signa,
1939 4707 2103 4764 alios«

509 4811 614 4865 que
642 4803 825 4859 nutus,
853 4792 1048 4861 quibus
1070 4793 1283 4847 animus
1310 4802 1519 4847 secreta
1554 4810 1649 4850 sua
1679 4798 1953 4852 molimina
1980 4814 2101 4869 gra-

517 4884 678 4942 datim
732 4879 1113 4938 descendentia
1172 4879 1310 4936 solet
1359 4881 1592 4950 aperire,
1643 4882 1807 4953 inque
1865 4886 2097 4943 aliorum

2205 4622 2405 4678 tionem
2436 4635 2570 4690 prae
2616 4620 2783 4677 nimia
2830 4634 2963 4675 suae
3009 4629 3236 4674 naturae
3267 4616 3582 4674 excellentia
3625 4627 3789 4681 supe-

2162 4764 2174 4776 ,
2205 4711 2365 4767 rare?
2402 4710 2469 4764 Et
2492 4709 2741 4779 Spiritus,
2775 4711 2969 4780 inquit,
2999 4709 3097 4763 Dei
3125 4709 3388 4779 ferebatur
3422 4719 3575 4773 super
3598 4718 3781 4771 aquas.

2201 4801 2281 4856 Ac
2311 4801 2357 4855 si
2387 4800 2594 4855 diceret
2628 4817 2641 4852 :
2670 4799 3098 4868 primordialium
3137 4811 3422 4853 causarum
3463 4793 3667 4847 inlinita
3700 4791 3787 4845 in-

2202 4888 2823 4960 comprehensibilisque
2858 4890 3117 4960 abyssus,
3163 4902 3227 4943 ac
3251 4901 3348 4956 per
3373 4887 3477 4941 hoc
3502 4880 3790 4940 invisibilis

1706 5110 1713 5115 .
1767 5037 1851 5092 VA
1860 5036 2019 5095 BIAE
2054 5041 2460 5100 LECTIONES.

581 5180 598 5211 ‘
649 5178 741 5234 Sic
782 5176 947 5241 CDE;
982 5176 1025 5229 A
1052 5167 1325 5249 inuisibilia
1354 5185 1811 5249 Ierrq_gerpetuo
1838 5180 1963 5234 erit.
2038 5183 2059 5215 ²
2092 5183 2182 5238 Sic
2219 5182 2386 5249 CDE;
2436 5186 2478 5236 Α
2521 5184 2703 5239 mundi
2726 5185 2905 5238 huius.
2983 5186 3004 5217 ³
3040 5182 3132 5239 Sic
3162 5183 3329 5240 ADE:
3364 5180 3405 5236 C
3439 5197 3567 5235 non.
3644 5179 3669 5210 δ
3700 5175 3791 5249 Sic

509 5248 674 5314 CDE;
704 5251 744 5304 A
780 5264 972 5302 causae
1017 5262 1213 5298 rerum.

1297 5246 1319 5278 ⁸
1350 5244 1645 5322 ξοίριϐῐξβης
1691 5246 1730 5322 A_
1758 5264 1921 5322 fifth.
1998 5250 2139 5322 “Sic
2180 5252 2345 5317 CDE;
2373 5244 2442 5307 Ἀ
2491 5256 2850 5322 tenebrasque.
2926 5256 2946 5286 ¹¹
2990 5254 3083 5309 Sic
3126 5254 3246 5316 CD;
3299 5251 3391 5305 ΑΕ
3433 5265 3558 5322 φιρς
3627 5247 3790 5322 ξ,ξο

510 5318 673 5393 CDE;
711 5321 770 5393 ΔΑ
800 5317 1107 5393 ίηιευὲξιίζζξν
1148 5331 1279 5393 ξξξξ.
1417 5314 1508 5369 Sic
1551 5315 1667 5393 CB;
1703 5315 1795 5393 AP
1822 5318 1967 5393 disc.
2002 5321 2275 5393 Exemplo.
2335 5314 2395 5356 ἰθ
2421 5322 2511 5377 Sic
2532 5324 2607 5387 A';
2660 5314 2792 5378 (ΖΒΕ
2840 5335 3059 5378 naturae
3106 5314 3377 5393 nostrae._
3499 5316 3786 5393 Sic_l_Z_DE‘;

510 5384 864 5460 Acoucipere.
937 5387 983 5460 ξ’
1021 5384 1660 5460 δίς-(ξρΕςμᾼ-ρενςερὶξο
1739 5386 1784 5417 ⁸³
1821 5388 1911 5445 Sic
1939 5390 2104 5458 CDE;
2136 5384 2180 5445 A'
2220 5394 2352 5460 ipso.
2434 5392 2478 5424 ιι
2518 5384 2611 5447 Sic
2634 5393 2712 5455 A;
2749 5393 2881 5446 (ΖΒΕ
2932 5400 3254 5460 permaneat.
3335 5387 3511 5460 ‘f_S_ic
3536 5387 3787 5460 QDErd

506 5457 687 5525 primo
731 5459 888 5510 mittit
935 5457 1009 5509 in.

1092 5454 1262 5531 ‘fmSic
1300 5454 1559 5531 CDE;_A
1605 5453 1834 5531 demunt.
1874 5463 1954 5531 7"
1997 5453 2100 5516 Sic'
2127 5453 2292 5525 CDE;
2326 5464 2368 5515 Α
2410 5453 3049 5531 animorunialiqum-um.

3131 5462 3173 5493 "
3209 5458 3301 5513 Sic
3345 5457 3510 5519 CDE;
3545 5457 3589 5509 Α
3618 5454 3794 5519 arti/i-

514 5524 807 5602 ζξαιῇὺυερε.
961 5525 1059 5602 ξ-ἰϐ
1079 5524 1345 5602 ΛςρβλΑ
1376 5526 1570 5602 ιανςίιει.
1649 5524 1694 5554 ²⁰
1735 5524 2020 5602 SicﬂDE;
2072 5533 2114 5584 Α
2152 5533 2318 5602 patris
2349 5533 2681 5602 sapientiam.
2756 5524 2931 5602 “'Sic
2971 5531 3144 5602 ABE;
3171 5529 3211 5584 C
3239 5530 3336 5602 ita.
3407 5527 3459 5602 ξ’
3496 5526 3586 5581 Sic
3609 5524 3784 5602 ᾼῧΕζ

515 5593 1235 5671 1385031f9-m"_sjgcp!‘33
1267 5596 1306 5647 Α
1335 5595 1675 5671 tenebrisque.
1703 5598 1916 5671 nf'ffSic
1957 5593 2122 5665 CDE;
2153 5593 2195 5654 Ἀ
2222 5600 2390 5654 lucem
2410 5593 2711 5671 quondam.
2789 5602 2834 5632 “
2885 5601 2973 5656 Sic
3001 5596 3177 5665 ,ADE;
3233 5598 3274 5653 C
3326 5597 3516 5671 quibus
3552 5594 3787 5671 fluitans

515 5674 662 5739 sunt.
731 5662 778 5692 "
815 5661 1415 5739 Sic‘ApEE-jirecepit.
1493 5666 1534 5698 ’⁷
1568 5661 1669 5721 Sic
1695 5664 1859 5739 CDE;
1893 5681 1939 5725 et
1967 5687 2075 5726 om.
2102 5661 2164 5725 Ᾱ.
2242 5672 2288 5702 ’⁸
2330 5661 2620 5737 5ἱεὈΙ)Ε;
2656 5671 2697 5724 Α
2741 5685 2836 5727 seu
2874 5672 2937 5727 ab
2969 5661 3264 5729 ἱείιριιοέιιι.

519 5732 800 5787 arsdimus.
875 5731 917 5762 3°
957 5731 1046 5786 Sic
1072 5731 1229 5796 CIJE;
1264 5733 1306 5784 A
1334 5742 1400 5786 et.

3345 5666 3390 5698 ²⁹
3429 5664 3521 5720 Sic
3545 5663 3707 5728 CDE;
3744 5662 3785 5719 Α
