4236 6274
416 362 523 416 555

1242 363 1329 418 DE
1368 349 2207 440 DlVlSlONEzNATURAE.:
2243 368 2446 426 LIBER
2486 353 2860 433 sucuuousl

3593 362 3703 437 554

419 475 822 543 tenebrasaque
848 472 1042 527 merito
1067 471 1354 542 appellata,
1384 490 1488 529 non
1513 474 1587 529 ita
1612 490 1829 532 omnem
1853 478 2011 533 intel-
2042 483 2088 541 Λ
2119 485 2254 539 velle
2281 494 2334 538 ct
2363 483 2580 539 Patrem
2612 487 2820 554 facere;
2855 489 3020 559 ipsius
3039 491 3181 546 enim
3217 493 3360 549 actio
3381 509 3536 549 suum
3560 496 3707 553 velle

420 567 623 620 lectum
679 564 1054 633 rationemque
1112 563 1398 619 altitudine
1460 566 1811 624 obscuritatis
1877 584 2008 624 suae

418 655 627 727 effugit,
657 662 714 709 ut
743 655 906 712 etiam
931 669 962 709 a
994 654 1194 725 Spiritu
1221 655 1314 710 Dei
1345 658 1729 727 comprehendi
1762 667 1817 712 ct
1850 675 2010 729 supe-

425 750 532 804 rari
571 764 672 803 non
702 747 890 818 possit.
926 746 1073 804 Deus
1110 762 1345 817 namque
1377 748 1523 818 ipsas
1549 748 1711 803 veluti
1741 750 2007 818 quaedam

424 841 769 894 fmtdamenta
797 837 1174 908 principiaque
1217 848 1536 894 naturarum
1570 840 1839 905 omnium,
1868 855 2011 910 quae

424 929 489 986 ait
520 942 587 987 eo
637 939 797 995 sunt,
852 929 907 985 in
961 929 1229 1000 principio
1276 930 1434 994 fecit,
1477 931 2011 1001 supereminentique

420 1026 634 1080 munita
678 1024 695 1056 ¹
752 1035 852 1077 sua
906 1021 1149 1092 gnostica
1186 1022 1399 1078 'virtute
1444 1038 1538 1078 eas
1580 1023 2008 1093 comprehendit,

427 1105 762 1177 sp'ritusque
786 1108 907 1174 eius
935 1124 1043 1164 non
1070 1108 1226 1164 locati
1251 1110 1545 1175 vehimine,
1570 1111 1663 1165 sed
1690 1112 2012 1181 cognitionis

428 1198 725 1257 eminentia
749 1215 830 1257 ets
850 1200 1201 1256 sunerfertur.
1228 1200 1412 1258 Potest
1429 1209 1484 1256 et
1504 1201 1583 1256 sic
1607 1201 1712 1257 diri
1738 1221 1752 1256 :
1785 1200 2013 1272 Spiritus

430 1284 530 1341 Dei
558 1287 990 1356 superferebatur
1029 1297 1185 1358 super
1210 1307 1394 1361 aquas.
1436 1291 1551 1346 Non
1599 1293 1743 1355 enim
1781 1293 2013 1363 primor-

435 1375 602 1431 diales
627 1377 871 1433 omnium
906 1394 1102 1434 causas
1145 1387 1328 1439 tantae
1360 1380 1714 1437 excellentiae
1750 1396 1870 1437 esse
1897 1392 2017 1438 cre-

437 1466 565 1522 dere
592 1468 876 1533 debemus,
913 1480 971 1525 ut
1005 1470 1146 1525 nulla
1190 1472 1440 1542 superior
1466 1477 1486 1507 ²
1514 1490 1609 1531 eas
1663 1490 1825 1533 causa
1862 1490 2016 1546 prae-

436 1557 596 1614 cedat
614 1559 655 1624 ³,
685 1574 841 1629 quae-
879 1576 974 1615 eas
1006 1571 1246 1631 superat.
1275 1563 1372 1619 Est
1404 1566 1547 1621 enim
1575 1582 1679 1623 una
1719 1567 2017 1637 eademque

434 1649 675 1704 omnium
698 1664 886 1715 causa,
910 1663 975 1704 ex
998 1665 1126 1718 qua,
1155 1660 1211 1705 et
1236 1666 1333 1720 per
1361 1668 1549 1723 quam,
1572 1654 1627 1710 in
1680 1670 1785 1724 qua
1806 1656 1850 1721 ⁸,
1874 1664 1930 1712 et
1949 1657 2017 1711 ad

431 1754 592 1809 quam
646 1755 831 1795 rerum
885 1742 1130 1797 omnium
1175 1759 1383 1800 causae
1420 1754 1584 1814 atque
1626 1748 2021 1817 praecedentes

426 1830 745 1886 occasiones
786 1832 1040 1900 primitus
1084 1832 1266 1889 factae
1309 1844 1456 1890 sunt.
1493 1835 1727 1906 Ideoque
1762 1837 2014 1894 omnibus
2045 1827 2090 1886 Β

429 1918 725 1987 superferri
783 1936 892 1975 non
940 1922 1216 1978 immerito
1251 1922 1535 1994 Scriptura
1584 1934 1839 1990 testatur,
1886 1927 2014 2005 quia

430 2008 717 2063 universae
765 2020 1051 2068 creaturae
1097 2028 1127 2067 a
1170 2028 1233 2069 se
1276 2015 1584 2070 inehoantis
1610 2031 1735 2072 esse
1770 2017 2016 2073 ordinem

432 2098 722 2164 praecedit,
763 2109 820 2154 et
863 2100 916 2154 in
943 2116 1066 2155 eam
1096 2102 1315 2159 desinit.
1370 2102 1485 2159 Non
1516 2106 1661 2172 quod
1708 2106 1762 2160 in
1803 2121 1868 2160 ea
1912 2107 2018 2162 hoc

433 2187 583 2254 prius
609 2199 667 2243 et
712 2190 819 2246 hoc
856 2193 1124 2261 posterius
1169 2194 1382 2251 ratione
1415 2205 1725 2266 temporum
1767 2205 2026 2252 creatum.

436 2279 525 2343 sit,
566 2281 728 2335 simul
780 2283 1025 2338 enimet
1070 2284 1238 2339 Semel
1281 2286 1303 2317 ⁸
1343 2286 1527 2341 omnia
1568 2288 1919 2343 aeternaliter
1962 2288 2019 2342 in

437 2384 552 2438 Ipsa
580 2378 708 2425 sunt
734 2371 779 2436 ',
806 2380 864 2426 et
890 2371 958 2426 ab
1008 2373 1125 2442 ipsa
1152 2374 1296 2430 facta
1339 2385 1490 2441 sunt,
1525 2377 1619 2432 sed
1655 2379 1804 2447 quod
1829 2377 2023 2433 ordine

440 2461 698 2519 ineffabili
742 2464 1385 2536 incomprehensibilique
1422 2470 1569 2524 omni
1610 2470 1905 2526 intellectui
1945 2470 2024 2526 di-

443 2554 568 2608 \ina
602 2553 943 2623 providentia
969 2554 1376 2611 universitatem
1407 2558 1662 2614 conditae
1704 2565 2025 2614 naturae'ex

439 2643 937 2698 non-existentibus
986 2644 1040 2698 in
1092 2645 1383 2701 existenlia
1436 2647 1729 2716 produxit,
1796 2647 2026 2726 quadam

434 2733 711 2788 essentiali
742 2734 1006 2805 dignitate
1043 2735 1150 2790 alia
1194 2735 1361 2792 aliis'
1392 2737 1797 2808 praeferuntur,
1837 2737 1912 2793 ita
1970 2734 2027 2792 ut

435 2844 525 2893 ea,
574 2843 716 2898 quae
757 2830 911 2885 circa
959 2829 1326 2886 universaiem
1372 2831 1619 2887 omnium
1666 2845 1903 2896 causam,
1946 2830 2028 2901 ip-

438 2930 559 2967 sum
610 2915 779 2971 Deum
821 2916 965 2983 dico,
1016 2918 1263 2987 proxime
1309 2930 1472 2990 atque
1522 2918 1869 2989 immediate,
1924 2919 2027 2974 hoc

439 3009 526 3055 cst
549 3002 605 3067 ⁸,
662 3003 807 3058 nulla
852 3006 1116 3074 superiori
1176 3016 1425 3063 creatura
1452 3010 1474 3042 ’
1520 3008 1834 3077 interposita
1901 3021 2025 3063 cre-

442 3091 648 3146 duntur
672 3101 725 3146 et
766 3093 1137 3165 intelliguntur
1193 3112 1312 3159 esse
1335 3138 1355 3163 ,
1394 3097 1845 3168 principalissima
1897 3114 2028 3155 con-

445 3180 591 3235 ditae
665 3182 1036 3240 universitatis
1110 3186 1378 3256 principia
1439 3185 1564 3255 jure
1622 3188 2024 3257 praedicentur,
2055 3181 2100 3243 C

442 3284 512 3329 ac
570 3271 930 3330 deindexaiia
988 3276 1228 3332 ex-atiis
1274 3291 1305 3330 a
1366 3293 1580 3335 summo
1636 3294 1811 3349 usque
1861 3280 2026 3338 deor-

439 3377 585 3427 sum,
640 3364 748 3419 hoc
805 3374 907 3432 est,
972 3367 1041 3422 ab
1089 3367 1244 3422 initio
1306 3367 1693 3426 intellectualis
1749 3379 2045 3435 creaturae

438 3467 615 3522 usque
673 3454 743 3509 ad
800 3456 1045 3511 omnium
1105 3457 1391 3528 inﬁmum,
1452 3461 1597 3531 quod
1648 3468 1732 3518 est
1788 3476 2026 3533 corpus,

438 3543 790 3599 descendunt.
848 3545 1089 3615 Spiritus
1133 3563 1265 3620 ergo
1315 3549 1410 3605 Dei
1465 3564 1629 3620 super
1680 3551 2024 3608 tenebrosam

440 3632 693 3704 abyssum
718 3648 1006 3691 causarum
1027 3638 1268 3693 omnium
1290 3638 1714 3709 primordialiter
1757 3640 2026 3697 factarum

442 3726 795 3795 superfertur,
809 3728 934 3798 quia
968 3729 1117 3785 solus
1134 3731 1382 3786 conditor
1402 3731 1625 3801 spiritus
1646 3732 1891 3788 conditas
1905 3748 2030 3789 eau-

450 3829 544 3870 sas
580 3818 905 3888 cognitionis
925 3820 1248 3877 excellentia
1275 3822 1659 3892 supereminet,
1682 3824 2032 3894 omniumque

447 3919 754 3969 causarum,
782 3923 920 3978 quas
942 3909 986 3942 ³⁰
1014 3919 1322 3977 creaverat,
1343 3927 1449 3967 una
1464 3926 1529 3968 ac
1559 3912 1672 3967 sola
1702 3914 2032 3983 praecedens

445 4003 506 4051 et
524 3998 957 4066 superexcellens
990 4015 1153 4057 causa
1185 4011 1290 4066 est,
1326 4010 1381 4056 et
1400 4002 1884 4072 principalissimus
1908 4002 2030 4059 fons

441 4085 712 4151 omnium,
740 4102 881 4157 quae
909 4104 940 4143 a
993 4104 1055 4145 se
1103 4091 1157 4145 in
1191 4091 1465 4147 inﬁnitum
1518 4093 1815 4162 proﬂuunt,
1870 4101 1924 4148 et
1973 4094 2027 4147 in

444 4189 510 4231 se
552 4188 865 4245 rewrrunt,
911 4189 965 4237 et
1011 4198 1041 4237 a
1095 4183 1260 4239 nullo.
1292 4183 1417 4250 alio,
1473 4185 1522 4240 si
1559 4185 1627 4240 de
1681 4184 1881 4255 Spiritu
1905 4201 2033 4241 san-

445 4275 538 4323 clo
581 4271 801 4339 proprie
854 4271 1194 4346 intelligitur,
1259 4275 1362 4330 nisi
1409 4290 1438 4328 a
1493 4275 1654 4330 Patre
1706 4284 1913 4331 manat.
1946 4276 2029 4333 Ab

445 4356 566 4429 ipso
587 4361 730 4416 enim
759 4372 845 4419 est
888 4363 1058 4420 Filius
1100 4382 1197 4437 per
1226 4365 1547 4423 ineffabilem
1600 4370 2029 4440 generationem,

445 4448 505 4506 in
531 4465 638 4519 quo
657 4461 718 4507 ut
739 4454 803 4508 in
822 4456 1088 4525 principio
1107 4457 1235 4514 fecit
1262 4459 1475 4523 omnia;
1508 4460 1578 4515 ab
1601 4461 1720 4532 ipso
1746 4470 1831 4516 est
1858 4461 2032 4532 Spiri-

446 4546 536 4595 tus
562 4551 780 4599 sanctus
800 4560 899 4615 per
923 4547 963 4578 ¹¹
988 4549 1407 4616 processionem,
1434 4551 1525 4620 qui
1547 4550 1718 4607 fertur
1743 4567 1904 4622 super
1924 4567 2034 4607 om-

447 4629 556 4683 nia.
577 4630 736 4687 Pater
757 4633 1024 4703 siquidem
1046 4636 1178 4701 vult,
1194 4636 1361 4692 Filius
1379 4638 1529 4706 facit,
1554 4639 1789 4710 Spiritus
1809 4648 2043 4696 sanctus.

443 4718 678 4789 perﬁcit.
694 4720 807 4777 Nec
825 4723 926 4778 hoc
950 4723 1252 4796 theologiae
1265 4726 1474 4782 videtur
1493 4728 1775 4795 obsistere,
1791 4744 1931 4799 quae
1953 4731 2036 4784 di-

448 4810 541 4872 cit,
577 4808 795 4866 Patrem
819 4814 876 4867 iu
895 4811 1040 4868 Filio
1061 4816 1237 4869 omnia
1259 4817 1460 4886 fecisse.
1478 4818 1591 4873 Non
1613 4816 1756 4874 enim
1782 4819 1927 4873 aliud
1950 4827 2037 4873 est

450 4895 661 4953 Patrem
690 4900 828 4955 velle
848 4903 1029 4957 omnia
1057 4903 1194 4971 ﬁeri,
1220 4913 1273 4960 et
1300 4906 1441 4961 aliud
1464 4906 1676 4962 Patrem
1695 4908 1749 4961 in
1780 4908 1914 4963 Filio
1927 4923 2043 4962 om-

450 4984 542 5041 nia
582 4987 782 5058 facere,
810 4993 904 5048 sed
937 5010 1101 5051 unum
1134 5006 1301 5066 atque
1331 4997 1383 5052 id
1399 4998 1572 5067 ipsum
1624 5006 1707 5053 cst
1738 4998 1779 5029 ι’
1825 4999 2040 5054 Patrem

2113 585 2215 629 est.
2245 574 2376 629 Nam
2399 585 2454 631 et
2479 578 2544 631 de
2562 577 2699 631 Filio
2725 589 2781 632 et
2805 578 3009 648 Spiritu
3051 593 3243 639 sancto
3271 585 3521 641 similiter
3543 587 3596 642 in
3610 588 3707 641 tel-

2116 667 2389 738 ligendum
2424 668 2489 721 ⁸³.
2528 669 2731 724 Eorum
2761 671 3027 739 siquidem
3056 676 3302 742 operatio
3326 676 3399 731 nil
3421 676 3565 731 aliud
3602 690 3706 746 est,

2116 774 2279 828 quant
2313 774 2501 814 eorum
2526 758 2794 815 voluntas.
2848 759 2959 816 Nec
2977 761 3084 817 alia
3112 763 3361 821 voluntas
3388 775 3468 821 est
3496 766 3571 822 Pa
3586 769 3706 833 tris,

2117 853 2221 906 alia
2245 851 2288 882 ¹⁵
2313 852 2452 915 Filii,
2482 851 2588 906 alia
2614 852 2659 885 η
2682 852 2916 923 Spiritus
2946 855 3261 921 sancti,sed
3274 873 3382 913 una
3405 860 3709 933 eademque

2121 944 2397 1010 voluntas,
2425 959 2569 999 unus
2593 959 2747 1000 amor
2788 946 2951 1000 trium
2977 948 3404 1017 substantiarum
3431 953 3590 1010 unius
3624 970 3710 1009 cs.

2115 1036 2361 1093 sentiatis
2379 1038 2662 1104 bonitatis,
2687 1052 2795 1108 quo
2841 1053 2901 1094 se
2936 1050 3117 1094 movet
3158 1039 3323 1095 Pater
3363 1041 3541 1100 facere
3588 1060 3709 1101 om-

2116 1125 2206 1179 nia
2223 1127 2267 1158 "
2288 1126 2341 1181 in
2357 1128 2520 1194 Filio,
2542 1129 2806 1200 perﬁcere
2824 1128 2868 1163 "
2891 1129 2944 1184 in
2965 1128 3168 1198 Spiritu
3190 1142 3396 1186 sancto.
3416 1131 3640 1202 Elquod
3666 1129 3712 1162 ⁸⁸

2118 1213 2455 1287 facitFilius,
2479 1229 2534 1275 et
2548 1220 2593 1256 ¹⁸
2610 1219 2850 1291 Spiritus
2875 1231 3095 1276 sanctus
3116 1221 3329 1290 perﬁcit
3343 1223 3409 1288 ⁸⁸,
3429 1232 3599 1279 totum
3616 1239 3700 1280 re-

2118 1309 2292 1366 fertur
2315 1311 2384 1366 ad
2411 1311 2631 1368 Patrem
2655 1311 2944 1368 facientem
2967 1322 3021 1368 et
3051 1313 3425 1383 perﬁcientem
3444 1356 3459 1381 ,
3486 1317 3613 1387 quia
3635 1332 3703 1373 ex

2122 1401 2242 1470 ipso
2270 1410 2397 1457 sunt
2416 1401 2622 1457 omnia.
2653 1401 2732 1456 Ex
2764 1401 2882 1472 ipso
2908 1403 3054 1458 enim
3084 1412 3168 1459 est
3212 1403 3379 1460 Filius
3412 1419 3510 1475 per
3540 1421 3704 1477 gene-

2121 1492 2411 1558 rationem,
2440 1493 2532 1562 qui
2561 1490 2694 1548 facit
2736 1493 2947 1558 omnia;
2995 1507 3062 1548 ex
3090 1495 3205 1564 ipso
3238 1503 3322 1550 est
3374 1495 3609 1565 Spiritus
3656 1494 3703 1530 “

2123 1594 2343 1641 sanctus
2375 1599 2473 1654 per
2501 1585 2925 1655 processionem.
2951 1587 3044 1656 qui
3076 1586 3289 1657 perﬁcit
3308 1588 3486 1643 omnia
3523 1606 3536 1642 :
3562 1603 3706 1644 sum-

2125 1691 2213 1731 ma
2245 1676 2504 1740 Trinitas,
2534 1690 2674 1745 quae
2695 1674 3016 1747 intelligitur
3039 1692 3160 1733 esse
3185 1691 3249 1731 ex
3281 1677 3366 1733 his
3392 1690 3529 1748 quae
3556 1687 3704 1741 sunt,

2122 1776 2180 1822 et
2205 1766 2422 1836 sapiens
2442 1780 2565 1821 esse
2586 1766 2927 1836 cognoscitur
2937 1782 3003 1821 ex
3025 1768 3111 1822 his
3132 1781 3270 1835 quae
3291 1766 3529 1836 sapiunt,
3550 1775 3606 1821 et
3626 1767 3706 1819 vi-

2118 1871 2248 1913 vere
2268 1871 2335 1912 ex
2358 1856 2466 1921 his,
2487 1871 2629 1926 quae
2660 1866 2964 1922 moventur,
2986 1857 3421 1913 manifestissime
3440 1858 3709 1927 approba-

2120 1959 2209 2003 tur
2232 1950 2296 2003 “.
2319 1949 2412 2005 Est
2433 1949 2611 2019 igitur,
2634 1957 2689 2005 et
2712 1951 2944 2020 sapit,et
2964 1951 3110 2005 vivit.
3131 1950 3186 2005 Si
3210 1961 3408 2010 autem,
3434 1949 3709 2018 sicutun

2119 2042 2245 2095 dam
2278 2039 2449 2112 Syrus
2485 2038 2827 2115 transtulisse
2865 2040 3056 2106 fertur,
3100 2042 3213 2109 qui,
3259 2051 3319 2095 ut
3361 2040 3439 2094 ait
3487 2049 3711 2095 sanctus

2120 2128 2376 2195 Basilius,
2411 2137 2619 2185 tantum
2647 2144 2675 2184 a
2700 2128 2968 2184 mundana
2991 2129 3254 2199 sapientia
3282 2128 3713 2197 reccssit,quan-

2121 2227 2241 2274 tum
2296 2235 2548 2277 verorum
2603 2221 2889 2277 doctrinae
2950 2220 3440 2291 appropinquavit,
3498 2220 3578 2274 sic
3636 2219 3711 2273 ie—

2122 2320 2283 2384 gatur
2312 2331 2326 2368 :
2354 2312 2423 2366 Et
2463 2310 2692 2384 Spiritus
2723 2313 2821 2368 Dei
2853 2313 2900 2345 “
2933 2313 3138 2383 fovebat
3162 2328 3346 2384 aquas,
3386 2311 3598 2366 facilior
3627 2310 3714 2364 in-

2126 2405 2376 2461 tellectus
2391 2405 2652 2460 occurrit.
2685 2403 2921 2475 Spiritus
2941 2405 3086 2459 cnim
3110 2411 3330 2460 sanctus
3366 2417 3560 2457 causas
3595 2401 3708 2470 pri—

2125 2487 2616 2567 mordialesfquas
2650 2497 2813 2551 Pater
2848 2496 2902 2550 in
2934 2496 3222 2566 principio,
3282 2495 3333 2549 in
3383 2493 3520 2548 Filio
3555 2492 3707 2546 vide-

2125 2589 2252 2644 licet
2276 2604 2376 2643 suo
2407 2587 2631 2652 fecerat,
2662 2595 2721 2641 ut
2739 2586 2787 2617 ’δ
2812 2587 2865 2641 in
2892 2600 2982 2651 ca,
3008 2600 3238 2655 quorum
3261 2599 3457 2640 causae
3482 2583 3530 2615 "
3560 2591 3712 2645 sunt,

2126 2682 2510 2751 procederent,
2541 2678 2777 2743 fovebat,
2823 2679 2926 2734 hoc
2978 2687 3085 2739 est.
3126 2677 3292 2732 divini
3344 2676 3546 2731 amoris
3593 2673 3711 2728 fotu

2127 2774 2415 2830 nutriebat.
2442 2772 2521 2828 Ad
2542 2773 2648 2828 hoc
2675 2786 2908 2840 namque
2929 2783 3029 2823 ova
3059 2772 3127 2825 ab
3149 2769 3388 2832 alitibus,
3422 2782 3486 2822 ex
3515 2766 3713 2835 quibus

2130 2864 2264 2918 haec
2293 2862 2612 2931 metaphora
2647 2868 2924 2928 assumpta
2952 2866 3055 2922 est,
3090 2856 3362 2922 foveatur,
3413 2867 3472 2909 ut
3519 2856 3711 2910 intima

2131 2951 2526 3020 invisibilisque
2555 2951 2637 3005 vis
2659 2949 2946 3011 seminum,
2999 2962 3139 3017 quae
3183 2949 3234 3001 in
3283 2947 3364 3001 eis
3411 2946 3563 3008 latet,
3615 2960 3715 3015 per

2130 3058 2386 3100 numeros
2407 3043 2646 3099 iocorum
2702 3050 3110 3109 temporumque
3140 3040 3192 3092 in
3238 3038 3440 3094 formas
3470 3036 3714 3091 visibiles

2133 3134 2549 3205 corporalesque
2585 3130 3010 3204 pulchritudines
3037 3130 3159 3200 igne
3188 3142 3421 3196 aereque
3445 3127 3496 3179 in
3527 3128 3714 3180 humo-

2133 3229 2282 3283 ribus
2330 3225 2596 3282 seminum
2674 3232 2997 3290 terrenaque
3064 3219 3290 3275 materia
3359 3217 3718 3287 operantibus

2130 3326 2403 3390 erumpat.
3534 3375 3560 3390 ,
3686 3318 3691 3319 ί

3534 3375 3560 3390 ν

2198 3439 2439 3497 200150.
2475 3438 2586 3495 Nec
2638 3438 2742 3493 hoc
2784 3450 2915 3493 sano
2956 3422 3245 3490 intellectui
3286 3439 3573 3502 repugnat,
3598 3424 3719 3482 sed

2130 3532 2352 3589 brevem
2375 3529 2812 3598 luculentamque
2854 3520 3427 3597 ἁναγεφαλαίωσιν,ι]οο
3473 3529 3575 3581 est,
3632 3530 3717 3571 re-

2132 3621 2575 3694 capitulationem
2605 3618 2820 3674 velima
2879 3627 2932 3672 te
2991 3615 3131 3681 ﬁeri,
3191 3621 3460 3685 quatenus
3516 3606 3718 3666 clarius

2133 3690 2550 3782 distinctiusque
2601 3708 2812 3764 valeam
2840 3705 3159 3775 intelligere,
3206 3717 3345 3773 quae
3368 3702 3530 3756 verba
3591 3713 3716 3768 spe-

2132 3805 2344 3861 cialiter
2378 3802 2690 3874 praedictae
2717 3813 2903 3855 sacrae
2933 3796 3248 3866 Scripturae
3286 3793 3588 3864 primitivas
3625 3803 3717 3844 re-

2136 3912 2254 3952 rum
2269 3909 2633 3964 causas,quae
2653 3905 2942 3947 causarum
2960 3889 3007 3921 "
3021 3886 3260 3943 omnium
3286 3899 3505 3940 causam
3533 3881 3726 3936 volunt

2134 3985 2465 4058 signiﬁcare.
2493 3983 2632 4039 MAG.
2661 3982 2862 4036 Adesto
2892 3979 3059 4049 igitur
3082 3976 3148 4031 ad
3206 3974 3342 4028 haec
3406 3970 3721 4047 diligentius

2135 4076 2412 4134 intuenda.
2459 4074 2602 4128 DISC.
2641 4071 2866 4125 Praesto
2901 4083 3041 4123 sum.
3073 4065 3213 4120 MAG.
3255 4060 3564 4115 Primitivus
3592 4072 3721 4111 can:

2135 4185 2246 4233 sas,
2269 4181 2409 4238 quas
2431 4171 2651 4234 sanctus
2687 4160 2974 4231 Dionysius
2997 4156 3254 4227 principia
3284 4166 3455 4205 rerum
3485 4148 3722 4202 omnium

2134 4266 2314 4322 vocat,
2338 4253 2652 4324 simpliciter
2677 4248 3103 4323 generaliterque
3128 4242 3459 4316 signiﬁcatus
3486 4254 3607 4293 esse
3636 4239 3733 4293 his

2135 4351 2315 4408 verbis
2333 4347 2569 4417 intellige
2601 4362 2616 4399 :
2646 4344 2713 4398 In
2764 4340 3019 4412 principio
3072 4337 3193 4407 fecit
3241 4335 3377 4389 Deus
3422 4330 3622 4385 caelum
3673 4338 3723 4382 et

2137 4454 2352 4504 terram,
2380 4440 2485 4495 hoc
2508 4445 2609 4499 est,
2634 4434 2776 4489 Deus
2827 4432 2881 4485 in
2933 4429 3098 4484 verbo
3153 4442 3249 4482 suo
3305 4420 3733 4491 intelligibilium.

2062 4527 2111 4588 D
2137 4531 2492 4588 cssentiarum
2520 4523 2959 4589 scnsibiliumquc
2982 4514 3360 4571 universaliter
3382 4526 3574 4567 causas
3587 4524 3722 4571 con—

2142 4623 2289 4681 didit.
2321 4620 2427 4676 Sed
2452 4618 2713 4689 propheta
2761 4627 2901 4684 quae
2957 4609 3279 4678 generaliter
3333 4603 3732 4676 pronuntiavit,

2145 4713 2451 4786 specialiter
2473 4710 2713 4764 dividere
2742 4705 2935 4763 voluit.
2958 4704 3162 4758 Causas
3184 4701 3364 4771 itaque
3392 4697 3724 4757 sensibilium

2145 4819 2348 4868 rerum,
2374 4802 2571 4872 quibus
2606 4797 2838 4854 mundus
2866 4796 2967 4850 iste
2995 4793 3298 4857 conﬁcitur,
3351 4804 3588 4860 praeque
3638 4788 3723 4842 ni—

2146 4899 2250 4952 mia
2280 4910 2409 4950 suae
2434 4902 2661 4950 naturae
2694 4887 2989 4945 subtilitate
3014 4885 3210 4941 mentis
3228 4881 3398 4939 oculis
3427 4883 3729 4936 incontem-

2150 4988 2396 5060 plabiles,
2426 4984 2732 5052 eximiaque
2757 4979 2838 5036 sui
2863 4978 3098 5049 puritate
3113 4973 3258 5032 omni
3289 4985 3544 5043 corporea
3572 4985 3728 5025 cras-

1752 5148 2008 5204 VARIAE
2045 5142 2450 5204 LECTIONES.

528 5255 545 5286 ι
581 5254 677 5332 Sic
703 5256 823 5326 DE;
849 5261 1057 5332 inﬁnita
1078 5276 1188 5332 om.
1212 5261 1324 5317 ac.
1398 5263 1420 5293 ι
1461 5259 1554 5332 Sic
1577 5260 1742 5332 eos;
1771 5262 1817 5314 Α
1846 5257 2273 5332 ευρεήοζηιιιζα.
2308 5327 2318 5332 Α
2354 5258 2381 5289 ι
2416 5254 2507 5310 Sic
2536 5253 2700 5332 CDE;
2731 5253 2775 5332 ᾼί
2803 5233 3740 5332 ρναοείξάαι,σεξιξα;.ηζ⁵ἰί⁰.εὲἓῖ³

443 5323 494 5397 _A
522 5335 573 5397 gi
602 5327 657 5381 in
699 5311 825 5396 qu—a:
850 5311 1054 5386 "asa
1084 5311 1323 5397 ἶὲἓξιῖ
1347 5311 2320 5395 cum'ki'nz'ilt—étSéii—riélg”’D'amut
2366 5337 2414 5397 et
2453 5311 2818 5397 ‘scutcljenint
2866 5318 3000 5386 om.)
3094 5315 3115 5346 °
3153 5314 3257 5397 sic
3292 5311 3730 5397 ϐρΕέηΑηξέξτέτ

446 5376 880 5472 ῗείοἷὶῦιῖΞῖΑ
907 5376 1310 5472 ηιῆἶκηῖᾟιίῖ
1326 5376 2315 5472 «alii?qZZIEnféuEXEZKuiguit};
2368 5376 2409 5427 ἐί
2447 5376 2563 5449 Sic
2587 5376 2706 5472 OE};
2740 5392 2841 5472 hoc:
2890 5376 2994 5472 ρι’
3018 5400 3146 5472 Qui;
3170 5384 3299 5472 ab-
3327 5380 3510 5472 ⁸ξ’μδίιε
3552 5376 3732 5472 ξ

448 5464 766 5540 {creatura
810 5464 1090 5539 superiori.
1171 5473 1215 5503 ³⁸
1242 5472 1334 5528 Sic
1362 5464 1528 5537 ADE;
1577 5471 1617 5526 C
1660 5487 1813 5540 quae,

450 5536 603 5601 CDE;
636 5539 679 5591 Α
702 5536 1106 5607 intelligendum
1129 5550 1227 5597 est.
1338 5542 1381 5573 “
1412 5536 1519 5598 Sic
1543 5536 1705 5605 CDE;

454 5607 644 5682 auxilia.
696 5610 736 5641 "
766 5609 1094 5675 SicCDE;A
1112 5622 1166 5682 et
1190 5612 1471 5682 perﬁcere.

455 5672 938 5751 ﬁtig‘ilussanctus.
1024 5672 1071 5711 7"
1104 5672 1204 5737 Sic'
1224 5682 1388 5747 CDE;
1421 5683 1464 5737 Α
1490 5690 1573 5737 est
1602 5692 1647 5735 et
1681 5672 1944 5751 Spiritus;

454 5743 620 5813 CDE;
670 5749 717 5804 Α
763 5760 809 5808 et
862 5761 939 5808 ut.
1016 5753 1060 5784 ³⁵
1092 5752 1182 5808 Sic
1212 5743 1383 5821 CDE,
1426 5754 1466 5807 A
1496 5768 1671 5808 causa.
1723 5743 1792 5784 ’³⁸
1818 5751 1907 5809 Sic
1932 5743 2097 5818 CDE;
2130 5750 2168 5801 A
2200 5763 2384 5802 causas
2416 5757 2814 5810 musarmnque.

1747 5488 1813 5524 te.
1922 5471 1964 5502 “
2012 5468 2109 5526 Sic
2134 5468 2303 5530 ADE;
2353 5482 2445 5535 per
2495 5479 2602 5517 om.
2634 5468 2699 5517 Ο.
2798 5468 2841 5490 "
2890 5468 2979 5513 Sic
3017 5468 3191 5536 υυωξ.
3229 5468 3269 5507 Α
3315 5468 3445 5505 esse.
3530 5468 3595 5531 ⁸·-
3633 5468 3705 5530 an

1747 5556 1845 5610 ι)το
1867 5538 1974 5594 alia
2000 5540 2044 5593 Α
2085 5549 2156 5610 εει
2200 5538 2282 5610 [Ψ
2306 5536 2398 5610 δίς
2425 5532 2683 5610 (ΞΡΕΞΑ
2709 5529 2895 5610 αίίαυοο
2972 5527 3039 5610 ,⁸⁸
3066 5524 3229 5610 ἒηὲἓε
3255 5523 3419 5610 99E;
3451 5522 3490 5610 θ
3524 5518 3705 5610 9⁸η,ίέίὲ

1550 5588 1711 5666 δι’ὧὲ
1743 5588 2285 5734 ὕῦἰξζλῆιιέᾱξκεά.
2308 5588 2406 5642 νεὶ
2433 5588 2526 5660 Sic
2552 5588 2716 5664 eos;
2747 5609 2793 5652 et
2824 5612 2934 5651 om.
2958 5596 3022 5653 A.
3052 5595 3121 5675 ίίο
3136 5594 3226 5676 Sic
3260 5593 3422 5658 CDE;
3451 5592 3495 5646 A
3528 5588 3731 5670 pel-ﬁgi

1554 5690 1647 5734 tet
1681 5682 1944 5734 Snit'itus:
2045 5681 2090 5711 “
2165 5679 2214 5733 ie
2250 5676 2382 5733 CDE
2406 5693 2433 5734 ς,
2463 5676 2507 5729 Α
2537 5669 2918 5734 comprobatur.
3024 5668 3069 5698 “
3118 5665 3212 5721 Dct
3247 5682 3354 5723 om.
3399 5665 3458 5719 C.
3551 5661 3593 5691 “
3634 5654 3731 5713 hic

2798 5459 2841 5490 “
2890 5458 2979 5513 Sic
3017 5455 3183 5517 CDE;
3229 5455 3269 5507 Α
3315 5467 3445 5505 esse.
3552 5448 3595 5481 ¹³
3633 5447 3733 5505 Sic

2353 5482 2445 5535 per
2495 5479 2602 5517 om.
2634 5462 2699 5517 C.
2798 5462 2841 5490 "
2890 5462 2979 5513 Sic
3017 5462 3191 5536 CDE;_
3229 5462 3269 5507 Α
3315 5467 3445 5505 esse.
3530 5462 3595 5531 ."
3633 5462 3733 5530 Sic

2353 5538 2397 5588 ic
2425 5534 2588 5588 CDE:
2635 5532 2677 5585 A
2709 5529 2895 5583 aliave.
2995 5527 3039 5558 “
3066 5525 3108 5578 A
3136 5524 3229 5579 Sic
3255 5523 3419 5585 CDE;
3451 5522 3490 5574 Α
3524 5538 3576 5574 ut
3614 5518 3733 5588 ﬁlio

2200 5538 2201 5541 “
2238 5538 2282 5569 ’⁸
2306 5529 2397 5592 Sic
2425 5534 2588 5594 CDE;
2635 5532 2677 5585 A
2709 5529 2895 5583 aliave.

2165 5654 2918 5741 icWCDE;Achoinprobatur.
3024 5668 3069 5698 ’³
3118 5665 3213 5721 Dci
3247 5682 3354 5723 om.
3399 5654 3458 5719 Ε.
3528 5654 3737 5713 “Si:

3024 5668 3069 5698 ³³
3118 5665 3213 5721 Dci
3247 5682 3354 5723 om.
3399 5665 3458 5719 C.

3664 5778 3777 5845 “JK
