4236 6274
583 333 689 395 555

1939 338 2219 395 JOANMS
2259 340 2456 399 SCOTI

3725 352 3824 410 556

582 447 817 502 situdine
843 456 1106 503 carentcs.
1138 450 1221 505 lus
1248 452 1426 507 verbis
1478 453 1775 508 insinuatas
1801 469 1921 508 csse
1947 468 2151 519 cogno-
2182 457 2231 515 Α
2260 455 2439 510 verbis
2488 470 2671 529 aperte
2716 462 3101 531 distincteque,
3162 462 3214 517 ni
3278 463 3452 529 fallor,
3508 463 3824 520 declaratus.

586 552 720 596 ace:
778 539 937 595 Terra
988 555 1163 594 atuem
1210 553 1321 597 erat
1350 545 1619 600 invisibilis
1672 557 1719 600 et
1772 548 2153 618 incomposita;

584 631 666 685 sic
706 631 849 685 enim
892 632 1283 689 transtulerunt
1334 636 1686 709 Septuaginta
1744 640 1914 706 ‘;seu
1964 657 2157 699 secun-

584 719 710 773 dum
737 719 1044 776 hebraicam
1067 725 1351 779 veritatem
1375 741 1389 779 :
1418 725 1580 782 Terra
1623 740 1799 783 autem
1820 742 1931 786 erat
1982 734 2157 790 inanis

581 816 629 860 et
697 825 860 863 vacua
899 810 941 864 ’.
1006 810 1212 869 Deinde
1272 814 1584 871 caelestium
1630 817 2085 893 invisibiliumquc
2132 823 2155 855 ³

582 901 938 957 cssentiarum
995 904 1268 973 primitiva
1314 906 1602 977 principia,
1662 917 1809 966 tanta
1870 913 2153 973 altitudine

583 994 837 1060 tantaque
866 991 1167 1049 subtilitate
1195 995 1635 1067 obscuritateque
1655 1013 1784 1054 suae
1830 1004 2154 1060 conditionis

578 1090 794 1132 onmem
824 1079 1152 1139 intellectum
1197 1084 1529 1154 superantia,
1573 1086 1660 1142 bis
1713 1089 1892 1145 verbis
1932 1094 2152 1150 noveris

577 1181 699 1222 esse
721 1167 1021 1226 introducta
1046 1173 1323 1243 utriusque
1359 1174 1823 1245 interpretationis
1847 1194 2155 1237 consonan-

580 1256 652 1312 tia
678 1276 690 1314 :
718 1257 785 1314 Et
815 1264 1055 1320 tenebrae
1109 1277 1258 1322 erant
1283 1285 1439 1339 super
1479 1270 1724 1341 abyssum
1753 1271 1793 1326 ⁸.
1819 1253 2082 1340 Quoniam
2127 1278 2150 1311 ⁸

578 1364 708 1406 vero
724 1366 1012 1410 causarum
1040 1357 1281 1415 omnium
1315 1374 1504 1425 causa,
1542 1361 1894 1432 omniumque
1946 1366 2150 1435 princi-

575 1441 790 1509 piorum
831 1446 1153 1516 principium
1198 1449 1596 1521 singularisque
1624 1451 1764 1519 fons,
1801 1469 1868 1510 ex
1897 1470 2007 1525 quo
2031 1471 2150 1511 om-

578 1531 689 1597 nia,
717 1549 854 1601 quae
882 1534 934 1589 in
962 1536 1111 1593 caelo
1133 1548 1187 1592 et
1215 1540 1268 1593 in
1292 1550 1435 1596 terra
1457 1549 1583 1597 sunt
1610 1542 1653 1607 ⁸,
1682 1543 1974 1613 profluunt,
1999 1548 2148 1605 inac-

574 1622 808 1678 cessibili
846 1625 1476 1701 incompreltensibilique
1521 1631 1655 1687 lucis
1697 1647 1830 1690 suae
1878 1637 2149 1694 excellen-

574 1712 647 1765 tia
679 1714 878 1777 omnia,
932 1731 1071 1786 quae
1100 1718 1152 1774 in
1197 1720 1636 1789 primordialibus
1664 1727 1845 1782 causis
1874 1730 2140 1798 condidit,

2260 553 2401 606 Dtsc.
2428 551 2610 607 Habeo
2636 551 2813 621 plane,
2844 552 3181 621 libenterque
3220 554 3445 623 accipio,
3488 553 3581 608 Dei
3614 555 3827 611 nomine

2258 639 2494 707 Patrem,
2535 641 2782 711 principii
2812 641 3005 697 Filium
3052 642 3129 705 ",
3170 641 3402 713 Spiritus
3428 643 3521 698 Dei
3567 643 3825 715 Spiritum

2256 741 2502 786 sanctum
2530 730 2893 802 signiﬁcatos,
2942 739 3122 786 terrae
3163 746 3292 787 vero
3332 733 3594 788 vocabulo
3635 735 3826 789 visibi-

2255 821 2385 877 lium
2437 836 2665 886 causas,
2726 819 2904 891 abyssi
2936 820 3345 890 intelligibilium
3389 819 3689 888 iudicatas,
3739 823 3823 877 di-

2254 912 2412 966 vinae
2436 928 2567 968 vero
2593 920 2820 969 naturae
2835 911 3364 982 supereminentiam,
3386 913 3488 968 hoc
3509 920 3612 977 est,
3640 913 3826 970 altitu-

2252 1003 2432 1059 dinem
2460 1016 2653 1057 causae
2681 1016 2967 1057 causarum
3014 1001 3387 1072 superlationis
3427 1017 3521 1057 seu
3558 1001 3698 1057 fotus
3725 1017 3820 1058 seu

2252 1090 2600 1147 fecunditatis
2634 1091 2880 1163 symbolo
2913 1105 3035 1147 esse
3068 1105 3303 1147 suasam.
3334 1088 3474 1147 Mle.
3522 1092 3676 1147 Prius
3720 1092 3824 1147 ita-

2250 1194 2356 1250 que
2406 1194 2569 1250 quam
2620 1179 2689 1234 ad
2734 1179 2986 1235 senariae
3032 1180 3349 1249 quantitatis
3398 1179 3822 1249 primordiaiium

2250 1286 2536 1329 causarum
2567 1271 2623 1326 in
2652 1286 2748 1326 sex
2780 1269 3140 1341 intelligibiles
3173 1271 3378 1340 primas
3406 1270 3522 1325 dies
3551 1285 3582 1324 a
3622 1270 3825 1325 theolo-

2248 1363 2333 1434 gia
2367 1362 2746 1417 distinctarutn
2790 1361 3070 1417 veniamus
3108 1361 3622 1424 considerationem,
3658 1375 3826 1431 pauca

2248 1453 2317 1509 de
2350 1451 2524 1521 prima
2564 1464 2881 1518 summaque
2911 1448 3150 1503 omnium
3182 1462 3367 1513 causa,
3397 1446 3469 1505 de
3495 1457 3681 1504 sancta
3709 1449 3830 1504 dico

2248 1543 2788 1609 Trinitate,-dicenda
2819 1540 3074 1606 arbitror,
3108 1541 3153 1596 si
3188 1541 3281 1595 tibi
3312 1540 3546 1594 videtur.

2322 1634 2473 1689 Dtsc.
2499 1632 2583 1689 Nil
2616 1632 2825 1688 avidius
2856 1631 3201 1702 quaesierim,
3238 1631 3314 1686 nil
3338 1630 3611 1685 lubentius
3634 1630 3824 1685 audie-

2249 1724 2352 1779 rim
2379 1724 2455 1788 “,
2490 1722 2565 1779 nil
2592 1722 2860 1779 salubrius
2887 1720 3228 1786 crediderim,
3260 1720 3332 1775 nil
3361 1720 3522 1775 altius
3548 1719 3826 1774 intellexe-

570 1802 974 1869 supercxaltat,
1022 1813 1078 1860 et
1133 1813 1609 1882 supercognoscit,
1684 1820 2145 1885 superessentiali-
2174 1802 2224 1862 Β
2253 1814 2389 1881 rim,
2432 1828 2595 1884 quam
2640 1812 2784 1883 quod
2829 1812 2897 1868 de
2944 1811 3233 1867 universali
3280 1808 3517 1865 omnium
3567 1808 3826 1865 ineffabili

572 1898 737 1976 tatem
769 1896 1414 1970 superexcellentiamque
1464 1902 1484 1934 ⁷
1534 1904 1704 1972 ipsius
1726 1906 1813 1961 his
1849 1909 2028 1965 verbis
2068 1911 2151 1966 in-

569 1978 716 2059 spice
766 1995 886 2037 esse
912 1982 1212 2040 intimatam
1255 2002 1269 2043 :
1326 1988 1395 2044 Et
1447 1988 1678 2062 Spiritus
1719 1993 1815 2050 Dei
1853 1998 2147 2067 superfere-

571 2074 726 2125 batur
746 2072 767 2103 ⁸
789 2090 944 2144 super
989 2094 1171 2148 aquas.
1203 2078 1335 2135 Nam
1358 2083 1500 2151 quod
1520 2084 1827 2154 specialiter
1877 2087 2147 2160 theologia

570 2160 638 2216 de
667 2162 871 2233 Spiritu
899 2176 1085 2221 sancto
1111 2169 1352 2238 protulit,
1379 2170 1480 2227 hoc
1504 2175 1866 2232 communiter
1893 2178 1959 2232 de
1990 2193 2142 2233 sum-

569 2267 655 2307 ma
679 2262 974 2326 sanctaque
998 2258 1259 2315 Trinitatc
1282 2276 1415 2318 sana
1439 2263 1574 2319 ﬁdes
1590 2275 1644 2320 et
1678 2266 1848 2323 credit
1867 2270 1960 2323 ’et
1986 2269 2145 2325 intel-

566 2342 703 2411 ligit.
738 2344 936 2401 Sancta
959 2349 1158 2405 etenim
1185 2350 1227 2382 ‘°
1256 2361 1309 2406 et
1332 2352 1703 2424 inseparabilis
1726 2357 1962 2416 Trinitas
1983 2360 2024 2392 “
2058 2360 2141 2414 in-

567 2434 719 2492 tinitc
740 2437 933 2508 abysso
967 2455 997 2495 a
1030 2455 1087 2496 se
1107 2442 1355 2500 conditae
1382 2444 1697 2502 excellentia
1722 2452 1853 2505 suae
1875 2451 2144 2508 essentiac

570 2529 972 2602 sapientiaeque
1043 2534 1393 2605 superfertur.
1449 2536 1505 2594 Si
1552 2554 1681 2595 vero
1730 2540 1879 2598 illum
1922 2541 2139 2613 Syrum,

570 2634 731 2691 quem
766 2635 984 2680 sanctus
1013 2624 1241 2683 Basilius
1262 2628 1315 2682 in
1338 2628 1607 2686 Excmcro
1630 2648 1728 2688 suo
1759 2636 1971 2706 magnis
2023 2636 2142 2690 lau—

564 2711 723 2769 dibus
746 2716 1042 2783 praedicat,
1064 2718 1157 2788 qui
1186 2733 1286 2789 pro
1312 2734 1395 2784 eo,
1427 2721 1571 2791 quod
1593 2723 1680 2778 alii
1705 2723 2027 2794 interpretes
2048 2742 2143 2796 po-

564 2816 744 2869 suere,
762 2804 861 2860 boc
874 2815 957 2883 est
974 2809 1015 2839 "
1032 2822 1046 2861 :
1064 2807 1130 2863 Et
1148 2808 1377 2881 Spiritus
1390 2810 1488 2866 Dei
1500 2814 1920 2883 superferebatur
1937 2816 2145 2887 "super

560 2910 746 2964 aquas,
762 2896 1150 2969 interpretatus
1169 2910 1300 2957 este
1320 2918 1443 2975 syra
1466 2903 1669 2976 lingua,
1690 2921 1830 2975 quae
1852 2906 2141 2964 ltebraicac

559 2986 739 3042 vicina
770 2998 853 3045 est
884 3008 897 3043 :
941 2987 1008 3044 Et
1035 2990 1266 3061 Spiritus
1311 2992 1409 3048 Dei
1455 2995 1657 3064 fovebat
1695 3013 1881 3068 aquas,
1906 2998 1992 3054 vel
2025 3016 2038 3054 :
2069 2999 2139 3055 Et

565 3076 796 3147 Spiritus
844 3078 941 3135 Dei
988 3080 1303 3151 fecundabat
1336 3100 1519 3153 aquas,
1561 3087 1713 3156 sequi
1755 3088 2011 3156 volucris,
2057 3092 2138 3147 di-

2249 1903 2397 1981 fonte
2420 1904 2566 1959 veris
2593 1902 3065 1973 probabilibusque
3094 1901 3822 1971 diciturinvestigationibus.

2248 1990 2364 2046 Non
2404 1992 2549 2047 enim
2581 1990 2684 2045 alia
2715 1989 2949 2044 ﬁdelium
2993 1990 3298 2045 animarum
3342 1990 3487 2046 salus
3523 1999 3630 2050 est.
3660 2006 3825 2061 quam

2247 2083 2315 2139 do
2337 2097 2445 2137 uno
2492 2082 2732 2137 omnium
2760 2080 3058 2151 principio,
3088 2096 3229 2151 quae
3258 2097 3388 2136 vere
3415 2080 3822 2151 praedicantur,

2245 2171 2493 2237 credere,
2535 2178 2752 2241 etquae
2780 2184 2908 2225 vere
2948 2169 3276 2234 creduntur,
3310 2168 3626 2237 intelligere.
3677 2168 3819 2223 Mss.

2244 2259 2340 2316 Dic
2370 2262 2585 2329 itaque,
2621 2273 2822 2329 quaeso
2845 2298 2862 2326 ,
2900 2258 3027 2328 quid
3055 2257 3331 2328 intelligis,
3357 2257 3574 2326 quando
3614 2256 3823 2311 theolo-

2244 2351 2386 2422 giam
2410 2351 2674 2405 dicentem
2701 2348 2894 2404 audis:
2925 2347 2992 2401 1η
3015 2346 3270 2416 principio
3298 2346 3416 2415 fecit
3445 2345 3587 2399 Deus
3605 2346 3630 2398 ?
3670 2346 3820 2401 DISC.

2243 2441 2331 2496 Nil
2357 2440 2501 2496 aliud
2528 2438 2635 2495 nisi
2664 2440 2711 2472 ’³
2750 2440 2894 2510 quod
2940 2441 3078 2495 inter
3104 2455 3202 2495 nos
3229 2447 3580 2504 convenerat,
3608 2438 3824 2495 Patrem

2245 2532 2299 2587 in
2325 2532 2504 2589 Verbo
2529 2547 2628 2587 suo
2655 2531 2837 2585 omnia
2868 2529 3080 2586 fecisse.
3112 2530 3249 2585 Dum
3274 2531 3419 2584 enim
3447 2530 3614 2585 Deum
3641 2531 3821 2593 audio,

2248 2624 2416 2680 Deum
2465 2623 2682 2679 Patrem
2726 2623 2943 2693 cogito,
2992 2624 3117 2677 dum
3171 2623 3533 2693 principium,
3584 2622 3824 2692 intelligo

2245 2717 2415 2772 Deum
2462 2715 2720 2772 Verbum.
2774 2715 2916 2772 Msa.
2956 2714 3092 2781 Quid
3129 2722 3212 2770 est
3240 2714 3306 2780 ",
3335 2715 3477 2783 quod
3517 2713 3823 2783 Theologns

2245 2812 2354 2865 ait:
2378 2810 2447 2865 In
2467 2811 2722 2881 principio
2747 2808 2866 2880 fecit
2893 2808 3069 2863 Deus!
3089 2808 3280 2865 Utrum
3305 2806 3576 2877 intelligis,
3603 2805 3819 2860 Patrem

2246 2904 2482 2959 Verbum
2528 2917 2683 2959 suum
2732 2902 2910 2974 primo
2939 2900 3224 2972 genuisse,
3274 2914 3338 2954 ac
3384 2898 3580 2954 deinde
3609 2897 3822 2952 caelum

2245 3000 2300 3048 et
2324 2992 2374 3026 ⁸⁵
2399 3001 2597 3047 terram
2627 2991 2681 3046 in
2707 3006 2773 3047 eo
2802 2990 3029 3045 fecisse?
3064 2989 3145 3043 An
3175 2987 3315 3043 forte
3340 3002 3497 3043 suum
3526 2986 3749 3041 verbum
3772 2985 3825 3017 “

2245 3084 2594 3141 aeternaliter
2641 3083 2866 3154 genuit,
2917 3090 2971 3136 et
3016 3081 3069 3135 in
3108 3080 3223 3149 ipso
3254 3077 3599 3133 aeternaliter
3639 3078 3818 3132 omnia

559 3169 741 3224 vinam
772 3171 1043 3242 pietatem,
1068 3173 1349 3229 altitudine
1374 3189 1503 3231 suae
1523 3178 1843 3234 clementiae
1885 3181 2135 3236 tcnebro-
2167 3157 2210 3219 (ἶ
2244 3177 2396 3242 fecit,
2427 3176 2501 3230 ita
2532 3182 2591 3229 ut
2620 3174 2767 3229 nullo
2792 3173 2949 3228 modo
2970 3172 3244 3243 processio
3284 3170 3446 3226 Verbi
3479 3184 3507 3223 a
3538 3170 3699 3223 Patre
3724 3184 3824 3239 per

560 3274 677 3314 sam
710 3261 1134 3331 primordialium
1156 3278 1440 3320 causarum
1466 3261 1721 3336 abyssum
1767 3279 2133 3337 superantem,

561 3368 792 3422 eamque
848 3355 1117 3411 foventem
1167 3365 1222 3411 et
1258 3353 1657 3424 fecundantem,
1714 3368 1774 3414 ut
1795 3375 1859 3415 ex
1910 3362 2135 3419 occultis

561 3439 873 3513 ignotisque
901 3456 1033 3497 suae
1057 3451 1281 3497 naturae
1308 3442 1353 3474 ”
1378 3442 1575 3501 ﬁnibus
1596 3447 1650 3501 in
1706 3449 2025 3519 cognitionis
2053 3451 2133 3506 fa-

561 3526 820 3585 cultatem
848 3543 944 3600 per
964 3531 1389 3601 generationem,
1415 3549 1619 3606 perque
1648 3537 1699 3591 in
1721 3539 1977 3609 "genera
2001 3557 2063 3596 ac
2092 3542 2135 3574 ⁸⁸

558 3618 767 3675 fortnas
791 3620 1105 3693 speciesque
1153 3624 1401 3692 proprias
1429 3626 1759 3682 sensibilium
1820 3630 2131 3702 intelligibi-
2174 3666 2178 3670 ι

557 3710 797 3781 liumquc
823 3711 1243 3769 substantiarum
1267 3715 1611 3787 multiplicem
1642 3717 2135 3791 processionem',in

556 3816 685 3858 suos
705 3802 884 3858 varios
909 3801 1434 3875 innumerabilesque
1460 3808 1739 3876 prodirent
1758 3810 1999 3878 eiicctus,
2047 3813 2133 3868 bis

549 3889 737 3946 verbis
757 3890 1091 3946 insinuatum
1120 3894 1358 3963 reperies
1389 3913 1402 3950 :
1427 3895 1498 3949 Et
1548 3896 1779 3968 Spiritus
1812 3900 1908 3956 Dei
1929 3901 2131 3971 fovebat

551 3997 738 4051 aquas,
774 3997 838 4039 ac
866 3998 964 4054 per
1008 3982 1111 4041 hoc
1160 3999 1424 4041 summam
1448 4001 1513 4042 ac
1542 3990 1584 4023 ³⁷
1633 3990 1960 4063 singularem
2011 4010 2132 4050 om-

551 4069 702 4126 nium
734 4087 984 4138 causam,
1019 4082 1261 4130 sanctam
1291 4076 1412 4132 dico
1440 4077 1757 4135 Trinitatem
1776 4123 1793 4147 ,
1820 4093 2006 4153 aperte
2034 4084 2129 4139 de-

554 4161 812 4219 claratam
840 4163 925 4222 bis
952 4165 1131 4223 verbis
1158 4166 1394 4241 intelligo
1427 4189 1439 4225 :
1471 4171 1539 4228 In
1562 4175 1817 4245 principio
1846 4177 1966 4248 fecit
1990 4178 2129 4235 Deus

553 4254 755 4311 caelum
792 4265 841 4312 et
874 4266 1089 4325 terram,
1134 4259 1348 4316 Patrem
1393 4264 1641 4322 videlicet
1683 4267 1778 4323 Dei
1815 4271 2034 4327 nomine
2062 4272 2128 4338 ³⁸,

556 4342 1030 4418 Vcrbumqueejus
1053 4349 1303 4420 principii
1341 4353 1717 4423 appellatione,
1747 4367 1801 4412 et
1826 4360 1983 4427 paulo
2009 4371 2130 4431 post

548 4435 812 4506 Spiritum
846 4448 1091 4494 sanctum
1136 4439 1226 4494 libi
1269 4440 1347 4495 ait
1387 4456 1402 4495 :
1440 4440 1666 4513 Spiritus
1704 4446 1800 4500 Dei
1840 4449 2129 4519 super-fere—

553 4527 709 4578 batur
743 4525 808 4579 ι’.
845 4526 961 4581 Νοη
989 4529 1133 4582 enim
1160 4530 1227 4584 de
1248 4531 1354 4586 alio
1372 4533 1562 4601 spiritu
1588 4536 1731 4591 hunc
1769 4536 1943 4593 locum
1972 4555 2125 4595 sacra

552 4614 833 4684 Scriptura
872 4616 1115 4684 protulit.
1154 4617 1292 4673 Ecce
1326 4621 1493 4677 habes
1521 4632 1575 4679 et
1597 4625 1645 4656 ’⁸
1671 4641 1863 4682 causas
1890 4630 2124 4698 primor-

550 4703 739 4771 diales,
768 4714 823 4760 et
868 4719 1155 4762 causarum
1202 4723 1419 4764 causam
1474 4717 1767 4783 praedictis
1827 4720 2125 4794 tbeologiae

2241 3264 2641 3337 generationem
2671 3263 3027 3332 praecedat”
3054 3261 3454 3331 processionem
3481 3260 3718 3314 omnium
3750 3259 3821 3313 de

2239 3354 2408 3410 nihilo
2439 3356 2491 3408 in
2516 3354 2692 3410 Verbo
2722 3369 2816 3424 per
2842 3353 3173 3408 creationem
3201 3353 3287 3406 ’3?
3309 3352 3375 3407 Et
3396 3359 3455 3406 ut
3481 3350 3813 3406 manifestius

2236 3445 2437 3508 dicam,
2465 3453 2644 3498 utrum
2686 3443 3065 3512 primordiales
3093 3457 3292 3498 causae
3327 3442 3379 3495 in
3409 3439 3583 3496 Verbo
3612 3439 3726 3502 Dei,
3754 3438 3809 3492 in

2237 3549 2343 3603 quo
2366 3532 2542 3588 factae
2564 3540 2707 3597 sunt,
2731 3548 2834 3587 non
2862 3546 3074 3603 semper
3095 3532 3333 3597 fuerunt,
3356 3529 3814 3593 eteratVerbum,

2235 3625 2452 3695 quando
2480 3639 2586 3679 non
2615 3631 2768 3679 erant
2798 3623 3033 3679 causae?
3058 3623 3140 3676 An
3168 3631 3486 3677 coaeternae
3508 3620 3557 3674 ei
3589 3628 3734 3681 sunt,
3759 3627 3814 3672 et

2236 3731 2509 3787 nunquam
2536 3724 2655 3771 erat
2689 3715 2925 3770 Verbum
2955 3714 3072 3769 sine
3102 3713 3282 3768 causis
3309 3713 3363 3765 in
3391 3726 3450 3766 se
3480 3709 3733 3775 conditis,
3759 3716 3816 3762 et

2236 3805 2384 3861 nullo
2423 3805 2530 3861 alio
2577 3802 2737 3859 modo
2782 3802 3099 3872 intelligitur
3144 3800 3380 3856 Verbum
3424 3814 3617 3855 causas
3661 3799 3714 3852 in
3754 3813 3816 3853 se

2236 3898 2479 3954 conditas
2519 3897 2869 3968 praecedere,
2914 3894 3017 3950 nisi
3053 3894 3195 3964 quod
3226 3893 3462 3947 Verbum
3502 3901 3651 3946 creat
3678 3905 3812 3945 cau-

2234 4005 2321 4045 sas
2352 3989 2429 4054 ",
2467 4004 2664 4044 causae
2708 4002 2836 4043 vero
2875 3995 3130 4043 creantur
3158 4000 3188 4038 a
3216 3983 3396 4039 Verbo
3423 3984 3561 4038 et-in
3600 3982 3818 4037 Verbo?

2232 4081 2380 4137 Dtsc.
2426 4078 2558 4134 Illud
2609 4079 2843 4148 primum
2875 4092 2980 4131 non
3017 4075 3236 4130 omnino
3276 4074 3660 4130 concesserim.
3694 4072 3811 4127 Non

2232 4171 2374 4226 enim
2403 4170 2559 4225 video
2587 4167 2655 4235 '°,
2686 4166 2953 4239 quomodo
2976 4165 3146 4235 possit
3183 4164 3553 4235 tcmporaliter
3584 4178 3809 4235 praece-

2231 4266 2357 4320 dere
2383 4265 2658 4337 generatio
2679 4263 2839 4318 Vcrbi
2867 4277 2933 4316 ex
2964 4260 3122 4315 Patre
3151 4259 3483 4313 creationem
3511 4257 3751 4312 omnium
3779 4272 3809 4311 a

2230 4356 2386 4412 Patre
2429 4358 2482 4412 in
2512 4357 2689 4412 Verbo
2716 4364 2771 4411 et
2799 4371 2895 4425 per
2922 4353 3155 4409 Verbum
3175 4392 3189 4416 ,
3231 4351 3323 4406 sed
3363 4350 3496 4405 haec
3522 4358 3810 4404 coaeterua

2231 4449 2334 4504 sibi
2377 4462 2497 4503 esse
2545 4446 2591 4478 ³⁸
2636 4445 2888 4509 arbitror,
2942 4442 3344 4512 generationem
3380 4438 3501 4494 dico
3539 4436 3724 4497 Verbi.
3756 4444 3813 4490 et

2233 4540 2563 4595 creationem
2587 4536 2826 4592 omnium
2850 4536 2902 4590 in
2925 4533 3133 4597 Verbo;
3165 4531 3365 4586 mdium
3396 4529 3591 4599 quippe
3619 4530 3670 4581 in
3699 4528 3813 4580 Deo

2232 4632 2482 4687 accidens
2508 4638 2598 4684 aut
2631 4628 2951 4699 temporales
2998 4634 3174 4681 motus
3207 4634 3296 4677 aut
3328 4620 3646 4690 temporales
3675 4631 3803 4685 pro-

2231 4723 2503 4780 cessiones
2549 4731 2696 4779 recte
2723 4721 2845 4792 quis
2877 4720 3153 4776 existimat
3172 4717 3237 4771 ”.
3283 4714 3395 4771 Hoc
3426 4720 3627 4777 autem,
3660 4706 3806 4780 quod

1833 4898 2078 4955 VARIAE
2113 4898 2515 4957 LECTIONES.

626 5029 642 5059 ⁸
674 5026 769 5081 Sic
821 5024 942 5090 CD;
986 5025 1032 5079 Δ
1060 5024 1711 5150 δεέιυαρίηταὶηιθνρνριρδ
1791 5030 1915 5084 ’sic
1943 5034 2077 5084 enim
2135 5062 2206 5071 —
2262 5050 2426 5088 vacua
2458 5048 2567 5089 om.
2598 5031 2661 5089 C.
2740 5030 2874 5085 ’Sic
2931 5029 2971 5083 (ἶ
2999 5037 3054 5083 et
3108 5040 3252 5081 corr.
3295 5023 3370 5087 A;
3422 5020 3511 5075 DE
3563 5008 3813 5091 intelligi-

626 5098 854 5150 iumaue.
930 5095 951 5128 ⁸
993 5094 1084 5150 Sic
1135 5094 1261 5148 'DE.
1293 5096 1339 5147 Α
1386 5110 1745 5150 suneraauas.
1854 5100 1995 5150 'Sie
2040 5102 2208 5150 CDE:
2254 5102 2300 5150 A
2349 5104 2608 5150 nunmadn
2713 5101 2735 5133 ³
2774 5102 2867 5150 Sic
2915 5099 3024 5150 AC:
3065 5107 3185 5150 sunt
3226 5110 3336 5149 om.
3384 5093 3464 5150 D:
3518 5092 3561 5146 E
3588 5106 3726 5150 uuae
3760 5093 3813 5146 in

552 5096 854 5174 btliumque.
930 5095 951 5128 ⁸
993 5094 1089 5174 Sic
1109 5092 1261 5150 CDE.
1293 5096 1339 5147 Α
1386 5092 1760 5174 super'gguas:
1780 5172 1816 5174 _
1854 5100 1995 5174 'Sic
2040 5102 2208 5169 CDE;
2254 5102 2301 5157 A
2349 5104 2608 5174 quomodo
2713 5101 2735 5133 ³
2774 5102 2872 5174 Sic
2914 5099 3036 5174 Ag:
3065 5107 3336 5174 suut_on_t.
3518 5092 3561 5146 E
3588 5093 3814 5174 quacnin

547 5167 701 5245 ga_el_o
748 5160 805 5245 et
828 5181 966 5238 quae
1000 5167 1052 5245 in
1078 5173 1221 5220 terra
1262 5174 1406 5245 sntit.
1551 5160 1649 5245 Sic
1902 5173 1943 5245 _A
1985 5160 2702 5245 superqueeajcelleptiam.‘
2769 5173 2791 5204 ⁸
2820 5170 2913 5245 Sic
2961 5160 3226 5245 CD
3280 5162 3564 5245 factum].
3606 5160 3619 5161 ί
3667 5160 3812 5245 ’-εἰς

551 5238 714 5303 CDE;
754 5236 799 5292 A
828 5236 875 5291 et
906 5237 1069 5291 credit
1094 5251 1227 5290 sana

549 5323 640 5363 om
677 5308 745 5362 A.

546 5392 647 5446 pro
676 5377 799 5432 acA
827 5378 902 5432 in.
974 5378 1016 5411 "
1051 5377 1144 5439 Sic
1162 5375 1329 5441 CDE;
1353 5378 1393 5431 A
1412 5385 1480 5430 et.

1263 5235 1395 5304 ﬁdes
1475 5235 1519 5267 ¹⁰
1549 5236 1639 5293 Sic
1665 5238 1795 5295 CDE
1819 5235 1852 5304 ς⁷
1884 5243 1929 5297 Α
1960 5235 2116 5297 enim.

2243 5244 2303 5276 ²¹“
2333 5243 2423 5297 Sic
2463 5242 2625 5309 CDE;
2678 5242 2719 5297 Α
2782 5241 2979 5309 unitas.
3006 5307 3043 5309 Α
3082 5238 3131 5309 ’ξ
3163 5235 3257 5289 Sic
3281 5232 3600 5309 ’(ΞῼΕςηιιρς
3640 5239 3814 5309 θέεν-9⁸

841 5307 889 5387 ."
929 5307 1022 5387 Si?
1053 5300 1319 5387 Emis!
1350 5300 1878 5387 tardatur-misr
1904 5312 2069 5387 CDE:
2095 5312 2185 5387 -Α,
2228 5323 2448 5387 πατείτω
2488 5300 2678 5387 siuei-
2712 5312 2756 5387 ’,⁵
2801 5302 3415 5387 δίοβυεςὶηρητλᾼη
3440 5300 3811 5387 ί¹ἷὲίοίὲθβξ

1577 5378 1622 5411 ³³
1648 5377 1739 5437 Sic
1762 5382 1881 5448 DE;
1918 5383 1961 5436 A
1989 5371 2066 5435 in.
2094 5383 2189 5437 Dei
2233 5384 2479 5447 nomine;
2511 5382 2552 5436 C
2576 5392 2622 5435 et
2648 5382 2740 5435 Dei
2774 5380 3009 5434 nomine.
3067 5371 3262 5448 7"_Si_c
3284 5372 3464 5448 CDE_;_
3484 5371 3529 5425 A
3553 5371 3813 5448 [ﬁgatur

547 5438 703 5517 "super
735 5463 902 5517 aquas
946 5438 1123 5517 (super
1161 5438 1324 5517 aquas
1350 5462 1461 5517 om.
1489 5446 1663 5517 CDE).
1740 5453 1785 5486 1°
1810 5438 1900 5508 Sic
1926 5452 2089 5517 CDE;
2121 5463 2166 5507 et
2192 5469 2302 5507 om.
2336 5453 2399 5506 A.
2468 5438 2515 5484 ’³³
2548 5451 2638 5506 Sic
2661 5451 2823 5515 CDE;
2855 5450 2899 5503 Α
2933 5448 3097 5517 ﬁlium
3137 5444 3297 5517 Dei.__
3333 5443 3389 5517 ’_’_
3410 5441 3530 5517 Sig
3546 5439 3707 5517 QDE;
3738 5438 3813 5492 nil

547 5511 1092 5592 ίςιὸξῃιὶυςξ-αυιίξθςῖηι
1117 5511 1225 5592 om.
1270 5516 1334 5569 Α.
1410 5516 1457 5547 ³³
1504 5516 1593 5573 Sic
1618 5511 1779 5592 CDE;
1824 5523 1867 5575 Α
1895 5539 2072 5592 quam.

546 5580 593 5615 "
627 5581 720 5637 Sic
764 5583 881 5648 CE;
939 5586 1030 5638 AD
1060 5586 1268 5637 uerbum
1311 5603 1485 5640 suum.

546 5654 879 5711 creationem.
973 5655 1017 5686 ²⁹
1048 5653 1138 5706 Sic
1165 5654 1297 5706 CDE
1323 5698 1335 5718 ,
1386 5657 1425 5707 Α
1477 5674 1663 5717 musas
1696 5674 1856 5719 (rem.

546 5722 706 5786 CDE;
759 5722 799 5776 Λ
840 5723 954 5790 quis
1005 5723 1263 5774 existimat
1300 5736 1448 5778 recte.

2165 5522 2211 5555 “
2245 5521 2335 5577 Sic
2377 5523 2541 5585 CDE;

1606 5592 1649 5622 "
1707 5591 1797 5648 Sic
1849 5591 2017 5663 CDE;
2070 5592 2111 5645 Α
2155 5594 2443 5663 praecedet.

1973 5662 2016 5694 ⁸ο
2050 5661 2353 5729 SicCDE;
2404 5662 2447 5716 A
2491 5661 2624 5715 diro.

2580 5535 2693 5597 pro
2727 5510 2907 5597 εδζλΑῇ
2936 5520 3000 5572 de
3039 5516 3155 5568 hoc.
3251 5513 3298 5544 ³⁸
3334 5510 3425 5597 Sic
3453 5510 3701 5597 CDEE‘A
3726 5525 3808 5597 ac.

2561 5594 2605 5623 ’⁸
2639 5591 2728 5645 Sic
2775 5589 2941 5654 ADE;
2990 5601 3090 5656 pro
3124 5600 3216 5656 per
3252 5589 3563 5656 creatioaem
3600 5589 3813 5656 gyro-

2734 5661 2775 5700 ³³
2805 5661 2893 5715 Sic
2930 5646 3197 5721 'CDEfA
3243 5668 3355 5708 esse
3400 5651 3519 5706 sibi.
3625 5648 3669 5680 ³⁸
3720 5646 3810 5703 Sic
