4236 6274
445 293 546 350 557

1257 295 1347 354 ou
1384 297 1723 357 DlVlSiONE
1761 298 2111 356 NATURAE.
2146 332 2217 341 —
2254 299 2458 358 LIBER
2498 277 2884 360 SECUNDUS;

3599 280 3705 356 558

443 409 714 482 posterius
741 410 1076 482 propositum
1115 411 1130 443 ¹
1165 418 1271 478 εει,
1312 427 1420 469 non
1477 414 1771 485 incongrue
1804 429 2024 470 eonecs-
2054 416 2098 475 A
2127 400 2465 485 consequens
2483 416 2626 472 est"
2646 416 2844 480 dicere,
2862 427 3021 469 nemo
3033 413 3180 467 novit
3198 410 3391 467 Filium
3406 410 3508 489 nisi
3521 410 3703 477 Pater,

444 504 609 559 serim
628 543 646 568 ,
688 503 795 560 hoc
837 511 945 569 est,
973 503 1371 574 generationem
1401 503 1565 560 Verbi
1604 521 1634 559 a
1677 504 1839 561 Patre
1880 504 2027 560 nullo

446 597 608 650 modo
633 594 961 650 creationem
990 593 1229 650 omnium
1270 594 1324 649 i-n
1352 594 1533 651 Verbo
1573 610 1603 651 a
1629 594 1793 652 Patre
1824 604 2030 667 tempo-

447 683 636 739 raliter
660 684 1014 754 praecedere,
1052 684 1146 739 sed
1184 693 1529 741 coacternam
1569 686 1671 743 sibi
1711 700 1853 744 esse.
1890 686 2027 743 Nam

442 784 499 830 et
535 774 805 845 Propheta
843 774 974 830 dicit
1012 773 1232 832 Patrem
1275 775 1556 846 alloquens
1586 794 1601 832 :
1637 778 1829 833 Omnia
1856 779 1914 833 in
1940 795 2029 833 sa-

441 863 637 935 pientia
703 862 895 932 fecisti.
940 863 1116 919 Simul
1177 864 1325 922 enim
1389 864 1551 922 Pater
1602 875 1661 924 et
1702 868 2027 938 sapientiam

442 966 594 1008 suam
621 952 828 1023 genuit,
854 960 910 1007 et
939 953 994 1008 in
1019 953 1136 1025 ipsa
1157 955 1180 987 ³
1207 955 1392 1011 omnia
1418 955 1566 1013 fecit.
1609 956 1678 1013 Et
1703 956 1831 1014 alibi
1882 958 2025 1014 idem

441 1042 715 1114 Propheta
740 1058 809 1099 ex
835 1058 1067 1115 persona
1089 1044 1271 1103 Patris
1301 1047 1378 1102 ait
1406 1062 1423 1102 :
1448 1047 1722 1105 Eructaoit
1745 1065 1835 1103 cor
1855 1064 2025 1103 meum

441 1133 655 1190 verbum
701 1134 928 1201 bonum,
981 1135 1103 1190 dico
1145 1135 1168 1169 ³
1204 1152 1297 1207 ego
1327 1153 1484 1207 opera
1526 1154 1643 1194 mea
1678 1140 1809 1210 regi.
1856 1139 1933 1195 Ac
1980 1142 2027 1196 si

445 1230 634 1295 aperte
659 1222 888 1291 diceret,
919 1237 985 1279 ex
1031 1233 1243 1281 secreto
1282 1228 1616 1284 substantiae
1650 1243 1804 1285 meae
1850 1228 2029 1287 Verbo

446 1312 504 1367 in
530 1327 616 1370 .eo
653 1323 911 1371 nascente
950 1328 1115 1386 epera
1144 1330 1265 1373 mea
1293 1318 1347 1373 in
1381 1332 1448 1374 eo
1479 1319 1620 1375 facio
1644 1320 1697 1387 ⁸,
1739 1334 1879 1392 quae
1925 1336 2029 1393 ego

450 1401 598 1472 ipsi'
626 1405 872 1475 regnanti
920 1405 1008 1461 do.
1051 1405 1181 1462 item
1219 1407 1416 1463 iterum
1457 1408 1524 1464 ad
1558 1409 1811 1468 Patrem:
1837 1411 2029 1468 Tecum

447 1491 764 1562 principium
788 1493 842 1548 in
865 1493 949 1549 die
961 1495 1165 1551 virtutis
1194 1505 1337 1553 tuae.
1361 1499 1443 1554 Ac
1467 1499 1513 1556 si
1529 1501 1754 1558 dixisset
1781 1518 1795 1556 :
1825 1500 2028 1558 Tecum

448 1595 665 1651 semper
697 1591 810 1647 est,
849 1591 905 1640 ει
938 1584 993 1639 in
1035 1593 1086 1641 te
1130 1586 1455 1659 principium
1494 1592 1762 1658 omnium,
1794 1592 1897 1648 hoc
1924 1602 2027 1658 εει,

448 1669 682 1727 Verbum
708 1680 878 1730 tuum.
921 1674 979 1732 Si
1018 1691 1152 1749 ergo
1201 1694 1417 1751 semper
1451 1683 1774 1755 principium
1804 1693 1891 1741 est
1919 1686 1942 1718 ⁸
1972 1686 2026 1741 in

443 1758 607 1816 Patre
646 1770 704 1818 et
738 1777 863 1819 cum
907 1747 1106 1835 Patre,
1140 1747 1417 1840 nunquam
1452 1747 1582 1829 erat
1610 1747 1667 1830 et
1699 1776 2026 1847 principium
2055 1747 2119 1808 B‘

390 1852 407 1875 ί
444 1862 550 1904 non
570 1858 713 1916 erat,
738 1852 834 1908 sed
860 1867 1075 1926 semper
1102 1857 1448 1929 principium.
1476 1861 1546 1917 Et
1588 1864 1719 1934 quia
1746 1865 1767 1898 '
1798 1881 1906 1922 non
1938 1881 2029 1921 ac-

446 1939 578 1995 cidit
600 1941 650 1996 ei
681 1942 1006 2015 principium
1044 1960 1184 2014 esse,
1210 1965 1484 2020 nunquam
1510 1953 1631 2009 sine
1662 1954 1766 2021 bis,
1796 1970 2027 2026 quorum

449 2028 768 2101 principium
787 2039 895 2101 est,
918 2034 1090 2090 erat“.
1113 2035 1181 2091 In
1209 2038 1293 2093 die
1312 2040 1519 2095 virtutis
1539 2050 1679 2098 tuae.
1706 2043 1775 2098 In
1793 2043 1899 2111 die,
1928 2046 2029 2102 hoc

446 2127 571 2187 est,
621 2120 676 2178 in
718 2124 910 2182 notitia
952 2126 1330 2187 intellectualis
1364 2139 1420 2189 et
1440 2135 1721 2194 rationalis
1743 2146 2029 2196 creaturae

447 2214 810 2282 generationis
830 2231 860 2271 a
880 2225 934 2273 te
957 2218 1002 2274 ’.
1033 2218 1255 2278 Virtutis
1277 2232 1419 2292 tuae,
1450 2227 1554 2283 hoc
1597 2231 2030 2302 est,‘sapientiae

450 2310 595 2359 tuae.
637 2305 763 2362 Dies
784 2307 931 2363 enim
971 2309 1186 2366 virtutis
1215 2312 1395 2370 Patris
1427 2316 1480 2370 in
1522 2317 1627 2373 hoc
1655 2318 1772 2375 loco
1798 2335 1906 2375 non
1942 2322 2028 2376 in-

452 2406 692 2464 congrue
741 2396 1062 2468 intelﬂgitur
1114 2403 1351 2472 cognitio
1405 2405 1689 2463 ineli‘abilis
1733 2410 2032 2468 nativitatis

451 2486 549 2542 Dei
577 2487 741 2543 Verbi
770 2503 839 2545 ex
864 2488 974 2546 Deo
996 2490 1174 2560 Patre,
1199 2501 1460 2563 quantum
1496 2497 1655 2552 datur
1681 2507 1964 2556 creaturae
1989 2503 2030 2534 ¹⁰

451 2576 757 2650 intelligere
778 2581 920 2650 quod
949 2592 1172 2653 superat
1201 2598 1418 2640 omnem
1448 2587 1783 2645 intellectum
1807 2629 1823 2656 ,
1866 2599 1922 2646 et
1963 2593 2032 2648 ad

452 2665 627 2723 lucem
663 2669 1093 2727 inaeeessibilem
1133 2674 1450 2729 conceditur
1479 2690 1730 2733 accessus
1757 2693 1852 2748 per
1879 2682 2034 2736 theo—

450 2757 700 2828 phanias,
734 2760 839 2816 hoc
865 2769 967 2827 est,
997 2762 1212 2819 divinas
1247 2765 1636 2834 apparitiones,
1663 2782 1797 2837 quas
1829 2769 2032 2825 theolo-

454 2849 541 2920 gia
582 2850 736 2921 puris
779 2851 1142 2910 intellectibus
1185 2855 1422 2928 ingerit,
1458 2865 1513 2912 et
1546 2857 1799 2914 ineffabili
1845 2861 2027 2929 modo,

455 2939 697 3011 nullique
718 2943 935 3013 cognito
961 2944 1152 3017 inﬁgit,
1182 2957 1244 3003 ut
1265 2948 1334 3004 de
1361 2949 1400 2980 “
1427 2949 1646 3005 omnino
1669 2965 1764 3020 per
1792 2951 2027 3021 seipsum

456 3031 733 3104 incognito
758 3034 1000 3092 habitum
1027 3041 1294 3108 quendam
1324 3055 1484 3096 verae
1507 3041 1826 3113 cognitionis
1857 3044 1909 3098 in
1941 3058 2029 3100 se-

458 3123 706 3193 metipsis
723 3125 1053 3196 possideant.
1077 3128 1262 3186 Virtus
1284 3131 1424 3186 enim
1453 3132 1628 3188 Patris
1653 3142 1737 3189 est
1760 3135 2025 3205 sapientia

460 3213 659 3281 Patris,
686 3216 739 3271 in
772 3232 877 3289 qua
903 3220 1081 3275 omnia
1115 3219 1264 3276 fecit.
1295 3220 1400 3278 Sed
1429 3223 1517 3279 illa
1547 3225 1785 3296 cognitio
1813 3226 2028 3284 divinae

453 3306 819 3375 generationis
858 3309 1033 3365 adhuc
1076 3311 1130 3365 in
1169 3326 1257 3367 me
1293 3320 1376 3368 est
1411 3329 1510 3384 per
1550 3314 1732 3383 ﬁdem,
1760 3317 1815 3372 in
1840 3318 2031 3389 angelo

452 3401 538 3449 est
566 3394 611 3426 “
637 3409 738 3465 per
780 3399 1045 3468 speciem;
1090 3401 1256 3457 immo
1282 3403 1446 3458 etiam
1490 3403 1539 3438 ι’
1580 3420 1681 3462 nec
1709 3407 1764 3462 in
1815 3424 1903 3464 me
1946 3418 2030 3465 est

451 3496 549 3552 per
571 3485 828 3556 speciem,
845 3502 946 3545 nec
965 3490 1018 3544 in
1035 3492 1227 3562 angelo
1249 3493 1311 3548 ⁸⁸.
1333 3493 1731 3552 Generationem
1758 3499 1895 3554 enim
1917 3500 2030 3570 ejus

450 3574 567 3644 quis
591 3578 898 3635 euarrabit?
927 3580 1116 3639 Nullus
1136 3584 1335 3655 quippe
1358 3587 1664 3659 hominum,
1687 3591 1830 3645 nulla
1858 3593 2031 3648 caele-

454 3666 617 3723 stium
647 3670 907 3727 virtutum
937 3676 1338 3743 generationem
1382 3678 1547 3734 Verbi
1591 3694 1623 3734 a
1656 3679 1817 3737 Patre
1856 3692 2032 3752 potest

456 3774 805 3830 cognoscere,
836 3768 1127 3836 quomodo,
1171 3770 1255 3825 vel
1282 3772 1457 3841 qualis
1482 3782 1597 3840 est;
1635 3776 1775 3831 sicut
1802 3778 1848 3810 ¹⁸
1872 3793 2031 3833 nemo

458 3850 610 3905 novit
653 3852 930 3910 hominum
964 3858 1051 3913 vel
1096 3860 1429 3930 angelorum,
1469 3863 1597 3933 quid
1634 3873 1720 3921 est
1761 3867 1845 3922 vel
1884 3869 2027 3937 quis,

460 3938 553 4009 qui
582 3940 627 3972 “
669 3944 871 4013 genuit,
903 3955 959 4002 ει
987 3947 1027 3981 ι’
1050 3948 1171 4019 quis
1194 3959 1279 4006 est
1308 3952 1393 4006 vel
1421 3953 1549 4022 quid
1572 3962 1674 4018 est,
1705 3958 1845 4027 quod
1874 3959 2030 4027 geni-

459 4038 574 4084 tum
602 4040 723 4099 est;
763 4034 857 4089 sed
887 4037 1033 4094 solus
1060 4041 1214 4096 novit
1238 4043 1365 4112 quid
1398 4045 1599 4111 genuit,
1631 4048 1721 4116 qui
1751 4049 1953 4117 genuit,
1979 4058 2034 4103 et

454 4124 726 4193 quomodo
756 4125 800 4158 ³⁸
820 4128 1060 4196 genitum
1088 4140 1190 4197 est,
1220 4133 1363 4206 quod
1392 4133 1441 4165 ί*
1463 4134 1703 4203 genitum
1730 4145 1814 4190 est
1849 4137 1915 4202 ”,
1955 4148 2031 4204 ct,

452 4215 547 4284 qui
573 4218 777 4287 genuit,
805 4220 955 4274 novit
981 4223 1239 4293 seipsum,
1267 4224 1396 4295 quid
1428 4226 1473 4259 ’ί
1510 4233 1621 4288 εει,
1660 4235 1713 4281 ει
1740 4231 2034 4297 quomodo,

453 4312 512 4361 et
551 4306 783 4375 qualiter
819 4311 1030 4379 genuit,
1067 4313 1210 4383 quod
1239 4316 1285 4347 ”
1314 4316 1380 4370 de
1422 4331 1481 4371 se
1521 4316 1734 4384 genuit;
1786 4318 2035 4375 similiter

2129 512 2186 561 et
2208 505 2294 560 cui
2322 505 2439 560 vult
2464 505 2625 560 Pater
2651 503 2929 560 revelare?
2959 503 3033 557 Ita
3061 512 3120 558 ut
3145 502 3525 572 intelligamus,
3558 514 3707 556 reve-
3776 500 3803 561 ,⁷

2128 594 2322 649 lare"
2347 608 2445 663 per
2491 592 2880 664 theophanias;
2927 607 3053 647 nam
3094 591 3386 647 essentiam
3432 583 3612 644 Patris
3654 597 3711 644 et

2128 683 2253 740 Filii
2279 692 2335 741 et
2362 683 2601 755 Spiritus
2626 683 2824 746 sancti,
2852 691 3017 753 atque
3043 681 3373 738 substantias
3396 692 3713 749 satianter

2130 776 2340 846 seipsas
2363 775 2676 832 immediate
2703 775 2752 808 ⁸⁸
2778 782 3061 830 creaturae
3107 772 3339 829 revelari
3382 769 3712 843 impossibile

2129 874 2231 922 est.
2257 865 2523 922 Similiter
2542 866 2610 923 de
2630 862 2789 922 modo
2809 874 2867 921 et
2884 866 3146 936 qualitate
3170 865 3386 921 divinae
3411 862 3714 934 generatio-

2128 956 2215 1012 nis
2236 946 2662 1029 intelligendum,
2685 958 2729 1013 si
2753 966 2931 1012 tamen
2954 957 3172 1028 proprie
3203 955 3399 1011 dicitur
3436 956 3511 1011 de
3526 955 3710 1009 divina

2132 1054 2323 1102 natura
2347 1047 2464 1118 quis
2484 1053 2538 1102 et
2553 1047 2697 1119 quid.
2717 1046 2845 1102 Plus
2866 1048 3009 1102 enim
3031 1052 3113 1101 est
3135 1058 3296 1116 quam
3326 1057 3581 1116 persona,
3600 1052 3655 1099 et
3665 1042 3711 1076 "

2129 1135 2253 1205 plus
2293 1147 2378 1192 est
2419 1150 2582 1206 quam
2618 1138 2942 1204 substantia,
2973 1136 3240 1202 similiter,
3276 1135 3321 1191 si
3352 1130 3568 1206 proprie
3597 1149 3715 1191 mo-

2130 1227 2231 1282 dus
2250 1236 2303 1283 et
2323 1226 2554 1296 qualitas
2573 1225 2641 1281 de
2664 1241 2727 1282 ea
2750 1236 2940 1282 natura
2961 1227 3319 1297 praedicanda
3340 1235 3466 1282 sunt
3484 1226 3554 1295 ³³,
3571 1228 3713 1296 quae

2130 1324 2352 1385 supcrat
2383 1330 2600 1371 omnem
2635 1316 2854 1371 modum
2884 1328 3211 1386 omnemque
3251 1314 3588 1387 qualitatem,
3618 1330 3711 1370 ee-

2132 1411 2377 1474 teraque,
2409 1418 2548 1474 quae
2585 1404 2881 1460 secundum
2909 1405 3163 1461 accidens
3187 1404 3463 1461 dicuntur.
3488 1403 3565 1459 De
3594 1404 3714 1474 qui-

2130 1494 2232 1550 bus
2258 1494 2312 1549 in
2339 1493 2508 1564 priori
2532 1493 2576 1527 ³²
2608 1493 2750 1550 libro
2775 1492 2920 1551 inter
2959 1509 3061 1552 nos
3094 1494 3370 1552 convenit.
3407 1494 3708 1564 Sequitur:

2131 1585 2200 1640 In
2227 1584 2589 1657 splendoribus
2629 1580 2933 1641 sanctorum
2973 1602 3040 1642 ea:
3076 1594 3225 1642 utero
3273 1584 3396 1643 ante
3432 1583 3712 1656 luciferum

2131 1677 2286 1747 genui
2312 1684 2361 1730 te
2386 1676 2454 1731 “.
2498 1675 2644 1733 Ordo
2682 1677 2969 1733 verborum
3002 1695 3016 1732 :
3055 1690 3125 1734 ex
3164 1685 3320 1734 utero
3364 1675 3529 1749 genui
3565 1683 3620 1733 te
3656 1677 3713 1729 in

2129 1767 2489 1837 splendoribus
2508 1776 2807 1822 sanctorum
2834 1777 2956 1822 ante
2975 1765 3274 1838 luciferum.
3297 1766 3525 1824 Uterum
3548 1766 3595 1798 ³³
3622 1767 3712 1824 hic

2131 1859 2370 1929 intellige
2418 1867 2661 1915 secretos
2707 1867 2964 1929 paternae
3012 1858 3349 1915 substantiae
3394 1858 3586 1925 sinus,
3637 1872 3707 1914 ex

2129 1948 2327 2018 quibus
2345 1948 2651 2019 unigenitus
2680 1948 2849 2005 Filius
2868 1948 2938 2016 “,
2983 1949 3184 2019 quiest
3225 1947 3463 2004 Verbum
3509 1946 3709 2013 Patris,

2130 2048 2292 2094 natus
2317 2052 2421 2105 est,
2446 2047 2503 2095 et
2529 2041 2596 2094 de
2625 2038 2819 2109 quibus
2861 2052 3078 2110 semper
3115 2037 3378 2106 nascitur,
3413 2046 3468 2094 et
3498 2036 3554 2092 in
3592 2036 3713 2105 qui-

2129 2129 2250 2193 bus,
2273 2128 2401 2184 dum
2425 2142 2640 2199 semper
2659 2128 2918 2193 nascitur,
2943 2142 3160 2199 semper
3180 2134 3382 2184 manet.
3408 2127 3486 2182 De
3511 2124 3709 2196 quibus

2131 2216 2184 2271 in
2215 2216 2506 2287 Evangelio
2529 2217 2732 2292 dictum
2757 2225 2842 2275 est
2871 2235 2887 2273 :
2918 2217 3089 2273 Deum
3117 2231 3268 2272 nemo
3289 2215 3417 2271 uidit
3454 2229 3708 2285 unquam.
3794 2212 3803 2220 ’

2133 2307 2442 2378 Unigem'tus
2468 2318 2640 2363 autem
2660 2306 2834 2365 Filius
2854 2309 2921 2342 ⁸⁸⁸
2934 2308 3024 2381 qui
3044 2316 3118 2363 est
3144 2308 3199 2362 in
3219 2306 3420 2363 sinibus
3437 2305 3485 2338 ³³
3507 2303 3708 2370 Patris,

2130 2399 2238 2470 ipse
2266 2400 2520 2454 narrabit.
2551 2398 2670 2455 Non
2701 2399 2846 2455 enim
2885 2407 3165 2470 separatur
3206 2413 3237 2454 a
3279 2396 3473 2462 Patre,
3511 2396 3639 2467 quia
3664 2394 3711 2427 ³⁸

2132 2491 2480 2547 aeternaliter
2511 2500 2569 2547 et
2597 2491 3112 2547 incommutabiliter
3142 2499 3227 2547 est
3254 2489 3307 2546 in
3336 2488 3531 2554 Patre,
3571 2488 3714 2543 sicut

2131 2583 2246 2654 ipse
2273 2583 2350 2638 ait
2380 2600 2394 2636 :
2425 2581 2539 2653 Ego
2568 2583 2624 2637 in
2666 2579 2827 2635 Patre
2853 2590 2901 2635 et
2933 2578 3099 2636 Pater
3129 2580 3185 2635 in
3210 2595 3310 2635 me.
3358 2578 3519 2635 Pater
3549 2579 3714 2650 igitur

2128 2690 2194 2729 ea:
2230 2683 2377 2729 utero
2420 2689 2520 2729 suo
2563 2672 2749 2744 genuit
2797 2670 2995 2727 Filium
3044 2685 3204 2728 suum
3246 2672 3303 2726 in
3349 2668 3712 2741 splendoribus

2129 2773 2448 2818 sanctorum.
2483 2762 2749 2819 Nascente
2773 2762 2918 2819 enim
2956 2762 3094 2818 Filio
3115 2776 3181 2817 ex
3203 2761 3365 2817 Patre
3393 2758 3711 2829 splendores

2132 2857 2269 2909 liunt
2297 2863 2632 2918 sanctorum,
2667 2853 2774 2908 hoc
2799 2861 2901 2917 est,
2940 2850 3279 2922 cognitiones
3310 2848 3627 2914 electorum,
3651 2855 3711 2903 et

2128 2944 2653 3014 praedestinationes
2690 2941 3071 2999 substantiales
3111 2940 3167 2995 in
3211 2938 3390 2995 Verbo
3431 2937 3567 3005 Dei,
3614 2936 3715 3007 qui.

2131 3048 2257 3094 nos,
2300 3031 2544 3101 apostolo
2578 3040 2753 3097 teste,
2787 3037 2914 3085 ante
2952 3037 3193 3098 tempora
3241 3026 3506 3083 secularia
3553 3038 3710 3101 prae-

2132 3122 2422 3178 destinavit
2473 3122 2530 3178 in
2597 3135 2842 3192 regnum.
2910 3118 3027 3176 Non
3089 3118 3228 3174 dixit
3278 3125 3405 3174 ante
3465 3125 3719 3188 tempora

2132 3220 2385 3279 aeterna;
2437 3221 2679 3283 tempora
2716 3211 2861 3267 enim
2896 3219 3115 3265 aeterna
3159 3215 3288 3265 sunt
3337 3206 3382 3239 ³⁷
3428 3204 3608 3263 Patris
3655 3214 3716 3263 et

2132 3310 2253 3365 Filii
2297 3317 2355 3364 et
2380 3309 2613 3380 Spiritus
2661 3307 2837 3364 sancti
2865 3304 3236 3362 coessentialis
3274 3303 3570 3360 aeternitas
3593 3340 3610 3368 ,
3648 3298 3717 3357 in

2132 3418 2236 3473 qua
2263 3402 2645 3459 substantiales
2669 3400 2982 3471 splendores
3004 3405 3339 3463 sanctorum,
3361 3395 3721 3465 omniumque

2136 3510 2314 3548 rerum
2364 3492 2740 3565 primordiales
2789 3505 2987 3547 causae
3058 3488 3406 3546 aeternaliter
3464 3486 3717 3544 conditae

2132 3592 2279 3648 sunt,
2304 3583 2647 3653 ipsarumque
2671 3597 2957 3639 causarum
2983 3579 3204 3639 eﬂ‘cctus
3227 3588 3282 3636 et
3304 3578 3354 3612 ³⁸
3379 3577 3635 3651 praesciti
3655 3584 3722 3634 et

2133 3672 2516 3742 pracdestinati
2559 3672 2806 3739 fuerunt;
2849 3672 2945 3727 sed
2981 3680 3108 3727 ante
3147 3680 3390 3741 tempora
3420 3667 3721 3734 secularia,

2134 3764 2190 3819 in
2238 3765 2435 3833 quibus
2467 3781 2666 3820 causae
2710 3763 2880 3819 semel
2914 3778 2980 3818 ac
3020 3761 3065 3797 ³⁸
3091 3761 3251 3817 simul
3277 3760 3628 3817 aeternaliter
3653 3759 3717 3815 in

2134 3858 2399 3927 principio
2435 3858 2640 3922 iactae,
2692 3857 2882 3912 ordine
2918 3856 3155 3925 quodam
3197 3852 3505 3908 seculorum
3559 3850 3717 3908 simi-

2134 3945 2260 4000 liter
2282 3947 2636 4015 praedetinito
2662 3954 2821 4015 atque
2842 3944 3211 4014 praeeoguito,
3248 3941 3302 3994 in
3336 3938 3559 3996 effectus
3581 3951 3717 3995 suos

2135 4036 2251 4091 sive
2300 4035 2540 4090 visibiles
2593 4036 2711 4090 sive
2762 4033 3098 4097 invisibiles,
3148 4031 3329 4087 divina
3371 4025 3719 4098 providentia

2135 4127 2544 4184 administrante
2567 4167 2583 4191 ,
2622 4127 2938 4197 procedunt.
2979 4118 3507 4177 Praedestinationes
3541 4115 3719 4186 siqui».

2134 4221 2262 4276 dem
2293 4227 2347 4273 et
2387 4217 2854 4289 praecognitiones
2886 4221 3218 4274 sanctorum,
3256 4223 3391 4277 quas
3419 4206 3727 4263 Psalmista

2136 4314 2363 4384 fulgores
2394 4311 2637 4366 nominat
2661 4350 2674 4371 ,
2721 4320 3009 4375 rerumque
3054 4300 3294 4359 omnium
3332 4297 3625 4353 visibilium
3657 4304 3729 4352 ει

457 4396 600 4462 quod
628 4396 675 4428 ”
705 4399 943 4467 genitum
970 4407 1075 4469 est.
1112 4403 1263 4457 novit
1297 4404 1553 4474 seipsum,
1590 4406 1717 4475 quid
1747 4407 1794 4438 ”
1821 4415 1935 4474 est,
1978 4419 2033 4465 et
2060 4433 2109 4492 υ
2138 4404 2484 4459 invisibilittm
2520 4402 2757 4455 rationes
2793 4397 2939 4452 Patri
2975 4404 3035 4451 et
3064 4392 3203 4449 Filio
3238 4396 3555 4445 eoaeternas
3591 4399 3726 4492 esse

458 4488 748 4580 quomodo,
769 4501 824 4546 et
850 4491 1086 4562 qualiter
1106 4496 1345 4565 genitum
1372 4506 1474 4561 est,
1506 4507 1561 4553 et
1588 4499 1737 4554 novit
1761 4515 1904 4565 eum,
1937 4503 2027 4571 qui
2041 4482 2102 4580 ξ’
2138 4499 2427 4555 credimus.
2468 4497 2534 4550 In
2570 4494 2723 4550 Verbi
2753 4494 2896 4549 enim
2928 4492 3024 4545 Dei
3061 4486 3464 4580 άὶερεηδαίίοηξτ
3495 4482 3715 4580 δίιβψ

454 4589 517 4631 se
540 4578 763 4649 genuit,
812 4583 934 4651 quis
957 4584 1027 4651 ",
1060 4593 1116 4640 et
1141 4587 1268 4656 quid
1295 4595 1398 4643 est.
1437 4587 1494 4643 Si
1525 4590 1668 4644 enim
1694 4606 1855 4657 nemo
1884 4594 2034 4648 novit

452 4664 672 4726 Patrem
694 4671 798 4726 nisi
825 4671 1016 4741 Filius,
1041 4683 1098 4731 ει
1121 4677 1208 4731 ειιί
1230 4677 1341 4732 vult
1366 4677 1534 4736 Filius
1560 4680 1821 4749 revelare,
1854 4698 2032 4738 nonne

2138 4591 2418 4659 gustinus.
2467 4606 2568 4642 non
2614 4587 2754 4655 facta
2781 4625 2795 4649 ,
2840 4584 2930 4638 sed
2975 4592 3191 4635 aeterm:
3227 4585 3371 4631 sunt.
3415 4573 3532 4629 Non
3567 4571 3719 4629 facta

2138 4683 2299 4749 dicit,
2343 4683 2519 4735 adhuc
2550 4678 2878 4748 temporibus
2903 4685 2959 4730 et
2987 4673 3119 4729 locis
3154 4684 3252 4741 per
3278 4666 3733 4739 generationem”

1734 4791 1987 4847 VAlilAE
2031 4791 2429 4848 LECTIONES.

530 4892 564 4979 ξ.
583 4891 676 4949 Sic
719 4893 981 4978 CDEQA.
1018 4896 1264 4981 Positum.
1335 4898 1479 4981 ’δῖε
1519 4898 1638 4961 AC:
1694 4899 1783 4954 DE
1839 4902 1891 4956 in
1920 4921 2044 4972 quo.
2119 4904 2253 4959 ’SEc
2296 4906 2458 4968 CDE;
2504 4906 2547 4958 Α
2598 4905 2800 4957 dedico.
2878 4891 3488 5016 ‘Sic‘.CD‘E:‘A‘(“d0
3528 4892 3585 4945 ίη
3627 4906 3713 4946 εον·

530 4979 603 5018 sic
644 4963 765 5029 CD;
810 4964 857 5019 A
903 4965 1017 5029 illi;
1069 4967 1111 5021 E
1154 4984 1282 5029 ipse.
1376 4969 1516 5023 ‘Stc
1557 4969 1721 5029 CDE;
1769 4980 1843 5024 est
1891 4988 1999 5029 om.
2048 4975 2109 5029 A.
2197 4979 2222 5010 τ
2256 4976 2347 5029 Sic
2371 4978 2541 5029 (IDE:
2592 4977 2633 5027 Α
2670 4988 2848 5029 auare.
2936 4970 2959 5001 ⁸
2989 4972 3080 5023 Sic
3126 4966 3287 5028 (.Db;
3434 4974 3712 5029 nunquam

462 4960 603 5018 'Sic
634 4963 857 5037 _CD_;AA
903 4965 981 5019 illi
998 4960 1027 5031 ;’
1069 4967 1111 5021 E
1154 4969 1282 5037 ipse.

458 5042 570 5107 erat
602 5033 710 5086 sine
738 5034 850 5100 Itis,
882 5051 1104 5107 quorum
1136 5033 1448 5107 principium
1487 5048 1582 5093 est.

455 5100 554 5154 AD
596 5112 833 5157 naturae.
894 5100 906 5105 ⁷
928 5105 969 5135 ²¹
996 5104 1088 5160 Sic
1117 5100 1283 5168 ADE;
1306 5100 1357 5162 Ὀ
1385 5111 1543 5162 unde.

455 5249 565 5315 eet.
645 5239 691 5271 "
717 5238 810 5297 Sic
836 5238 959 5315 CE;
994 5245 1085 5315 qui
1114 5238 1230 5300 om.
1256 5238 1390 5299 'AD.

455 5309 601 5365 solus
628 5340 699 5352 —
724 5309 955 5414 {lenitum
992 5309 1064 5368 est
1101 5330 1207 5371 om.
1237 5314 1299 5370 C.

455 5381 583 5414 ιηιῖιΙ
702 5384 725 5414 Ι
779 5381 872 5414 αξη
926 5384 1083 5414 ann.
1121 5386 1165 5414 Ρ
1213 5402 1299 5414 ’.Διι-

702 5381 752 5481 ξδ
779 5381 874 5465 Sic
916 5384 1085 5466 ABE;
1121 5386 1165 5440 (Σ
1209 5386 1366 5505 Ἠιοά.

574 5467 622 5505 ιε
650 5451 725 5505 C.
749 5451 795 5505 Α
819 5454 1182 5505 rmmedzalae:
1262 5456 1303 5505 E
1342 5473 1366 5505 ιη

574 5452 622 5507 ἰε
650 5451 725 5516 C;
749 5451 795 5506 Δ
819 5454 1182 5517 immedialae;

1486 5248 1529 5279 "’
1557 5246 1647 5300 Sic
1675 5246 1838 5313 CUI-1;
1870 5251 1917 5303 Α.
1938 5253 2036 5307 vel.

1462 5387 1510 5420 ⁸⁵
1533 5386 1623 5441 Sic
1667 5386 1832 5453 CDE;
1877 5390 1920 5443 A

1676 5037 1817 5116 inSic
1848 5040 1969 5116 _;
2016 5045 2060 5097 Α
2104 5063 2135 5099 a
2181 5056 2230 5099 te
2275 5037 2739 5116 generationisaﬁ

730 5118 833 5183 rae.
928 5107 969 5183 ξί
996 5107 1088 5160 Sic
1117 5107 1283 5168 ADE;
1317 5107 1557 5183 C_unde._
1638 5107 1680 5139 “
1709 5107 1800 5183 Sic
1841 5110 2000 5179 (IDE;
2044 5124 2117 5168 est
2166 5107 2373 5170 omfA.

458 5186 543 5257 sue
562 5211 578 5237 ,
612 5186 703 5257 ηεξ
717 5174 779 5257 in
802 5174 982 5257 ang-elo
1014 5184 1089 5257 est
1114 5193 1207 5247 per
1230 5178 1449 5257 speciem
1466 5178 1893 5257 {pauca-iuuat;
1921 5174 2018 5257 est:
2038 5187 2399 5257 perispecieur
2427 5202 2518 5257 nec
2548 5187 2601 5238 in
2628 5181 2833 5257 angelo:

1391 5316 1444 5354 ἰ
1462 5315 1827 5407 ging‘l‘ﬁrinA
1873 5331 1918 5407 et
1962 5324 2110 5407 quid.

1262 5403 1366 5440 toa.
1463 5403 1510 5420 ’τ
1534 5403 1623 5441 Slc
1667 5403 1832 5453 wn;
1877 5403 1920 5443 A
1950 5403 2071 5461 quis
2097 5403 2191 5447 est.
2291 5403 2337 5424 ³⁸⁵
2360 5403 2451 5449 Sic
2478 5403 2502 5448 ι

1262 5456 1934 5530 Ε-ἱηῃιειίὶειαζεᾈΑπ-δίε
1979 5464 2143 5530 CDE;
2177 5475 2224 5518 et
2270 5481 2379 5519 om.
2439 5466 2502 5517 A.

2197 4979 2222 5010 τ
2256 4976 2347 5031 Sic
2371 4966 2541 5051 eos;
2585 4977 2633 5051 _A
2670 4988 2848 5051 quare.
2936 4970 2959 5001 ε
2989 4966 3287 5051 siccus;

2454 5047 2662 5106 'liom's,‘
2699 5045 2739 5095 C
2785 5045 3147 5111 generationis
3183 5045 3279 5088 ait.
3378 5045 3421 5063 "
3457 5045 3548 5083 διε
3595 5045 3730 5108 ut;

2454 5116 2505 5147 ¹³’
2529 5115 2629 5169 Sic
2661 5112 2825 5175 (10E;
2857 5111 2900 5161 Α
2929 5118 2996 5161 et.
3108 5104 3269 5175 'f_Sic
3298 5100 3419 5175 6E;
3456 5096 3499 5151 A
3539 5113 3631 5151 nec
3658 5113 3739 5150 ιη.-

2927 5178 2971 5208 ¹⁵
3005 5176 3097 5228 Sic
3120 5172 3284 5231 CDE;
3327 5168 3372 5220 A
3403 5182 3524 5220 nam
3555 5178 3737 5218 nemm

2135 5231 2512 5315 ’δ’ἑῐὲῖίεῖῐ
2548 5231 2955 5323 ἧὶιέὲέὶγίὶνδὲςε
2980 5246 3109 5323 DE}.
3128 5234 3505 5323 é.0"‘:.’.’t':,‘€‘-.
3543 5231 3725 5323 ’ζέει

2200 5300 2512 5379 saepe
2531 5300 3022 5390 ;""A"'qumquid--_
3056 5300 3110 5390 if
3136 5300 3433 5390 suam;
3474 5300 3713 5390 UE‘E'E'

2291 5369 2646 5451 usuusu:
2690 5369 2880 5443 ut.
2979 5386 3022 5417 ιτ
3053 5383 3165 5437 δερ,
3182 5377 3349 5451 ουκ.
3389 5369 3725 5451 gratus.

2587 5433 2974 5513 satagens;
3010 5433 3185 5506 Αἶςξι.
3310 5433 3360 5479 ιι
3400 5441 3491 5496 Sic
3537 5433 3708 5513 Aul-:5

3434 4974 3732 5028 utinquam-

3378 5032 3421 5063 ”
3457 5028 3548 5083 Sic
3595 5028 3681 5083 ΟΕ
3696 5044 3730 5091 ;-

459 5480 501 5483 η
532 5480 622 5507 ou;
650 5480 725 5516 υ,
749 5480 795 5506 n
819 5480 1182 5517 rmmcuuuue;
1215 5480 1303 5512 υιξι
1342 5480 1691 5511 mmcuwtaw.
1773 5480 1813 5489 "
1844 5480 1934 5513 DIC
1979 5480 2143 5530 mm;
2177 5480 2224 5518 εἰ
2270 5481 2379 5519 om.
2439 5480 2502 5517 Α.
2587 5480 2647 5494 ⁰“”
2672 5480 2763 5513 DIC
2809 5480 2974 5513 um;
3010 5480 3051 5506 ιι
3097 5480 3185 5504 au.
3385 5480 3491 5526 ,ιτ-ν
3537 5480 3672 5495 ι-’ν-ι·
3693 5480 3711 5502 ν

458 5518 508 5595 ρ
532 5520 585 5595 in
609 5524 805 5595 ptjptg.
1020 5540 1085 5578 ea:
1121 5524 1184 5579 γ.
1217 5526 1282 5578 Α.
1304 5526 1359 5578 ι.
1385 5525 1452 5581 G.
1482 5535 1551 5581 te.
1628 5525 1673 5558 ⁸³
1705 5525 1794 5583 Sic
1818 5528 1934 5593 CB;
1969 5534 2007 5585 Α
2045 5535 2110 5586 Et
2133 5537 2357 5595 iterum;
2390 5535 2432 5588 D
2470 5533 2676 5586 Verum.
2753 5528 2798 5559 "‘
2818 5556 2887 5565 υ-
2916 5525 2981 5555 ³⁷⁵“
3016 5523 3107 5576 Sic
3132 5508 3734 5595 Οὲεςιῇίῗκδηθξξτμὲῒυ

463 5589 511 5620 ³³
533 5589 623 5646 Sic
648 5590 819 5657 CDE;
871 5591 915 5646 Δ
954 5594 1093 5647 sinu.

1191 5594 1358 5667 ⁸ῗὲἱε
1382 5596 1544 5662 CDE;
1583 5598 1624 5651 Δ
1648 5600 1755 5667 qui.

460 5657 623 5731 CDE;
659 5671 708 5718 et
730 5675 842 5718 om.
866 5663 930 5719 Δ.

1009 5663 1055 5698 ‘9
1082 5664 1173 5722 Sic
1204 5665 1320 5733 CE;
1348 5666 1439 5723 AD
1468 5678 1535 5721 et.

1857 5577 1903 5636 ἦ
1921 5577 2023 5660 ἐ’ίέ
2340 5577 2913 5666 ειδιίιῖιιῦἦηιίτηιρενα
2946 5603 3154 5647 πεῖρτιια
3188 5577 3363 5645 Patris
3384 5592 3458 5641 ct.
3510 5580 3511 5583 “
3555 5577 3739 5633 ³⁸·8ἰα-

3731 4856 3805 4921 (νὲ
