4236 6274
547 262 650 319 559

1780 336 1783 343 η
1842 300 1849 303 -
1884 298 1891 301 -
1930 272 2211 337 somnus
2249 236 2443 345 SCOTI

3715 294 3837 349 360.

548 375 688 469 facta
740 393 871 436 vero
920 383 1269 438 aeternalitcr
1307 384 1359 438 in
1409 385 1587 442 Verbo
1627 388 1781 458 juxta
1816 391 2213 469 primordia-A
2240 412 2427 452 versus
2467 397 2844 466 horizontem,
2891 401 3136 459 Christus
3177 403 3470 458 secundum
3501 418 3716 459 carnem
3747 422 3815 461 ex

547 464 676 519 liam
711 483 997 526 causarum
1037 474 1400 530 conditionem
1462 476 1531 532 In
1560 480 1815 549 principia
1842 484 1977 537 enim
2009 482 2131 552 fecit

542 561 686 615 Deus
712 566 917 622 caelum
972 576 1019 620 et
1059 576 1254 621 terram
1288 569 1325 620 ί.
1365 569 1509 637 Idem
1543 570 1670 626 alibi
1702 589 1717 624 :
1758 571 1983 629 Verbum
2009 575 2147 644 Dei,

543 661 784 730 inquit’,
811 673 903 727 per
930 658 1069 727 quod
1093 657 1234 723 [acta
1264 670 1385 713 sunt
1409 661 1606 726 omnia,
1634 661 1726 717 ubi
1756 664 2147 730 .incommuta-'

2239 485 2459 557 Virgine
2488 498 2646 543 natus
2679 491 2933 557 traditur,
2968 493 3108 549 sicut
3136 494 3178 527 ¹⁹
3213 503 3432 547 sanctus
3461 483 3612 562 pater
3635 496 3813 564 Augu-

2234 578 2411 635 stinus
2436 578 2490 633 in
2515 578 2817 637 Decadibus
2850 584 2964 638 suis
2983 585 3192 648 scribit.
3217 583 3322 639 Sed
3345 586 3597 653 quoniam
3627 601 3814 641 sacrae

2234 670 2548 740 Scripturae
2580 673 2952 743 interpretatio
2981 675 3188 731 inﬁnita
3228 685 3330 741 est,
3368 677 3509 746 quod
3540 678 3812 746 praesenti

540 751 722 805 hiliter
749 749 937 802 vivunt
962 748 1170 813 omnia,
1192 763 1298 802 non
1324 749 1499 804 solum
1549 766 1687 818 quae
1714 751 1934 808 fuerunt
1960 754 2001 820 ³,
2033 755 2129 810 sed
2230 761 2587 833 disputationi
2608 767 2781 837 magis
2809 768 3097 823 convenire
3120 768 3350 834 videtur,
3376 769 3499 838 quia
3530 785 3635 825 non
3677 771 3819 825 satis

540 858 680 914 quine
713 841 894 896 futura
940 847 1106 905 sunt;
1159 855 1259 895 nec
1304 848 1485 896 tamen
1514 842 1569 899 in
1607 842 1703 898 illo
1749 844 1990 913 fuerunt,
2026 862 2127 903 nec

539 933 721 986 futura
761 939 914 994 sunt,
946 930 1040 985 sed
1085 932 1457 986 tantummodo
1491 941 1642 999 sunt,
1676 942 1731 987 ct
1763 937 1946 991 omnia
1977 946 2124 1007 sunt,

536 1032 590 1076 et
630 1022 812 1077 omnia
853 1035 1021 1076 unum
1062 1030 1224 1086 sunt,
1266 1030 1323 1076 et
1383 1023 1557 1092 magis
1595 1039 1759 1079 unum
1796 1037 1879 1082 est
1900 1028 1941 1083 ".
1990 1029 2122 1087 Item

534 1113 774 1168 Joannes
811 1111 1118 1183 Theologus
1160 1113 1213 1166 in
1243 1112 1537 1183 Evangelio
1580 1130 1595 1169 :
1633 1114 1789 1179 Quod
1819 1118 2018 1186 factum
2045 1130 2121 1175 est

533 1208 588 1259 in
612 1207 747 1275 ipso,
780 1207 885 1260 vita
914 1214 1046 1259 erat.
1093 1204 1163 1258 In
1198 1203 1564 1274 splendoribus
1599 1206 1787 1275 itaque
1815 1219 2119 1267 sanctorum

535 1297 699 1352 Pater
737 1314 804 1353 ea:
832 1306 981 1352 utero
1019 1313 1114 1351 suo
1153 1297 1175 1328 '
1212 1313 1364 1350 suum
1418 1297 1592 1367 genuit
1630 1295 1849 1361 Filium,
1884 1301 1985 1355 hoc
2013 1309 2115 1367 est,

532 1388 587 1441 in
622 1388 759 1444 Filio
781 1404 880 1444 suo
902 1388 924 1419 ⁸
962 1388 1241 1458 unigenito
1275 1387 1633 1457 cognitionem
1660 1389 1967 1446 futurorum
2000 1407 2120 1456 sana

2229 851 2406 916 video,
2432 853 2517 908 dic
2546 854 2623 919 ",
2660 871 2882 924 quaeso,
2910 866 3073 928 atque
3095 858 3351 913 edissere.
3742 916 3745 917 ν

2295 942 2384 995 21.
2418 942 2557 999 MAG.
2592 945 2719 1000 Mihi
2763 947 2981 1016 quidem
3029 947 3082 1000 in
3112 947 3215 1003 hoc
3244 948 3362 1003 loco
3396 963 3514 1003 mea
3543 948 3733 1027 suﬂieit
3758 951 3808 982 ²¹

2225 1031 2559 1101 simplicitas,
2588 1034 2717 1103 quia
2760 1051 2867 1090 non
2912 1036 3161 1090 convenit
3190 1038 3235 1067 ²²
3262 1036 3492 1096 aliorum
3518 1039 3813 1105 sagacitas.

2223 1119 2440 1191 Lucifer
2468 1124 2570 1177 iste
2597 1124 2856 1195 mysticus
2885 1134 3047 1195 atque
3084 1127 3455 1194 propheticus,
3503 1136 3626 1181 ante
3654 1126 3813 1195 cujus

2221 1219 2400 1266 ortum
2432 1212 2745 1284 splendores
2772 1223 3079 1279 sanctorum
3107 1216 3163 1271 in
3197 1215 3368 1271 Verbo
3406 1208 3804 1289 Dei‘unigenito

2221 1306 2594 1377 intelliguntur
2622 1323 2762 1375 esse,
2792 1309 2950 1363 istum
2982 1294 3238 1363 mundum
3286 1309 3552 1364 visibilem
3598 1308 3800 1380 signifi-

2220 1413 2345 1454 care
2385 1400 2597 1454 videtur
2623 1400 2935 1468 verisimile,
2978 1415 3042 1459 ea
3086 1400 3255 1457 forma
3301 1400 3615 1466 locutionis,
3665 1416 3805 1470 quae

530 1479 743 1532 elerum
768 1478 1194 1568 ggenuit«,imrno
1233 1477 1461 1568 etiam
1492 1480 1848 1535 eos‘creavit.
1898 1480 2119 1538 Sancto-
2218 1506 2411 1561 graece
2441 1491 2640 1546 dicitur
2690 1491 3014 1565 συνεκδοχή,
3070 1499 3126 1546 et
3169 1492 3560 1561 interpretatur
3604 1504 3809 1568 001100-⁹

529 1581 649 1620 rum
687 1567 885 1636 quippe
922 1568 978 1621 in
1012 1566 1279 1637 sapientia
1312 1566 1488 1622 Patris
1531 1569 1789 1639 cognitio,
1814 1585 2001 1628 eorum
2031 1582 2116 1628 est
2214 1581 2347 1649 ptio,
2374 1594 2479 1650 qua
2519 1580 2692 1636 forma
2720 1597 2849 1648 pars
2874 1596 2906 1636 a
2937 1590 3067 1645 toto,
3099 1589 3381 1650 totumque
3404 1596 3434 1634 a
3460 1589 3612 1648 parte
3630 1566 3805 1652 signi-9

526 1657 751 1712 ίτΐθδιὶο·
796 1657 1107 1719 111101100108
1157 1657 1301 1712 enim
1346 1659 1589 1714 omnium
1630 1660 1692 1715 in
1731 1661 2108 1719 Deo-essentia
2216 1669 2431 1726 ficatur.
2456 1671 2614 1729 Prius
2634 1672 2797 1743 igitur
2827 1687 2987 1742 quam
3026 1672 3450 1727 "mundusiste
3480 1672 3702 1727 visibilis
3744 1673 3801 1729 in

524 1749 766 1803 ninnium
793 1758 894 1803 est.
926 1748 1204 1818 Siquidem
1237 1749 1291 1804 id
1319 1748 1492 1819 ipsum
1516 1758 1601 1805 est
1621 1751 1733 1807 Deo
1756 1766 2105 1823 cognoscere,
2139 1750 2189 1810 Β
2211 1776 2408 1831 genera
2437 1770 2492 1815 et
2520 1762 2729 1831 species
2766 1776 3062 1832 omnesque
3104 1750 3356 1825 numeros
3389 1760 3671 1816 sensibiles
3700 1777 3801 1829 per

522 1841 837 1912 priusquam
865 1839 1033 1905 fiant,
1074 1855 1213 1910 quae
1238 1840 1403 1906 facit,
1437 1841 1696 1898 etfacere
1736 1859 1875 1912 quae
1901 1861 2102 1915 eoguo-
2209 1836 3008 1931 generationemjpmcederet,
3053 1861 3179 1906 ante
3222 1860 3464 1922 tempora
3507 1852 3797 1915 secularia,
3864 1862 3881 1883 τ

519 1933 626 1988 scit
666 1949 680 1986 :
724 1940 1064 2003 cognoscere
1102 1933 1247 1988 enim
1280 1933 1302 1964 "
1337 1941 1392 1989 et
1429 1932 1612 1989 facere
1650 1934 1747 1989 Dei
1790 1952 1956 1991 unum
1994 1947 2099 1993 est.

519 2026 657 2081 Nam
701 2026 1075 2097 cognoscendo
1118 2024 1283 2092 facit,
1335 2035 1392 2080 et
1449 2026 1699 2082 faciendo
1743 2028 2023 2099 cognoscit
2057 2030 2101 2087 °.

518 2117 770 2188 Cagnitio
792 2132 896 2173 non
922 2118 1198 2188 praecedit
1218 2117 1443 2184 factum,
1468 2134 1570 2173 nec
1598 2118 1800 2174 factum
1828 2122 2105 2190 praecedit

518 2208 920 2279 cognitionem,
972 2210 1097 2280 quia
1127 2211 1170 2241 ¹⁰
1206 2211 1388 2264 semel
1433 2218 1488 2264 et
1536 2211 1696 2265 simul
1750 2220 1877 2266 sunt
1918 2214 2099 2267 omnia

516 2307 805 2354 coaeterna
835 2309 1052 2370 praeter
1076 2300 1117 2331 ’ί
1151 2301 1410 2355 rationem
1433 2293 1668 2356 creantis
1688 2309 1744 2355 et
1769 2303 1959 2356 creati.
1982 2301 2099 2357 Non

515 2392 659 2446 enim
701 2391 847 2447 Deus
888 2393 1141 2462 cognovit
1179 2394 1359 2448 omnia
1388 2435 1403 2461 ,
1439 2403 1724 2464 postquam
1753 2393 1909 2448 .faeta
1949 2402 2091 2457 sunt,

513 2486 611 2540 sed
637 2493 928 2555 antequam
974 2485 1114 2540 facta
1145 2474 1328 2541 essent
1352 2529 1367 2553 ,
1408 2487 1659 2558 cognovit
1686 2487 1868 2541 omnia
1893 2527 1908 2551 ,
1959 2502 2099 2556 quae

513 2577 761 2632 facienda
804 2587 980 2631 erant.
1032 2578 1097 2632 Et
1121 2579 1265 2648 quod
1309 2587 1392 2633 est
1425 2579 1724 2634 mirabilius
1750 2619 1765 2642 ,
1809 2590 2094 2649 propterea

507 2667 691 2720 omnia
719 2676 874 2731 sunt,
920 2668 1045 2736 quia
1091 2669 1440 2739 praecognita
1480 2677 1622 2723 sunt.
1664 2668 1808 2723 Nihil
1836 2670 1981 2723 enim
2015 2677 2100 2725 est

508 2757 655 2813 aliud
681 2759 921 2813 omnium
949 2759 1219 2824 essentia,
1261 2759 1363 2815 nisi
1399 2761 1638 2815 omnium
1680 2759 1734 2814 in
1779 2760 1957 2815 divina
2002 2775 2092 2814 sa~

504 2849 708 2919 pientia
732 2851 987 2922 cognitio.
1015 2849 1080 2903 In
1104 2851 1216 2920 ipso
1237 2851 1374 2905 enim
1401 2852 1638 2917 vivimus,
1664 2861 1712 2906 et
1739 2852 1783 2883 ¹²
1808 2867 2089 2914 mouemur,

2207 1942 2351 1997 Deus
2368 1953 2522 2014 pater
2551 1940 2777 2012 Verbum
2803 1958 2960 1997 suum
2972 1941 3177 2012 genuit,
3195 1942 3249 1995 in
3274 1950 3450 2010 quoet
3464 1955 3565 2009 per
3586 1940 3795 2012 quod"?

2202 2031 2443 2085 omnium
2491 2040 2802 2087 naturarum
2849 2030 2895 2063 ’⁸
2947 2029 3322 2098 primordiales
3371 2043 3570 2091 causas
3610 2030 3795 2100 perfe-

2203 2123 2474 2178 ctissimas
2514 2122 2737 2187 creavit,
2789 2137 2926 2190 quae
2968 2121 3145 2176 divina
3185 2119 3522 2189 providentia
3564 2120 3789 2174 admini-

2202 2219 2407 2265 strante
2454 2209 2685 2264 mirabili
2739 2210 2971 2279 quadam
3023 2210 3304 2287 harmonia
3356 2209 3791 2279 processionibus

2201 2302 2313 2357 suis
2340 2318 2437 2372 per
2469 2304 2894 2374 generationem,
2925 2304 3166 2357 numeris
3193 2303 3432 2357 locorum
3481 2312 3537 2358 et
3581 2312 3788 2372 tempo-

2200 2411 2318 2449 rum
2350 2396 2416 2460 '°,
2450 2409 2705 2464 generum
2742 2410 2955 2465 quoque
2982 2410 3047 2449 ac
3075 2396 3378 2466 specierum
3406 2395 3793 2464 multiplicibus

2199 2486 2519 2541 differentiis
2561 2487 2706 2542 hunc
2748 2488 3006 2542 mundum
3049 2487 3317 2545 visibilem
3355 2486 3424 2540 ab
3476 2487 3649 2552 initio,
3681 2504 3790 2557 quo

2197 2578 2396 2647 coepit,
2427 2592 2598 2647 usque
2631 2578 2700 2632 ad
2729 2576 2911 2642 finem,
2942 2592 3051 2647 quo
3079 2577 3287 2632 desinet
3314 2592 3451 2641 esse,
3479 2577 3789 2643 nonjaboli-

2199 2669 2342 2723 tione
2368 2668 2656 2731 essentiae,
2687 2668 2780 2723 sed
2807 2667 3128 2737 qualitatum
3166 2676 3222 2724 et
3259 2669 3619 2737 quantitatum
3665 2684 3786 2723 mt'w

2199 2759 2398 2812 talione
2446 2758 2674 2813 naturali
2729 2774 2892 2814 cursu
2936 2759 3238 2829 perficiunt.
3297 2760 3488 2814 Erue
3543 2759 3780 2823 mireris,

2197 2858 2366 2905 totum
2394 2850 2539 2904 hunc
2565 2851 2824 2905 mundum
2869 2859 3022 2920 parte
3066 2866 3160 2905 sua
3192 2850 3482 2920 signiﬁcari
3524 2844 3593 2915 ⁸⁷,
3641 2865 3783 2918 quae

504 2946 784 2994 et‘sumus.
814 2940 1053 3011 Cognitio
1083 2941 1226 2995 enim
1250 2980 1265 3006 ,
1309 2950 1368 2995 ut
1406 2941 1484 2996 ait
1522 2949 1741 2997 sanctus
1781 2941 2090 3012 Dionysius,
2193 2953 2278 3000 est
2301 2943 2511 3009 lucifer,
2539 2959 2663 2998 cum
2691 2944 2895 3009 videas,
2917 2959 3015 3013 per
3034 2943 3208 3013 ipsum
3237 2941 3428 3006 solem,
3461 2942 3548 2995 cui
3570 2956 3784 3013 semper

504 3038 688 3086 earum
706 3049 839 3102 quae
862 3041 1002 3098 sunt,
1034 3049 1116 3098 ea,
1144 3049 1279 3103 quae
1302 3042 1442 3097 sunt,
1470 3042 1564 3087 est.
1593 3031 1906 3102 Spieadores
1929 3031 2093 3103 igitur
2121 3093 2161 3112 Π
2193 3032 2384 3089 lucifer
2411 3034 2667 3090 adhaeret
2697 3034 2766 3098 ⁸⁸,
2796 3049 2902 3088 non
2944 3034 3086 3088 enim
3128 3033 3287 3103 longe
3340 3034 3408 3087 ab
3445 3048 3511 3087 eo
3557 3033 3778 3096 recedit,

504 3134 810 3178 sanctorum
855 3133 980 3179 sunt
1030 3139 1216 3179 eorum
1264 3124 1317 3178 in
1364 3124 1630 3193 sapientia
1675 3123 1859 3178 divina
1886 3164 1901 3187 ,
1950 3132 2005 3177 et
2035 3123 2088 3177 in
2118 3095 2162 3153 Ε
2194 3123 2287 3179 sed
2330 3133 2423 3179 aut
2452 3124 2611 3193 paulo
2638 3132 2766 3178 ante
2791 3124 2964 3193 ipsum
2994 3124 3257 3178 orientem
3287 3122 3480 3188 oritur,
3510 3132 3602 3176 aut
3622 3124 3783 3192 paulo

502 3214 940 3283 primordialibus
967 3215 1081 3270 suis
1107 3215 1151 3247 ⁸³
1179 3215 1356 3270 causis
1382 3215 1563 3270 clarae
1589 3215 1944 3285 eognitaeque
1982 3215 2090 3269 Deo
2192 3222 2315 3283 post
2357 3215 2694 3271 occidentem
2748 3215 2982 3279 occidit,
3032 3215 3176 3269 hunc
3234 3215 3464 3269 eundem
3524 3214 3776 3273 mundum

501 3307 936 3363 substitutiones.
965 3308 1030 3361 Et
1064 3309 1163 3362 hoc
1190 3318 1357 3362 totum
1386 3317 1507 3363 ante
1535 3307 1831 3377 luciferum,
1860 3309 1963 3363 hoc
1984 3317 2086 3372 est,

501 3404 559 3451 et
585 3397 841 3452 nativitas
872 3396 1033 3452 Verbi
1071 3414 1136 3453 ex
1175 3398 1353 3461 Patre,
1384 3406 1439 3452 et
1470 3396 1725 3466 splendor
1766 3397 2089 3468 cognitionis

501 3497 813 3544 sanctorum
839 3529 854 3552 ,
900 3488 1065 3542 immo
1094 3490 1258 3542 etiam
1297 3486 1540 3541 omnium
1588 3494 1905 3541 naturarum
1931 3487 1992 3551 ιδ,
2032 3488 2086 3541 in

497 3566 886 3648 principalibus
927 3578 1038 3633 suis
1084 3578 1263 3633 causis
1303 3576 1578 3645 praecedit
1621 3576 1927 3632 luciferum.
1981 3578 2088 3633 Sed

503 3667 628 3735 quis
662 3674 747 3722 est
781 3667 884 3722 iste
933 3665 1147 3732 lucifer,
1202 3673 1327 3720 ante
1377 3665 1533 3732 cujus
1582 3671 1764 3719 ortum
1812 3665 2087 3733 praedicta

500 3746 683 3812 omnia
713 3757 1087 3828 intelliguntur
1115 3771 1237 3811 esse
1262 3797 1275 3819 ,
1328 3755 1510 3809 multis
1538 3756 1813 3825 variisque
1846 3756 2021 3810 modis
2055 3771 2083 3809 a

499 3836 847 3917 sapientibus
866 3855 1154 3910 tractatur,
1182 3860 1411 3920 quorum
1443 3846 1740 3900 sententias
1761 3845 1976 3916 longum
2002 3856 2085 3901 est

498 3938 662 3993 modo
688 3939 1049 3994 introducere.
1085 3935 1219 3991 Nam
1257 3936 1301 3967 ”
1328 3935 1470 4005 quod
1503 3950 1599 4005 per
1624 3934 1815 3990 Isaiam
1847 3935 2083 4006 prophe-

499 4032 610 4082 tam
642 4028 842 4083 dicitur
869 4036 882 4081 ‘:
918 4027 1193 4093 Quomodo
1223 4026 1408 4088 cecidit
1440 4026 1505 4080 de
1549 4025 1691 4080 caelo
1717 4025 1906 4098 lucifer
1932 4042 2084 4082 mane

499 4120 719 4174 oriens?
772 4122 836 4174 de
879 4118 1095 4174 diabolo
1134 4127 1321 4188 aperte
1365 4116 1694 4186 intelligitur,
1748 4117 1923 4186 deque
1968 4116 2085 4186 ejus

495 4200 743 4277 corpore,
779 4209 922 4276 quod
951 4209 1186 4262 maxime
1217 4208 1269 4260 in
1301 4207 1481 4276 impiis
1509 4216 1563 4260 et
1590 4207 1851 4274 apostatis
1876 4216 1931 4261 et
1957 4208 2085 4262 hae-

493 4297 682 4351 reticis
710 4297 755 4329 ¹⁶
785 4296 1118 4367 dignoscitur
1152 4297 1505 4352 constitutum
1539 4296 1602 4346 ιτ.
1641 4295 1960 4350 Psalmistae
1989 4311 2083 4348 au-

492 4394 602 4441 tem
642 4386 834 4442 lucifer
878 4389 1200 4457 quibusdam
1249 4388 1460 4442 videtur
1509 4387 1560 4439 in
1616 4388 2010 4457 significatione
2037 4387 2080 4418 ¹⁸

492 4475 663 4542 ipsius
697 4474 1034 4531 clarissimae
1085 4477 1309 4541 stellae,
1359 4490 1499 4546 quae
1535 4475 1673 4529 solet
1716 4487 1894 4532 ortum
1948 4477 2079 4532 solis

489 4563 817 4631 praecedere
868 4573 995 4618 ante
1023 4568 1175 4636 cujus
1203 4570 1394 4623 stellae
1440 4564 1834 4636 apparitionem
1862 4585 2077 4625 sursum

2191 3307 2500 3364 sensibilem
2526 3364 2529 3365 ν
2555 3309 2779 3379 mystice
2826 3308 3159 3377 significari,
3205 3307 3416 3361 dicente
3443 3304 3770 3361 Salomone:

2193 3398 2333 3464 Quid
2361 3408 2436 3453 est
2462 3399 2599 3469 quod
2624 3399 2722 3467 fuit
2745 3399 2769 3451 .9
2793 3399 2964 3468 ipsum
2990 3398 3130 3466 quod
3152 3397 3392 3465 futurum
3413 3405 3505 3449 est.
3532 3394 3669 3459 Quid
3697 3403 3772 3447 est

2189 3490 2328 3560 quod
2358 3488 3097 3558 futurumest?ipsumquod
3140 3487 3441 3554 faciendum
3481 3493 3575 3537 est.
3623 3480 3769 3536 Nihil

2192 3580 2285 3633 sub
2330 3578 2438 3632 sole
2466 3594 2673 3632 novum.
2714 3575 2895 3632 Solem
2939 3576 2985 3606 ’⁸
3031 3575 3297 3643 siquidem
3338 3590 3443 3637 non
3485 3573 3774 3641 incongrue

2190 3669 2279 3723 hic
2326 3668 2675 3737 intelligimus
2714 3683 2929 3723 onmem
2981 3666 3241 3721 visibilem
3284 3673 3609 3720 creaturam.
3658 3662 3773 3716 Non

2188 3763 2330 3817 enim
2361 3761 2697 3817 solummodo
2724 3763 2789 3816 de
2814 3775 2876 3815 ea
2907 3769 3058 3830 parte
3103 3759 3286 3813 mundi
3336 3755 3495 3823 lnijus
3531 3757 3598 3819 ³ο,
3634 3770 3773 3824 quae

2189 3851 2327 3905 intra
2355 3851 2583 3905 solarcm
2608 3851 2867 3906 circulum
2892 3850 3364 3919 comprehemlitur
3391 3848 3461 3911 3‘,
3499 3858 3697 3901 terram
3726 3847 3771 3877 ³³

2190 3942 2311 3996 dico
2342 3957 2710 4011 aquarumque
2738 3950 3005 4006 naturam,
3039 3956 3165 3995 acra
3212 3954 3425 4008 qucque
3468 3954 3590 3992 cum
3639 3938 3771 3992 infc-

2188 4033 2333 4097 riore
2364 4034 2409 4065 ⁸³
2438 4034 2675 4088 aetheris
2699 4014 2871 4103 parte,
2905 4048 3008 4102 qua
3038 4032 3241 4085 lunaris
3284 4031 3471 4100 globus
3519 4031 3770 4094 volvitur,

2189 4124 2273 4179 his
2292 4124 2465 4178 verbis
2483 4123 2712 4194 theologi
2727 4123 3115 4193 significantur,
3133 4137 3319 4175 verum
3344 4122 3508 4174 etiam
3533 4120 3579 4151 3"
3610 4136 3769 4189 supra

2188 4215 2370 4281 mundi
2416 4216 2587 4284 spatia
2613 4230 2642 4268 a
2673 4214 2837 4270 solari
2861 4213 2999 4267 linea
3027 4226 3197 4280 usque
3224 4211 3288 4265 ad
3316 4219 3619 4265 extremum
3650 4226 3771 4265 cae-

2189 4305 2339 4360 lestis
2373 4307 2638 4374 sphaerae
2668 4305 2949 4358 atnbitum.
2998 4303 3053 4356 ln
3101 4302 3186 4356 his
3222 4303 3364 4356 enim
3399 4302 3650 4355 otnuibus
3671 4301 3785 4355 sub.

2187 4396 2320 4455 sole.
2349 4397 2451 4449 hoc
2474 4405 2581 4459 est,
2608 4395 2708 4449 sub
2735 4395 2934 4449 mundo
2968 4409 3073 4448 non
3104 4393 3150 4423 ³⁸
3174 4402 3257 4447 est
3281 4409 3493 4454 novum,
3516 4392 3628 4446 sive
3651 4390 3771 4459 quis

2189 4486 2467 4553 intelligat,
2500 4485 2574 4538 nil
2598 4499 2798 4538 novum
2827 4499 2947 4538 esse
2990 4483 3043 4536 in
3079 4484 3378 4551 praesentis
3408 4482 3547 4534 vitae
3592 4481 3766 4534 curri-

2186 4576 2482 4644 culo,quod
2508 4577 2657 4645 prius
2682 4575 2735 4629 in
2760 4573 2988 4629 naturali
3007 4588 3188 4627 rerum
3212 4572 3398 4627 ordine
3413 4571 3456 4601 ³⁸
3472 4586 3578 4624 non
3602 4582 3766 4637 appa-

1776 4750 2035 4806 VAlllAE
2076 4744 2477 4804 LEC’HONES.

558 4883 579 4914 ³
607 4881 650 4935 Α
684 4878 802 4949 fecit
834 4880 899 4935 ι).
932 4877 991 4933 C.
1025 4893 1073 4936 et
1102 4881 1163 4936 Τ.
1241 4884 1260 4913 ³
1284 4874 1382 4937 Sic
1411 4885 1435 4931 ί
1457 4882 1577 4942 DE;
1609 4883 1772 4950 inquit
1798 4904 1907 4941 om.
1940 4891 2004 4939 A.

2100 4889 2119 4919 ³
2152 4887 2241 4939 Sic
2281 4884 2444 4947 (DE;
2472 4883 2517 4936 Α
2560 4884 2725 4952 fuere.
2800 4884 2820 4915 ’⁸
2850 4884 2940 4940 Sic
2980 4885 3130 4940 CDE.
3206 4885 3227 4916 ⁸
3254 4883 3401 4951 Quae
3432 4891 3554 4951 post
3596 4883 3760 4939 verba

488 4964 554 5025 ex
590 4962 736 5025 utero
759 4967 854 5005 suo
879 4966 1060 5025 usque
1084 4953 1150 5025 ad
1175 4953 1337 5025 verba
1364 4951 1615 5025 essentiae
1643 4956 1732 5025 sed
1757 4958 2066 5024 qualitatum
2097 4967 2143 5008 et
2169 4956 2521 5025 quantitatum
2542 4951 2838 5025 inuitatione
2879 4956 3108 5008 naturali
3144 4972 3298 5008 cursu
3322 4954 3590 5025 perﬁciunt
3617 4956 3761 5025 (cap.

489 5022 583 5092 2i)
610 5023 929 5089 Iegunturin
955 5023 1074 5078 cod.
1108 5024 1150 5078 E
1177 5023 1388 5078 desunt.
1468 5021 1488 5051 ⁸
1520 5021 1609 5075 Sic
1632 5021 1793 5091 CDE;
1819 5025 1928 5094 ﬁlio
1960 5043 2054 5078 suo
2076 5021 2191 5079 om.
2211 5027 2274 5078 A.
2349 5026 2367 5056 "
2404 5024 2494 5079 Sic
2523 5024 2641 5086 CD;
2669 5025 2708 5075 A
2737 5035 2803 5077 et.
2879 5025 2901 5056 ³
2928 5027 3017 5080 Sic
3037 5026 3156 5087 CD;
3187 5028 3230 5080 Α
3255 5021 3393 5126 ergo.
3468 5024 3489 5055 ’
3517 5025 3608 5078 Sic
3637 5023 3760 5088 CD;

497 5101 527 5126 Δ
563 5093 819 5126 ama-napis
853 5093 1090 5126 [ηρᾶοκιιη
1203 5093 1245 5124 ιο
1282 5092 1372 5126 Qin
1397 5094 1514 5126 ΡΠ·
1549 5091 1578 5126 Δ
1614 5109 1777 5126 ποίης-ρ
1873 5095 1914 5126 11
1942 5094 2030 5126 αξη
2059 5096 2175 5126 nn.
2219 5096 2246 5126 Δ
2289 5105 2496 5126 κυηωηη-
2593 5094 2634 5125 Η
2664 5094 2751 5126 ες..
2782 5095 2868 5126 ΡΠ
2893 5111 2903 5122 -
2940 5106 2983 5126 ΑΙ
3009 5111 3095 5126 nun
3151 5098 3176 5126 Α
3286 5097 3302 5126 ι
3359 5095 3448 5126 ειη
3470 5094 3557 5126 l‘n
3582 5112 3594 5122 -
3657 5096 3760 5126 ..,;.

488 5101 531 5146 Α
561 5093 821 5161 cognoscit
849 5093 1112 5161 faciendo.

489 5179 598 5217 om.
631 5163 697 5217 A.
790 5162 833 5195 ν’
861 5164 954 5219 Sic
975 5163 1099 5232 CD;
1146 5166 1191 5219 Α
1223 5164 1388 5219 immo
1415 5174 1464 5217 et
1486 5172 1798 5218 naturarum
1832 5167 2087 5220 omnium.

490 5234 761 5298 apostatis.

494 5304 537 5333 ¹⁹
566 5304 656 5358 Sic
679 5304 795 5368 CD;
830 5306 875 5358 A
904 5306 999 5359 sic.

498 5374 542 5404 "
577 5374 669 5446 Sic
712 5374 937 5446 AD;AC7
965 5376 1225 5446 cognovit.
1253 5444 1270 5446 ξ
1302 5375 1349 5406 ’³
1376 5373 1467 5429 Sic
1513 5373 1632 5439 CD;
1683 5374 1747 5446 AM
1771 5375 2074 5446 priusquam
2126 5378 2304 5445 igitur.
2384 5375 2429 5406 "‘
2467 5374 2675 5446 CD‘per
2715 5390 2887 5446 quem.

1983 5462 1998 5511 ;
2033 5438 2322 5514 signiﬁcari
2377 5460 2484 5498 om.
2531 5438 2685 5514 CDE.
2711 5438 2805 5514 ί²⁸
2834 5443 2925 5498 Sic
2972 5444 3133 5509 CDE;
3182 5446 3226 5498 Α
3263 5438 3510 5499 adhaeret
3550 5438 3758 5514 lucifer.

492 5444 745 5511 animum.
823 5444 868 5476 ³⁸
918 5444 1191 5510 Sic‘Al);
1239 5444 1280 5500 C
1331 5460 1626 5511 corporum.
1704 5445 1747 5476 ³⁷
1785 5444 1877 5500 Sic

492 5509 540 5577 ἐ
569 5508 661 5577 Sic
703 5510 866 5577 CDE;
908 5515 952 5567 Α
980 5513 1082 5568 Per
1110 5508 1299 5571 solem.

1203 5093 1245 5124 ιο
1282 5093 1372 5127 Qin
1397 5094 1514 5127 nn-
1549 5093 1578 5127 Δ
1614 5109 1777 5127 nonum
1821 5093 1827 5094 ί
1873 5095 1914 5127 11
1942 5094 2030 5127 ας...
2059 5096 2175 5127 ΡΠ.
2219 5096 2246 5127 Δ
2289 5105 2496 5127 ημηυιηη-

1282 5092 1374 5149 810
1397 5094 1517 5155 CD;
1542 5091 1583 5145 A
1613 5109 1795 5158 quare.
1820 5091 1828 5094 “
1873 5095 1914 5127 ⁸⁸
1941 5094 2032 5150 Sic
2059 5096 2176 5161 CD;
2212 5096 2252 5148 A
2287 5105 2513 5163 propter.
2593 5094 2634 5125 “
2664 5094 2753 5148 Sic
2782 5095 2906 5159 CD;
2937 5106 2983 5148 et
3008 5111 3117 5149 om.
3142 5098 3208 5150 A.
3286 5091 3328 5126 ³⁵
3359 5095 3450 5150 Sic
3470 5094 3595 5157 CD;
3653 5096 3761 5149 suis

1282 5180 1388 5244 imo
1415 5174 1464 5217 et
1486 5172 1798 5244 naturarum
1832 5167 2087 5244 omnium.
2170 5167 2213 5244 '_"
2242 5164 2334 5219 Sic
2363 5164 2481 5244 CD;
2508 5166 2547 5218 A
2581 5180 2874 5244 namque.“
2900 5165 3201 5244 {Sic-"CD;
3225 5167 3287 5244 ΔΑ
3318 5177 3365 5244 et
3395 5165 3667 5244 haereticis
3714 5174 3761 5218 et

842 5235 883 5266 ³⁷
913 5233 1004 5289 Sic
1032 5234 1103 5301 C;
1149 5236 1191 5305 Α
1215 5235 1548 5305 constitutum
1568 5233 1906 5305 intelligitur;
1947 5237 1986 5289 D
2028 5238 2365 5290 constitutum
2415 5235 2757 5305 dignoscitur.
2833 5235 2876 5267 ¹⁸
2913 5234 3003 5289 Sic
3043 5235 3161 5297 CD;
3209 5237 3254 5290 A
3286 5236 3761 5305 signiﬁcationem.

1099 5306 1145 5338 ⁸ο
1169 5304 1261 5360 Sic
1281 5305 1398 5367 CD;
1424 5305 1469 5358 A
1503 5302 1722 5365 videtur,
1738 5302 2029 5359 dicendum
2055 5308 2299 5360 arbitror.
2332 5305 2472 5359 DISC.
2504 5304 2621 5368 Dic,
2646 5319 2848 5373 quaeso
2875 5314 2979 5358 cet.
3056 5306 3099 5335 “
3137 5306 3228 5360 Sic
3269 5302 3390 5368 CD‘;
3421 5302 3465 5360 Α
3519 5322 3578 5358 su

569 5512 661 5590 Sic
703 5512 866 5577 CDE;
908 5515 952 5567 Α
980 5513 1082 5568 Per
1110 5515 1299 5571 solem.
1398 5513 1445 5544 ³⁰
1470 5513 1560 5569 Sic
1586 5513 1750 5580 CDE;
1781 5516 1826 5569 A
1852 5533 1944 5570 eae
1973 5512 2145 5586 partes
2170 5515 2329 5615 hujus
2358 5512 2540 5567 mundi
2557 5531 2581 5575 ;
2686 5512 2749 5566 de
2787 5524 3052 5593 adaperte
3099 5515 3284 5568 mundi
3333 5515 3511 5582 hujus.

492 5576 656 5624 (.IHL:
703 5577 746 5624 Δ
790 5584 1311 5624 cnmnrphnnrlunlun
1390 5584 1435 5614 ³³
1465 5582 1554 5624 Sit-
1581 5584 1742 5624 CDR-
1783 5584 1814 5624 Λ
1845 5595 2102 5624 Ιοι-νηιιυηι
2203 5584 2222 5614 ³
2274 5583 2362 5624 Sin
2383 5583 2542 5624 t‘.m«‘_-
2574 5583 2608 5624 Δ
2634 5582 2899 5624 rnfprinru
2997 5585 3041 5618 δ”
3072 5584 3162 5624 Sin
3183 5585 3346 5624 CDR-
3384 5586 3416 5624 Δ
3447 5594 3511 5624 pl-

790 5576 1313 5651 comprehenduntur.
1390 5584 1435 5614 ³²
1464 5582 1554 5639 Sic
1581 5576 1746 5651 CDE;
1777 5576 2124 5640 Aterrtirum.
2203 5584 2222 5614 ³

2593 5094 2634 5125 ³³
2664 5094 2753 5148 Sic
2782 5095 2906 5159 CD;
2937 5106 2983 5148 et
3008 5111 3117 5149 om.
3142 5098 3208 5150 A.
3286 5094 3328 5126 ³³
3359 5095 3450 5150 Sic
3470 5094 3595 5157 CD;
3653 5096 3764 5149 suis

3683 5324 3757 5354 (ιι.

2966 5342 2979 5355 ο
3056 5306 3099 5335 ³⁸
3137 5306 3228 5360 Sic
3269 5305 3390 5368 CD;
3421 5314 3465 5360 A
3519 5305 3757 5373 sufﬁciat.

2964 5374 3011 5404 “’
3058 5374 3148 5430 Sic
3192 5375 3313 5440 CD;
3361 5376 3406 5428 A
3451 5387 3759 5440 naturarum

3587 5512 3630 5544 3!
3670 5512 3724 5544 Εἰ

2274 5531 2329 5567 us
2358 5512 2581 5575 mundi;
2615 5512 2655 5566 C
2686 5512 2749 5566 de
2787 5530 2850 5567 ea
2879 5524 3052 5583 aperte
3099 5515 3284 5568 mundi
3333 5515 3511 5582 hujus.
3587 5512 3630 5544 ³³
3670 5510 3765 5565 Sic

2274 5583 2362 5637 Sic
2383 5583 2545 5647 CDE;
2571 5583 2613 5635 Α
2634 5582 2920 5653 inferioris.
2997 5585 3041 5618 ³³
3072 5584 3163 5641 Sic
3183 5585 3351 5652 CDE;
3378 5586 3422 5639 Α
3447 5594 3515 5639 et.
3592 5581 3638 5613 ³⁸
3669 5580 3767 5635 Sic

492 5644 655 5709 CDE;
686 5647 727 5700 Λ
762 5644 916 5703 nihil:
990 5651 1035 5682 “
1074 5652 1165 5709 Sic
1199 5653 1360 5720 CDE;
1390 5656 1433 5707 A
1460 5671 1560 5709 non
1597 5644 1865 5725 appareret
1895 5657 1947 5711 in
1973 5655 2202 5713 naturali
2236 5670 2406 5711 rerum
2428 5644 2628 5708 ordine.
