4236 6274
393 322 491 379 56!

1207 322 1294 378 DE
1335 321 1677 380 DiVlSlONE
1717 324 2070 381 NATURAE.
2111 356 2180 367 --
2208 326 2409 380 LIBER
2454 323 2835 381 SECUNDUS.

3567 308 3673 380 562

398 446 574 504 reret;
625 436 702 491 nil
745 435 891 492 enim
917 434 1060 490 aliud
1100 434 1156 491 in
1182 435 1514 507 temporibus
1537 444 1752 505 praeter
1775 452 1975 493 earun-
2006 443 2053 499 Α
2080 439 2349 509 principio
2390 438 2715 504 subsistunt,
2764 451 2870 492 non
2911 437 3134 494 omnino
3173 447 3351 493 tamen
3395 436 3506 493 Deo
3552 434 3673 494 eSse

396 529 525 583 dem
577 541 761 582 rerum
809 526 1194 581 revolutionem
1242 526 1476 580 sentitur
1514 534 1572 580 et
1621 526 1979 598 intelligitur:

398 618 537 681 sive,
565 625 627 671 ut
650 616 913 671 Maximus
942 616 1088 670 hunc
1112 613 1424 691 Scripturae
1450 614 1700 686 intelligit
1720 615 1899 672 locum
1940 617 1983 682 ³,

398 710 538 781 quod
584 718 704 764 ante
751 710 889 763 hunc
919 708 1171 762 mundum
1202 708 1325 776 fuit,
1357 708 1413 761 id
1440 708 1612 777 ipsum
1639 708 1880 775 futurum
1909 720 1985 764 est

399 809 515 870 post
541 799 792 854 mundum
821 800 863 864 ’,
893 798 944 852 id
994 806 1103 863 est,
1145 813 1208 853 ea
1242 797 1382 864 sola,
1421 813 1562 868 quae
1589 805 1809 854 aeterna
1837 809 1983 866 sunt,

399 899 524 944 ante
559 890 700 945 hunc
731 888 991 942 mundum
1033 886 1273 951 fuerunt,
1317 895 1374 942 et
1404 897 1525 956 post
1559 902 1684 942 eum
1738 888 1760 919 ³
1803 887 1985 942 futura

397 990 540 1034 sunt.
572 978 637 1032 Et
671 977 805 1031 nihil
843 977 945 1032 sub
981 976 1097 1031 sole
1131 992 1351 1042 novum,
1392 978 1497 1032 hoc
1525 985 1610 1032 est
1644 976 1688 1043 ‘,
1725 978 1985 1047 quicquid

397 1084 593 1124 norum
620 1069 721 1124 sub
747 1070 851 1123 hoc
875 1068 1080 1122 mundo
1103 1076 1209 1131 est.
1242 1068 1378 1122 nihil
1411 1077 1526 1135 est;
1563 1071 1798 1125 mundus
1838 1070 1985 1125 enim

398 1160 496 1215 iste
527 1168 672 1214 totus
697 1173 869 1213 novus
893 1156 1109 1222 dicitur,
1134 1158 1261 1225 quia
1282 1166 1538 1212 aeternus
1571 1172 1678 1212 non
1710 1165 1813 1222 est,
1837 1166 1892 1211 et
1930 1159 1986 1211 in

368 1259 646 1318 -tentpore
688 1255 844 1302 ortus
871 1254 985 1311 est;
1026 1246 1252 1315 ideoque
1288 1245 1422 1301 nihil
1461 1254 1574 1312 est;
1605 1246 1805 1316 peribit
1839 1247 1987 1301 enim

398 1352 524 1391 cum
550 1336 821 1400 omnibus,
858 1350 998 1405 quae
1025 1336 1078 1390 in
1105 1349 1171 1390 eo
1200 1344 1346 1402 sunt,
1386 1343 1521 1391 teste
1552 1335 1859 1403 Psalmista,
1889 1336 1985 1406 qui

399 1428 525 1481 ait:
572 1426 746 1496 Opera
795 1442 1047 1479 manuum
1087 1435 1299 1480 tuarum
1333 1436 1455 1481 sunt
1495 1427 1665 1492 caeli,
1703 1426 1803 1497 ipsi
1843 1426 1985 1496 peri-

401 1517 550 1570 bunt.
595 1514 653 1570 Si
681 1524 859 1569 autem
888 1515 1123 1570 maxima
1162 1529 1290 1584 pars
1336 1516 1543 1582 mundi,
1595 1531 1735 1585 quae
1779 1516 1986 1571 caelum

399 1625 521 1665 esse
540 1609 852 1679 perhibetur
874 1596 1036 1678 atque
1053 1607 1439 1677 pulcherrima,
1466 1617 1786 1678 ceterasque
1806 1615 1987 1678 partes

396 1702 632 1769 undique
644 1700 850 1757 ambire
874 1716 979 1756 non
1001 1701 1303 1772 ignoratur,
1329 1689 1572 1772 peritura
1601 1702 1694 1769 sit,
1720 1711 1982 1772 putasne:

2086 539 2426 592 coaeternas,
2452 530 2578 597 quia
2611 527 2654 560 "
2683 542 2791 582 non
2817 542 2847 582 a
2877 528 3092 597 seipsis,
3123 529 3215 583 sed
3240 544 3269 582 a
3290 516 3675 583 suo'Cr’eatore

2086 619 2350 689 incipiunt
2377 633 2522 685 esse;
2564 620 2679 688 ipse
2710 632 2839 673 vero
2869 618 3097 674 Creator
3118 618 3264 673 nullo
3291 618 3451 672 modo
3485 616 3675 686 incipit

2085 725 2206 766 esse
2250 711 2328 777 '°;
2359 710 2506 766 solus
2548 710 2695 765 enim
2737 709 2854 779 ipse
2895 718 2979 765 est
3015 723 3142 762 vera
3181 708 3497 773 aeternitas,
3525 707 3674 761 omni

2083 799 2351 871 principio
2388 800 2644 869 omnique
2681 799 2788 854 line
2818 813 3030 861 carens,
3063 797 3187 868 quia
3219 797 3334 866 ipse
3361 805 3445 851 est
3474 790 3679 867 princi-

2085 893 2230 962 pium
2260 890 2500 946 omnium
2524 898 2581 945 et
2608 888 2750 944 linis.
2781 886 2896 942 Non
2923 888 3067 944 enim
3087 901 3215 941 vera
3245 892 3326 941 est
3354 886 3673 951 aeternitas,

2085 998 2226 1051 quae
2252 981 2649 1053 quodammodo
2674 980 2862 1049 incipit
2891 995 3032 1047 esse,
3074 977 3167 1034 sed
3213 994 3340 1034 vere
3384 978 3678 1034 aeternita-

2087 1072 2175 1133 tis,
2208 1085 2348 1141 quae
2375 1068 2607 1147 ἄναρχος
2646 1078 2749 1135 est,
2785 1071 2887 1125 hoc
2908 1078 3011 1136 est,
3034 1068 3180 1124 omni
3213 1076 3362 1124 caret
3387 1067 3674 1138 principio,

2084 1160 2429 1232 participatio
2457 1169 2560 1216 est.
2607 1158 2796 1216 Omnis
2819 1169 2998 1215 autem
3028 1170 3276 1217 creatura
3302 1160 3492 1229 incipit
3526 1175 3669 1224 esse,

2084 1252 2209 1321 quia
2239 1258 2380 1318 erat,
2406 1252 2624 1320 quando
2657 1265 2763 1305 non
2791 1258 2908 1305 erat
2933 1269 2947 1304 :
2973 1260 3092 1306 erat
3132 1252 3187 1305 in
3232 1251 3436 1316 causis,
3459 1250 3676 1319 quando

2087 1358 2193 1398 non
2237 1349 2357 1396 erat
2418 1341 2474 1395 in
2537 1338 2839 1395 effectibus.
2898 1340 3015 1394 Non
3066 1340 3289 1395 omnino
3334 1339 3498 1411 igitur
3546 1342 3675 1392 vere

2088 1432 2399 1488 aeternitati
2431 1438 2716 1486 coaeterna
2764 1439 2892 1487 est.‘
2921 1429 2991 1485 Si
3025 1441 3207 1485 autem
3252 1431 3305 1485 in
3348 1431 3463 1501 ipsa
3510 1442 3673 1485 causa

2086 1535 2371 1579 causarum
2402 1522 2664 1586 omnium,
2689 1522 2744 1576 in
2770 1520 3033 1576 Trinitate
3064 1520 3487 1590 dico,quaedam
3516 1520 3678 1575 intel-

2087 1614 2271 1684 ligitur
2296 1612 2599 1683 praecessio
2622 1613 2664 1644 ²¹
2688 1629 2703 1678 ;
2740 1613 3086 1689 Deitasenim
3117 1613 3343 1682 gignens
3371 1619 3426 1667 et
3456 1612 3675 1665 mittens

2085 1702 2360 1775 praecedit
2390 1702 2654 1757 Deitatem
2686 1688 2941 1773 genitam,
2969 1709 3025 1757 et
3070 1688 3352 1789 Deitatem.
3378 1700 3676 1770 proceden-

380 1786 538 1861 ‘qitod
567 1792 623 1845 in
659 1790 855 1848 ceteris
883 1792 996 1847 suis
1042 1791 1288 1862 partibus
1330 1792 1679 1848 interioribus
1718 1793 1742 1826 ⁸
1782 1792 1989 1848 viliori-
2013 1780 2060 1839 Β
2092 1804 2199 1849 tem
2229 1808 2297 1847 ex
2325 1793 2579 1864 gignente
2603 1799 2657 1845 et
2683 1792 2880 1863 genita,
2915 1792 3041 1846 dum
3071 1791 3141 1846 sit
3174 1806 3278 1845 una
3316 1780 3371 1844 οἰ
3397 1790 3673 1859 insepara-

393 1883 603 1951 busque
653 1896 975 1951 permanere
1034 1882 1366 1953 praevalebit
1414 1883 1479 1937 ⁸2
1536 1882 1594 1937 in
1640 1883 1789 1938 omni
1840 1883 1985 1938 enim

395 1980 621 2041 corpore
636 1980 941 2040 compacto,
970 1970 1097 2027 dum
1126 1986 1211 2035 ea,
1235 1966 1374 2042 quae
1402 1973 1705 2037 continent,
1734 1980 1983 2042 pereunt,

396 2076 539 2130 quae
601 2061 966 2129 continentur,
1009 2076 1291 2117 remanere
1337 2063 1358 2094 "
1409 2076 1516 2118 non
1576 2072 1817 2132 possunt.
1877 2062 1985 2119 Sed

395 2153 520 2220 quia
545 2151 613 2207 ad
635 2151 1119 2223 nihilumpenitus
1168 2153 1347 2207 redire
1390 2167 1495 2207 non
1532 2154 1731 2223 poterit
1771 2154 1817 2220 ⁸,
1857 2169 1988 2223 quo-

393 2243 538 2297 niam
587 2245 701 2299 ex’
732 2238 846 2298 Deo
874 2241 1046 2298 lactus
1071 2251 1178 2308 est,
1226 2251 1283 2298 et
1327 2258 1508 2307 omne,
1563 2245 1709 2314 quod
1757 2259 1825 2299 ex
1872 2244 1987 2299 Deo

394 2332 596 2388 factum
621 2340 729 2399 est,
751 2329 971 2404 semper
1008 2344 1190 2389 manet
1229 2347 1243 2387 :
1286 2334 1416 2403 quid
1470 2336 1525 2390 in
1567 2350 1634 2391 eo
1685 2336 1887 2406 peribit
1929 2345 1988 2390 et

393 2422 527 2491 quid
549 2421 592 2453 “
616 2438 721 2476 non
743 2422 957 2492 peribit,
980 2423 1223 2494 diligenti
1243 2423 1496 2493 indagine
1516 2426 1908 2495 quaerendum,
1932 2434 1988 2479 et

396 2513 451 2565 in
475 2512 619 2568 aliud
648 2521 860 2582 tempus
882 2515 1284 2569 reservandum.
1314 2514 1468 2571 Nunc
1511 2512 1725 2582 autem,
1743 2517 1884 2588 quod
1914 2518 1990 2572 in-

394 2610 526 2668 stat,
548 2617 796 2674 sequere.
813 2602 956 2658 Dtsc.
981 2603 1148 2658 Caute
1169 2619 1234 2659 ac
1256 2605 1545 2675 .vigilanter
1567 2607 1830 2677 disputas.
1848 2608 1987 2663 Msa.

392 2693 727 2748 Coaeternae
748 2692 911 2764 igitur
931 2702 1057 2748 sunt
1079 2693 1118 2728 ³¹
1144 2693 1471 2764 principales
1493 2695 1537 2726 ²¹
1557 2711 1738 2751 rerum
1750 2699 1988 2753 omnium

392 2798 592 2839 causae
616 2784 749 2850 Deo,
779 2794 835 2840 et
861 2784 1148 2856 principio,
1188 2785 1242 2840 in
1279 2803 1389 2856 quo
1428 2786 1605 2844 factae
1654 2799 1797 2844 sunt.
1846 2788 1983 2844 Nam

394 2875 441 2929 si
486 2874 628 2931 Deus
675 2874 822 2930 nullo
870 2878 1030 2932 modo
1074 2877 1353 2946 praecedit
1404 2879 1749 2950 principium,
1806 2880 1857 2935 id
1902 2891 1987 2937 est

396 2966 634 3022 Verbum
669 2982 700 3021 a
729 2982 789 3023 se
817 2982 882 3021 ac
908 2967 976 3022 de
1010 2984 1069 3023 se
1103 2968 1368 3039 genitum,
1413 2970 1695 3041 ipsumque
1741 2970 1980 3028 Verbum

396 3058 545 3113 nullo
580 3058 739 3115 modo
778 3060 1054 3129 praecedit
1097 3060 1270 3120 factas
1312 3062 1365 3116 in
1418 3077 1477 3118 se
1524 3078 1704 3118 rerum
1754 3079 1944 3119 causas

2085 1886 2210 1942 bilis
2238 1884 2422 1939 Deitas
2450 1898 2465 1935 :
2500 1898 2628 1936 num
2670 1884 2716 1916 “
2752 1881 2949 1937 mirum
2983 1890 3075 1936 aut
3120 1871 3453 1945 incredibile,
3485 1894 3678 1935 causa-

2086 1989 2204 2030 rum
2255 1989 2474 2029 causam
2504 1973 2553 2004 ”
2576 1965 2816 2028 omnium
2864 1973 3064 2035 omnia,
3113 1987 3344 2041 quorum
3372 1962 3671 2036 causaest,

2084 2065 2430 2135 praecedere,
2454 2072 2510 2117 et
2540 2063 2592 2117 in
2630 2075 2694 2117 ea
2724 2062 3178 2127 commutabiliter
3221 2062 3677 2132 aeternaliterque

2084 2154 2203 2209 sine
2232 2152 2510 2223 temporali
2542 2152 2697 2206 initio
2718 2150 2920 2207 fuisse?
2942 2151 2998 2207 Si
3023 2165 3153 2223 ergo
3175 2145 3337 2206 Pater
3356 2152 3672 2207 occasiones

2085 2260 2288 2310 rerum,
2310 2259 2446 2314 quas
2473 2245 2601 2300 fecit
2629 2245 2682 2299 in
2713 2244 2852 2299 Filio
2878 2234 2943 2299 eo
2972 2244 3145 2306 modo.
3172 2259 3280 2314 quo
3318 2243 3488 2298 factor
3532 2242 3676 2297 facta

2087 2352 2205 2401 sua,
2236 2343 2293 2390 et
2325 2332 2561 2389 Verbum
2611 2348 2695 2399 ea,
2750 2348 2890 2404 quae
2924 2333 3093 2390 Pater'
3125 2334 3179 2388 in
3229 2348 3287 2389 se
3335 2333 3385 2365 “
3433 2332 3561 2387 fecit
3610 2347 3677 2387 eo

2087 2425 2267 2491 modo,
2297 2439 2405 2495 quo
2450 2439 2543 2479 ars
2574 2424 2798 2480 artiﬁcis
2839 2439 2933 2479 eas
2968 2426 3227 2490 rationes,
3258 2440 3397 2495 quae
3439 2424 3491 2478 in
3520 2436 3585 2478 ea
3606 2422 3672 2476 al:

2087 2516 2295 2571 artiﬁce
2319 2517 2644 2581 conduntur,
2671 2516 2943 2585 praecedit
2969 2534 2982 2570 :
3008 2516 3135 2585 quid
3161 2515 3362 2581 obstat,
3387 2514 3431 2570 si
3455 2522 3675 2569 sanctus

2090 2606 2325 2677 Spiritus
2353 2607 2423 2673 ’⁸,
2456 2607 2547 2676 qui
2586 2621 2747 2676 super
2790 2608 2840 2660 al
2859 2621 3045 2677 yssum
3089 2606 3519 2676 primordialium
3550 2594 3675 2659 cau-

2089 2711 2294 2760 sarum,
2332 2711 2469 2766 qttas
2501 2695 2664 2750 Pater
2714 2697 2767 2750 in
2815 2695 2990 2751 Verbo
3043 2697 3272 2760 creavit,
3314 2694 3671 2764 superfertur,

2088 2787 2206 2851 his,
2295 2787 2493 2857 quibus
2568 2787 2931 2857 superfertur,
2990 2802 3241 2858 praeesse
3308 2787 3679 2856 intelligatur?

2090 2876 2322 2947 Spiritus
2350 2893 2478 2948 ergo
2504 2889 2725 2934 sanctus
2764 2878 3022 2950 mysticas
3055 2893 3248 2949 aquas,
3274 2895 3411 2948 quas
3439 2878 3593 2952 fovet
3617 2887 3673 2933 et

2090 2969 2341 3024 fecundat
2375 3009 2389 3034 ,
2442 2970 2494 3023 in
2546 2970 2724 3039 seipse
2770 2970 3116 3024 aeternaliter
3167 2968 3504 3024 aeternitatis
3544 2982 3674 3022 suae

2088 3061 2289 3114 virtute
2309 3068 2365 3112 et
2386 3068 2608 3128 superat
2631 3069 2687 3113 et
2702 3061 2996 3130 praecedit.
3056 3061 3163 3116 Sed
3190 3061 3235 3115 si
3267 3061 3401 3114 haec
3429 3060 3671 3129 rationa-

398 3106 540 3113 ηρ---
580 3106 735 3115 η---
780 3106 1053 3129 ,._---.-.-
1097 3106 1269 3120 ην---
1418 3106 1477 3118 ..ν
1524 3106 1704 3118 ..,......
1755 3106 1977 3130 νην-υ,
2101 3106 2288 3114 ..--_--
2314 3106 2607 3128 ---μμ-η
2635 3106 2996 3130 --ν-ηπ.-.
3057 3106 3163 3116 ..νη
3190 3106 3235 3115 υ.
3267 3106 3400 3114 -.κη
3431 3106 3640 3129 Tn---“

397 3151 661 3218 sequitur,
710 3151 846 3206 haec
896 3151 1107 3216 omnia,
1156 3153 1324 3209 Deum
1370 3152 1584 3210 Patrem
1632 3156 1772 3220 dico,
1829 3164 1885 3211 et
1933 3157 1979 3189 ⁸³
2011 3110 2056 3173 C
2089 3149 2270 3205 biliter
2316 3163 2571 3217 responsa
2617 3159 2742 3204 sunt
2785 3152 2852 3205 de
2897 3151 3208 3207 conditione
3256 3146 3683 3220 principiorum,-

397 3237 655 3302 Verbum,
684 3254 974 3310 rerumque
998 3240 1250 3296 “causas
1271 3242 1327 3297 in
1365 3258 1430 3299 eo
1475 3243 1649 3300 factas
1693 3256 1978 3302 coaeterna

393 3344 532 3383 esse.
564 3328 711 3384 Dtsc.
744 3328 859 3384 Non
887 3331 1108 3385 omnino
1133 3340 1419 3389 coaeterna
1440 3343 1586 3390 sunt.
1616 3334 1752 3391 Nam
1774 3337 1974 3392 Filium

391 3416 536 3472 Patri
561 3427 909 3474 coaeternum
935 3436 1054 3475 esse
1081 3421 1127 3452 ⁸⁵
1154 3423 1376 3478 omnino
1400 3424 1696 3491 credimus,
1732 3441 1795 3481 ea
1827 3443 1976 3494 vero,

387 3524 526 3578 quae
549 3508 678 3565 facit
696 3509 923 3565 Paterin
941 3512 1095 3578 Filio,
1110 3523 1398 3570 coaeterna
1423 3530 1543 3572 esse
1557 3516 1697 3572 Filio
1721 3518 1969 3585 dicimus,

2085 3241 2212 3311 quid
2239 3238 2398 3295 veluti
2421 3240 2729 3310 specialiter
2757 3240 2929 3307 Patri,
2951 3242 3079 3311 qttid
3106 3240 3306 3306 Verbo,
3331 3239 3459 3310 quid
3482 3226 3671 3294 sancto

2085 3330 2311 3402 Spirittti
2347 3334 2747 3389 attribuendum
2786 3334 3017 3401 videtur,
3062 3334 3222 3405 plane
3270 3332 3539 3389 edisseras
3575 3329 3669 3386 lla-

2084 3427 2214 3494 gito.
2472 3456 2475 3457 ν
2504 3431 2510 3437 ”

2152 3515 2243 3570 22.
2286 3515 2603 3585 Quanquam
2631 3512 2975 3572 entm'trium
3010 3514 3431 3570 substantiarum
3460 3512 3677 3568 divinae

393 3617 497 3656 non
544 3610 719 3658 autem
776 3604 1000 3658 omnino
1046 3614 1331 3661 coaeterna
1369 3626 1382 3659 :
1414 3618 1702 3663 coaeterna
1737 3610 1975 3679 quidem,
2083 3609 2341 3663 bonitatis
2368 3623 2473 3662 una
2505 3618 2666 3677 atque
2696 3610 2884 3663 eadem
2913 3607 3319 3675 communisque
3344 3605 3595 3659 credatur
3619 3613 3672 3658 et

392 3691 516 3759 quia
539 3708 809 3762 nunquam
828 3693 929 3748 fuit
954 3694 1124 3750 Filius
1146 3695 1193 3746 θ’
1218 3695 1335 3752 sine
1361 3697 1797 3768 primordialibus
1817 3710 1981 3754 natu-
2080 3700 2408 3771 intelligatur
2436 3715 2556 3757 esse
2582 3702 2846 3772 operatio,
2885 3700 3029 3771 nulla
3062 3708 3243 3753 tamen
3269 3696 3571 3754 dili‘erentia
3607 3712 3670 3750 ac

389 3800 575 3839 rarum
620 3787 800 3841 causis
839 3786 882 3819 ¹⁷
920 3788 974 3842 in
1019 3803 1078 3844 se
1127 3787 1302 3845 factis.
1351 3790 1503 3857 Quae
1552 3797 1731 3844 tamen
1781 3806 1978 3846 causae
2080 3792 2412 3861 proprietate
2460 3792 2743 3848 dicendum
2796 3800 2880 3846 est
2916 3806 3139 3856 carere;
3184 3798 3308 3845 sunt
3334 3790 3501 3856 enim,
3531 3802 3675 3857 quae

393 3892 499 3930 non
524 3876 742 3932 omnino
768 3878 840 3942 ei,
871 3879 926 3932 in
954 3896 1062 3949 quo
1085 3879 1264 3936 factae
1290 3890 1436 3946 sunt,
1466 3890 1787 3937 coaeternae
1816 3892 1973 3949 sunt;
2080 3883 2305 3953 singulis
2328 3884 2574 3952 personis
2600 3883 2763 3937 veluti
2793 3884 3026 3951 quadam
3058 3881 3385 3951 proprietate
3420 3895 3450 3932 a
3482 3887 3667 3934 sancta

392 3980 501 4019 non
554 3966 698 4021 enim
738 3966 930 4023 factori
989 3969 1130 4025 facta
1193 3979 1481 4026 coaeterna
1530 3984 1652 4026 esse
1710 3982 1975 4041 possunt;
2084 3970 2350 4039 theologia
2380 3971 2792 4035 distribuuntur,
2832 3985 3061 4039 quorum
3110 3968 3358 4037 exempla
3396 3976 3523 4022 nota
3578 3969 3673 4022 tibi

390 4056 667 4125 praecedit
708 4058 853 4112 enim
902 4057 1075 4115 factor
1125 4075 1188 4114 ea
1237 4074 1377 4131 quae
1434 4059 1580 4115 facit.
1637 4060 1777 4115 Nam
1835 4077 1977 4131 quae
2080 4078 2201 4117 esse
2242 4075 2350 4116 non
2396 4061 2603 4117 dubito.
2659 4061 2768 4115 Sed
2817 4070 2878 4114 ut
2912 4059 3100 4130 paucis
3140 4069 3360 4113 utamur
3388 4057 3670 4125 exemplis,

388 4148 611 4203 omnino
630 4159 921 4206 coaeterna
943 4162 1086 4215 sunt,
1109 4152 1180 4206 ita
1202 4152 1302 4207 sibi
1324 4150 1559 4207 invicem
1583 4152 1975 4218 coatlunantur,
2080 4154 2355 4226 proprium
2402 4150 2579 4207 Patris
2638 4150 2919 4205 audiamus
2977 4149 3158 4203 divino
3208 4150 3307 4202 ere
3359 4147 3612 4216 loquente
3656 4164 3671 4199 :

388 4244 451 4290 nt
476 4237 678 4291 nullum
711 4238 829 4293 sine
857 4238 1026 4294 altero
1066 4241 1236 4310 possit
1284 4256 1527 4307 manere,
1559 4239 1682 4309 quia
1727 4254 1978 4294 coessen-
2079 4247 2219 4301 Dum
2246 4246 2380 4300 venit
2401 4243 2668 4316 plenitudo
2700 4252 2989 4312 temporum
3021 4240 3089 4305 “,
3116 4241 3257 4293 misit
3301 4239 3440 4293 Deus
3470 4237 3672 4290 Filium

389 4327 535 4383 tialia
558 4338 701 4384 sunt.
739 4329 938 4385 Factor
957 4340 1136 4386 autem
1179 4342 1235 4387 et
1271 4331 1501 4399 factum,
1525 4332 1784 4402 quoniam
1812 4346 1973 4387 coes-
2078 4351 2231 4391 suum
2266 4334 2464 4404 factum
2489 4348 2556 4388 ea:
2580 4330 2817 4396 muliere,
2843 4330 3039 4399 factum
3063 4345 3127 4383 ea:
3154 4328 3265 4398 lege
3294 4329 3366 4393 ’⁷,
3390 4327 3669 4396 proprium

386 4419 631 4475 sentialia
662 4437 769 4477 non
792 4430 937 4487 sunt,
966 4438 1071 4478 non
1095 4434 1362 4494 coguntur
1393 4438 1515 4479 esse
1544 4431 1852 4488 coaeterna,
1882 4437 1974 4478 co-
1999 4463 2051 4521 D
2078 4425 2196 4480 Filii
2226 4442 2241 4479 :
2275 4421 2379 4489 Qui
2402 4439 2520 4477 cum
2543 4422 2598 4476 in
2628 4419 2799 4491 forma
2830 4421 2926 4473 Dei
2953 4428 3105 4484 esset,
3132 4435 3236 4473 non
3263 4418 3501 4489 rapinam
3534 4416 3673 4470 arbi-
3732 4443 3738 4447 -

386 4518 590 4579 gutttur
619 4521 796 4567 autem
842 4529 1057 4585 semper
1100 4530 1221 4570 esse
1266 4515 1491 4570 relativa
1531 4524 1585 4572 et
1623 4515 1783 4571 simul
1827 4529 1970 4582 esse,
1999 4507 2047 4521 ν
2080 4520 2261 4571 tratus'
2276 4523 2373 4579 est,
2399 4529 2508 4568 esse
2528 4528 2585 4566 se
2605 4510 2873 4581 aequalem
2893 4510 3127 4573 Deo,sed
3149 4509 3478 4580 semetipsum
3495 4507 3672 4561 exina-

386 4600 510 4669 quia
538 4598 712 4656 factor
737 4602 856 4658 sine
880 4604 1024 4659 l'acto
1051 4620 1156 4658 non
1180 4613 1263 4660 est
1287 4604 1481 4670 factor,
1517 4612 1572 4661 et
1613 4604 1818 4662 factum
1856 4606 1975 4661 sine
2082 4605 2230 4668 nivit,
2262 4604 2489 4673 formam
2515 4602 2648 4656 servi
2671 4600 2929 4670 accipiens
2953 4601 3021 4663 “,
3053 4609 3107 4654 et
3134 4601 3359 4670 reliqua.
3387 4599 3671 4669 Proprittm

387 4692 589 4750 factore
613 4680 727 4751 non
751 4704 833 4751 est
871 4695 1095 4758 factum.
1143 4696 1280 4751 llinc
1326 4697 1629 4764 coniicitur,
1673 4699 1818 4770 quod
1851 4698 1974 4753 ideo
2082 4695 2316 4764 Spiritus
2341 4693 2514 4749 sancti
2540 4693 2594 4747 in
2617 4690 3084 4746 administratione
3123 4692 3511 4748 incarnationis
3535 4692 3672 4747 Ver-

384 4784 759 4854 primordiales
802 4802 983 4841 rerum
1034 4800 1227 4841 causas
1277 4786 1385 4843 Deo
1423 4798 1739 4845 coaeternas
1768 4805 1888 4845 esse
1928 4788 1970 4818 ³⁸
2081 4787 2132 4841 bi
2158 4787 2203 4822 ²⁹
2226 4785 2577 4857 Evangelium
2606 4781 2935 4845 manifestat,
2962 4784 3172 4840 dicente
3187 4786 3380 4855 angelo
3402 4784 3468 4839 de
3488 4792 3675 4838 sancta

385 4873 634 4941 dicimus,
676 4875 804 4946 quia
851 4891 1071 4947 semper
1114 4878 1166 4931 in
1214 4876 1321 4935 Deo
1363 4879 1481 4936 sine
1535 4881 1644 4935 ullo
1689 4879 1970 4951 temporali
2078 4878 2173 4933 Dei
2195 4878 2453 4948 genitrice
2481 4895 2494 4931 :
2523 4874 2675 4943 Quod
2698 4874 2752 4929 in
2775 4891 2837 4929 ea
2864 4886 3042 4930 natum
3062 4886 3159 4943 est,
3180 4876 3245 4931 de
3267 4876 3468 4947 Spiritu
3493 4884 3674 4931 sancto

1672 5032 1927 5091 VARIAE
1962 5032 2360 5091 LECTIONES.

464 5148 480 5178 ¹
507 5145 600 5202 Sic
621 5147 786 5214 CDE;
815 5151 857 5226 ᾼ
894 5150 1286 5226 hunc__locunt_
1304 5149 1610 5226 scripturae
1641 5149 2002 5226 intelligit;__'
2043 5147 2135 5226 Sic
2156 5147 2280 5226 C_E_;
2394 5153 2517 5226 post
2561 5147 2986 5226 ett‘nilmttltilttm
3031 5159 3140 5226 om.
3168 5142 3277 5226 υ),
3335 5143 3470 5226 {sic
3504 5143 3681 5226 ,δ

366 5228 505 5287 post
535 5234 654 5271 eum
688 5213 797 5272 om.
825 5220 891 5274 Α.
963 5219 1115 5276 “Sic
1156 5220 1388 5285 CDE;A
1415 5213 1470 5273 id
1498 5228 1602 5274 est.
1679 5221 1700 5252 ⁸
1735 5213 1831 5274 sui
1872 5219 2034 5282 CDE;
2087 5219 2131 5271 A
2176 5213 2533 5340 ingerioribus.
2609 5216 2631 5247 ⁸
2659 5213 2750 5270 Sic
2801 5216 2971 5277 CDE;
3027 5216 3071 5267 A
3117 5213 3453 5281 permanebit.
3529 5214 3550 5243 ⁷
3582 5214 3677 5268 Sic'

382 5286 553 5340 CDE:
584 5287 629 5340 A
662 5290 878 5340 retinere
904 5292 1337 5340 remanentium.
1412 5291 1437 5323 ⁸
1466 5290 1557 5340 Sic
1596 5288 1759 5340 CDE:
1804 5289 1850 5340 A
1898 5289 2084 5340 notuit.
2160 5285 2181 5317 ⁸
2271 5286 2319 5340 ic
2352 5285 2514 5340 CDE:
2544 5285 2585 5339 Α
2611 5302 2664 5339 α.
2743 5285 2785 5317 ⁸⁸
2827 5285 2919 5339 Sic
2962 5282 3126 5340 ADE;
3162 5282 3202 5333 Α
3251 5282 3411 5340 quid;
3446 5280 3487 5335 C
3512 5282 3669 5340 quod.

382 5284 553 5388 aut};
584 5287 629 5340 A
662 5290 878 5375 retinere
904 5284 1376 5372 permanentiant.‘
1412 5291 1437 5323 ⁸
1466 5290 1557 5345 Sic
1596 5288 1760 5355 CDE;
1792 5289 1850 5370 Ἀ
1897 5289 2084 5371 potuit.
2160 5285 2181 5317 ⁸
2228 5284 2319 5368 Sic
2352 5285 2514 5350 CDE;
2544 5285 2585 5339 A
2611 5302 2664 5339 a.
2743 5285 2785 5317 ⁸⁸
2827 5285 2919 5339 Sic
2962 5284 3126 5363 ADE;
3162 5284 3202 5333 Α
3251 5284 3411 5403 (Eua;
3446 5284 3487 5335 C
3512 5284 3669 5347 quod.

463 5369 554 5412 Stc
578 5357 744 5416 CDE:
777 5359 825 5412 A
850 5373 968 5414 sunt
995 5370 1173 5416 untur.
1252 5361 1296 5392 “
1321 5359 1413 5415 Stc
1453 5359 1619 5416 CDE:
1649 5360 1694 5414 A
1722 5357 2109 5416 nrtmordrales.
2185 5355 2231 5387 “
2262 5354 2354 5410 Stc
2379 5355 2555 5416 CDE;
2600 5365 2648 5409 et
2692 5369 2801 5410 om.
2828 5355 2892 5407 Α.
2997 5352 3020 5383 ’⁵
3047 5352 3137 5406 Stc
3163 5350 3251 5403 CD
3323 5366 3338 5415 ;
3386 5350 3431 5402 -A
3478 5367 3669 5404 rerum.

388 5378 430 5388 ’-
464 5378 554 5412 διε
578 5378 744 5424 ιευιδς
777 5378 825 5412 A
850 5378 968 5414 sunt
995 5378 1173 5431 igitur.
1252 5378 1296 5392 "
1321 5378 1413 5415 διο
1453 5378 1619 5425 huc;
1649 5378 1694 5414 Α
1722 5378 2109 5427 prtmorarates.
2185 5378 2231 5387 --
2263 5378 2354 5410 an:
2379 5378 2555 5420 bum;
2600 5378 2648 5409 et
2692 5378 2801 5410 om.
2828 5378 2892 5407 ιιι.
3004 5378 3017 5383 -
3048 5378 3137 5406 Du:
3163 5378 3296 5403 um
3323 5378 3338 5415 ,
3386 5378 3431 5402 η
3478 5378 3669 5404 rerum.

385 5428 435 5458 ¹⁸
465 5426 556 5483 Sic
583 5426 757 5498 CDE;
798 5446 909 5484 esse
951 5444 1058 5484 om.
1118 5431 1185 5485 Α.
1262 5431 1308 5464 ³⁸
1354 5429 1445 5486 Sic
1490 5429 1659 5495 CDE;
1709 5429 1871 5498 ﬁlius,
1900 5443 2009 5483 om.
2061 5429 2130 5481 Α.
2208 5426 2273 5498 ³7-
2297 5424 2389 5498 Sic
2614 5425 2670 5498 A_
2695 5425 2813 5479 sine
2843 5420 3271 5498 primordialibus
3304 5420 3477 5498 causis
3502 5418 3674 5475 Filius

385 5497 718 5579 naturalibus
743 5488 793 5555 et
820 5500 961 5583 innse
984 5500 1141 5583 factis
1168 5508 1332 5583 ceti“
1372 5501 1533 5583 “ASic
1576 5488 1747 5583 CMF;
1784 5488 1894 5583 esse
1914 5512 2037 5583 tam.
2054 5499 2184 5583 ,ῥέῃ
2235 5495 2396 5583 ⁸⁹Δδίο
2425 5494 2609 5583 (ἐωξὶ
2732 5488 2929 5583 quaex."
2973 5492 3164 5583 "‘ipse
3200 5505 3318 5542 vero
3349 5488 3584 5572 Creator_
3607 5521 3679 5547 -τ

384 5569 565 5636 mcipit
593 5584 703 5624 esse
729 5585 841 5624 om.
872 5571 935 5626 C.
1003 5572 1047 5602 "
1081 5570 1172 5625 Sic
1200 5570 1446 5632 CDE;A
1480 5561 1762 5641 processio.
1837 5570 1884 5601 ³³
1913 5566 2004 5622 Sic
2052 5566 2220 5632 CDE;
2273 5565 2318 5619 Α
2361 5581 2511 5619 nam.
2562 5565 2610 5596 ²³
2652 5561 2753 5616 εἰσ
2795 5561 2929 5615 CDE
2953 5577 2966 5622 ;
3015 5562 3060 5613 A
3112 5574 3394 5612 causarum
3443 5562 3680 5614 omnium

386 5653 623 5690 musam.
700 5640 748 5671 “
780 5639 873 5694 Sic
918 5640 1091 5699 CDE;
1124 5642 1167 5693 Λ
1204 5641 1258 5693 in
1289 5639 1448 5694 Filio.
1525 5641 1572 5672 “
1620 5640 1712 5694 Sic
1757 5638 1875 5699 CE;
1921 5637 2012 5691 AD
2059 5637 2289 5699 Spiritus
2327 5645 2561 5690 sanctus.
2637 5633 2683 5665 ”
2714 5630 2804 5687 Sic
2850 5630 3015 5691 CDE;
3066 5630 3109 5682 A
3161 5630 3441 5699 temporis.
3492 5631 3557 5699 7"
3584 5630 3678 5684 Sic

388 5653 623 5690 t'ttttsttm.
701 5653 748 5671 "
780 5653 873 5694 διε
918 5653 1091 5703 CUI);
1124 5653 1167 5693 Λ
1205 5657 1258 5693 Ill
1289 5653 1448 5694 l'tlto.
1525 5653 1572 5672 "
1620 5653 1712 5694 διε
1757 5653 1875 5703 (λιες
1921 5653 2012 5691 AD
2059 5653 2289 5706 bptt'tttts
2327 5653 2561 5690 sanctus.
2639 5653 2683 5665 "
2715 5653 2804 5687 att:
2850 5653 3015 5691 ιιυνις
3066 5653 3109 5682 Α
3162 5653 3441 5699 tetttpurts.
3516 5653 3591 5680 --ς

388 5700 553 5772 ευΕς
582 5707 625 5760 Α
651 5709 846 5777 factum
870 5726 934 5762 ex
960 5710 1067 5777 lege
1089 5711 1127 5777 ι’.
1155 5726 1199 5763 e.
1226 5727 1297 5763 ηε.
1368 5711 1411 5745 ’⁸
1442 5710 1534 5766 Sic
1577 5710 1739 5776 CDE;
1768 5714 1808 5765 Δ
1833 5728 1862 5763 a
1892 5718 1964 5763 est
1995 5724 2103 5762 esse
2133 5726 2177 5763 ε.
2200 5726 2251 5762 u.
2280 5706 2333 5760 d.
2362 5722 2404 5759 ε.
2439 5722 2482 5759 s.
2512 5720 2558 5758 ε.
2589 5703 2628 5772 Ῑ.
2664 5719 2763 5757 ια.
2840 5702 2884 5735 '9
2913 5701 3001 5756 Sic
3029 5700 3190 5765 CDE;
3221 5700 3260 5754 A
3294 5700 3443 5756 verbi
3474 5698 3591 5756 Dei.
