2118 3137
199 172 258 218 ὅρὅ

613 175 657 202 DE
677 174 847 203 DIVISIONE
867 174 1044 202 NATURAE.
1064 190 1098 195 -—
1117 175 1218 202 LIBER
1238 175 1430 205 SECUNDUS.

1782 179 1833 207 566

198 230 302 267 pietatis
313 235 338 258 et
353 231 361 246 ¹
376 230 491 266 implebit
506 231 526 246 "
543 238 600 258 cum
613 231 721 265 spiritus
736 231 837 257 timoris
855 230 961 257 Domini
981 231 992 245 ’
1006 236 1030 264 Α
1045 230 1176 258 donorum
1196 235 1286 258 autem
1314 232 1531 260 distributionem
1558 233 1634 268 quasi
1658 234 1793 268 quandam
1812 235 1834 251 ¹⁶

199 285 268 312 quos
293 284 387 304 omnes
411 277 532 311 spiritus,
545 276 597 304 hoc
610 276 682 309 'est,
701 283 769 310 quas
789 283 883 303 omnes
907 276 992 304 dona-

200 323 288 350 tiones
308 322 435 357 Spiritus,
451 326 532 357 caput
550 321 697 354 Ecclesiae,
712 321 785 356 quod
798 325 841 348 est
856 321 992 354 Christus,

199 368 288 403 primo
298 366 445 395 secundum
455 366 650 393 humanitatem
659 365 806 400 accipiens,
817 366 925 400 corpori
933 372 992 399 suo,

200 413 336 440 Ecclesiae
352 419 427 445 suae,
441 419 490 446 per
505 411 638 447 Spiritum
651 416 774 438 sanctum
794 411 920 446 partitur.
935 411 994 445 lpse

199 464 288 486 autem
317 458 436 493 Spiritus
453 463 583 491 sanctus,
600 458 671 485 sicut
684 458 712 484 in
725 462 822 484 natura
844 458 993 484 secundum

199 505 345 531 essentiam
359 503 484 531 subsistit
498 503 547 530 Dei
560 508 588 530 et
606 502 707 535 Patris,
723 503 763 530 sic
783 506 810 530 et
825 502 852 529 in
869 501 930 528 Filii
946 508 994 528 na-

199 553 260 575 tura
290 553 333 576 est
360 548 510 575 secundum
538 548 686 575 essentiam
707 548 736 580 δ,
763 548 826 582 quia
853 555 887 574 ex
913 546 994 573 Patre

199 593 417 622 substantialiter
429 601 477 628 per
490 593 587 621 Filium
602 598 695 620 natum
712 593 886 620 inell‘abilitcr
899 600 996 628 proce-

199 639 248 666 dit.
260 639 299 666 Ac
310 646 358 674 per
371 639 423 666 hoc
434 638 514 671 dona,
527 646 598 673 quae
609 638 758 671 distribuit,
766 646 819 666 non
831 646 879 666 sua
890 638 993 666 solum-

201 685 281 711 modo
294 689 366 717 sunt,
380 683 427 711 sed
441 688 469 711 ct
482 684 582 717 Patris,
598 691 632 711 ex
647 685 709 719 fquo
726 684 856 719 procedit,
872 688 900 711 et
919 683 994 716 Filii,

182 728 184 730 ’
201 738 217 757 a
242 739 296 766 quo
310 735 338 758 et
355 739 403 765 per
413 738 492 766 quem
506 731 638 765 procedit.
660 729 693 757 Et
710 738 745 757 ne
760 730 899 762 aestimes,
923 729 993 756 mul-

202 776 324 804 tiformes
347 777 505 803 donationes
530 775 665 810 Spiritus,
691 775 789 810 quibus
817 775 993 802 multiformia

199 822 304 856 peccati
315 821 450 857 genimiua
466 821 640 856 expelluntur
651 821 685 848 ab
696 821 817 849 Ecclesia
833 822 993 856 penitusque

198 866 403 901 extinguuntur,
417 865 489 893 solas
503 873 551 900 per
566 866 699 901 Spiritum
722 866 893 893 distributas.
916 866 993 894 Facit

1043 275 1236 310 proprietatem
1254 276 1274 291 “
1296 276 1409 311 Spiritui
1436 282 1529 304 sancto
1546 278 1679 313 theologia
1714 278 1833 306 dedicat.

1043 320 1139 348 Omnia
1155 321 1246 356 igitur,
1254 329 1324 356 quae
1339 321 1420 348 Pater
1431 322 1456 348 iu
1469 322 1537 349 Filio
1553 323 1627 355 facit,
1641 323 1759 357 Spiritus
1773 331 1834 350 sau-

1043 371 1102 394 ctus
1127 366 1275 399 distribuit,
1303 371 1330 394 et
1351 366 1497 401 unicuique
1522 367 1640 402 propria,
1664 372 1744 402 prout
1767 368 1833 401 vult,

1044 414 1146 442 dividit.
1164 414 1280 442 Videsne
1295 414 1387 449 igitur,
1404 415 1539 449 quomodo
1565 415 1699 450 theologia
1721 415 1835 451 singulis

1044 459 1151 486 divinae
1163 459 1291 486 bonitatis
1305 459 1464 486 substantiis
1482 466 1528 486 seu
1544 460 1667 494 personis
1678 468 1742 487 suas
1752 459 1835 488 veluti

1044 504 1223 538 proprietates
1234 504 1299 531 dare
1317 504 1498 538 intelligitur?
1525 504 1599 531 Patri
1625 505 1697 531 enim
1717 504 1762 532 dat
1776 512 1834 531 om-

1044 549 1088 575 nia
1112 548 1212 582 facere,
1230 548 1319 576 Verbo
1332 549 1378 576 dat
1390 555 1484 576 omnes
1508 549 1534 576 in
1551 549 1608 583 ipso
1632 548 1834 581 univcrsaliter,

1043 593 1232 626 essentialiter,
1249 594 1418 629 simpliciter,
1430 594 1618 629 primordiales
1629 602 1720 622 rerum
1736 602 1834 622 causas

1044 638 1218 666 aeternaliter
1242 638 1299 666 ficri
1312 647 1318 671 ;
1337 638 1448 673 Spiritui
1461 639 1483 654 “
1498 639 1543 666 dat
1558 639 1630 673 ipsas
1644 638 1834 673 primordiales

1044 684 1151 716 Causas,
1164 683 1190 710 in
1202 683 1290 711 Verbo
1302 683 1434 716 factas,iu
1445 683 1557 711 eﬂ‘ectus
1567 692 1629 711 suos
1641 683 1799 711 fecundatas
1811 684 1834 700 ⁸³

1044 729 1215 762 distribuere,
1231 730 1283 757 hoc
1296 734 1348 762 est,
1365 730 1390 757 in
1404 734 1503 765 genera
1517 735 1545 757 et
1569 731 1683 765 species,
1708 737 1837 758 numeros

1044 775 1279 810 dill'erentiasque,
1296 775 1353 803 sive
1379 776 1536 803 caelestium
1549 780 1576 803 et
1589 776 1769 811 spiritualium
1792 783 1836 803 es-

1044 822 1192 848 sentiarum
1207 822 1366 856 corporibus
1378 822 1489 849 omnino
1500 823 1661 854 carentium,
1678 830 1724 850 seu
1741 822 1833 857 puris-

1044 866 1121 894 simis
1141 866 1378 901 spiritualibusque
1396 867 1564 901 ’corporibus
1581 875 1614 895 ex
1640 867 1835 894 catholicorum

197 912 271 938 enim
293 911 428 946 sapientia
446 911 683 946 iuteremptionem
708 911 890 946 insipientiae,
911 911 991 938 intel-
1005 908 1027 937 Β
1041 911 1237 939 elementorum
1251 911 1425 945 simplicitate
1441 911 1519 939 factis
1542 912 1761 945 adhaerentium,
1786 919 1834 939 seu

199 957 285 984 lectus
315 956 447 984 stultitiae
472 957 652 990 ablutionem,
683 957 828 984 consilium
862 957 994 985 indiscre-

202 1003 283 1030 tionis
314 1003 536 1035 destructionem,
566 1002 696 1029 fortitudo
730 1002 897 1030 infirmitatis
922 1002 994 1029 solu-

202 1049 317 1082 tionem,
350 1048 463 1076 scicntia
491 1049 659 1083 ignorantiae
687 1049 878 1080 abolitionem,
907 1049 994 1082 pietas

200 1094 346 1128 impietatis
356 1095 418 1120 etin
429 1094 485 1128 ipsa
498 1101 608 1128 operum
618 1094 758 1128 pravitatis
766 1094 991 1127 persecutionem,

201 1139 281 1166 timor
295 1143 464 1173 contemptus
481 1138 564 1174 abigit
588 1140 757 1165 caecitatem.
785 1138 995 1172 Sedctpraeler

201 1185 269 1211 haec
280 1184 348 1211 dona
361 1184 473 1218 gratiae,
486 1184 583 1218 quibus
594 1189 619 1211 et
632 1189 774 1219 purgatur,
787 1189 814 1211 et
825 1185 991 1216 aedificatur,

200 1233 228 1254 et
243 1228 423 1260 illuminatnr,
438 1232 464 1255 et
478 1228 616 1262 perﬁcitur
630 1229 760 1261 Ecclesia,
785 1229 917 1257 bonorum
933 1237 994 1256 om-

202 1274 277 1300 nittm
292 1274 463 1306 donationes,
479 1281 548 1308 quae
561 1278 587 1301 et
599 1275 746 1301 secundum
759 1275 906 1301 essentiam
921 1279 993 1308 sunt,

200 1324 227 1346 et
238 1319 386 1346 secundutn
398 1319 529 1345 naturalia
544 1320 706 1351 accidentia,
717 1328 769 1346 non
783 1320 890 1346 aliunde
902 1320 995 1347 venire

200 1372 280 1391 nemo
295 1363 414 1391 fidelium
429 1364 533 1391 dubitat
545 1365 567 1398 ',
579 1360 631 1392 nisi
641 1373 675 1392 ex
687 1372 767 1393 causa
778 1366 897 1394 omnium
911 1366 994 1394 bono-

200 1418 270 1442 rum,
285 1417 318 1436 ex
342 1410 422 1437 Patre
437 1411 508 1444 dico,
523 1419 554 1439 ex
570 1419 623 1446 quo
646 1412 747 1445 omnia,
760 1420 810 1447 per
830 1411 926 1440 Filium
940 1433 947 1446 ,
965 1413 992 1440 in

200 1462 254 1487 quo
267 1460 330 1482 sunt
353 1456 453 1489 omnia,
480 1463 531 1483 nec
553 1464 647 1484 eorum
671 1457 682 1473 ⁸
702 1465 751 1492 per
769 1457 851 1486 alium
874 1458 924 1486 nisi
943 1466 993 1493 per

201 1498 332 1532 Spiritum
348 1504 470 1527 sanctum
495 1508 555 1528 esse
578 1501 813 1535 distributionem,
827 1503 872 1538 qui
896 1503 993 1531 dividit

201 1544 292 1571 omnia
306 1545 432 1572 omnibus
444 1550 523 1580 prout
536 1546 602 1573 vult.
617 1547 710 1580 Omne,
727 1548 815 1583 inquit
838 1548 989 1584 theologus,

201 1587 293 1614 datum
304 1588 429 1622 optimum
444 1594 468 1616 et
485 1598 559 1617 omne
573 1591 670 1618 donum
685 1582 828 1627 perfectum
851 1582 988 1620 desursum
1002 1582 1025 1613 (ἶ

200 1637 238 1658 εει
259 1632 416 1660 descendens
431 1643 446 1661 α
469 1634 549 1662 Putre
570 1633 698 1664 luminum
713 1638 734 1664 ".
758 1637 828 1671 Quid
849 1640 991 1675 apertius?

201 1677 271 1709 Quid
289 1677 410 1706 clarius?
425 1679 486 1707 Non
506 1681 624 1715 aliunde,
651 1683 699 1715 ait,
715 1684 765 1710 nisi
778 1692 794 1711 a
811 1683 892 1711 Patre
914 1684 992 1711 Iumi-

199 1730 272 1756 nam,
285 1723 337 1750 hoc
352 1729 409 1757 est,
424 1732 439 1751 a
453 1724 533 1753 Patre
547 1726 667 1754 omnium
690 1728 833 1762 bonorum,
847 1737 917 1765 quae
929 1734 992 1757 sunt

198 1769 345 1796 secundum
361 1774 532 1804 naturam,ct
544 1779 612 1807 quae
627 1778 692 1801 sunt
702 1775 850 1802 secundum
864 1775 989 1810 gratiam.

198 1812 310 1841 l’ulchre
321 1814 454 1849 siquidem
466 1815 568 1844 lumina
582 1817 710 1845 dicuntur
723 1819 815 1846 omnia
828 1819 909 1851 dona,
921 1827 990 1854 quae

197 1865 230 1884 cx
247 1858 363 1893 ingenito
383 1859 484 1887 lumine
498 1868 547 1895 per
562 1862 680 1897 genitum
705 1863 795 1891 lumen
810 1864 988 1897 descendunt,

197 1906 223 1928 et
237 1909 285 1935 per
301 1904 448 1937 procedens
461 1904 562 1939 lumen,
575 1911 655 1941 prout
669 1911 710 1935 est
720 1908 855 1942 eapacilas
876 1914 990 1936 naturae

198 1951 227 1973 ct
239 1947 348 1982 largitas
365 1950 478 1984 gratiae,
492 1951 520 1978 in
537 1952 749 1988 uniuscujusque
761 1953 771 1969 ⁸
785 1954 843 1981 sive
854 1955 989 1989 generalis

197 1993 256 2021 siVe
270 1993 394 2027 specialis
407 1996 540 2025 essentiae
552 1997 716 2025 individuam
728 1999 909 2026 substantiam
921 2000 989 2027 divi-

159 2062 161 2064 .
195 2037 306 2065 duntur.
322 2038 390 2066 Nam
406 2041 477 2075 quod
491 2041 629 2076 apostolus
640 2043 721 2070 veluti
737 2043 786 2071 soli
799 2044 900 2071 homini
915 2045 988 2072 vide-

195 2086 242 2112 tur
254 2083 343 2111 dicere
359 2093 365 2111 :
382 2084 404 2112 0
416 2085 505 2118 homo,
515 2086 578 2121 quid
592 2087 680 2120 habet,
693 2088 763 2123 quod
778 2097 829 2115 non
843 2090 964 2125 accepisti
977 2090 989 2117 1’

152 2135 154 2137 ‘
194 2128 383 2157 univcrsaliter
389 2131 462 2158 omni
472 2135 613 2160 creaturae
620 2133 719 2160 visibili
729 2139 756 2161 et
764 2134 890 2162 invisibili
900 2140 988 2170 potest

194 2173 258 2200 dici.
268 2173 342 2202 Nulla
353 2176 426 2203 enim
438 2181 534 2204 natura
546 2182 589 2206 est
601 2184 703 2210 creata.
718 2187 786 2214 quae
799 2179 897 2207 habeat
909 2182 985 2216 quid,

195 2223 304 2253 praeter
315 2221 385 2254 quod
400 2229 416 2248 a
441 2222 574 2251 creatrice
595 2225 739 2259 acceperit.
755 2224 784 2252 Si
799 2225 870 2254 enim
883 2231 940 2259 est,
958 2232 987 2254 ut

194 2264 389 2309 praediximus,
398 2266 459 2294 inde
470 2268 576 2303 accepit
586 2276 663 2302 esse;
678 2270 700 2297 si
715 2270 789 2304 vivit,
801 2271 862 2298 inde
878 2271 982 2305 vivere;
1002 2256 1026 2285 θ

193 2308 217 2335 si
229 2310 323 2342 sensit,
339 2308 401 2338 inde
415 2313 517 2340 sentire
530 2321 537 2345 ;
551 2313 573 2340 si
586 2314 692 2342 ratione
703 2314 811 2349 fruitur,
825 2316 886 2343 inde
900 2317 983 2350 ratio;

193 2353 217 2381 si
241 2354 378 2391 intelligit,
404 2357 467 2384 inde
491 2358 654 2392 intellectus,
680 2365 826 2395 ceteraque
848 2361 875 2389 id
901 2369 986 2396 genus

195 2398 276 2426 mille.
292 2399 320 2427 Si
335 2401 417 2436 igitur
432 2402 469 2429 nil
484 2403 510 2429 iu
522 2408 619 2430 natura
632 2412 722 2432 rerum
747 2411 900 2434 creatarum
925 2415 985 2435 esse

195 2445 364 2477 cognoscitur
378 2446 400 2479 ',
426 2451 534 2481 praeter
557 2448 628 2482 quod
652 2456 667 2476 a
689 2448 818 2477 Creatore
843 2451 959 2479 donatur
978 2471 985 2485 ,

195 2489 329 2523 sequitur,
341 2491 377 2518 nil
391 2492 462 2520 aliud
474 2501 534 2521 esse
545 2499 708 2528 creaturam,
721 2496 778 2523 sive
793 2498 985 2531 essentialiter,

194 2533 254 2561 sive
265 2537 410 2566 secundum
423 2539 559 2573 accidens,
569 2541 620 2568 nisi
634 2541 770 2570 Creatoris
781 2542 843 2570 data
854 2548 881 2571 et
895 2544 963 2572 dona
979 2553 986 2578 ;

1045 956 1211 984 sensibilium
1227 956 1305 990 hujus
1317 957 1408 984 mundi
1420 957 1570 984 visibilis”
1582 957 1775 984 universalium
1791 956 1833 983 vel

1043 1001 1247 1037 particularium
1261 1006 1447 1036 separatorum
1469 1002 1545 1035 locis,
1567 1002 1732 1037 temporibus
1749 1001 1837 1028 mobi-

1044 1046 1120 1079 lium,
1134 1046 1264 1080 qualitate
1278 1051 1306 1074 et
1319 1046 1341 1062 ²⁶
1353 1047 1502 1081 quantitate
1513 1047 1704 1074 differentium.
1716 1046 1836 1073 Primor-

1045 1091 1129 1119 dialcs
1144 1092 1275 1126 siquidem
1300 1099 1398 1120 causas
1410 1113 1417 1125 ,
1435 1092 1491 1120 sive
1515 1092 1611 1120 visibili
1630 1092 1686 1119 sive
1708 1091 1836 1120 invisibili

1044 1144 1171 1172 corpore,
1190 1137 1320 1171 qualitate
1339 1145 1447 1172 quoque
1471 1142 1497 1165 et
1515 1138 1666 1172 quantitate
1688 1137 1716 1164 in
1739 1137 1836 1172 seipsis

1043 1182 1155 1209 omnino
1166 1189 1259 1209 carere
1273 1189 1325 1209 non
1342 1182 1565 1210 irrationabiliter
1577 1183 1637 1217 quis
1654 1182 1808 1218 approbarit
1825 1190 1832 1213 ;

1045 1226 1178 1254 invisibile
1202 1230 1293 1254 autem
1311 1235 1409 1261 corpus
1434 1228 1550 1255 dicimus
1575 1227 1725 1263 simplicem
1738 1234 1770 1254 ac
1788 1234 1836 1261 pcr

1044 1280 1074 1300 se
1089 1272 1251 1300 intellectam
1263 1273 1430 1308 singulorum
1443 1274 1523 1309 hujus
1538 1274 1629 1301 mundi
1641 1273 1836 1300 elementorum

1043 1317 1256 1345 subsistentiam.
1282 1318 1419 1346 Caelestes
1446 1326 1511 1346 vero
1539 1318 1671 1345 essentias
1686 1338 1694 1351 ,
1719 1318 1746 1345 id
1770 1322 1811 1345 est
1826 1338 1835 1350 ,

1043 1365 1178 1400 angelicas
1202 1365 1324 1397 virtutes,
1357 1365 1482 1400 quamvis
1510 1365 1581 1391 ultra
1605 1365 1677 1392 hunc
1703 1364 1833 1391 Inundqu

1043 1411 1198 1438 sensibilem
1229 1419 1295 1438 suae
1322 1416 1435 1438 naturae
1462 1410 1653 1438 intellectualis
1676 1409 1836 1437 excellentia

1043 1465 1096 1484 non
1108 1457 1256 1492 incongrue
1266 1457 1456 1484 existimentur
1467 1464 1538 1489 esse,
1552 1464 1605 1483 non
1620 1455 1730 1484 omnino
1745 1459 1836 1482 tamen

1042 1504 1174 1531 consultis
1186 1508 1341 1531 sanctorum
1354 1503 1466 1530 Patrum
1492 1503 1636 1530 sententiis
1649 1501 1836 1537 spiritualibus

1042 1549 1200 1584 corporibus
1216 1548 1354 1584 judicandi
1370 1553 1433 1576 sunt
1455 1548 1566 1583 privari.
1592 1547 1650 1576 Non
1671 1548 1743 1575 enim
1769 1547 1796 1574 in
1810 1546 1833 1562 “

1042 1594 1189 1627 extraneis,
1203 1594 1251 1622 sed
1262 1594 1317 1622 suis
1335 1594 1546 1621 adhaerentibus
1559 1593 1609 1621 sibi
1624 1600 1732 1628 semper
1754 1592 1836 1627 spiri-

1042 1639 1162 1667 tualibus
1175 1640 1343 1675 corporibus,
1353 1639 1478 1667 sensibus
1489 1638 1626 1672 humanis,
1642 1638 1739 1674 quibus
1753 1646 1835 1674 saepe

1042 1688 1183 1719 apparent,
1205 1684 1364 1712 credendi”
1389 1689 1452 1712 sunt
1476 1684 1675 1717 succumbere;
1694 1691 1749 1711 non
1772 1684 1835 1719 quia

1041 1730 1163 1764 operatio
1186 1729 1378 1765 inseparabilis
1391 1730 1504 1757 unitatis
1527 1729 1680 1757 divinarum
1705 1729 1833 1757 substan-

1043 1774 1141 1801 tiarutu
1156 1775 1190 1802 sit
1204 1780 1344 1811 segregata
1360 1784 1367 1808 ;
1384 1775 1455 1811 quod
1468 1775 1539 1802 enim
1553 1775 1635 1803 Pater
1649 1775 1723 1808 facit,
1740 1775 1790 1802 hoc
1804 1779 1833 1802 et

1040 1818 1125 1847 Filius
1133 1819 1207 1852 facit,
1217 1820 1267 1847 hoc
1274 1821 1297 1836 ³⁸
1304 1826 1330 1848 et
1339 1820 1456 1856 Spiritus
1469 1826 1578 1849 sanctus
1586 1820 1660 1854 facit;
1669 1820 1716 1848 sed
1723 1821 1786 1856 quia
1794 1821 1834 1848 di-

1040 1865 1100 1891 vina
1113 1865 1246 1900 theologia
1258 1866 1370 1901 singulis
1378 1874 1471 1894 earum
1482 1867 1662 1902 proprietates
1669 1867 1799 1902 quasdam
1809 1868 1831 1885 ι’

1040 1910 1145 1937 videtur
1154 1911 1516 1947 distribuere,veraciterque
1527 1911 1713 1947 iutelligitur’lo
1722 1911 1832 1938 habere.

1040 1954 1067 1981 ln
1079 1960 1171 1982 sancta
1183 1957 1316 1990 siquidem
1326 1956 1459 1984 Trinitate
1470 1962 1497 1984 et
1506 1957 1657 1984 communis
1667 1956 1833 1991 operationis

1039 2002 1209 2036 cognoscitur
1220 2002 1318 2033 unitas,
1334 2007 1362 2029 et
1379 2002 1558 2030 discretarum
1571 2002 1759 2036 operationum
1776 2009 1830 2028 non

1038 2047 1190 2073 excluditur
1216 2048 1378 2081 proprietas.
1393 2047 1422 2075 Si
1445 2048 1516 2075 enim
1533 2047 1560 2074 in
1575 2055 1606 2074 ea
1632 2050 1674 2074 est
1697 2047 1833 2073 cssentiae

1038 2092 1127 2119 unitas
1160 2096 1188 2118 et
1215 2092 1428 2118 substantiarum
1452 2091 1603 2118 dill'ereulia
1619 2111 1626 2124 ,
1658 2099 1708 2118 cur
1731 2098 1783 2118 non
1803 2096 1832 2118 et

1039 2138 1191 2165 communis
1210 2138 1332 2171 operatio
1347 2142 1429 2173 atque
1444 2137 1570 2165 diﬂ'ercns
1586 2138 1613 2164 in
1630 2145 1661 2165 ea
1674 2137 1832 2164 crederetur

1038 2188 1065 2211 et
1083 2183 1290 2219 intelligeretur,
1315 2192 1367 2212 non
1390 2185 1478 2216 video,
1503 2189 1533 2211 ut
1546 2184 1682 2212 communi
1694 2184 1830 2211 cssentiae

1039 2232 1192 2259 communis
1213 2231 1377 2259 attribuatur
1389 2231 1522 2266 operatio,
1538 2235 1565 2258 et
1580 2230 1752 2259 substantiali
1768 2230 1829 2257 'l‘ri-

1038 2276 1115 2303 nitati
1133 2276 1204 2303 trina
1219 2284 1271 2303 non
1285 2276 1425 2303 auferatur
1436 2277 1517 2304 actio.

1070 2322 1116 2349 25.
1134 2322 1205 2350 Dtsc.
1215 2322 1298 2350 Video
1314 2322 1403 2357 plane,
1416 2326 1443 2349 ct
1459 2323 1524 2350 mihi
1536 2323 1642 2350 videtur
1653 2330 1716 2350 esse
1731 2323 1828 2351 verisi-

1037 2366 1116 2398 mile,
1147 2374 1180 2393 ac
1207 2366 1305 2394 divinis
1330 2366 1444 2401 elaquiis
1473 2367 1626 2394 convenire.
1653 2366 1706 2395 Sed
1728 2367 1832 2395 utinam

1041 2412 1159 2446 quadam
1173 2411 1350 2438 similitudine
1374 2419 1409 2439 ex
1431 2417 1526 2439 nostra
1550 2417 1647 2439 natura
1671 2417 1808 2447 assttmpta
1823 2432 1831 2445 ,

1028 2456 1167 2498 quoniam
1183 2457 1238 2485 Deo
1262 2457 1359 2486 similis
1378 2466 1439 2486 esse
1467 2459 1640 2493 perhibetur,
1666 2465 1736 2492 quae
1759 2457 1832 2484 dicta

1039 2507 1102 2530 sunt
1127 2503 1159 2530 de
1182 2504 1394 2538 proprietatibus
1423 2504 1532 2532 divinae
1565 2502 1828 2534 administrationis,

1040 2550 1178 2578 suaderes.
1194 2550 1263 2579 Mite.
1280 2551 1440 2578 Trinitatem
1458 2556 1567 2578 nostrae
1582 2554 1694 2576 naturae
1707 2553 1733 2576 te
1745 2548 1831 2576 latere

835 2610 963 2642 VARIAE
982 2615 1183 2645 LECTIONES.

194 2678 203 2704 ἶ
230 2660 301 2704 '§ic
412 2664 451 2704 ,ιζ
459 2665 505 2704 δίς
520 2665 605 2704 601ξῖ
618 2665 638 2692 Α
660 2665 774 2704 τρρίφινίζ.
808 2666 874 2704 “sic
889 2669 969 2699 CDE:
986 2671 1007 2698 A
1021 2671 1078 2699 Dei.
1109 2672 1176 2701 ‘Sic
1186 2673 1268 2704 CDE:
1286 2674 1307 2700 A
1323 2674 1349 2700 id
1364 2677 1414 2700 est.
1455 2671 1584 2698 ‘sabsistit
1596 2665 1829 2697 Dei—essentiam

191 2696 309 2742 Ἠλὶς..
331 2698 398 2742 "sic
409 2699 468 2732 (.E;
479 2700 510 2742 Δᾼ
525 2701 618 2727 venire
631 2696 691 2742 quis
702 2701 801 2742 dubitet
815 2702 951 2742 ﬁdelium,
961 2696 1078 2734 ὺὶὶιᾶίῶ
1091 2696 1347 2736 ηιιὲιῖὖιῖιῖῐῖιὺίὶῖιι’.”
1365 2696 1631 2742 Vsica‘o‘c‘4c'sfce
1645 2705 1724 2742 crim-
1761 2705 1830 2742 7Sic

333 2730 567 2773 dalitnroptintum
583 2742 605 2773 ct
625 2730 652 2763 tl.
671 2745 700 2773 p.
720 2737 744 2762 b.
768 2745 791 2763 ιι.
809 2730 835 2763 tl.
855 2746 881 2764 a.
903 2730 961 2773 p.'[.

191 2766 327 2807 Lelligitur.
380 2769 403 2786 ¹⁰
419 2766 560 2807 εἰό-ῼΙξες
577 2766 744 2807 Aiquar'ulant
760 2773 844 2806 quasi.

193 2799 302 2839 §pi§itui
323 2809 426 2831 sancto.
468 2804 489 2820 ³³
505 2799 559 2832 Sic
572 2799 636 2837 AD';
661 2805 680 2833 C
700 2799 857 2839 fecunditas,
877 2810 896 2835 Ε

192 2835 265 2864 CDE.
304 2838 326 2854 ¹⁶
337 2838 383 2866 Sic
397 2839 464 2866 (ΖΙ)Ιί
478 2848 485 2871 ;
503 2840 529 2866 in
543 2848 603 2867 om.-
615 2835 645 2867 Ᾰ.

191 2874 371 2906 Proprietates.
410 2874 432 2889 ²⁰
449 2875 493 2903 Sic
508 2875 573 2902 (ΖΒΕ
586 2885 592 2908 ;
608 2876 629 2903 Α
642 2876 829 2911 ιιιΙίίΙὶῃτιιιιιη,

999 2742 1010 2756 ⁸
1024 2742 1069 2769 Sic
1092 2743 1177 2774 CDE;
1202 2744 1221 2770 Λ
1250 2744 1515 2778 uniuscujusrtmqne.

894 2775 975 2812 >“VSic
989 2777 1054 2804 (IDE
1068 2786 1075 2810 ;
1089 2778 1110 2804 Λ
1128 2778 1238 2812 Spiritui
1258 2784 1347 2805 sancto
1358 2775 1559 2812 proprietatem.

912 2811 1075 2844 fecttndatos.

686 2841 705 2856 ¹⁷
721 2841 765 2867 Sic
780 2843 860 2874 ADI‘I;
882 2846 901 2872 (Ι
912 2841 1050 2874 rredmula.

1554 2798 1559 2802 .
1660 2783 1684 2802 lC
1777 2784 1783 2802 Σ

1128 2778 1238 2812 Spiriltti
1258 2784 1347 2805 sancto
1359 2776 1559 2812 proprietatem.
1605 2776 1625 2792 ¹¹
1638 2776 1684 2812 Sit;
1696 2776 1762 2802 CDE
1777 2784 1783 2807 ;
1806 2776 1829 2804 Α

1117 2814 1137 2828 ”
1152 2814 1197 2840 Sic
1218 2814 1300 2844 ADE;
1322 2814 1342 2839 (ἱ
1368 2812 1505 2839 sutsibilis.
1548 2813 1569 2827 ¹⁶
1592 2812 1638 2839 Sic
1656 2810 1696 2843 A;
1726 2816 1750 2837 ei
1773 2818 1828 2838 om.

1089 2848 1123 2883 ί¹⁸
1149 2849 1192 2876 Sic
1206 2849 1288 2881 ADE;
1302 2849 1321 2874 (1
1336 2848 1370 2874 ita
1385 2852 1421 2875 et.
1471 2848 1491 2863 ¹τ¹
1502 2847 1545 2875 Sic
1561 2848 1644 2881 (IDE;
1668 2846 1688 2872 Α
1703 2846 1831 2880 quasdam
