4236 6274
605 282 706 338 567

1968 286 2250 344 JOANNIS
2284 288 2479 345 SCOTI

3737 292 3850 348 568

602 413 711 452 non
736 395 892 453 facile
930 395 1273 452 crediderim.
1299 396 1445 452 Dtsc.
1487 398 1603 463 Dic,
1625 413 1829 466 quaeso
1855 438 1870 464 ,
1914 413 2052 467 quae
2071 400 2161 454 sit.
2194 408 2241 463 Α
2270 400 2520 471 gendum.
2559 399 2972 456 Convenientius
2994 399 3133 456 dico.
3176 399 3431 467 Quamvis
3458 400 3603 456 enim
3646 415 3845 460 convc—

603 485 745 543 Mse.
774 485 1186 549 Recordarisne,
1211 486 1339 555 quid
1363 487 1413 539 in
1436 488 1634 556 prioris
1661 488 1780 541 libri
1808 488 2170 557 disputatione

602 574 745 630 inter
796 588 894 627 nos
949 573 1322 627 convenerat?
1367 573 1505 626 Num
1542 573 1560 604 ¹
1609 574 1763 628 nobis
1811 574 1987 628 visum
2036 584 2123 630 “est
2153 614 2169 641 ,

599 662 800 716 nullam
819 667 1068 715 naturam
1097 676 1237 725 esse,
1266 676 1404 729 quae
1432 677 1537 716 non
1574 663 1629 715 in
1659 663 1744 739 bis
1783 663 1955 717 tribus
1984 664 2169 717 termi-

598 752 681 804 nis
730 749 1055 820 intelligatur
1082 752 1102 781 ²
1124 750 1442 815 subsistere,
1472 752 1562 818 qui
1600 767 1630 805 a
1657 750 1899 817 Graecis,
1931 760 1989 806 ut
2009 768 2170 821 saepe

596 839 832 893 diximus
853 879 869 903 ,
910 841 1075 903 οὐσία,
1107 837 1344 909 δύναμις,
1388 840 1633 915 ἐνέργεια,
1661 841 2001 911 appellantur
2022 883 2036 908 ,
2065 843 2168 897 hoc

594 936 695 991 cst,
724 927 973 990 essentia,
1000 927 1196 992 virtus,
1227 928 1503 996 operatio?
1526 928 1671 984 DISC.
1710 930 1988 985 Recordor
2014 947 2164 997 sane,

594 1016 1007 1087 firmissimeque
1048 1026 1221 1073 teneo.
1272 1016 1412 1072 MAG.
1467 1017 1661 1073 Nostra
1709 1021 1894 1089 itaque
1946 1032 2163 1087 natura,

592 1123 730 1177 quae
759 1109 989 1163 humana
1018 1107 1238 1173 dicitur,
1279 1122 1343 1162 eo
1369 1110 1514 1179 quod
1539 1124 1657 1163 eam
1698 1125 1888 1163 omnes
1917 1111 2163 1165 homines

590 1200 953 1269 participant,
1006 1198 1239 1254 essentia
1282 1234 1298 1263 ,
1359 1199 1595 1262 virtute,
1665 1200 2085 1269 Operationeque
2141 1201 2163 1233 ³

590 1287 853 1342 subsistit.
889 1288 1032 1342 DISG.
1058 1285 1334 1341 Neminem
1365 1289 1661 1355 peritorum
1686 1288 1899 1342 divinae
1921 1290 2161 1358 philoso-

591 1380 749 1448 phiae
797 1364 861 1433 de
899 1379 1001 1433 hoc
1048 1376 1293 1431 dubitare
1333 1378 1684 1432 aestimarim.
1720 1377 1858 1432 Mac.
1894 1380 2033 1445 Quid
2064 1381 2159 1436 tibi

588 1471 843 1539 videtur?
871 1469 1007 1524 Num
1036 1479 1218 1524 nostra
1260 1468 1468 1533 natura,
1510 1478 1645 1523 teste
1671 1483 1825 1524 sacra
1853 1469 2159 1541 Scriptura,

591 1564 658 1619 ad
682 1564 965 1633 imaginem
992 1570 1048 1616 et
1075 1561 1479 1616 similitudinem
1499 1563 1591 1616 Dei
1617 1562 1832 1617 condita
1857 1565 1976 1618 cst?
2007 1565 2155 1622 Dtsc.

588 1655 907 1710 Liberaliter
928 1656 1079 1726 agis;
1112 1656 1203 1726 qui
1239 1655 1304 1711 de
1330 1656 1433 1711 hoc
1454 1655 1680 1722 dubitat,
1720 1658 1883 1714 homo
1908 1675 2013 1714 non
2046 1669 2151 1715 est.

2271 490 2483 543 nienter
2504 499 2718 544 nostrae
2746 500 2970 545 naturae
3005 490 3239 545 Trinitas
3287 498 3402 545 tota
3427 491 3592 547 totius
3627 491 3844 549 divinae

2270 580 2605 636 Trinitatis“
2619 581 2798 649 imago
2817 590 2918 646 est,
2935 590 3044 636 tota
3056 581 3199 636 enim
3219 580 3414 646 Patris,
3436 590 3545 636 tota
3567 581 3708 650 Filii,
3730 592 3841 639 tota

2270 669 2501 739 Spiritus
2518 672 2690 725 sancti
2720 672 3006 741 imaginem
3027 673 3184 743 gerit;
3210 672 3264 726 in
3282 687 3346 727 ca
3370 680 3552 728 tamen
3570 681 3675 740 est,
3696 677 3838 745 quod

2265 764 2429 818 veluti
2481 763 2805 833 specialibus
2851 765 3080 835 singulis
3130 766 3375 834 personis
3435 767 3839 823 accommodari

2265 868 2421 922 posse
2444 853 2653 907 videtur
2674 854 2736 917 ιδ,
2764 863 2823 908 ut
2847 854 3101 909 arbitror.
3124 853 3255 909 Nam
3274 855 3404 910 etin
3424 871 3483 911 se
3507 857 3622 926 ipsa
3649 867 3837 913 nostra

2265 940 2503 996 Trinitas
2530 952 2639 996 tota
2667 943 2719 995 in
2751 943 2978 1013 singulis
2997 942 3110 997 suis
3137 952 3258 997 est:
3282 958 3379 998 sua
3407 945 3549 999 enim
3570 948 3833 1011 essentia,

2263 1040 2318 1086 et
2350 1033 2543 1096 virtus,
2567 1042 2623 1087 et
2664 1033 2910 1101 operatio
2930 1040 3052 1099 est;
3090 1048 3187 1088 sua
3224 1033 3397 1089 virtus
3423 1074 3438 1100 ,
3479 1043 3535 1089 et
3570 1038 3832 1101 essentia,

2262 1129 2318 1176 et
2340 1123 2613 1192 operatio;
2644 1138 2739 1177 sua
2768 1122 3031 1192 operatio,
3048 1132 3104 1177 et
3131 1124 3359 1178 essentia
3387 1132 3470 1178 est
3489 1124 3607 1179 "et
3626 1124 3830 1179 virtus:

2261 1207 2399 1262 sicut
2431 1217 2486 1262 et
2524 1208 2683 1262 Pater
2717 1208 2773 1263 in
2812 1207 2947 1263 Filio
2994 1217 3045 1263 et
3092 1208 3214 1262 in.”
3260 1208 3464 1278 Spiritu
3500 1219 3686 1265 sancto
3716 1250 3733 1275 ,
3778 1222 3836 1266 et

2260 1294 2429 1349 Filius
2488 1297 2541 1350 in
2588 1295 2748 1351 Patre
2790 1305 2846 1350 et
2893 1296 2946 1350 in
2993 1295 3195 1366 Spiritu
3251 1306 3463 1364 sancto,
3496 1307 3551 1353 et
3600 1297 3835 1369 Spiritus

2260 1393 2479 1438 sanctus
2506 1384 2560 1438 in
2590 1383 2750 1439 Patre
2777 1393 2833 1439 et
2858 1384 2993 1439 Filio
3021 1385 3063 1416 "
3088 1394 3195 1441 est.

2335 1474 2481 1530 Dtsc.
2528 1473 2612 1529 Nil
2664 1476 2795 1531 mihi
2850 1474 3180 1545 probabilius
3230 1478 3517 1545 occurrit,
3565 1494 3725 1548 quam
3774 1490 3834 1534 ut.

2258 1556 2435 1616 Patris
2477 1562 2799 1633 imaginem,
2840 1556 3115 1629 essentia;
3151 1562 3294 1628 Filii,
3346 1566 3550 1633 virtus,
3602 1567 3831 1636 Spiritus

2258 1656 2449 1719 sancti,
2475 1655 2719 1723 operatio
2748 1663 2965 1709 nostrae
2997 1662 3228 1709 naturae
3250 1655 3293 1686 ⁸⁸
3314 1658 3701 1714 accommodet.
3727 1658 3831 1714 Pa-

584 1745 722 1821 Mac.
754 1742 1005 1811 Putasne,
1033 1745 1205 1815 ipsum
1230 1745 1422 1811 Deum,
1442 1746 1536 1815 qui
1573 1748 1641 1801 ad
1672 1747 1958 1818 imaginem
1992 1765 2145 1804 suam
2179 1751 2222 1809 Β
2253 1753 2401 1798 terna
2425 1744 2693 1815 siquidem
2728 1746 3028 1799 substantia
3063 1758 3112 1809 ιι,
3146 1760 3284 1814 quae
3304 1746 3372 1802 de
3391 1749 3831 1806 sesubstantiam

586 1841 827 1888 nostram
850 1834 1055 1905 creavit
1077 1843 1346 1901 naturam,
1383 1850 1578 1906 corpus
1602 1851 1741 1903 esse,
1765 1854 1832 1892 an
1857 1839 2105 1908 spiritum
2131 1841 2154 1894 ?

580 1924 724 1979 Disc.
745 1923 881 1979 llinc
901 1938 1113 1994 quoque
1130 1924 1400 1980 haesitare
1427 1912 1709 1981 ridiculum
1726 1933 1827 1981 est.
1850 1927 1990 1983 Deus
2009 1930 2150 1984 enim

580 2015 800 2084 spiritus
820 2022 902 2091 est
932 2015 976 2080 ⁸,
1001 2025 1047 2069 et
1070 2016 1158 2086 qui
1182 2015 1406 2068 adorant
1432 2031 1571 2080 eum,
1587 2016 1638 2069 in
1654 2016 1842 2084 spiritu
1864 2027 1912 2071 et
1941 2019 2156 2074 veritate

579 2104 800 2179 adorant
823 2103 864 2157 ⁸.
892 2103 1031 2160 Mne.
1060 2102 1172 2158 Non
1222 2118 1349 2176 ergo
1369 2105 1662 2159 secundum
1690 2118 1903 2173 corpus,
1932 2106 2027 2160 sed
2068 2121 2155 2162 se-

580 2195 813 2250 cundum
843 2195 1075 2250 animam
1093 2195 1265 2266 imago
1286 2194 1375 2249 Dei
1399 2203 1617 2251 nostrae
1641 2204 1864 2250 naturae
1890 2195 2147 2265 impressa

580 2295 682 2341 est.
715 2286 860 2343 DISC.
895 2285 1008 2342 lloc
1052 2301 1265 2356 quoque
1290 2287 1631 2341 verissimum
1666 2294 1749 2341 est
1793 2285 1972 2341 fateri.
2005 2285 2143 2341 MAG.

576 2377 718 2433 Deus
747 2386 831 2434 est
848 2378 1082 2432 Trinitas
1108 2387 1163 2432 et
1188 2376 1398 2441 Unitas,
1424 2376 1526 2431 hoc
1550 2385 1651 2439 est,
1679 2385 1789 2432 tres
1812 2376 2152 2433 substantiae

574 2467 628 2522 in
660 2483 760 2522 una
790 2468 1045 2533 essentia,
1075 2476 1130 2522 et
1159 2482 1262 2521 una
1290 2466 1523 2522 essentia
1550 2467 1605 2521 in
1629 2465 1801 2522 tribus
1823 2467 2143 2523 substantiis

573 2555 657 2633 vel
687 2556 949 2625 personis.
1003 2555 1323 2611 Sicutcnim
1374 2556 1567 2611 Graeci
1618 2559 1736 2631 μίαν
1765 2559 1969 2623 οὐσίαν,
2012 2568 2148 2634 τρεῖς

589 2646 903 2710 ὑποστάσεις
929 2645 1015 2703 vel
1063 2650 1178 2726 τρία
1203 2648 1455 2723 πρόσωπα
1496 2646 1714 2710 dicunt,
1748 2645 1802 2701 id
1846 2655 1931 2702 est
1979 2662 2143 2702 unam

569 2738 882 2803 essentiam,
915 2746 1023 2793 tres
1064 2736 1394 2793 substantias
1423 2736 1504 2792 vel
1535 2745 1645 2792 tres
1678 2736 1699 2769 ⁸
1719 2751 1980 2807 personas
2007 2756 2020 2791 :
2071 2738 2143 2793 ita

569 2827 795 2881 Romani
850 2843 1011 2883 unam
1060 2828 1373 2894 essentiam,
1408 2836 1517 2883 tres
1546 2827 1880 2883 substantias
1906 2826 1993 2882 vel
2021 2843 2145 2898 per-

569 2932 748 2972 sonas.
778 2916 837 2971 ln
861 2917 965 2973 hoc
995 2927 1170 2972 tamen
1196 2917 1447 2973 videntur
1474 2916 1709 2983 dill‘erre,
1740 2918 1882 2988 quod
1907 2917 2143 2975 Graecos

565 3009 682 3076 μίαν
710 3002 1017 3072 ὑπόστασιν,
1053 3005 1107 3060 id
1132 3015 1236 3073 est,
1261 3023 1421 3063 unam
1450 3009 1805 3065 substantiam
1833 3009 2010 3065 dicere
2033 3025 2137 3065 non

2252 1834 2474 1889 ﬁliolam
2501 1836 2703 1906 genuit,
2715 1844 2771 1890 et
2789 1838 3167 1907 procedentem
3184 1837 3225 1868 ¹⁹
3252 1838 3280 1878 b
3303 1839 3657 1894 substantiam
3677 1857 3744 1896 ex
3770 1857 3833 1896 se

2254 1924 2455 1990 emisit,
2480 1935 2585 1979 non
2608 1925 2876 1979 immerito
2894 1926 3204 1996 principalis
3220 1927 3418 1982 dicitur
3439 1928 3735 1985 substantia
3753 1932 3827 1995 ”,

2252 2031 2360 2071 non
2425 2017 2567 2084 quod
2614 2031 2726 2070 una
2774 2017 3005 2071 essentia
3058 2017 3130 2070 sit
3177 2026 3400 2071 sanctae
3452 2017 3734 2075 Trinitatis
3778 2023 3822 2051 ²¹

2249 2103 2583 2174 separabilis,
2615 2112 2699 2158 cst
2724 2104 2867 2158 enim
2898 2118 3001 2157 una
3025 2111 3187 2172 atque
3217 2104 3521 2171 individua,
3541 2106 3632 2161 sed
3673 2111 3817 2177 quod

2247 2193 2685 2249 substantialibus
2710 2192 3044 2256 differentiis,
3072 2193 3195 2248 dum
3218 2194 3288 2248 sit
3317 2210 3442 2257 una,
3474 2211 3577 2250 non
3614 2209 3819 2253 careat.

2246 2287 2340 2342 Esi.
2364 2287 2506 2341 enim
2531 2287 2708 2342 Deitas
2730 2288 2984 2358 genitrix,
3019 2295 3076 2342 et
3100 2288 3277 2359 genita
3305 2288 3488 2343 Deitas
3513 2290 3557 2321 "
3575 2330 3589 2356 ,
3616 2299 3673 2343 et
3696 2306 3828 2359 pro-

2246 2377 2443 2431 cedens
2472 2376 2658 2431 Deitas
2685 2393 2700 2443 ;
2728 2376 2931 2430 et-dum
2951 2377 3149 2432 situna
3172 2376 3353 2432 Deitas
3381 2377 3682 2443 individua,
3713 2396 3821 2433 non

2245 2472 2424 2519 tamen
2454 2463 2899 2520 substantialibus
2941 2463 3262 2520 differentiis
3301 2465 3615 2520 indiscreta.
3639 2466 3824 2523 Virtus

2244 2569 2460 2625 quoque
2483 2569 2586 2609 non
2609 2553 2906 2621 incongrue
2928 2551 3036 2608 Deo
3061 2552 3196 2608 Filio
3214 2550 3543 2626 adiungitur,
3568 2558 3816 2624 quoniam

2245 2661 2406 2716 saepe
2470 2646 2638 2701 virtus
2691 2644 2869 2700 Patris
2921 2659 2952 2698 a
3001 2644 3271 2715 theologia
3325 2647 3648 2700 nominatur.
3706 2648 3814 2703 Sed

2242 2746 2301 2789 ut
2338 2750 2501 2788 unum
2540 2749 2574 2788 a
2613 2734 2857 2805 pluribus
2903 2733 3226 2788 testimoniis
3268 2735 3632 2803 accipiamus,
3682 2738 3812 2809 andi

2240 2823 2553 2894 Apostolum
2577 2836 2596 2875 :
2623 2822 2917 2877 Invisibilia
2944 2824 3082 2877 enim
3112 2823 3225 2892 ejus
3261 2840 3354 2893 per
3373 2841 3433 2878 ea
3455 2863 3471 2889 ,
3507 2842 3638 2894 quae
3671 2826 3815 2894 facta

2238 2922 2381 2978 sunt,
2406 2911 2666 2967 intellecta
2685 2912 3096 2983 conspiciuntur,
3125 2914 3437 2983 sempiterna
3462 2930 3663 2986 quoque
3697 2915 3813 2984 ejus

2239 3005 2402 3059 uirtus
2462 3012 2512 3059 et
2567 3004 2867 3058 aeternitas.
2917 3002 2975 3057 In
3025 3003 3127 3057 hoc
3183 3003 3327 3057 enim
3383 3004 3502 3059 loco
3548 3006 3801 3059 virtutem

571 3096 890 3168 reperimus,
916 3096 1093 3151 Latini
1128 3110 1252 3153 vero
1277 3114 1439 3153 unam
1469 3099 1848 3167 substantiam,
1875 3108 1984 3154 tres
2016 3114 2142 3170 per-
2168 3098 2213 3160 C
2243 3094 2419 3150 Patris
2488 3094 2805 3165 sapientiam
2869 3093 3082 3157 Patris,
3129 3091 3322 3148 Filium
3365 3094 3517 3160 dico,
3563 3096 3813 3167 intelligi-

568 3203 730 3243 sonas
766 3187 1200 3257 frequentissime
1245 3190 1421 3245 solent
1461 3191 1659 3246 dicere.
1684 3191 1879 3246 Graeci
1901 3192 2131 3247 dicunt"

563 3277 825 3349 ὃμοούσιον
852 3277 903 3341 ⁸,
954 3278 1231 3349 ὃμοάγαθον
1256 3279 1278 3310 ⁹
1309 3277 1511 3353 ὁμόθεον
1540 3280 1602 3347 ¹⁰,
1634 3280 1753 3345 ,1100
1804 3289 1920 3348 est,
1977 3283 2138 3339 unius

559 3369 847 3435 essentiae,
874 3369 1031 3424 unius
1074 3369 1363 3437 bonitatis,
1409 3372 1570 3427 unius
1613 3371 1879 3427 Deitatis:
1907 3372 1989 3428 vel
2032 3389 2135 3428 una

559 3458 789 3511 essentia
802 3499 815 3523 ,
830 3474 931 3512 una
948 3459 1177 3526 bonitas,
1191 3476 1297 3516 una
1313 3461 1513 3517 Deitas.
1530 3461 1675 3516 llaec
1692 3469 1869 3517 autem
1894 3462 2131 3528 nomina,

558 3563 698 3618 quae
717 3551 855 3619 apud
879 3550 1113 3607 Graecos
1135 3552 1648 3622 inseparabilitatem
1674 3553 1889 3609 divinae
1910 3564 2135 3611 naturae

561 3638 851 3706 insinuant,
881 3640 934 3694 in
960 3656 1241 3697 romanum
1264 3643 1305 3676 ¹¹
1334 3657 1641 3698 sermonem
1682 3657 1788 3697 non
1831 3642 1991 3699 facile
2015 3659 2136 3699 ver-

559 3739 762 3798 tuntur,
788 3740 842 3786 et
862 3732 1005 3788 nullo
1030 3735 1184 3789 modo
1206 3734 1271 3789 ad
1296 3749 1509 3804 purum,
1534 3742 1594 3788 ut
1614 3733 1878 3800 arbitror;
1906 3734 2135 3805 ideoque

559 3819 704 3877 solus
726 3822 1229 3881 eorumintel-lectss
1248 3824 1514 3895 separatis
1533 3824 2133 3902 νοώίςρθιιπορίφρασιν

559 3914 903 3982 transfertur,
927 3924 985 3971 ut
1007 3930 1193 3971 eorum
1223 3916 1558 3972 solummodo
1584 3917 1757 3972 virtus
1779 3916 2130 3987 intelligatur,

557 4022 784 4077 quorum
813 4008 1190 4079 interpretatio
1215 4008 1282 4064 dc
1303 4010 1468 4065 verbo
1490 4011 1556 4065 ad
1580 4010 1801 4064 verbum
1826 4025 1931 4065 non
1953 4010 2134 4080 expri-

557 4098 740 4152 mitur.
790 4099 933 4155 Dtsc.
979 4100 1091 4156 Hoc
1126 4109 1296 4155 totum
1337 4102 1470 4156 fides
1507 4101 1767 4156 catholica
1814 4102 2132 4158 universalis

562 4191 835 4249 Ecclesiae
865 4193 1086 4260 fatetur,
1110 4202 1185 4261 et,
1212 4203 1473 4265 quantum
1504 4195 1686 4261 datur,
1712 4193 1981 4265 intelligit,
2029 4193 2127 4249 sed

557 4302 813 4356 quorsum
843 4288 1068 4344 tendunt
1088 4289 1256 4343 istaec
1283 4288 1369 4341 "?
1395 4286 1534 4342 MAG.
1570 4286 1685 4342 Non
1714 4285 1989 4350 aliorsum,
2024 4285 2127 4341 nisi

556 4386 615 4431 ut
639 4394 959 4448 quaeramus
982 4395 1079 4449 pro
1106 4380 1330 4445 viribus,
1356 4378 1623 4449 quomodo
1647 4376 1886 4432 Trinitas
1910 4385 2128 4433 nostrae

2239 3202 2387 3252 mus,
2431 3186 2804 3241 aeternitatem
2848 3200 2975 3241 vero
3015 3183 3277 3254 Spiritum
3323 3194 3566 3239 sanctum
3598 3227 3613 3250 ,
3673 3197 3811 3242 teste

2238 3277 2490 3344 Maximo,
2542 3277 2833 3332 venerabili
2881 3277 3159 3346 magistro.
3210 3274 3343 3330 Nam
3390 3278 3530 3345 quod
3576 3276 3809 3344 Spiritus

2237 3378 2457 3425 sanctus
2481 3368 2697 3423 virtutis
2722 3369 2937 3424 nomine
2966 3368 3020 3421 in
3050 3365 3346 3436 Scripturis
3370 3367 3503 3422 solet
3528 3368 3801 3437 appellari,

2238 3468 2468 3514 testatur
2518 3458 2896 3529 Evangelium,
2948 3457 3177 3512 Domino
3228 3458 3474 3523 dicente,
3528 3459 3803 3514 mulierem

2234 3549 2596 3626 αἱμορῥοῦσαν,
2644 3548 2747 3602 hoc
2796 3555 2900 3614 est,
2959 3545 3162 3601 ﬂuxum
3208 3546 3481 3616 sanguinis
3519 3549 3804 3617 patientem

2235 3652 2435 3692 sanans
2450 3636 2525 3690 "z
2553 3636 2704 3690 Sensi
2729 3652 2761 3689 a
2792 3651 2873 3690 me
2901 3636 3065 3690 exisse
3088 3637 3354 3702 virtutem,
3383 3636 3485 3692 hoc
3508 3646 3610 3704 cst,
3637 3639 3808 3709 Spiri-

2236 3738 2346 3784 tum
2373 3736 2635 3793 sanctum,
2653 3727 2746 3796 qui
2767 3727 2957 3782 dividit
2982 3728 3118 3784 dona
3145 3730 3452 3785 sanitatum.
3471 3731 3608 3798 Quid
3628 3732 3806 3786 dicam

2232 3822 2301 3876 de
2344 3819 2658 3891 Operatione
2699 3818 2974 3874 essentiali
3034 3830 3249 3875 nostrae
3306 3822 3565 3876 naturae?
3618 3804 3829 3877 Nonne.

2234 3909 2512 3980 aptissime
2537 3918 2724 3966 sancto
2755 3908 2979 3978 Spiritui
3013 3910 3314 3980 cepulatur,
3340 3912 3424 3967 cui
3470 3912 3631 3967 veluti
3678 3929 3807 3984 pro-

2233 4000 2349 4070 prie
2380 4000 2619 4069 operatio
2667 3999 2922 4053 virtutum
2961 3998 3370 4069 divinarumque
3413 4003 3758 4058 donationum
3783 4043 3803 4069 ,

2231 4098 2288 4144 et
2314 4089 2692 4145 universaliter
2715 4098 2771 4145 et
2797 4090 3013 4161 proprie
3043 4089 3333 4160 unicuique
3376 4092 3568 4148 divisio
3613 4094 3801 4149 tribui-

2235 4181 2355 4235 tur?
2410 4181 2467 4235 In
2508 4188 2736 4235 naturae
2781 4180 2945 4251 igitur
2990 4189 3206 4236 nostrae
3254 4184 3490 4238 essentia
3544 4194 3799 4254 paternae
3848 4240 3853 4243 .

2232 4273 2582 4339 substantiae,
2610 4272 2665 4327 in
2687 4272 2887 4327 virtute
2917 4286 3044 4327 vero
3073 4272 3404 4330 subStantiae
3432 4275 3545 4340 filii,
3574 4277 3627 4330 in
3672 4292 3799 4346 ope-

2230 4363 2439 4419 ratione
2466 4361 2799 4418 substantiae
2819 4361 3052 4431 Spiritus
3074 4364 3244 4419 sancti
3272 4365 3575 4435 proprietas
3612 4368 3801 4438 digno-

556 4475 781 4522 naturae
829 4466 1107 4525 Trinitatis
1150 4469 1430 4524 creatricis
1476 4467 1763 4539 imaginem
1791 4459 2122 4522 etsimiﬁtu-
2149 4460 2229 4520 D1

2120 4497 2122 4505 .
2149 4460 2201 4520 1)
2225 4455 2414 4511 scitur.
2438 4453 2575 4510 Mtte.
2602 4453 3023 4524 Responsionem
3059 4464 3204 4509 tuam
3231 4471 3263 4510 a
3294 4458 3518 4514 veritate
3560 4474 3669 4514 non
3717 4461 3793 4514 di-

555 4555 732 4609 dinem
758 4556 813 4609 in
840 4556 1011 4624 seipsa
1037 4558 1337 4624 exprimat,
1366 4558 1469 4613 hoc
1494 4567 1596 4623 est,
1621 4556 1748 4626 quid
1769 4555 1821 4610 in
1843 4570 1906 4611 ea
1927 4570 2127 4612 conve-

555 4642 788 4700 nientius
812 4644 1124 4717 Patri,quid
1145 4646 1445 4717 Filio,quid
1469 4647 1691 4718 Spiritui
1719 4657 1907 4705 sancto
1931 4645 2122 4716 adjun-

2227 4559 2478 4613 screpare
2505 4545 2756 4600 arbitror.
2792 4544 2898 4600 Sed
2947 4544 3096 4611 vide,
3144 4545 3272 4616 quid
3329 4547 3421 4601 tibi
3473 4548 3681 4602 videtur
3727 4551 3793 4604 de

2229 4633 2588 4690 famosissima
2631 4641 2847 4690 nostrae
2888 4642 3112 4692 naturae
3162 4636 3416 4703 trinitate,
3448 4652 3586 4707 quae
3625 4639 3790 4703 jntcl-

1827 4776 2085 4832 VAlllAE
2124 4772 2519 4829 LECTIONES.

675 4862 765 4921 Sic
817 4864 983 4931 CDE;
1015 4865 1059 4919 A
1099 4879 1295 4930 nonne;

1371 4864 1522 4936 'Sic
1548 4866 1730 4936 GDE;
1785 4866 1827 4918 A
1868 4864 2199 4936 intelligitur.
2257 4862 2418 4936 :Sic
2459 4861 2620 4936 CDE;
2655 4864 2703 4936 Δί
2739 4875 2787 4919 et
2830 4866 3145 4936 operatione.
3220 4866 3241 4897 ⁸
3270 4864 3364 4936 Sic
3394 4865 3567 4932 CDE;
3621 4868 3662 4922 A
3712 4872 3787 4924 est

554 4935 786 5009 spiritus.
815 5004 826 5009 Α
858 4930 1254 5009 '_C_adorare.__
1276 4932 1587 5009 _°_Si_c__GD_E
1613 4943 1763 5009 ;_tres
1793 4933 2002 5009 om_.‘A.
2039 4930 2379 5009 '_'_’_SianD_E
2401 4932 2708 5009 ;_A_Graeci
2752 4930 2871 4989 vero
2909 4936 3115 5009 dicunt.
3184 4938 3213 5009 ξ
3234 4935 3431 5009 _Corr.,
3454 4937 3515 5009 AA
3529 4930 3784 5009 ὁμούσιον.

554 5003 776 5078 "Corn,
801 5004 844 5078 ᾼ
867 5003 1136 5078 ὁμάγαθον.

1216 5002 1257 5034 ¹⁰
1273 5002 1364 5060 Sic
1384 5003 1501 5076 CE;
1530 5003 1728 5076 ὁμόθεον
1741 4999 1979 5076 om_._A_D_.
2035 5001 2099 5076 _‘_'
2114 5001 2206 5076 Sic
2225 5000 2388 5076 (ζωῇ-ς
2405 5004 2448 5076 ᾼ
2466 5001 2841 5076 Romanorum.
2920 5005 3168 5076 ’ἔβρυκε
3184 5005 3272 5076 DE
3297 4999 3459 5071 istac;
3480 4999 3787 5076 Cduorsum

556 5069 942 5147 conduntistac
957 5069 989 5139 ;’
1017 5076 1061 5129 Α
1091 5087 1349 5147 quorsum
1382 5069 1605 5147 tendunt
1632 5074 1777 5147 ista._
1831 5072 1876 5103 ¹³
1908 5070 2000 5126 Sic
2025 5069 2156 5147 CDE
2168 5070 2603 5147 _;__AI_Z':initatis
2643 5073 2883 5147 diuinae.
2917 5073 2992 5147 ,ξι
3016 5073 3119 5147 Si_c_
3136 5075 3268 5147 QDE
3292 5093 3306 5140 ;
3336 5076 3379 5128 A
3402 5069 3603 5131 videtur
3620 5095 3784 5147 posse.

558 5142 718 5222 fﬁSjc
755 5143 878 5222 GE;
908 5138 982 5200 est
1012 5138 1126 5200 om:
1153 5143 1243 5208 A;
1275 5144 1316 5199 D
1341 5144 1710 5222 ει-ςεεεῃιὲαηεέ
1726 5143 1890 5222 uirtus
1918 5150 2015 5197 est.
2094 5138 2256 5222 ".Sic'
2280 5139 2452 5222 CDE__;
2479 5143 2543 5222 in
2563 5143 2767 5222 om._A.

1941 5226 2302 5281 processtoms.

549 5212 722 5274 CDE;
755 5214 1049 5269 Anaturae
1093 5223 1319 5268 nostrae.
1395 5214 1439 5245 ¹⁹
1488 5211 1581 5270 Sic
1632 5213 1803 5279 CDE;
1859 5213 1904 5265 A

2843 5143 2883 5176 ³⁷
2913 5142 3006 5197 Sic
3046 5142 3211 5209 CDE;
3243 5144 3285 5197 Α
3334 5147 3390 5199 in
3424 5147 3553 5201 lilio.
3620 5142 3677 5180 ’⁸⁸
3700 5148 3789 5203 Sic

2401 5211 2448 5243 ’θ
2478 5209 2570 5285 Sic
2608 5212 2747 5285 AE;
2781 5213 2852 5285 Α
2890 5212 3085 5267 dicitur
3123 5214 3429 5285 principalis
3474 5218 3764 5272 substantia

550 5281 595 5314 ⁸⁸
622 5281 716 5341 Sic
735 5283 853 5352 CE;
874 5285 921 5339 Α
952 5300 1135 5339 sacrae
1162 5281 1434 5339 Trinitatis
1463 5284 1553 5337 sit.
1627 5284 1673 5315 ²²
1705 5283 1795 5339 Sic
1815 5281 1902 5339 ΟΕ
1926 5279 1950 5350 ;“
1970 5283 2017 5335 Δ
2042 5279 2223 5334 Deitas
2247 5281 2443 5351 genita.
2518 5281 2564 5313 ³³
2603 5281 2694 5338 Sic
2720 5281 2873 5339 AGE.

2032 5405 2283 5465 NOTAE.

684 5501 918 5574 Verbis;
956 5501 1189 5557 Paterna
1230 5500 1815 5574 siquidem'snbstantia
1871 5516 2004 5574 quae
2049 5499 2115 5552 de

551 5569 629 5643 [se
651 5569 785 5640 om.]
832 5573 1176 5643 substantiam
1212 5569 1433 5643 ﬁli'atant
1472 5573 1642 5643 genuit
1674 5581 1719 5627 et
1755 5569 2111 5641 procedentem

548 5639 889 5696 substantiam
920 5639 1103 5693 linitur
1129 5639 1246 5697 cod.
1288 5642 1346 5695 D.
1473 5639 1491 5643 ⁷
1756 5639 1763 5641 “
2026 5664 2031 5669 ι

2292 5500 2319 5540 b
2346 5502 2435 5573 Ad
2476 5517 2697 5573 vernum
2737 5504 3088 5573 procedentem
3116 5503 3352 5559 Thomas
3377 5502 3508 5560 Gale
3536 5502 3775 5573 animad—

2219 5572 2380 5626 vertit
2412 5573 2542 5630 haec
2570 5588 2583 5626 :
2616 5572 2718 5628 llic
2738 5572 2914 5641 deﬁcit
2941 5574 3121 5642 codex,
3177 5576 3264 5644 qui
3295 5575 3417 5630 olim
3452 5574 3551 5643 fuit
3586 5572 3777 5627 Titani.
