4236 6274
387 347 496 404 569

1215 347 1302 402 ne
1341 345 1676 402 DIVISIONE
1715 344 2060 400 NATUIME.
2101 327 2168 383 —'-
2207 341 2406 396 LIBER
2448 343 2830 400 SECUNDUS.

3541 351 3647 407 570

393 463 559 528 lectu,
587 471 643 516 et
668 460 895 524 ratione,
920 465 974 513 ct
1000 473 1158 513 sensu
1185 458 1524 526 intelligitur:
1561 474 1687 510 num
1721 458 1966 512 dissonat
1997 460 2044 517 Α
2071 452 2233 506 veluti
2261 453 2516 507 ostiarius
2553 454 2574 484 ⁹
2607 455 2825 524 quidam
2880 457 3356 528 internuuciusquc
3403 474 3484 523 ea,
3515 477 3656 529 quae

388 555 463 609 ab
485 570 574 618 ea,
602 569 762 623 quam
794 551 1177 622 praediximus,
1208 550 1408 612 anima,
1437 563 1505 601 an
1541 564 1645 601 una
1677 549 1974 618 eademque

394 654 449 698 et
475 645 611 698 haec
658 653 712 696 et
743 644 759 673 ⁸
789 642 922 710 ipsa,
953 648 1005 695 et
1028 655 1134 694 non
1167 640 1303 694 duae
1333 641 1595 708 quaedam
1637 639 1794 693 unius
1831 638 1975 707 ejus-

395 732 624 800 demque
654 739 868 785 nostrae
889 730 1152 784 naturae?
1196 727 1428 784 Sensum
1465 737 1646 783 autem
1695 730 1817 784 dico
1865 745 1972 786 non

395 824 716 877 exteriorem
747 822 838 876 sed
868 821 1200 875 interiorem.
1231 818 1364 873 Nam
1394 819 1619 874 interior
1645 805 1976 874 coessentia-

391 915 462 966 iis
497 921 579 967 est
607 911 802 966 rationi
832 918 994 980 atque
1025 909 1340 973 intellectui,
1359 908 1597 963 exterior
1618 924 1974 977 vero,quam-

393 1004 473 1056 vis
507 1002 630 1072 plus
679 1003 748 1054 ad
801 1001 1037 1055 animam
1091 1001 1390 1070 pertinere,
1441 1015 1602 1070 quam
1658 999 1724 1054 ad
1777 1015 1974 1069 corpus

391 1091 660 1156 videatur,
690 1106 796 1144 non
849 1100 1028 1143 mmen
1077 1091 1368 1144 essentiam
1424 1091 1637 1144 animae
1677 1091 1972 1155 constituit,

395 1186 509 1248 sed,
540 1193 600 1237 ut
638 1183 788 1236 aiunt
814 1181 1352 1250 Graeci,eonjunetio
1375 1181 1635 1253 quaedam
1663 1189 1744 1234 est
1765 1181 1975 1233 animae

397 1285 452 1328 et
483 1273 726 1342 corporis
762 1289 776 1325 :
815 1273 990 1326 soluto
1012 1271 1156 1326 enim
1178 1286 1402 1339 corpore
1440 1280 1496 1325 et
1531 1271 1815 1325 recedente
1862 1270 1974 1322 vita

395 1364 617 1434 penitus
644 1363 987 1415 interimitur.
1014 1361 1146 1414 Nam
1173 1362 1218 1415 si
1251 1362 1303 1414 in
1332 1360 1507 1414 anima
1538 1368 1801 1423 maneret,
1827 1367 1882 1412 et
1909 1358 1974 1412 ad

400 1455 760 1509 substantiam
791 1452 905 1520 ejus
934 1452 1330 1521 pertineret,eo
1360 1450 1601 1521 profecto
1631 1451 1791 1504 etiam
1819 1457 1973 1503 extra

400 1561 596 1615 corpus
627 1554 886 1616 uteretur.
919 1545 988 1596 At
1016 1558 1164 1608 vero,
1192 1543 1314 1610 quia
1353 1542 1470 1596 sine
1496 1556 1721 1610 corpore
1765 1555 1830 1594 eo
1877 1555 1978 1593 nec

400 1637 589 1698 utitur,
617 1650 716 1689 nec
763 1634 836 1688 uti
879 1641 1076 1702 potest,
1125 1633 1464 1702 relinquitur,
1506 1648 1604 1687 nec
1648 1632 1700 1684 in
1749 1645 1975 1700 corpore

397 1726 570 1781 soluto
609 1740 853 1789 manere,
881 1739 980 1779 nec
1009 1725 1222 1778 animae
1259 1725 1495 1795 regimen
1541 1723 1787 1792 corporis
1815 1723 1974 1776 dese-

2077 543 2418 598 extrinsecus
2455 544 2780 608 introducit,
2809 546 3137 612 praesidenti
3171 549 3414 602 interiori
3473 554 3656 604 sensui

2076 633 2368 686 annunciet
2396 633 2458 686 ¹⁰.
2483 634 2626 688 DISC.
2652 632 2836 701 Neque
2865 649 2954 688 me
2980 647 3174 700 movet,
3205 653 3458 692 sensuum
3492 641 3664 692 nomi-

2075 723 2233 777 nibus
2246 738 2430 777 eorum
2452 724 2490 754 ¹¹
2517 724 2873 777 instrumenta
2899 724 3222 794 significari;
3242 741 3416 795 neque
3431 727 3658 781 duorum

2075 815 2402 868 sensuum“I
2428 814 2937 883 divii‘erentia,quam
2982 818 3048 870 ad
3095 831 3287 886 purum
3333 820 3659 883 discrevisti,

2076 922 2162 960 me
2191 907 2344 970 latet,
2377 916 2434 961 ut
2459 908 2670 976 Opinor.
2705 907 2770 960 Et
2802 909 2931 976 quid
2976 909 3043 962 de
3095 911 3370 977 praedicta
3421 913 3660 966 trinitate

2076 1006 2302 1051 naturae
2331 1008 2549 1051 nostrae
2569 999 2767 1062 sentio,
2796 1013 2892 1065 pro
2925 999 3174 1069 ingenioli
3208 1001 3310 1054 mei
3341 1010 3497 1070 captu
3521 1003 3662 1056 edis-

2075 1101 2276 1141 seram.
2312 1088 2458 1141 Duae
2482 1088 2753 1141 trinitates
2780 1087 3030 1142 videntur
3056 1103 3194 1153 esse,
3228 1091 3424 1158 quibus
3471 1103 3655 1145 nostra

2076 1190 2288 1244 natura,
2317 1189 2574 1249 quantum
2599 1181 2662 1233 ad
2695 1181 2982 1249 imaginem
3013 1179 3107 1234 Dei
3151 1180 3293 1235 facta
3320 1193 3422 1246 est,
3457 1185 3657 1252 proba-

2078 1279 2166 1326 tur
2196 1270 2510 1325 subsistere.
2541 1269 2646 1323 Sed
2675 1270 2918 1324 consulta
2962 1254 3190 1324 veritate
3250 1287 3356 1325 non
3406 1288 3463 1325 re
3519 1275 3655 1341 ipsa,

2077 1362 2172 1415 sed
2198 1362 2328 1416 solis
2363 1359 2672 1415 nominibus
2712 1375 2740 1411 a
2782 1373 2840 1413 se
2878 1359 3106 1414 invicem
3157 1360 3466 1430 discrepare
3515 1378 3664 1430 repe-

2080 1455 2313 1508 riuntur.
2344 1453 2478 1506 Nam
2523 1461 2638 1511 νοῦς
2683 1455 2936 1516 Θῑοὺσὶα,
2975 1453 3078 1506 hoc
3121 1459 3225 1518 est,
3268 1453 3569 1508 intellectus
3612 1462 3668 1506 et

2079 1545 2311 1599 essentia
2327 1543 2752 1599 excelsissimam
2779 1551 3000 1597 nostrae
3022 1551 3241 1598 naturae
3265 1553 3472 1612 partem
3497 1544 3666 1614 signi-

2077 1636 2262 1699 ficant,
2296 1623 2462 1688 immo
2483 1633 2907 1688 excelsissimum
2941 1642 3165 1688 motum.
3196 1633 3494 1705 Siquidem,
3521 1643 3578 1687 ut
3603 1643 3657 1688 tu

2080 1727 2192 1795 ipse
2242 1723 2510 1792 intelligis,
2549 1737 2654 1776 non
2699 1723 2845 1777 aliud
2873 1733 2958 1778 est
2986 1732 3201 1778 nostrae
3245 1733 3472 1778 naturae
3512 1739 3657 1787 esse,

398 1816 533 1869 renti
562 1816 876 1868 adhaerere.
915 1814 1050 1868 Nam
1079 1824 1136 1868 et
1159 1816 1272 1883 ipsa
1298 1813 1559 1878 deﬁnitio,
1601 1828 1706 1882 qua
1754 1818 1976 1866 sanctus
2008 1803 2051 1861 Β
2079 1825 2134 1868 et
2159 1813 2300 1868 aliud
2330 1812 2569 1875 moveri;
2613 1813 2848 1866 essentia
2875 1812 3018 1866 enim
3046 1811 3163 1880 ejus
3199 1821 3283 1866 est
3311 1821 3486 1866 motus
3515 1812 3670 1867 circa

395 1907 724 1976 Augustinus
745 1905 1071 1960 exteriorem
1101 1921 1318 1960 sensum
1348 1905 1516 1959 voluit
1559 1903 1808 1966 definire,
1835 1903 1976 1956 intra

399 1996 776 2051 substantiales
818 1996 1030 2049 animae
1057 2005 1238 2065 partes
1281 2011 1385 2049 non
1434 1994 1646 2048 videtur
1686 2006 1979 2046 connume-

405 2087 536 2143 rari:
555 2085 749 2140 Sensus
767 2096 863 2151 est,
881 2085 1074 2154 inquit,
1097 2086 1272 2155 passio
1293 2083 1546 2153 corporis,
1570 2099 1662 2152 per
1688 2098 1742 2134 se
1763 2082 1928 2151 ipsam
1954 2082 1974 2112 ⁸

402 2192 502 2228 non
523 2175 687 2228 latens
710 2177 959 2228 animant.
988 2175 1117 2229 item
1144 2175 1268 2239 alia,
1296 2189 1434 2242 quae
1463 2172 1593 2226 dicit
1623 2189 1636 2224 :
1670 2169 1864 2224 Sensus
1899 2177 1975 2222 est

399 2267 716 2320 sensibilium
754 2283 924 2319 rerum
945 2267 1224 2336 phantasia
1249 2281 1342 2335 per
1369 2265 1715 2318 instrumenta
1741 2261 1976 2329 corporis

403 2366 688 2424 assumpta.
707 2355 966 2409 Similiter
985 2367 1210 2409 naturae
1251 2355 1460 2407 animae
1486 2368 1590 2407 non
1617 2351 1831 2407 videtur
1851 2364 1974 2404 eum

402 2445 727 2514 conjungere
767 2457 809 2509 ο,
841 2447 935 2500 sed
972 2441 1118 2500 velut
1173 2445 1572 2498 internuncium
1623 2443 1868 2512 corporis
1925 2451 1979 2496 et

404 2536 620 2589 animae
649 2535 1000 2601 constituere,
1023 2544 1076 2590 et
1099 2536 1144 2589 si
1174 2537 1294 2605 quis
1325 2535 1582 2589 intentius
1627 2549 1851 2606 graecae
1879 2535 1979 2588 lin-

403 2641 539 2693 guae
570 2625 959 2694 proprietatem
983 2629 1354 2696 perspexerit,
1379 2627 1607 2681 duorum
1641 2643 1892 2682 sensuum
1923 2627 1976 2681 in

401 2717 621 2770 homine
647 2717 1028 2787 pmprictatem
1057 2719 1308 2787 reperiet.
1337 2717 1394 2771 ln
1421 2733 1484 2772 ea
1507 2719 1650 2774 enim
1679 2727 1794 2779 νοῦς
1825 2719 1978 2774 intel-

403 2805 574 2860 lectus
603 2805 991 2879 diciturJéyo;
1017 2808 1183 2868 ratio,
1238 2806 1432 2863 διάνοια
1480 2822 1690 2882 sensus,
1739 2825 1841 2862 non
1889 2807 1976 2862 ille

693 2897 786 2951 scd
818 2897 1072 2964 interior;
1124 2907 1178 2952 et
1225 2899 1277 2951 in
1333 2899 1417 2954 bis
1457 2899 1631 2953 tribus
1675 2899 1975 2955 essentialis

406 2985 619 3040 trinitas
643 2986 857 3040 animae
883 2987 950 3040 ad
983 2987 1271 3058 imaginem
1299 2988 1392 3042 Dei
1435 2987 1756 3043 constitutae
1793 2987 1971 3044 subsi-

404 3079 517 3131 stit.
546 3078 640 3132 Est
665 3079 808 3134 enim
854 3077 1175 3143 intellectus,
1209 3089 1262 3134 et
1306 3080 1462 3144 ratio,
1506 3089 1560 3134 et
1619 3096 1823 3154 sensus,
1880 3082 1970 3151 qui

408 3167 604 3221 dicitur
634 3167 859 3224 interior
881 3179 936 3224 et
973 3171 1306 3236 essentialis;
1356 3172 1592 3225 exterior
1639 3152 1784 3236 vero,
1811 3190 1970 3242 queui
2001 3151 2044 3211 (ἶ

408 3260 651 3329 corporis
685 3268 740 3314 et
765 3263 975 3318 animae
1003 3264 1245 3332 copulam
1273 3265 1528 3329 diximus,
1551 3264 1790 3324 αἴσθησις
1817 3279 1977 3317 voca-

407 3363 522 3417 tur;
555 3355 907 3410 instrumenta
939 3366 1138 3422 autem,
1164 3359 1215 3412 in
1237 3359 1431 3427 quibus
1455 3359 1712 3430 possidet,
1738 3359 1976 3417 αἰσθητή·

399 3467 504 3522 ρια,
541 3447 707 3512 quasi
733 3449 1018 3511 αἰσθήσεως
1046 3453 1221 3520 τήρια,
1252 3451 1353 3504 hoc
1404 3460 1510 3514 est,
1564 3464 1754 3504 sensus
1797 3457 1974 3502 custoo

403 3535 521 3587 diae
549 3535 588 3588 ⁸.
622 3534 676 3589 In
707 3537 787 3590 eis
817 3537 961 3592 enim
1001 3553 1190 3594 sensus
1242 3540 1546 3595 custoditur
1589 3546 1644 3593 et
1689 3548 1972 3607 operatur;

406 3633 459 3678 et
487 3634 609 3680 sunt
636 3642 862 3682 numero
913 3629 1170 3699 quinque,
1201 3629 1364 3693 visus,
1395 3631 1610 3685 auditus
1639 3630 1680 3693 ⁵,
1725 3627 1973 3694 olfactus,

404 3721 606 3780 gustus,
631 3722 826 3769 tactus.
855 3713 964 3770 Nec
988 3724 1040 3771 te
1065 3733 1280 3772 movere
1308 3718 1484 3781 debet,
1501 3719 1641 3786 quod
1669 3712 1977 3772 nominibus

405 3803 823 3872 quinquepertiti
850 3821 1038 3862 sensus
1073 3809 1572 3878 quinquepertitum
1619 3808 1734 3876 ejus
1775 3810 1978 3864 instru-

406 3901 644 3947 mentum
669 3895 1010 3964 appellarint;
1056 3914 1185 3952 nam
1214 3898 1685 3968 frequentissimus
1731 3907 1786 3953 et
1833 3913 1978 3953 cout-

406 3982 586 4039 munis
607 3983 890 4040 locutionis
912 3995 966 4040 et
994 4001 1178 4041 sacrae
1206 3987 1520 4058 Seripturac
1549 4003 1678 4042 usus
1700 3996 1798 4050 est,
1824 3988 1978 4042 sedes

403 4087 658 4128 sensuum
723 4076 962 4146 ipsorum
1010 4096 1264 4136 sensuum
1322 4083 1631 4137 nominibus
1683 4083 1974 4152 appellare.

403 4163 560 4219 Visus
587 4167 728 4220 enim
757 4177 980 4224 vocatur
1001 4171 1208 4238 oculus,
1231 4181 1286 4227 et
1327 4173 1474 4227 auris
1516 4173 1750 4236 auditus,
1775 4173 1974 4226 ceteri-

403 4267 507 4320 que
537 4253 787 4311 similiter
815 4273 1009 4314 sensus
1053 4263 1165 4317 suis
1203 4262 1577 4318 instrumentis
1629 4262 1979 4330 significatio-

400 4358 520 4396 nem
545 4357 841 4412 praestant.
869 4347 986 4404 Non
1009 4360 1184 4406 autem
1209 4361 1495 4422 propterea
1509 4352 1978 4422 quinquepertitus

400 4449 591 4488 sensus
649 4437 867 4504 dicitur,
921 4443 1063 4509 quod
1117 4443 1172 4496 in
1225 4444 1401 4512 seipso
1452 4443 1698 4513 quinario
1753 4457 1976 4496 numero

401 4523 701 4590 dividatur;
725 4535 806 4582 est
829 4531 973 4584 enim
1004 4531 1226 4600 simplex
1257 4544 1310 4587 et
1340 4534 1644 4598 uniformis,
1660 4543 1713 4586 et
1736 4534 1788 4586 in
1817 4533 1980 4588 corde

398 4611 560 4666 veluti
589 4614 873 4686 principali
926 4619 1093 4674 sede’
1131 4622 1370 4690 possidet
1414 4641 1426 4676 :
1476 4624 1569 4678 sed
1616 4624 1758 4693 quod
1803 4623 1824 4656 ⁷
1883 4638 1980 4692 per

397 4703 892 4774 quiaquepertitum
921 4711 1165 4779 corporis
1195 4712 1630 4775 instrumentum,
1669 4712 1832 4766 veluti
1882 4727 1979 4780 per

397 4793 654 4858 quasdam
683 4795 964 4864 cujusdam
991 4799 1228 4854 civitatis
1260 4801 1497 4870 quinque
1523 4810 1724 4870 portas,
1753 4799 1980 4854 sensibi-

400 4880 528 4934 lium
566 4897 742 4938 rerum
775 4886 1156 4943 similitudines
1185 4905 1250 4944 ex
1274 4892 1628 4959 qualitatibus
1659 4900 1713 4944 et
1755 4888 1974 4959 quanti-

402 4969 600 5025 tatibus
621 4975 909 5030 exterioris
944 4979 1129 5032 mundi
1157 4981 1458 5046 venientes,
1505 4980 1824 5048 ceterisque,
1852 4977 1974 5047 qui-

399 5057 502 5113 bus
531 5075 717 5118 sensus
738 5066 978 5123 exterior
1007 5066 1292 5137 formatur,
1326 5072 1550 5127 intcrius
1601 5071 1824 5139 recipiat
1854 5073 1900 5141 ⁸,
1924 5085 1980 5132 et

473 5299 490 5330 ¹
520 5298 613 5353 Sic
639 5298 758 5362 CE;
792 5311 839 5355 et
861 5319 970 5358 om.
995 5305 1060 5360 A.

1135 5309 1155 5338 '
1189 5308 1274 5363 CE
1313 5322 1412 5377 per
1440 5321 1498 5362 se
1522 5308 1710 5378 ipsum.

398 5369 654 5423 custodia.

734 5371 756 5402 ⁵
785 5371 877 5426 Sic
923 5374 1043 5440 CE;
1075 5374 1119 5429 A
1147 5371 1380 5441 auditus,
1411 5371 1569 5431 visus.

1789 5309 1810 5340 ⁸
1841 5309 1931 5380 Sic
1969 5311 2092 5375 AE;
2127 5327 2222 5380 pro
2249 5329 2365 5365 eum
2388 5312 2702 5380 conjungere
2738 5311 2777 5366 C
2804 5310 3188 5366 connumerari.

1647 5378 1668 5408 ⁸
1697 5378 1787 5432 Sic
1833 5379 1948 5442 CE;
1996 5381 2039 5434 A
2079 5378 2242 5435 veluti
2280 5384 2337 5435 in
2385 5378 2498 5433 loco
2543 5378 2881 5448 principalem
2924 5381 3115 5432 sedem.

2081 1904 2250 1957 Deum
2273 1911 2327 1955 et
2355 1908 2662 1956 creaturam
2709 1901 2936 1966 stabilis,
2965 1909 3021 1968 et
3061 1899 3273 1956 mobilis
3316 1909 3509 1955 status.
3553 1901 3661 1954 Sed

2081 1993 2205 2048 dum
2237 2000 2479 2046 movetur
2501 1991 2646 2045 circa
2678 1990 2866 2056 Deum,
2903 1991 2996 2060 qui
3022 1999 3241 2060 superat
3271 1992 3474 2054 omnia,
3505 2007 3669 2044 squ-.

2080 2099 2201 2138 mus
2231 2083 2274 2114 ¹³
2298 2092 2474 2138 motus
2494 2083 2609 2152 ejus
2635 2083 2794 2136 datur
2826 2081 2900 2147 “;
2930 2083 3055 2136 dum
3083 2098 3212 2136 vero
3238 2082 3380 2136 circa
3423 2081 3659 2150 primur-

2081 2175 2247 2230 dialcs
2261 2187 2454 2229 causas
2470 2181 2735 2236 versatur,
2751 2187 2887 2241 quae
2910 2173 3188 2242 proximae
3209 2171 3518 2245 immediate
3537 2181 3661 2240 post

2079 2269 2248 2323 Deum
2269 2265 2593 2331 sunt,veluti
2623 2263 2800 2322 medio
2821 2264 3053 2333 quodam
3077 2262 3442 2317 moderamine
3466 2261 3660 2316 intelli-

2080 2361 2225 2430 gitur
2243 2358 2467 2424 moveri;
2485 2358 2701 2427 quando
2713 2365 2891 2411 autem
2917 2355 3344 2426 primordialium
3369 2368 3656 2408 causarum

2079 2449 2305 2505 effectus
2317 2449 2430 2504 sive
2451 2447 2714 2512 visibiles,
2730 2448 2844 2502 sive
2859 2446 3155 2501 invisibiles
3174 2445 3478 2514 perspicere
3499 2457 3662 2498 cona-

2081 2547 2508 2603 tur,_extremum
2541 2538 2624 2593 sui
2650 2545 2854 2592 motum
2881 2536 2995 2606 pati
3022 2536 3375 2606 dignoscitur,
3401 2550 3505 2589 non
3534 2535 3674 2603 quia

2080 2633 2222 2688 idem
2250 2641 2427 2687 motus
2457 2629 2828 2687 substantialis
2857 2629 3042 2698 augeri
3068 2628 3152 2682 vel
3181 2627 3349 2682 minui
3382 2627 3436 2680 in
3483 2627 3664 2695 seipso

2078 2722 2268 2791 possit,
2299 2720 2390 2776 sed
2419 2720 2564 2790 quod
2591 2719 2886 2773 secundum
2927 2717 3244 2787 dignitatem
3273 2730 3488 2779 rerum,
3517 2716 3662 2769 circa

2079 2827 2215 2881 quas
2244 2811 2494 2875 volvitur,
2531 2817 2587 2864 et
2613 2808 2900 2873 minimus,
2950 2814 3006 2862 et
3050 2805 3279 2871 medius,
3307 2813 3362 2859 et
3397 2805 3665 2858 maximus

2079 2917 2200 2958 esse
2221 2901 2498 2970 judicatur
2522 2900 2586 2952 ³⁵.
2610 2899 2856 2954 Essentia
2883 2899 3062 2969 itaque
3091 2897 3304 2952 animae
3328 2905 3547 2950 nostrae
3573 2906 3660 2951 est

2081 2991 2402 3056 intellectus,
2453 2991 2544 3060 qui
2571 2989 2906 3044 universitati
2941 2991 3210 3044 humanae
3233 2997 3458 3043 naturae
3498 2994 3656 3059 prae-

2080 3081 2236 3145 sidet,
2253 3081 2377 3150 quia
2409 3081 2452 3112 ¹⁸
2478 3081 2622 3135 circa
2663 3078 2832 3133 Deum
2862 3095 3024 3149 supra
3050 3094 3264 3136 omnem
3291 3084 3538 3134 naturam
3572 3081 3654 3134 in-

2077 3172 2290 3241 cognite
2305 3171 2747 3226 circumvehitur.
2764 3169 2922 3244 Λόγος
2940 3184 3070 3225 vero
3083 3169 3167 3224 vel
3188 3168 3421 3240 δύναμις,
3439 3171 3540 3225 hoc
3555 3181 3661 3234 est,

2078 3263 2216 3317 ratio
2243 3261 2327 3316 vel
2350 3261 2392 3292 "
2423 3261 2597 3316 virtus
2621 3261 2914 3315 secundam
2962 3259 3128 3314 veluti
3153 3267 3360 3328 partem
3388 3259 3660 3324 insinuat;

2077 3369 2181 3407 non
2220 3352 2682 3417 irrationabiliter,
2698 3352 2823 3421 quia
2851 3351 2994 3406 circa
3018 3350 3280 3420 principia
3300 3366 3505 3417 rerum,
3523 3367 3665 3421 quae

2076 3442 2252 3510 primo
2290 3451 2410 3510 post
2461 3442 2629 3496 Deum
2672 3448 2817 3505 sunt,
2859 3439 3256 3494 circumfertur.
3316 3439 3498 3494 Tertia
3537 3455 3670 3495 vero

2079 3546 2224 3598 pars,
2247 3529 2468 3592 διανοίας
2491 3539 2546 3585 et
2570 3529 2911 3607 ἐνεργείαε,.ἰ(1
2934 3538 3037 3595 est,
3059 3539 3248 3586 sensus
3265 3539 3318 3586 et
3333 3531 3668 3598 operationis

2079 3621 2355 3676 vocabulis
2375 3621 2767 3684 denominatur,
2787 3628 2843 3674 et
2867 3619 3028 3674 veluti
3055 3628 3362 3675 extremum
3391 3622 3676 3676 humanae.

2079 3716 2290 3770 animae
2321 3715 2529 3770 obtinet
2557 3713 2731 3769 locum
2755 3730 2769 3778 ;
2798 3727 2898 3768 nec
2922 3713 3216 3778 immerito,
3245 3714 3499 3784 quoniam
3519 3714 3667 3768 circa

2076 3808 2301 3863 effectus
2334 3823 2620 3864 causarum
2648 3806 3098 3876 primordialium,
3123 3806 3237 3860 sive
3256 3806 3519 3870 visibiles,
3553 3807 3668 3860 sive

2079 3897 2377 3952 invisibiles
2394 3898 2524 3962 sint,
2550 3896 3007 3950 circumvolvitur.
3036 3895 3114 3950 Ac
3142 3910 3238 3964 per
3266 3896 3370 3950 hoc
3399 3912 3508 3952 non
3533 3897 3669 3950 duas

2094 3988 2476 4043 substantiales
2507 3987 2794 4050 trinitates,
2831 3987 2924 4041 sed
2949 4001 3112 4040 unam
3135 3986 3469 4053 eandemque
3495 3987 3561 4040 ad
3587 3988 3665 4039 si-

2083 4077 2442 4134 militudinem
2459 4076 2734 4131 Creatoris
2749 4076 3118 4147 sni_conditam
3133 4082 3344 4144 oportet
3364 4091 3460 4128 nos
3475 4074 3670 4127 intelli-

2079 4186 2225 4242 gere.
2259 4169 2367 4224 Sed
2403 4170 2591 4232 miror,
2621 4184 2724 4236 qua
2747 4167 2814 4222 de
2847 4181 3013 4220 causa
3043 4167 3210 4219 vitam
3242 4166 3432 4234 ipsam,
3473 4178 3610 4232 quae
3634 4180 3666 4218 a

2081 4263 2300 4318 Graecis
2319 4263 2558 4335 θρεπτική
2580 4268 2636 4313 et
2659 4261 2904 4324 αὐξητικιᾶ
2924 4265 3149 4312 vocatur
3166 4257 3229 4320 '3,
3253 4256 3507 4321 a,nostris
3539 4270 3668 4308 vero

2081 4353 2336 4408 nutritiva
2360 4360 2414 4409 et
2441 4351 2654 4406 anctiva
2678 4378 2750 4391 ——
2769 4349 2936 4403 nutrit
2955 4348 3100 4402 enim
3125 4361 3373 4415 corpora,
3406 4357 3460 4400 et
3486 4346 3665 4400 incre-

2081 4452 2261 4498 menta
2290 4443 2331 4474 ¹⁹
2353 4443 2432 4497 eis
2461 4449 2700 4512 praestat
2724 4471 2795 4482 -—
2816 4455 2916 4494 nec
2941 4438 3102 4493 veluti
3129 4445 3379 4507 quartam
3415 4438 3667 4492 substan-

2011 4507 2056 4563 D
2087 4533 2262 4588 tialem
2287 4533 2804 4612 liumanae‘naturae
2829 4538 3060 4600 partem,
3108 4541 3208 4582 nec
3236 4527 3377 4581 intra
3415 4527 3668 4581 substan-

2082 4624 2264 4676 tialem
2319 4622 2616 4676 trinitatem
2665 4619 3229 4674 connumeratam”a
3266 4627 3317 4671 te
3366 4618 3545 4682 video,
3599 4631 3665 4668 ac

2081 4713 2243 4767 veluti
2272 4713 2484 4782 penitus
2509 4711 2966 4781 praetermissam,
2993 4719 3048 4765 et
3099 4709 3243 4766 nullo
3270 4707 3524 4764 modo-ad
3567 4722 3665 4760 na-

2081 4811 2235 4856 turae
2256 4811 2469 4856 nostrae
2491 4802 2930 4856 constitutionem
2949 4803 3330 4869 pertinentem.
3363 4799 3501 4854 MAG.
3526 4796 3604 4851 Ne
3619 4798 3660 4830 “

2082 4891 2324 4956 mireris;
2369 4905 2474 4943 non
2505 4890 2648 4944 enim
2694 4890 2812 4943 sine
2849 4904 3010 4943 causa
3058 4890 3162 4945 hoc
3205 4889 3456 4943 fecimus.
3488 4885 3665 4956 Siqui-

2082 4979 2202 5033 dem
2245 4995 2386 5034 nunc
2430 4980 2632 5034 nonde
2679 4979 2929 5034 universa
2969 4980 3201 5034 humana
3237 4990 3428 5034 natura
3481 4992 3663 5032 sermo

2083 5080 2186 5134 est,
2217 5085 2356 5139 quae
2388 5070 2549 5124 veluti
2580 5071 2821 5139 quinque
2847 5071 3112 5140 partibus,
3161 5072 3265 5126 hoc
3293 5081 3394 5136 est,
3439 5083 3665 5138 corpore

1692 5200 1946 5257 VARIAE
1982 5201 2380 5258 LECTIONES.

3295 5309 3315 5340 ⁸
3346 5307 3436 5363 Sic
3463 5307 3580 5371 CE;
3618 5311 3658 5364 Α

3193 5379 3330 5432 ’Sie
3383 5380 3453 5440 E;
3517 5393 3656 5447 quoa

397 5439 572 5521 ςιιιιεᾼ
595 5439 684 5521 LC
713 5443 808 5496 sed
829 5459 922 5510 per
943 5448 1081 5521 quod
1108 5439 1621 5521 quinquepertitum.
1698 5451 1719 5480 ⁸
1749 5448 1839 5502 Sic
1869 5439 1984 5514 CE;
2013 5451 2055 5504 A
2085 5453 2286 5521 recipit.
2334 5452 2381 5521 _’
2429 5449 2520 5521 (ili
2543 5439 2863 5521 'Itostiurius.
2943 5450 2985 5480 ¹⁰
3020 5447 3326 5521 ξιρῌςΕξμᾼ
3357 5439 3657 5521 annuntiat.

402 5507 442 5537 “
477 5507 565 5560 Sic
597 5510 674 5573 E;
711 5507 891 5565 eorum
916 5507 1024 5567 oin.
1053 5516 1120 5569 A.

403 5573 446 5605 “
475 5577 562 5631 Sic
611 5580 726 5645 CB;
759 5583 802 5633 Α
845 5581 1127 5638 indicatur.

401 5654 472 5696 ει.
505 5661 551 5699 τι.
584 5660 818 5706 vocatur.

411 5713 548 5770 Non.
815 5731 826 5737 '

1281 5585 1372 5642 Sic
1412 5588 1528 5651 CE;
1552 5587 1595 5640 A
1625 5590 1736 5658 qui.

900 5653 940 5686 "
965 5655 1054 5710 Sic
1076 5657 1149 5722 A;
1179 5656 1263 5713 (ΣΕ
1290 5653 1679 5712 incrementum.

1198 5519 1239 5553 ¹²
1270 5517 1562 5570 nominibus
1611 5547 1681 5557 —
1707 5535 1950 5572 sensuum
1976 5535 2086 5572 om.
2112 5519 2172 5576 C.

1817 5590 1857 5620 ¹⁷
1886 5590 1974 5642 Sic
2001 5589 2118 5654 CE;
2148 5593 2187 5644 A
2221 5601 2288 5644 et.

1755 5659 1799 5689 ’°
1822 5657 1911 5715 Sic
1952 5659 2022 5726 E;
2051 5662 2093 5714 Α
2129 5671 2506 5723 enumerata)»,
2538 5656 2577 5712 C
2623 5666 2670 5709 et
2723 5665 3186 5712 connumeratam.

2252 5520 2293 5552 ³³
2323 5519 2416 5575 Sic
2437 5518 2556 5580 CE;
2584 5518 2630 5571 A
2668 5519 2948 5571 maximus.
3029 5517 3072 5548 ιδ
3101 5518 3190 5571 Sic
3228 5518 3345 5583 CE;
3377 5519 3418 5572 A
3443 5520 3660 5574 dicitur.

2367 5592 2408 5623 ⁸⁸
2438 5589 2527 5642 Sic
2557 5586 2676 5650 CE;
2731 5587 2774 5638 A
2827 5588 3087 5650 αὐξητικὴ,
3115 5604 3146 5639 a
3194 5589 3386 5642 nostris
3430 5606 3549 5641 vero
3605 5606 3658 5640 ιι.

2367 5671 2506 5714 itam.
2538 5656 2577 5712 C
2623 5666 2670 5709 et
2723 5665 3186 5712 connumeratam.
3261 5659 3306 5690 “
3332 5659 3421 5714 Sic
3466 5659 3582 5714 CB.
3616 5659 3648 5706 Α
