4236 6274
579 339 679 395 571

1926 330 2211 388 JOANNIS
2246 331 2444 388 SCOTI

3748 341 3860 400 572

577 450 837 522 vitalique
866 457 1037 513 motu,
1065 460 1253 511 sensu,
1293 451 1351 501 et
1398 444 1606 501 ratione
1649 452 1901 501 constare
1928 448 2160 511 videtur,
2189 450 2240 509 Α
2267 444 2525 510 arbitror,
2568 459 2677 499 non
2718 451 2863 500 utet
2906 444 3037 503 illud
3068 448 3471 518 superadditum
3513 465 3725 522 perea.,
3760 457 3856 514 sed

576 552 630 601 et
670 542 977 603 intellectu;
1031 538 1125 593 sed
1155 537 1223 592 de
1266 551 1331 592 ea
1375 535 1713 591 solummodo
1753 543 1930 605 parte,
1973 537 2027 591 in
2057 551 2164 605 qua

577 637 757 706 imago
782 641 839 687 et
875 629 1170 687 similitudo
1193 627 1491 683 conditoris
1535 626 1886 696 perspicitur,
1919 626 2025 680 hec
2058 633 2163 689 cst,

577 723 937 799 dejntellectu
965 729 1021 776 et
1044 719 1253 774 ratione
1274 726 1330 772 et
1364 731 1529 772 sensu
1557 716 1831 780 interiori,
1861 715 1967 780 vel,
2003 725 2059 770 ut
2089 715 2164 769 ita

575 815 776 876 dicam,
808 812 1067 875 essentia,
1098 809 1317 870 virtute,
1340 807 1657 876 operatione
1704 807 1742 860 ⁸.
1772 806 1829 861 ln
1878 808 1982 863 hoc
2018 807 2166 863 enim

576 903 818 960 ternario
866 914 1111 957 summae
1145 913 1210 953 ac
1234 905 1457 952 sanctae
1478 897 1498 927 ³
1531 895 1817 950 Trinitatis
1846 896 2025 966 imago
2070 910 2167 950 ex.

581 1012 771 1069 pressa
802 995 1162 1067 cognoscitur.
1198 990 1331 1046 Nam
1370 990 1438 1046 de
1458 988 1607 1046 vitali
1642 998 1813 1054 motu,
1841 1003 1949 1059 quo
1982 989 2161 1043 anima

577 1104 777 1159 corpus
802 1095 855 1142 et
885 1086 1076 1150 nutrit,
1103 1093 1161 1139 et
1188 1084 1240 1138 in
1272 1097 1441 1137 unum
1483 1081 1707 1151 colligit,
1739 1088 1797 1136 et
1822 1080 2078 1143 viviﬁcat,
2109 1089 2165 1136 et

573 1182 872 1245 ministrat,
909 1180 1068 1250 eique
1097 1183 1494 1233 incrementum
1528 1175 1643 1239 dat,
1674 1175 1849 1244 deque
1895 1175 2011 1243 ipso
2036 1189 2163 1229 cor.

572 1290 725 1347 pore,
755 1272 897 1345 quod
944 1272 1109 1327 totius
1155 1278 1439 1326 creaturae
1482 1274 1791 1321 extremum
1836 1267 2047 1322 obtinet
2082 1265 2162 1320 lo-

572 1380 721 1428 eum,
758 1364 897 1418 alius
926 1360 1227 1417 disserendi
1263 1359 1414 1415 locus
1460 1358 1586 1421 erit,
1618 1358 1745 1411 dum
1791 1356 1844 1411 in
1871 1367 2067 1426 quarto
2095 1357 2161 1411 li-

571 1456 673 1512 bro
713 1456 736 1488 ⁸
765 1456 832 1511 de
879 1453 1089 1509 naturis
1118 1449 1484 1513 sensibilibns,
1537 1448 1650 1503 Deo
1676 1448 1838 1512 duce,
1863 1447 2163 1518 disputabi-

574 1552 681 1599 tur.
710 1543 861 1611 Quae
892 1557 1046 1612 pars,
1077 1539 1333 1610 quoniam
1360 1546 1515 1593 extra
1541 1538 1928 1608 proprietatem
1957 1537 2159 1592 intelli-

571 1632 751 1702 gibilis
798 1640 1020 1687 nostrae
1068 1628 1377 1693 cssentiae,
1433 1643 1540 1697 qua
1594 1627 1665 1682 ad
1719 1628 2009 1697 imaginem
2064 1627 2159 1686 Dei

571 1721 774 1776 conditi
797 1734 1007 1785 sumus,
1036 1719 1398 1789 dignoscitur,
1426 1727 1713 1788 propterea
1758 1732 1791 1771 a
1823 1718 1979 1773 nobis
2000 1734 2161 1789 prae-

2266 543 2327 590 ut
2366 534 2419 588 in
2457 534 2610 598 illud,
2654 536 2800 604 quod
2827 535 3001 604 primo
3051 549 3139 593 est
3187 540 3487 606 conditum,
3514 550 3770 611 transeat,
3799 555 3855 604 et

2266 639 2431 679 unum
2458 638 2581 679 cum
2615 624 2706 680 illo
2727 624 2842 691 ﬂat,
2865 642 2971 682 non
2998 630 3151 698 quasi
3181 630 3310 696 duo,
3342 632 3437 688 sed
3468 648 3637 693 unum
3677 637 3855 695 incor-

2265 715 2537 786 ruptibile»
2565 725 2620 770 et
2664 716 2946 787 spirituale
2990 733 3089 789 per
3137 721 3369 791 gratiam
3412 722 3504 778 Dei
3535 723 3720 794 Verbi,
3761 730 3853 800 qui

2265 821 2372 860 non
2401 806 2573 860 solum
2606 806 2660 860 in
2695 817 2881 863 nostra
2921 809 3213 877 naturalia,
3244 824 3434 867 verum
3469 815 3635 871 etiam
3678 818 3733 873 in
3763 835 3851 874 su-

2263 895 2545 964 peraddita
2592 895 2751 951 nobis
2798 896 3177 964 descenderat,
3226 909 3287 955 ut
3337 904 3517 958 omnia
3554 915 3742 962 nostra
3795 908 3853 964 in

2265 986 2445 1055 seipse
2487 994 2838 1051 restauraret,
2883 995 2937 1042 et
2984 987 3220 1059 desuper
3262 990 3486 1059 adjectis
3527 997 3852 1054 naturaliter

2273 1076 2432 1130 insita
2495 1074 2738 1142 faceret,
2794 1077 2888 1146 qui
2957 1077 3087 1134 fecit
3143 1090 3377 1151 utraque
3437 1100 3622 1141 unum.
3695 1090 3847 1147 Dtsc.

2264 1162 2429 1218 Plane
2499 1179 2607 1218 non
2682 1165 3098 1233 incongruum;
3171 1170 3267 1225 sed
3343 1179 3493 1227 ratae
3560 1174 3852 1245 subtilique

2264 1255 2667 1326 investigationi
2739 1266 2798 1311 et
2853 1258 3151 1314 inventioni
3219 1262 3560 1320 rationabilis
3625 1275 3850 1325 naturae

2262 1346 2852 1402 convenientissimum.
2902 1348 3169 1416 Quorsum
3220 1367 3350 1409 vero
3398 1355 3552 1421 haec,
3612 1359 3848 1416 nondum

2263 1436 2442 1491 video.

2332 1527 2474 1584 MAG.
2515 1528 2733 1585 Patiens
2780 1540 2916 1587 esto.
2950 1531 3066 1588 Non
3099 1534 3242 1590 enim
3272 1551 3361 1592 res
3386 1552 3551 1607 parva
3583 1539 3725 1594 inter
3753 1555 3850 1598 nos

2272 1617 2577 1689 quaeritur,
2607 1634 2710 1674 nec
2754 1620 2855 1675 nisi
2898 1622 3084 1677 multis
3124 1623 3539 1693 diligentissime
3566 1630 3854 1685 ratiocina-

2264 1705 2427 1761 tionis
2453 1707 2771 1775 ambagibus
2796 1718 2853 1765 et
2883 1710 3197 1783 investigari
3220 1723 3276 1767 et
3303 1715 3533 1771 inveniri
3577 1725 3774 1787 potest,
3803 1721 3850 1775 si

569 1809 871 1865 sentialiter
914 1808 1226 1864 intermissa
1277 1815 1383 1872 est,
1411 1807 1539 1862 dum
1585 1808 1660 1862 sit
1713 1816 1892 1863 motus
1931 1808 2154 1877 quidam

2264 1802 2441 1850 tamen
2468 1796 2534 1850 ad
2558 1813 2752 1867 purum
2784 1798 3015 1854 inveniri
3042 1811 3240 1871 potest.
3286 1800 3428 1858 Nulli
3462 1807 3607 1860 enim
3636 1809 3851 1864 mortali

568 1909 723 1957 extra
773 1906 1028 1954 naturam
1088 1896 1516 1968 primordialiter
1560 1898 1860 1963 conditam,
1911 1898 2159 1953 substan-

569 1990 688 2047 tiali
744 1998 966 2046 nostrae
1008 1988 1333 2060 operationi,
1378 2002 1519 2058 quae
1553 2003 1744 2043 sensus
1800 1987 2047 2054 interior,
2097 1997 2159 2044 ut

568 2082 829 2147 diximus,
871 2080 1165 2146 vocitatur,
1213 2077 1514 2149 subjectus,
1548 2079 1710 2149 inque
1750 2091 1980 2148 poenam
2024 2094 2161 2147 pec-

570 2172 680 2227 cati
712 2170 960 2237 additus;
997 2184 1107 2240 quo
1128 2169 1383 2225 videlicet
1410 2177 1559 2224 motu
1585 2183 1673 2232 ea,
1702 2182 1845 2237 quae
1866 2175 1989 2237 post
2026 2183 2157 2238 pec-

569 2271 755 2319 catum
800 2262 1072 2317 humanae
1112 2268 1345 2317 naturae
1364 2260 1714 2331 superaddita
1735 2271 1894 2328 sunt;
1922 2260 2157 2316 admini-

568 2362 709 2411 strat
734 2370 747 2408 :
774 2368 972 2424 corpus
1011 2353 1117 2409 hoc
1151 2352 1505 2424 corruptibilc
1525 2352 1670 2419 dico,
1713 2362 1877 2424 atque
1908 2354 2157 2420 mortale,

568 2444 705 2501 locis
748 2445 1191 2516 temporibusque
1237 2444 1470 2512 varium,
1508 2443 1745 2513 partium
1792 2459 2016 2499 suarum
2059 2461 2161 2499 nu-

568 2550 721 2593 mero
783 2536 1077 2592 discretum
1106 2575 1122 2603 ,
1187 2535 1377 2607 spatiis
1428 2534 1752 2601 distentum,
1810 2536 2162 2596 incrementis

569 2625 1043 2695 decrementisque
1088 2625 1397 2691 subditum,
1451 2625 1803 2695 qualitatibus
1845 2626 2164 2697 quantitati-

566 2714 779 2784 basque
816 2713 1048 2769 diversis
1082 2714 1409 2785 subjectum,
1445 2714 1515 2768 ad
1539 2730 1732 2770 omnes
1761 2715 2162 2771 irrationabiles

567 2812 747 2859 motus
772 2818 1027 2874 pronum,
1052 2804 1291 2860 carnalis
1332 2804 1509 2861 adhuc
1534 2805 1767 2869 animae,
1807 2805 2002 2860 merito
2030 2820 2161 2862 suae

565 2895 966 2951 inobedientiae
1026 2895 1425 2966 superbiaeque
1478 2896 1709 2951 diversis
1756 2894 2161 2951 calamitatibus

567 2986 840 3043 involutae
895 2987 1212 3059 hospitium,
1265 2997 1580 3058 ceteraque,
1626 3001 1768 3056 quae
1815 2986 1883 3040 de
1924 2984 2158 3041 infelici—

565 3084 679 3132 tate
721 3077 777 3131 in
827 3077 968 3133 banc
994 3078 1163 3133 vitam
1209 3078 1482 3133 humanae
1526 3085 1756 3131 naturae
1783 3091 1851 3132 ex
1897 3075 2158 3132 felicitate

2264 1886 2473 1951 sensui,
2505 1889 2755 1956 quamvis
2782 1890 3032 1945 videatur
3058 1900 3217 1947 acute
3262 1893 3561 1962 inquirere,
3593 1895 3721 1952 licet
3749 1898 3855 1953 hoc

2261 1979 2597 2047 promittere,
2647 1995 2715 2035 ne
2760 1982 3008 2037 incautus
3052 1982 3409 2054 redarguatur
3436 1985 3459 2017 ⁸
3490 2000 3642 2052 esse,
3705 1990 3854 2058 quod

2262 2083 2388 2123 suas
2416 2068 2559 2125 vires
2585 2078 2805 2138 supcrat
2827 2071 3073 2126 invenire
3099 2086 3201 2142 per
3220 2087 3281 2129 se
3303 2073 3477 2142 ipsum
3501 2077 3846 2144 promittens.

2267 2159 2403 2215 Nam
2447 2161 2492 2215 si
2521 2160 2814 2228 invenitur,
2858 2174 2964 2219 non
2998 2164 3139 2233 ipse,
3184 2164 3277 2235 qui
3303 2154 3538 2234 quaerit,
3587 2168 3850 2240 sedipse,

2258 2251 2350 2321 qui
2397 2253 2700 2321 quaeritur,
2745 2261 2802 2308 et
2848 2254 2940 2324 qui
2974 2264 3060 2311 est
3107 2255 3199 2310 lux
3250 2258 3538 2324 mentium,
3565 2258 3777 2316 invenit
3798 2258 3849 2315 ⁸.

2259 2341 2581 2409 Quaerimus
2628 2358 2879 2414 namque,
2927 2346 2981 2399 ni
3028 2346 3205 2413 fallor,
3243 2348 3519 2418 quomodo
3565 2364 3636 2405 ex
3689 2364 3853 2421 argu-

2261 2444 2445 2490 mento
2491 2436 2865 2491 substantialis
2937 2437 3202 2492 trinitatis
3247 2447 3473 2495 nostrae
3518 2447 3748 2496 naturae
3782 2443 3852 2498 ad

2262 2525 2552 2596 imaginem
2582 2526 2677 2581 Dei
2709 2526 2753 2557 ¹⁰
2778 2534 3013 2592 creatae,
3040 2542 3307 2583 summam
3331 2528 3477 2584 illam
3507 2528 3847 2598 Trinitatem,

2261 2631 2403 2688 quae
2449 2617 2593 2672 Deus
2633 2624 2740 2683 est,
2787 2616 3012 2689 ejusque
3062 2617 3227 2673 veluti
3256 2620 3508 2690 proprias
3550 2620 3606 2676 in
3651 2629 3848 2678 natura

2262 2709 2481 2764 condita
2541 2711 2889 2778 operationes
2940 2711 3167 2780 singulis
3228 2712 3477 2781 personis
3531 2712 3850 2771 distributas

2260 2815 2551 2871 possumus
2601 2800 2943 2873 investigare.
2978 2803 3125 2859 Disc.
3154 2804 3210 2859 ld
3257 2805 3432 2875 ipsum
3470 2819 3614 2861 nunc
3640 2806 3708 2873 “,
3737 2822 3850 2863 non

2264 2891 2409 2945 aliud
2443 2891 2781 2961 quaerimus.
2814 2892 2882 2947 Et
2906 2894 3041 2948 ordo
3072 2909 3252 2950 rerum
3290 2894 3478 2967 exigit,
3506 2906 3569 2951 ut
3592 2896 3673 2952 sic
3708 2896 3852 2952 veri-

2263 2990 2432 3037 tatem
2479 2996 2841 3052 quaeramus;
2899 2991 3219 3055 argumento
3277 2984 3545 3055 siquidem
3599 2984 3851 3056 imaginis

2267 3071 2381 3141 ipsa
2404 3073 2626 3138 veritas,
2677 3071 2834 3142 cujus
2862 3074 3039 3145 imago
3080 3082 3182 3141 est,
3232 3075 3544 3145 quaerenda
3571 3084 3679 3144 est,
3709 3090 3850 3147 quae

566 3167 804 3239 paradisi
842 3167 1100 3238 expulsae
1147 3175 1205 3223 et
1234 3167 1341 3221 dici
1385 3175 1440 3224 et
1492 3168 1865 3236 experimento
1901 3168 2154 3238 cognosci
2185 3144 2230 3208 (ἶ
2262 3169 2466 3230 quanto
2518 3163 2814 3218 studiosius
2858 3144 3287 3235 laboriosinsque
3333 3165 3648 3237 inquiritur,
3701 3144 3850 3223 tanto

565 3266 817 3328 possunt.
855 3256 1031 3311 Motus
1056 3257 1245 3325 itaque
1282 3256 1553 3310 humanae
1580 3264 1811 3311 naturae
1848 3258 1915 3312 ad
1950 3271 2013 3312 ea
2063 3259 2158 3313 ad-

568 3346 953 3410 ministranda,
980 3361 1122 3415 quae
1168 3344 1272 3401 sibi
1307 3346 1378 3400 ad
1408 3345 1704 3401 vindictam
1730 3348 2159 3416 praevaricatio-

567 3438 656 3493 nis
684 3437 850 3492 divini
886 3436 1162 3506 praecepti
1209 3435 1466 3506 adjuncta
1512 3444 1676 3503 sunt;
1718 3436 2014 3494 vindictam
2060 3455 2159 3495 auo

567 3534 678 3580 tem
708 3527 854 3593 dico,
889 3540 997 3580 non
1052 3526 1343 3582 irascentis
1388 3526 1486 3583 Dei
1529 3527 1811 3596 ultionem,
1850 3531 1945 3587 sed
1991 3532 2158 3587 mise-

568 3616 744 3672 rentis
797 3614 1278 3682 exercitationem;
1336 3631 1446 3672 non
1501 3617 1951 3676 irrationabiliter
2002 3630 2155 3678 extra

570 3705 834 3761 terminos
880 3705 1186 3763 essentialis
1231 3716 1455 3763 nostrae
1505 3708 1767 3766 trinitatis
1792 3710 2157 3782 'relinquitur.

572 3796 642 3852 Et
666 3811 737 3851 ne
770 3797 1047 3866 aestimes,
1075 3814 1175 3855 nos
1209 3799 1297 3856 his
1318 3800 1510 3856 verbis
1536 3801 1734 3858 docere
1753 3802 1907 3870 velle,
1944 3805 2160 3875 praedi-

566 3894 713 3943 ctam
744 3887 1014 3944 humauae
1038 3895 1270 3945 naturae
1296 3888 1597 3945 trinitatem
1637 3890 1708 3945 ad
1738 3891 2030 3964 imaginem
2062 3894 2158 3951 Dei

567 3987 623 4044 in
660 3989 920 4059 paradiso
942 3990 1238 4056 conditam,
1263 3990 1580 4062 priusquam
1624 4002 1895 4063 peccaret,
1936 3995 2159 4051 omnino

567 4093 796 4150 corpore
846 4080 1091 4138 caruisse
1136 4081 1359 4148 :absit,
1417 4081 1559 4136 absit
1586 4081 1610 4113 δ
1636 4097 1667 4137 a
1726 4083 1883 4140 nobis
1924 4084 2027 4140 hoc
2070 4084 2158 4139 di-

573 4184 699 4226 cere
728 4172 786 4237 ⁸,
838 4181 933 4225 aut
975 4171 1374 4241 quodammodo
1421 4181 1641 4241 putare;
1690 4172 1860 4228 semel
1917 4174 2063 4228 enim
2102 4184 2160 4228 et

568 4260 730 4316 simul
756 4262 966 4318 animas
998 4274 1210 4319 nostras
1237 4271 1293 4319 et
1331 4277 1559 4333 corpora
1602 4264 1656 4319 in
1680 4264 1934 4334 paradiso
1961 4266 2158 4320 condi-

569 4363 657 4410 tor
676 4356 902 4422 creavit,
931 4370 1160 4426 comora
1199 4357 1322 4412 dico
1353 4356 1631 4423 caelestia,
1676 4357 1997 4428 spiritualia,
2025 4371 2159 4427 qua-

566 4443 642 4498 lia
663 4453 786 4514 post
804 4447 1259 4501 resurrectionem
1288 4444 1469 4500 futura
1500 4455 1647 4502 sunt.
1673 4445 1901 4501 Tumida
1927 4460 2159 4515 namque

570 4547 822 4601 corpora,
852 4533 1126 4598 mortalia,
1156 4536 1553 4604 corruptibilia,
1586 4534 1783 4605 quibus
1812 4550 1956 4590 nunc
1980 4537 2161 4605 oppri-

570 4622 793 4686 mimur,
837 4638 944 4676 non
986 4638 1053 4677 ex
1084 4634 1300 4689 natura,
1336 4627 1431 4681 sed
1472 4636 1539 4682 ex
1582 4627 1780 4683 delicto
1815 4628 2159 4683 occasionem

572 4713 773 4766 dueere
799 4726 906 4765 non
951 4721 1033 4766 est
1072 4713 1449 4769 dubitandum.
1482 4716 1638 4783 Quod
1681 4733 1811 4789 ergo
1839 4728 2065 4774 naturae
2092 4734 2158 4774 ex

571 4808 798 4872 peccato
819 4800 1074 4865 adolevit,
1100 4815 1166 4855 eo
1195 4802 1440 4872 profecto
1468 4815 1726 4860 renovata
1761 4808 1815 4862 in
1842 4808 2082 4875 Christo,
2104 4819 2160 4865 et

572 4892 627 4945 in
670 4887 960 4958 pristinum
1014 4898 1212 4945 statum
1263 4892 1515 4946 restituta
1562 4895 1791 4949 carebit.
1849 4897 1965 4952 Non
2011 4900 2157 4953 enim

570 4987 752 5053 potest
788 4987 1018 5036 naturae
1060 4994 1181 5037 esse
1225 4988 1596 5050 coacternum,
1642 4984 1786 5053 quod
1817 4986 1865 5039 ei
1906 4986 2165 5041 adhaeret

573 5079 798 5143 propter
835 5080 1153 5140 peccatum;
1195 5082 1253 5129 et
1297 5072 1441 5128 intra
1468 5074 1852 5133 substantiales
1875 5076 1992 5148 ejus
2035 5092 2164 5135 con-

571 5160 884 5220 stitulioncs
932 5179 1042 5221 non
1088 5165 1393 5237 computari
1415 5166 1459 5232 °,
1486 5181 1593 5222 non
1626 5167 2002 5239 incongruum,
2042 5178 2101 5224 ut
2138 5170 2158 5200 ⁷

2264 3252 2544 3308 ardentius
2577 3252 2840 3321 diligitur,
2867 3262 2924 3317 et
2947 3254 3189 3325 apertius
3216 3256 3509 3312 invenitur.
3540 3255 3681 3323 Quid
3701 3258 3847 3312 enim

2262 3343 2485 3414 prodest
2528 3342 2616 3399 illa
2647 3342 2928 3410 velocitas,
2975 3359 3137 3414 quam
3167 3360 3305 3415 pura
3332 3346 3580 3403 veritatis
3601 3354 3845 3402 contem-

2262 3434 2431 3505 platio
2476 3432 2684 3505 eﬂ'ugit,
2744 3443 2841 3489 aut
2890 3436 3021 3507 quid
3077 3446 3241 3493 nocet
3287 3438 3404 3509 ipsa
3462 3437 3708 3506 tarditas,
3757 3436 3850 3496 cui

2265 3524 2572 3583 desiderata
2596 3522 2765 3579 facies
2788 3525 3070 3581 occurrit?

2335 3615 2479 3671 Mac.
2520 3615 2709 3685 itaque
2769 3616 3198 3673 ratiocinationis
3225 3624 3445 3675 nostrae
3472 3615 3757 3675 exordium
3783 3628 3854 3673 ex

2264 3705 2452 3761 verbis
2504 3703 2834 3761 venerabilis
2881 3703 3103 3761 Maximi
3153 3719 3454 3770 sumamus,
3501 3718 3613 3760 non
3647 3703 3853 3760 eisdem

2264 3796 2607 3852 sermonibus
2654 3795 2968 3862 connexim,
3013 3795 3109 3851 scd
3156 3795 3347 3851 eodem
3397 3808 3564 3851 sensu
3617 3800 3851 3849 utentes.

2264 3889 2413 3944 DISC.
2467 3887 2799 3958 Ingredere,
2847 3901 3065 3959 quoquo
3113 3887 3275 3942 modo
3319 3885 3442 3951 vis,
3491 3881 3853 3941 ratiocinandi

2263 3981 2430 4035 viam.
2471 3980 2614 4037 Mac.
2647 3980 2785 4037 Tres
2834 3979 3168 4036 universales
3210 3986 3390 4033 motus
3453 3977 3668 4033 animae
3706 3982 3852 4032 sunt.

2265 4070 2506 4138 Quorum
2554 4071 2764 4142 primus
2802 4079 2890 4126 est
2931 4069 3229 4126 secundum
3273 4068 3538 4133 animum,
3585 4064 3857 4122 secundus

2266 4164 2563 4219 secundum
2593 4165 2882 4228 rationem,
2915 4161 3106 4217 tertius
3131 4159 3427 4216 secundum
3458 4172 3700 4213 sensum.
3727 4152 3854 4211 Et“

2265 4256 2473 4327 primus
2499 4256 2716 4325 quidem
2763 4253 2989 4324 simplex
3014 4251 3061 4289 ι³
3081 4261 3190 4319 est,
3236 4260 3294 4305 et
3347 4264 3509 4321 supra
3542 4248 3713 4321 ipsius
3738 4247 3858 4302 ani-

2268 4361 2389 4402 mae
2444 4356 2717 4410 naturam,
2763 4352 2820 4399 et
2872 4341 3320 4413 interpretatione
3365 4349 3535 4406 caret,
3588 4340 3694 4394 hoc
3746 4345 3853 4398 est,

2268 4434 2574 4504 cognitione
2628 4432 2795 4503 ipsius
2841 4432 2985 4486 circa
3035 4432 3181 4501 quod
3224 4439 3503 4494 movetur;
3553 4443 3651 4498 per
3692 4440 3855 4496 quem

2266 4526 2415 4581 circa
2465 4526 2635 4579 Deum
2681 4523 3010 4595 incognitum
3040 4532 3209 4589 mota,
3254 4521 3402 4577 nullo
3454 4520 3613 4575 modo
3641 4534 3709 4573 ex
3745 4519 3856 4571 ullo

2263 4630 2468 4678 eorum,
2516 4630 2655 4684 quae
2701 4623 2848 4679 sunt,
2881 4615 3057 4683 ipsum
3093 4621 3318 4684 propter
3345 4612 3425 4667 sui
3474 4608 3850 4665 excellentiam

2271 4708 2549 4779 cognoscit
2597 4708 2890 4763 secundum
2933 4706 3077 4777 quod
3102 4707 3168 4773 ³⁸,
3198 4706 3327 4777 quid
3371 4706 3461 4768 sit,
3495 4704 3596 4758 hoc
3637 4710 3741 4766 cst,
3793 4700 3848 4755 in

2260 4800 2404 4855 nulla
2450 4799 2686 4853 essentia
2738 4813 2833 4852 seu
2878 4798 3201 4861 substantia,
3250 4796 3331 4849 vel
3373 4794 3425 4849 in
3459 4795 3664 4864 aliquo,
3701 4791 3849 4862 quod

2262 4890 2368 4946 dici
2431 4890 2517 4946 vel
2565 4889 2789 4961 intelligi
2847 4889 3065 4955 valeat,
3115 4904 3238 4944 eum
3288 4886 3527 4957 reperire
3571 4886 3617 4917 ¹⁸
3650 4891 3849 4956 potest.

2270 4986 2503 5056 Superat
2542 4985 2686 5039 enim
2722 4999 2903 5049 omne,
2938 4984 3081 5054 quod
3125 4991 3209 5038 est
3249 4990 3306 5036 ct
3332 4981 3475 5052 quod
3522 4995 3631 5035 non
3654 4986 3761 5044 est,
3801 4986 3856 5031 ct

2270 5077 2415 5132 nullo
2441 5077 2602 5132 modo
2634 5075 2845 5131 definiri
2879 5085 3075 5144 potest,
3107 5075 3236 5145 quid
3266 5075 3356 5130 sit.
3852 5088 3855 5091 '

2342 5170 2623 5226 Secundus
2648 5186 2777 5225 vero
2806 5180 2984 5225 motus
3029 5178 3134 5233 cst,
3178 5183 3287 5239 quo
3324 5167 3660 5239 incognitum
3687 5164 3851 5219 Deum

1878 5364 2133 5421 VARIAE
2173 5365 2579 5424 LECTIONES.

651 5522 669 5553 ¹
693 5520 788 5595 Sic.
821 5519 948 5595 CBA;
975 5525 1106 5595 Aget
1146 5523 1482 5595 operatione.
1558 5521 1696 5595 {Sic
1735 5522 1852 5589 CE;
1880 5523 1923 5595 A
1948 5533 1997 5579 ct
2026 5540 2227 5579 sacrae.
2308 5526 2329 5558 ³
2352 5525 2443 5581 Sic
2480 5525 2599 5590 CE;
2625 5540 2681 5580 ιη

2727 5535 2916 5596 quarto
2956 5526 3088 5580 libro
3115 5542 3224 5580 om.
3253 5529 3320 5582 Λ.
3393 5525 3417 5557 ⁸
3438 5525 3532 5580 Sic
3576 5524 3695 5589 CE;
3720 5523 3854 5577 absit

579 5606 689 5647 om.
722 5590 787 5643 Α.
820 5660 825 5661 ί
864 5592 885 5621 ⁵
906 5592 1142 5659 SicCE;
1174 5590 1217 5647 Ᾱ
1244 5594 1470 5648 credere.
1550 5594 1570 5625 ⁸
1593 5594 1686 5649 Sic
1716 5595 1835 5655 CB;
1861 5594 1905 5647 Λ
1946 5597 2333 5650 connumerari.
2408 5597 2426 5627 ⁷
2455 5596 2691 5661 SieCE;
2725 5590 2780 5649 iu
2820 5613 2931 5651 orn.
2960 5597 3026 5651 A.
3104 5597 3124 5628 ⁸
3146 5595 3239 5652 Sic
3264 5596 3382 5661 AE;
3410 5597 3452 5651 C
3472 5612 3582 5653 .nec
3605 5596 3855 5649 incautus

579 5660 935 5730 redarguitur.
1007 5666 1028 5695 ’
1055 5662 1146 5717 Sic
1192 5663 1308 5728 CE;
1357 5664 1397 5716 A
1436 5666 1714 5718 invenitur.
1785 5665 1831 5699 ιθ
1856 5664 1953 5718 Dei
1994 5677 2112 5718 .om.
2145 5665 2253 5719 (ΣΕ.

1794 5735 1836 5765 ⁸³
1858 5734 1948 5789 Sic
1974 5734 2060 5787 AC
2093 5751 2106 5799 ;
2138 5736 2179 5789 E
2210 5737 2503 5792 secundum
2545 5736 2616 5788 id.
2692 5737 2840 5791 “(2E
2868 5738 3102 5805 reperiri.

582 5732 626 5761 "
649 5733 739 5785 Sic
767 5730 853 5785 (ll-1
878 5747 892 5795 ;
921 5731 965 5783 Δ
988 5732 1203 5799 quidem
1247 5743 1417 5787 motus
1460 5736 1708 5804 simplex.

2342 5667 2382 5700 ¹²
2409 5665 2499 5720 Sic
2527 5665 2643 5730 (Ἐς
2681 5683 2817 5719 nunc
2848 5681 2959 5721 om.
3008 5666 3074 5719 Λ.
3153 5669 3196 5699 “
3228 5668 3318 5723 Sic
3364 5667 3480 5732 CE;
3530 5665 3597 5719 Ει
3648 5678 3758 5719 om.
3783 5664 3848 5716 A.
