4236 6274
400 322 507 389 573

1220 321 1312 378 DE
1353 316 1694 375 DIV'ISIONE
1734 314 2081 371 NATURAE.
2122 345 2191 354 ——-
2228 310 2430 368 LIBER
2470 310 2856 368 SECUNDUS.

3577 316 3682 372 574

398 444 591 503 delimt
622 442 643 474 ¹
694 437 992 504 secundum
1045 432 1187 504 quod
1236 447 1400 489 causa
1445 431 1688 487 omnium
1725 431 1819 486 sit.
1846 428 1992 484 Deli-
2022 435 2070 493 Α
2097 427 2197 496 pit,
2234 441 2333 495 per
2361 425 2599 493 seipsum
2645 423 2958 480 immediate
3003 423 3275 497 ineOgnito
3303 428 3523 498 quidem
3550 432 3683 501 quid

396 501 483 589 nit
515 545 650 587 vero
670 501 886 583 ﬂODeum
917 501 1137 580 causam
1189 521 1433 577 omnium
1476 535 1620 585 esse,
1649 530 1706 575 et
1748 528 1835 575 est
1872 533 1988 573 mo-

397 624 488 678 tus
515 621 621 676 iste
649 619 790 674 intra
817 613 1030 671 animae
1059 621 1331 676 naturam,
1358 626 1458 680 per
1490 625 1651 681 quem
1685 610 1800 680 ipsa
1829 619 1987 666 natu-

393 710 586 767 raliter
612 715 756 764 mota
797 717 988 760 omnes
1016 701 1295 769 naturales
1339 700 1581 756 rationes
1601 701 1843 756 omnium
1876 701 1986 755 for-

391 803 668 866 matriees,
698 812 839 870 quae
871 797 925 852 in
967 795 1085 867 ipso
1113 795 1332 866 cognito
1361 793 1701 850 solummodo
1727 807 1827 863 per
1855 786 1986 847 eati-

388 906 510 949 sam
529 920 599 931 -
625 887 977 959 cognoscitur
1007 884 1177 950 enim,
1221 883 1351 955 quia
1398 898 1565 939 causa
1608 892 1693 938 est
1712 913 1783 923 —
1804 891 1984 938 aeter-

358 983 588 1047 inaliter
630 980 811 1036 factae
855 978 1180 1042 subsistunt,
1216 976 1543 1047 operatione
1583 975 1846 1031 scientiae
1872 974 1979 1030 sibi

389 1018 578 1038 ...ι-..υ-
630 1018 810 1036 mw...
855 1018 1180 1042 “Nam”,
1225 1018 1543 1047 ervum“...
1583 1018 1845 1031 υν..,......ν
1873 1018 1979 1030 .,..,-

351 1018 490 1142 ‘ipsi
519 1070 770 1141 imponit,
808 1070 915 1124 hoc
952 1075 1057 1133 est,
1107 1068 1163 1122 in
1209 1082 1269 1122 se
1295 1068 1407 1137 ipsa
1435 1082 1533 1136 per
1559 1081 1750 1122 earum
1795 1066 1980 1137 cogni-

387 1164 594 1219 tionem
632 1161 930 1232 exprimit,
972 1161 1197 1228 ipsaque
1250 1158 1485 1229 cognitio
1512 1173 1549 1212 a
1573 1157 1750 1228 primo
1788 1167 1940 1211 motu
1962 1156 1985 1189 ³

393 1255 643 1311 nascitur
673 1254 726 1307 in
757 1251 1019 1308 secundo.

463 1345 682 1400 Tertius
732 1351 913 1398 motus
961 1349 1047 1397 est
1082 1339 1437 1412 compositus,
1503 1355 1602 1410 per
1629 1354 1810 1409 quem,
1841 1354 1984 1410 quae

392 1443 549 1489 extra
578 1444 722 1499 sunt,
756 1433 935 1486 anima
976 1441 1222 1502 tangens,
1246 1430 1411 1485 veluti
1440 1446 1509 1485 ex
1543 1429 1865 1498 quibusdam
1905 1430 1983 1483 si-

392 1524 515 1595 gnis
543 1522 683 1591 apud
711 1520 948 1590 scipsam
980 1519 1273 1574 visibilium
1305 1518 1546 1573 rationes
1577 1516 1855 1582 reformat,
1890 1517 1982 1587 qui

393 1615 727 1687 compositus
754 1613 975 1676 dicitur,
1000 1627 1109 1665 non
1140 1611 1283 1681 quod
1316 1611 1369 1665 in
1400 1611 1580 1681 seipso
1606 1609 1835 1679 simplex
1877 1625 1982 1664 non

389 1707 484 1770 sit,
531 1702 986 1775 quemadmodum
1036 1702 1247 1772 primus
1294 1707 1351 1755 et
1396 1700 1667 1756 secundus
1711 1698 1983 1768 simplices

2089 523 2174 569 est
2220 515 2263 578 ⁸,
2315 511 2532 583 cognito
2575 513 2598 545 ⁸
2643 526 2806 577 vero,
2862 513 3004 582 quod
3047 529 3212 571 causa
3259 516 3504 572 omnium
3556 527 3679 587 est,

2086 604 2478 677 principiisque
2510 602 2751 657 omnium
2782 618 2987 670 rerum,
3016 602 3121 660 hoc
3141 617 3243 670 est,
3283 607 3675 678 principalibus

2086 696 2285 758 causis,
2319 695 2389 750 ab
2411 711 2476 750 eo
2512 702 2569 750 et
2599 695 2652 749 in
2700 709 2766 751 eo
2800 694 2978 762 factis,
3010 706 3066 751 et
3088 711 3119 751 a
3151 712 3213 754 se
3260 698 3568 756 distributis
3588 714 3679 756 re-

2085 786 2213 852 fert,
2241 788 2346 842 hoc
2369 794 2477 853 est,
2529 802 2560 841 a
2591 785 2703 840 Deo
2732 800 2830 855 per
2856 786 3000 855 ipsas
3045 787 3100 842 in
3146 789 3349 853 omnia,
3384 804 3525 859 quae
3556 800 3682 862 post

2086 891 2146 933 se
2192 885 2338 940 sunt,
2392 876 2709 947 procedere,
2764 885 2818 932 ct
2865 876 3062 931 iterum
3091 891 3187 947 per
3224 877 3372 949 ipsas
3401 880 3455 935 in
3499 881 3678 954 ipsum

2084 967 2337 1038 intelligit
2406 982 2709 1022 recurrere.
2759 966 2990 1022 Animae
3050 968 3216 1040 igitur
3263 979 3527 1041 purgatae
3578 988 3679 1044 per

2085 1059 2377 1121 actionem,
2410 1058 2744 1113 illuminatae
2783 1073 2881 1127 per
2927 1059 3234 1125 scientiam,
3265 1061 3541 1131 perfectae
3581 1079 3679 1135 per

2087 1151 2417 1222 theologiam
2467 1160 2663 1213 motus,
2702 1166 2809 1220 quo
2855 1165 3072 1221 semper
3101 1152 3249 1207 circa
3311 1153 3482 1210 Deum
3533 1155 3680 1212 inco-

2086 1242 2295 1312 gnitum
2354 1241 2707 1298 aeternalitcr
2754 1240 3032 1306 volvitur,
3102 1241 3244 1298 ultra
3296 1252 3353 1299 et
3417 1260 3572 1301 suam
3622 1254 3681 1305 ct

2085 1334 2325 1391 omnium
2358 1348 2539 1391 rerum
2584 1343 2838 1387 naturam
2869 1333 3045 1403 ipsum
3072 1334 3240 1390 Deum
3268 1337 3490 1392 omnino
3518 1339 3678 1395 abso-

2087 1427 2258 1483 lutum
2288 1426 2356 1480 ab
2383 1424 2659 1489 omnibus,
2692 1440 2831 1493 quae
2859 1433 2913 1480 et
2941 1426 3046 1480 dici
3077 1435 3134 1482 et
3171 1428 3397 1500 intelligi
3423 1439 3674 1500 possunt,

2084 1532 2299 1573 necnon
2353 1517 2627 1582 omnibus,
2675 1531 2815 1586 quae
2854 1531 2959 1575 nec
3003 1516 3109 1573 dici
3139 1533 3240 1575 nec
3283 1520 3507 1591 intelligi
3554 1537 3679 1593 pos-

2087 1618 2235 1675 sunt,
2266 1617 2318 1664 et
2351 1617 2530 1663 tamen
2556 1607 2953 1678 quodammodo
2980 1617 3131 1676 sunt,
3158 1610 3485 1680 intelligens,
3515 1627 3669 1668 eum-

2086 1716 2191 1771 que
2214 1716 2335 1758 esse
2355 1701 2557 1770 aliquid
2576 1715 2789 1768 eorum,
2803 1688 2941 1772 quae
2955 1710 3080 1757 sunt
3100 1711 3310 1773 etquae
3324 1703 3368 1736 ιο
3392 1720 3498 1760 non
3520 1713 3669 1774 sunt,

387 1773 664 1862 song—sed
695 1793 841 1864 quod
873 1808 978 1847 non
1026 1807 1123 1862 per
1168 1792 1377 1861 seipsas
1403 1790 1740 1846 sensibilium
1794 1803 1976 1843 rerum
2010 1773 2052 1830 Β
2082 1792 2371 1863 denegans,
2397 1800 2453 1846 et
2477 1793 2682 1857 omnia,
2712 1808 2848 1863 quae
2876 1796 2942 1848 de
2968 1808 3034 1849 eo
3059 1795 3102 1826 “
3126 1795 3543 1865 praedicantur,
3563 1812 3672 1853 non

389 1886 627 1942 rationes
654 1884 848 1954 incipit
892 1896 1244 1953 cognoscere.
1292 1880 1478 1935 Primo
1498 1879 1768 1948 siquidem
1810 1881 1982 1950 phan-

390 1978 559 2034 tasias
593 1977 832 2048 ipsarum
863 1989 1047 2030 rerum
1077 1988 1176 2045 per
1202 1973 1532 2028 exteriorem
1578 1986 1796 2027 sensum
1825 1972 1982 2041 quin-

392 2066 752 2138 qucpertitum
804 2063 1441 2119 semiudum-numerum
1494 2060 1979 2116 instrumentorum

392 2153 824 2225 corporalium‘,
854 2153 908 2207 in
950 2153 1146 2222 quibus
1178 2159 1230 2207 et
1263 2167 1362 2222 per
1389 2165 1529 2221 quae
1573 2159 1856 2221 operatur,
1889 2165 1981 2206 ac-

385 2247 619 2318 cipiens,
661 2261 866 2317 easque
893 2260 1077 2302 secum
1107 2244 1390 2316 colligens,
1422 2243 1687 2308 dividens,
1714 2242 1980 2309 ordinans

387 2342 661 2412 disponit;
694 2342 889 2397 deinde
919 2356 1016 2411 per
1041 2341 1188 2411 ipsas
1228 2341 1296 2394 ad
1330 2340 1571 2395 rationes
1600 2354 1808 2399 carum,
1838 2354 1978 2409 qna-

391 2448 514 2488 rum
548 2432 874 2502 phantasiae
897 2439 1043 2496 sunt,
1069 2430 1411 2500 perveniens,
1439 2430 1581 2485 intra
1608 2429 1844 2499 seipsam
1861 2444 1978 2494 eas,

387 2525 633 2580 rationes
662 2522 807 2588 dico,
858 2529 1058 2576 tractat
1103 2528 1268 2591 atque
1310 2519 1638 2575 conformat.
1680 2518 1750 2573 Et
1796 2533 1897 2573 nec
1931 2528 1982 2574 te

387 2623 622 2681 moveat,
655 2614 800 2685 quod
830 2613 989 2685 paulo
1016 2621 1145 2667 ante
1188 2611 1516 2668 exteriorem
1567 2625 1786 2666 sensum
1816 2610 1981 2680 phan-

389 2708 584 2763 tasiam
633 2721 820 2762 rerum
868 2703 1207 2761 sensibilium
1253 2717 1378 2758 esse
1418 2701 1787 2766 deﬁnivimus,
1837 2715 1982 2757 nunc

388 2810 520 2852 vero
554 2810 654 2866 per
682 2810 808 2850 eum
830 2793 1151 2865 pliantasias
1193 2792 1495 2848 earundem
1542 2806 1724 2846 rerum
1751 2790 1980 2846 sensibi-

391 2885 524 2940 lium
574 2886 642 2939 ad
701 2885 1024 2941 interiorem
1069 2896 1292 2938 sensum
1329 2882 1352 2914 ⁸
1378 2880 1661 2951 pervenire
1699 2880 1975 2935 docemus.

391 2974 713 3031 Praedictus
773 2973 972 3044 quippe
1009 2972 1031 3004 ‘
1090 2973 1284 3028 tertius
1335 2981 1516 3027 motus
1559 2985 1629 3025 ex
1680 2970 1979 3040 pliantasiis

324 3116 327 3119 .
388 3080 577 3122 rerum
604 3065 939 3121 exteriorum
968 3080 1066 3135 per
1092 3063 1420 3120 exteriorem
1450 3077 1665 3119 sensum
1700 3062 1801 3117 sibi
1833 3078 1975 3117 nun-

393 3156 556 3213 eiatis
583 3156 789 3212 moveri
830 3156 1036 3226 incipit.
1066 3154 1481 3210 Pbantasiarum
1509 3153 1654 3208 enim
1678 3153 1816 3208 duae
1851 3169 1977 3223 spe-

389 3246 506 3302 cies
529 3253 674 3307 sunt,
723 3260 954 3316 quarum
994 3244 1169 3315 prima
1196 3252 1301 3310 est,
1329 3259 1471 3314 quae
1493 3258 1562 3298 ex
1591 3242 1835 3299 sensibili
1873 3258 1975 3297 na-

388 3349 511 3393 tura
557 3338 738 3408 primo
780 3337 834 3392 in
886 3336 1263 3393 instrumentis
1312 3352 1568 3392 sensuum
1616 3336 1878 3401 nascitur,
1921 3345 1979 3391 et

384 3428 566 3499 imago
591 3427 646 3482 in
691 3427 946 3483 sensibus
972 3442 1231 3498 expressa
1262 3426 1480 3497 proprie
1508 3436 1771 3492 vocatur,
1803 3426 1977 3481 altera

382 3534 519 3573 vero
542 3526 625 3574 est
653 3518 790 3588 ipsa,
815 3532 958 3588 quae
988 3519 1345 3589 consequenti
1373 3518 1570 3574 ordine
1599 3534 1668 3575 ex
1699 3520 1976 3590 praedicta

382 3605 619 3679 Imagine
645 3605 930 3672 formatur,
970 3614 1140 3662 etest
1191 3606 1307 3675 ipsa
1334 3606 1640 3676 phantasia,
1672 3621 1813 3676 quae
1850 3623 1977 3677 pro—

381 3696 504 3767 prie
545 3710 738 3752 sensus
791 3696 1035 3751 exterior
1089 3696 1374 3752 consuevit
1422 3695 1717 3767 nominari.
1768 3696 1837 3751 Et
1885 3696 1974 3753 illa

380 3789 538 3859 prior
563 3788 774 3859 corpori
814 3802 1031 3858 semper
1055 3788 1336 3854 adhaeret,
1380 3788 1652 3859 posterior
1680 3803 1811 3844 vero
1857 3789 1976 3844 ani-

381 3892 543 3943 mae;
586 3886 642 3932 et
669 3877 821 3947 prior
853 3878 1103 3948 quamvis
1152 3878 1208 3933 in
1248 3894 1411 3935 sensu
1442 3880 1536 3944 sit,
1585 3881 1819 3950 scipsam
1864 3896 1971 3936 non

380 3966 588 4031 sentit;
619 3969 887 4036 posterior
914 3984 1042 4024 vero
1070 3978 1129 4025 et
1161 3969 1398 4040 scipsam
1420 3971 1609 4035 sentit,
1646 3974 1704 4025 et
1734 3972 1971 4041 priorem

379 4057 637 4129 suscipit.
692 4057 826 4112 Dum
866 4074 1006 4114 .vero
1049 4062 1244 4116 tertius
1288 4060 1380 4115 ille
1431 4069 1613 4116 motus
1659 4062 1973 4132 pliantasias

378 4164 570 4205 rerum
616 4149 910 4206 visibilium
937 4152 1160 4218 deserit,
1206 4154 1488 4223 nudasque
1534 4153 1682 4208 omni
1712 4153 1974 4223 imagina-

380 4241 532 4297 tione
578 4256 839 4312 corporea
891 4245 1129 4300 rationes
1161 4260 1228 4300 ac
1272 4259 1372 4316 per
1413 4260 1474 4300 se
1512 4244 1788 4314 simplices
1840 4261 1973 4315 pure

2082 1883 2300 1953 proprie
2326 1882 2420 1939 sed
2451 1882 2766 1938 lranslative
2796 1883 2864 1938 de
2907 1899 2974 1939 eo
2996 1882 3302 1955 praedicari
3342 1887 3673 1958 approbans.

2080 1982 2199 2036 νοῦς
2240 1990 2271 2029 a
2310 1973 2553 2037 Graecis,
2616 1989 2648 2027 a
2702 1974 2907 2029 nostris
2952 1975 3277 2043 intellectus,
3323 1977 3673 2044 velanimus,

2081 2068 2167 2123 vel
2197 2083 2350 2123 mens
2380 2067 2601 2133 dicitur,
2627 2076 2683 2122 et
2713 2069 3142 2125 substantialiter
3168 2078 3272 2135 est,
3315 2081 3372 2127 et
3401 2072 3671 2144 principa~

2080 2159 2149 2215 lis
2177 2175 2306 2230 pars
2336 2160 2549 2214 animae
2575 2174 2698 2215 esse
2736 2159 3073 2231 intelligitur.
3104 2160 3394 2217 Nonenim
3417 2162 3561 2218 aliud
3586 2171 3675 2220 est

2080 2250 2294 2305 animae
2319 2248 2682 2304 essentialiter
2708 2263 2854 2317 esse,
2900 2257 2957 2305 et
2983 2249 3416 2307 substantialiter
3442 2252 3672 2308 moveri.

2079 2342 2198 2413 Ipsa
2227 2343 2493 2413 siquidem
2530 2342 2586 2397 in
2628 2343 2864 2399 motibus
2887 2342 3002 2398 suis
3031 2342 3302 2409 subsistit,
3330 2345 3521 2414 suique
3556 2356 3675 2402 mo—

2082 2442 2170 2490 tus
2207 2434 2261 2488 in
2292 2434 2407 2505 ipsa
2447 2433 2780 2500 subsistunt;
2820 2443 2906 2488 est
2947 2432 3091 2488 enim
3120 2434 3350 2504 simplex
3378 2445 3575 2491 natura
3616 2445 3675 2492 et

2081 2523 2383 2589 individua,
2411 2533 2763 2593 motuumqne
2791 2538 3011 2579 suorum
3049 2523 3495 2581 substantialibus
3519 2525 3677 2583 dilfea

2080 2614 2272 2669 rentiis
2299 2614 2638 2670 solummodo
2661 2613 2914 2668 discreta.
2948 2612 3084 2669 Nam
3120 2615 3164 2670 si
3191 2614 3461 2673 caelestes
3480 2631 3670 2673 essen-

2081 2704 2203 2767 tias,
2247 2719 2385 2773 quas
2428 2703 2593 2759 etiam
2635 2703 2677 2734 “
2705 2702 2968 2758 caelestes
3010 2703 3238 2760 virtutes
3286 2705 3666 2777 angelicasque

2076 2794 2262 2849 divina
2292 2792 2574 2847 nominant
2616 2790 2851 2862 eloquia,
2905 2791 2979 2845 nil
3009 2791 3154 2847 aliud
3184 2807 3305 2848 esse
3340 2794 3669 2849 substantia-

2078 2884 2204 2940 liter
2239 2900 2270 2939 a
2297 2885 2500 2939 sanctis
2524 2883 2751 2938 traditur
2777 2881 3029 2937 Patribus
3053 2881 3118 2949 ³³,
3149 2882 3254 2937 nisi
3282 2882 3665 2954 intelligibiles,

2078 2973 2383 3042 aetemos,’
2409 2975 2864 3044 incessabilesque
2915 2984 3094 3030 motus
3140 2975 3284 3031 circa
3342 2975 3669 3046 principium

2079 3068 2343 3134 omnium,
2392 3083 2423 3121 a
2468 3082 2596 3137 quo,
2626 3074 2682 3121 et
2729 3079 2826 3136 per
2873 3081 3032 3137 quem
3058 3066 3122 3131 ",
3151 3066 3298 3122 etin
3340 3081 3466 3136 quo,
3496 3075 3554 3122 et
3599 3066 3670 3122 ad

2005 3134 2050 3196 (ἶ
2080 3174 2260 3229 quem,
2310 3166 2366 3216 et
2407 3134 2693 3214 moventur
2731 3134 2787 3212 et
2826 3134 3128 3213 subsistunt
3151 3187 3223 3197 —
3246 3166 3331 3215 est
3357 3134 3520 3214 enim
3567 3157 3670 3213 iste

2081 3247 2361 3305 circularis
2409 3256 2589 3304 motus
2637 3246 2956 3303 caelestium
2994 3247 3257 3301 virtutum
3309 3246 3456 3303 circa
3507 3262 3667 3302 suum

2077 3339 2423 3410 principium,
2464 3339 2534 3394 ab
2579 3353 2646 3394 eo
2680 3337 2932 3393 videlicet
2979 3337 3246 3407 incipiens
3289 3346 3350 3393 ut
3393 3351 3424 3392 a
3462 3337 3668 3408 princi-

2076 3430 2197 3500 pio;
2249 3443 2346 3500 per
2388 3429 2564 3499 ipsum
2604 3441 2704 3498 per
2747 3442 2942 3483 causas
2966 3434 3183 3483 creatas
3224 3442 3450 3483 currens
3491 3426 3568 3494 ¹⁸;
3612 3427 3667 3483 in

2078 3519 2218 3590 ipso,
2250 3527 2309 3573 ut
2334 3518 2387 3573 in
2416 3517 2625 3589 legibus
2663 3516 2999 3573 naturalibus
3024 3516 3093 3581 ι’,
3121 3531 3261 3587 quae
3290 3516 3344 3571 in
3372 3515 3490 3587 ipso
3517 3526 3667 3583 sunt,

2076 3621 2338 3685 extraque
2362 3625 2500 3681 quas
2527 3609 2711 3681 egredi
2742 3625 2843 3665 nec
2871 3607 3009 3675 vult,
3040 3623 3140 3665 nec
3167 3616 3363 3679 potest,
3383 3625 3482 3664 nec
3508 3624 3669 3680 posse
3765 3619 3769 3623 '

2074 3702 2285 3768 vult";
2317 3702 2369 3756 in
2422 3701 2598 3773 ipsum
2622 3702 2690 3767 ³⁸,
2720 3709 2781 3755 ιιι
2836 3700 2891 3756 in
2946 3699 3109 3756 tinem
3153 3715 3310 3757 suum
3339 3701 3554 3757 rediens
3574 3700 3660 3756 "z

2076 3801 2130 3848 et
2185 3793 2240 3847 in
2303 3793 2416 3848 sola
2473 3793 2825 3864 intelligentia
2887 3792 3008 3849 talis
3072 3801 3253 3850 motus
3299 3802 3423 3862 est;
3500 3794 3666 3851 intel-

2074 3882 2244 3951 ligunt
2291 3883 2437 3938 enim
2487 3896 2547 3937 se
2597 3882 2667 3938 ab
2715 3882 2834 3952 ipso
2883 3896 3043 3948 esse,
3095 3889 3152 3935 et
3203 3896 3300 3951 per
3342 3884 3559 3952 ipsum,
3610 3891 3667 3940 et

2074 3971 2131 4025 in
2193 3971 2311 4040 ipso
2375 3970 2713 4026 intellectum
2759 3984 2917 4025 suum
2973 3970 3183 4024 moveri
3226 3970 3308 4035 ²⁰,
3354 3979 3411 4026 et
3455 3972 3665 4028 nullum

2073 4060 2241 4115 alium
2284 4059 2450 4113 tinem
2508 4066 2728 4128 praeter
2774 4057 2923 4112 illum
2945 4057 2990 4090 ’ί
3020 4070 3078 4111 se
3127 4057 3331 4113 habere
3372 4072 3480 4113 non
3510 4059 3668 4128 igno-

2074 4160 2198 4208 rant
2236 4180 2306 4191 ——
2340 4149 2468 4219 quid
2525 4149 2747 4212 obstat,
2807 4161 2877 4203 ne
2947 4147 3197 4202 similiter
3258 4148 3659 4218 intelligamus,

2072 4243 2340 4295 lnnnanos
2367 4236 2672 4293 intellectus
2700 4235 3069 4291 indesinenter
3102 4236 3248 4292 circa
3289 4236 3456 4292 Deum
3488 4236 3653 4303 volvi,

375 4333 659 4405 intelligit,
688 4336 807 4404 ipse
831 4350 1051 4406 quoque
1080 4336 1307 4407 simplex
1355 4337 1691 4421 simpliciter,
1726 4336 1829 4392 boc
1862 4345 1969 4403 est,

2077 4331 2326 4401 quoniam
2366 4330 2436 4385 ab
2479 4328 2597 4399 ipso
2623 4366 2638 4393 ,
2682 4334 2738 4382 et
2774 4341 2870 4396 per
2919 4326 3128 4396 ipsum,
3182 4334 3239 4382 et
3290 4326 3343 4379 in
3393 4325 3510 4396 ipso
3537 4366 3553 4393 ,
3602 4335 3661 4382 et

376 4423 723 4480 universales
774 4426 1158 4481 universalitcr
1196 4427 1435 4483 rationes
1478 4426 1793 4493 visibilium,
1820 4428 1966 4483 omni

2072 4425 2141 4479 ad
2195 4423 2371 4493 ipsum
2420 4419 2581 4475 sunt?
2640 4417 2842 4473 Eodem
2903 4430 3138 4486 namque
3186 4416 3509 4487 intelligibili
3552 4416 3662 4473 eir-

376 4515 674 4587 phantasia
720 4516 1014 4584 absolutas,
1049 4518 1211 4588 inque
1235 4519 1541 4589 semetipsis
1582 4520 1872 4589 purissime
1902 4536 1967 4577 ac
2001 4487 2049 4548 ι)
2072 4512 2193 4569 culo
2224 4510 2528 4575 volvuntur,
2558 4508 2881 4579 praesertim
2926 4522 3049 4562 cum
3087 4506 3270 4562 divina
3303 4506 3515 4578 eloquia
3558 4506 3657 4564 bo-

376 4604 668 4660 verissime
716 4616 1052 4677 perspectas,
1114 4623 1212 4678 per
1259 4609 1497 4663 medium
1536 4620 1741 4678 motum
1790 4613 1967 4681 primo

377 4696 554 4750 motui
593 4696 901 4751 renunciat.
930 4697 1047 4768 Ipse
1071 4710 1201 4752 vero
1225 4699 1433 4769 primus
1461 4709 1658 4765 motus,
1689 4702 1964 4771 quodcum.

2071 4608 2272 4661 minem
2304 4604 2373 4659 ad
2420 4602 2711 4669 imaginem
2750 4599 2844 4655 Dei
2889 4598 3089 4653 factum
3114 4598 3451 4669 perbibeant,
3512 4600 3658 4669 quod

2069 4699 2138 4754 de
2188 4696 2394 4767 angelis
2448 4693 2650 4749 dixisse
2694 4700 2881 4762 aperte
2915 4706 3022 4745 non
3054 4691 3347 4761 reperitur,
3396 4691 3658 4746 subintel-

382 4799 490 4856 que
510 4801 576 4843 ex
607 4789 766 4844 tertio
793 4803 892 4860 per
936 4789 1196 4859 medium,
1222 4800 1277 4844 et
1299 4804 1366 4845 ex
1411 4791 1528 4861 ipso
1554 4793 1731 4848 medio
1776 4794 1967 4850 imme-
2068 4788 2343 4860 ligendum
2389 4794 2567 4840 tamen
2598 4792 2819 4854 propter
2849 4780 3267 4837 intellectualem
3300 4788 3549 4836 naturam
3572 4795 3658 4836 re-

385 4877 531 4933 diale
555 4880 610 4936 in
657 4881 1127 4937 moderatiouibus
1177 4896 1359 4936 rerum
1408 4893 1714 4939 crcatarum
1741 4884 1762 4915 ⁷
1792 4885 1965 4954 perci-

2070 4879 2333 4949 linquitur
2356 4877 2422 4930 ²².
2452 4877 2707 4930 Astantes
2721 4872 2883 4929 etiam
2906 4880 2963 4927 et
2990 4871 3365 4927 ministrantes
3387 4868 3500 4926 Deo
3526 4883 3655 4925 cae-

1675 5052 1930 5108 VARIAE
1968 5022 2373 5111 LECTIONES.

360 5240 371 5297 ἰ
451 5210 586 5297 {Sic
632 5212 756 5297 ξ
782 5213 1248 5297 A‘epgnlgscimus.

1344 5213 1563 5283 ’Conj.,
1596 5215 1635 5267 A
1680 5214 1874 5269 Deﬁnit
1915 5214 2084 5277 enim;
2129 5211 2171 5267 C
2225 5203 2481 5283 (le/initi;
2595 5208 2775 5276 deﬁnit
2804 5206 2947 5283 (vero
2984 5204 3212 5283 (πηλῷ).

3284 5203 3419 5259 ³5Ῐε
3441 5203 3558 5270 CE;
3603 5205 3650 5259 Δ

383 5293 583 5338 motus.
654 5275 791 5340 ‘Sic
825 5275 954 5350 ΑΕΞ
982 5285 1024 5339 C
1064 5277 1424 5354 corporaliter.
1496 5275 1519 5315 ⁵
1541 5275 1631 5340 Sic
1671 5286 1789 5348 CE;
1821 5287 1861 5338 A
1894 5300 1989 5354 per
2030 5275 2153 5339 cum
2194 5283 2262 5354 ad
2290 5275 2924 5354 pliautasiasearundem
2953 5275 3277 5354 sensibilium
3318 5290 3492 5354 rerum
3532 5291 3649 5343 per-

384 5355 571 5425 venire
592 5354 859 5425 [locemus
894 5356 985 5425 (ad
1023 5356 1322 5425 interiorem
1364 5370 1571 5408 sensum
1599 5370 1707 5409 om.
1736 5357 1825 5422 A).

1900 5356 1920 5385 °
1943 5353 2034 5408 Sic
2055 5352 2168 5415 CE;
2201 5353 2245 5406 A
2272 5353 2430 5404 enim.

2516 5350 2535 5379 ⁷
2562 5346 2654 5402 Sic
2677 5348 2752 5409 A;
2783 5346 2824 5401 C
2846 5356 3175 5408 cunctarum,
3202 5345 3242 5397 Ε
3264 5351 3648 5397 creaturarum.

383 5421 405 5453 ⁸
428 5424 519 5495 Sic
540 5424 661 5490 CE;
681 5425 810 5495 quid
830 5412 912 5479 esi
928 5440 1035 5479 om.
1060 5426 1124 5478 A.
1199 5427 1219 5458 9
1242 5424 1335 5479 Sic
1352 5425 1476 5491 AE;
1504 5425 1545 5480 C
1567 5412 1847 5495 incognito.
1902 5426 1965 5495 Α¹⁰
1990 5425 2078 5478 Sic
2097 5412 2214 5495 QE;
2235 5437 2368 5495 quqe
2389 5418 2619 5495 ontLA.‘
2664 5418 2706 5448 “
2731 5417 2818 5495 Sit}
2839 5416 2957 5480 CE;
2986 5416 3031 5467 Α
3054 5415 3123 5468 de
3143 5415 3274 5495 ίρερι
3350 5413 3393 5442 ²²
3419 5412 3509 5468 Sic
3529 5414 3646 5480 (Ἐς

384 5493 537 5565 etiam
557 5510 668 5549 om.
694 5493 762 5550 Α.
839 5495 885 5527 ³³
908 5496 998 5550 Sic
1022 5494 1140 5559 CE;
1183 5496 1225 5547 Α
1246 5496 1480 5565 patribus
1502 5493 1750 5549 truditur.

1828 5495 1870 5529 ti
1895 5493 1984 5529 ρει.
2006 5493 2130 5529 ΔῐῚὲ

385 5493 537 5547 etiam
557 5510 668 5549 om.
694 5493 762 5550 Α.
839 5495 885 5527 ³³
908 5496 998 5550 Sic
1022 5494 1140 5559 CE;
1183 5493 1750 5565 Apatribustruditur.
1828 5495 1870 5529 “
1895 5493 2153 5549 SicACE.
2241 5493 2396 5545 H‘Sic
2441 5493 2561 5553 GE;
2594 5493 2638 5540 Δ
2678 5503 2768 5556 per
2792 5493 2962 5555 ipsum
3006 5500 3096 5552 per
3133 5493 3358 5537 raiiones
3394 5501 3406 5537 ε

385 5561 550 5635 ipsum
580 5567 844 5619 conditas.
925 5566 968 5597 ³⁵
989 5565 1082 5620 Sic
1108 5565 1226 5625 CE;
1257 5566 1300 5635 Α
1333 5565 1537 5635 legibus
1569 5566 1681 5619 suis
1708 5565 2061 5619 naturalibus.
2137 5565 2179 5596 ¹⁷
2200 5561 2437 5635 SieCE;
2463 5560 2507 5611 A
2535 5572 2632 5611 nec
2671 5556 2846 5635 volunt
2893 5553 3406 5635 necnpossenuolunt.

2241 5485 2396 5545 “Sic
2441 5490 2561 5553 CE;
2594 5488 2638 5540 Α
2678 5503 2768 5556 per
2792 5486 2962 5555 ipsum
3006 5500 3096 5552 per
3133 5485 3358 5537 uniones
3394 5500 3521 5538 suas
3558 5501 3653 5553 per

2241 5563 2293 5609 .in
2322 5561 2437 5609 CE:
2463 5560 2507 5609 A
2535 5572 2632 5609 nec
2671 5556 2846 5609 volunt
2893 5570 2984 5607 nec
3030 5570 3177 5609 posse
3209 5553 3406 5607 volunt.
3491 5556 3534 5585 ³⁸
3560 5556 3651 5609 Sic

3601 5571 3651 5610 lC

414 5631 520 5705 ξλᾼ
550 5635 604 5689 in
634 5635 814 5705 ipsum
835 5636 1022 5705 quippe
1054 5645 1113 5689 ut
1178 5622 1224 5665 ³⁵
1248 5633 1339 5689 Sic
1362 5622 1434 5699 (ῖς
1464 5635 1507 5705 Λ
1535 5637 1771 5690 redeunt.
1790 5636 1830 5688 Ε
1856 5635 1905 5688 in
1934 5635 2106 5704 ipsum
2128 5645 2173 5688 et
2197 5622 2439 5705 inlinem
2471 5642 2626 5683 suum
2655 5626 2911 5705 redigens.
2986 5624 3030 5655 '°
3061 5622 3151 5678 Sic
3178 5624 3296 5690 UE;
3323 5625 3362 5678 A
3392 5626 3640 5679 exerceri.

390 5699 429 5732 "
453 5701 541 5757 Sic
580 5696 700 5771 (Ἐς
734 5696 905 5759 illum.
929 5696 1045 5761 'o'm.
1078 5706 1138 5757 A.
1219 5708 1265 5737 "
1292 5705 1382 5762 Sic
1415 5696 1529 5771 CE;
1556 5696 2046 5777 sultinfclligendum
2081 5735 2151 5744 —
2184 5703 2494 5770 relinquitur
2515 5711 2623 5752 om.
2657 5696 2720 5750 A.
2960 5728 2968 5733 -
3588 5720 3595 5725 -
