4236 6274
622 342 726 396 573

1996 332 2278 389 JOANNIS
2317 333 2513 389 SCOTI

3788 330 3893 390 576

628 455 796 508 lcslcs
841 453 1067 506 virtutes
1114 451 1359 521 legimus,
1389 451 1679 506 humanam
1710 466 1839 506 vero
1870 462 2117 505 naturam
2156 453 2208 505 in
2241 464 2286 523 Α
2388 452 2533 506 Dtsc.
2562 448 2677 505 Non
2704 450 2877 505 solum
2907 451 3166 515 concedo,
3218 465 3405 505 verum
3433 451 3601 505 etiam
3634 451 3890 524 intelligo,

620 541 803 598 Verbo
827 541 922 595 Dei
951 542 1115 595 Deum
1146 541 1368 605 factam,
1410 549 1465 595 et
1493 541 1686 594 sedere
1715 541 1782 595 ad
1812 541 2058 596 dextram
2092 541 2207 605 Dei,

628 645 683 690 et
716 647 962 704 regnare,
1017 632 1149 686 ﬁdes
1179 618 1412 686 testatur
1435 632 1723 687 catholica.
1773 631 1927 698 Quod
1983 640 2166 686 autem
2190 633 2206 662 ⁸

626 731 746 793 post
770 720 1226 775 resurrectionem
1263 721 1505 774 omnium
1536 720 1865 790 generaliter
1914 721 2209 774 omnibus'

622 812 933 869 hominibus
975 811 1236 865 Dominus
1262 812 1533 878 promitit
1574 811 1595 842 ³
1626 829 1639 863 :
1670 809 1840 864 Erunt
1870 812 2006 864 sicut
2035 810 2208 880 angeli

624 904 723 959 Dei
745 904 799 956 in
837 900 1005 967 caelo,
1035 902 1101 955 de
1157 900 1521 969 condignitate
1564 909 1809 965 naturae,
1849 902 2021 971 deque
2047 900 2071 933 ⁸
2108 902 2208 954 im-

623 992 972 1049 mortalitatis
1017 989 1365 1059 aequalitate,
1397 990 1620 1058 etquod
1645 992 1793 1043 omni
1844 1006 1974 1045 sexu
2019 1006 2210 1060 corpo-

622 1099 716 1138 reo
757 1083 1012 1151 omnique
1039 1080 1375 1150 corruptibili
1407 1080 1761 1149 generatione
1806 1081 2090 1145 carebunt,
2126 1080 2211 1134 in-

621 1174 971 1243 telligendum
1003 1172 1256 1225 arbitror.
1295 1170 1532 1224 Primam
1558 1184 1789 1238 namque
1811 1171 2049 1226 hominis
2071 1186 2205 1226 con-

614 1264 880 1318 ditionem
913 1273 1036 1317 ante
1087 1271 1363 1330 peccatum
1403 1261 1455 1314 in
1505 1260 1794 1330 paradiso,
1845 1260 1949 1315 hoc
1995 1269 2098 1326 est,
2154 1260 2207 1314 in

618 1353 843 1408 caelesti
904 1352 1235 1406 beatitudine
1286 1350 1568 1418 aequalem
1624 1349 1870 1418 angelis,
1929 1364 1995 1402 ac
2043 1349 2207 1403 veluti

622 1443 1033 1498 connaturalem
1076 1441 1264 1505 fuisse,
1320 1457 1425 1494 non
1489 1440 1846 1508 incongruum
1895 1438 1916 1469 ⁸
1959 1438 2204 1492 credere.

624 1532 701 1586 De
754 1533 837 1585 his
894 1545 1129 1600 namque
1178 1529 1440 1584 ambabus
1486 1529 1734 1593 naturis,
1790 1527 2033 1598 angelica
2086 1528 2207 1582 dico

623 1632 785 1690 atque
829 1622 1084 1684 humana,
1126 1620 1396 1690 theologia
1445 1621 1781 1688 pronuntiat,
1829 1620 2061 1674 dicens:
2102 1619 2206 1685 Qui

621 1713 794 1782 fecisti
819 1710 989 1765 caelos
1010 1712 1065 1764 in
1097 1710 1377 1774 intellectu,
1419 1711 1519 1765 hoc
1546 1719 1649 1775 est,
1678 1720 1740 1765 ut
1760 1711 2125 1766 essentialiter
2151 1720 2206 1764 et

2310 540 2826 596 excellentissimum
2875 541 3089 596 animae
3136 549 3342 595 motum
3380 541 3524 595 circa
3560 541 3891 611 incognitum

2311 631 2480 692 Deum
2520 629 2662 683 ultra
2689 642 2905 683 omnem
2955 616 3592 685 creaturam-verissime
3623 633 3802 688 vocari
3842 644 3895 689 et

2310 720 2610 774 subsistere
2664 717 3016 772 intellectum.
3067 716 3178 772 Sed
3219 733 3328 788 quo
3356 719 3537 786 modo,
3572 719 3654 774 vel
3683 737 3788 790 qua
3817 739 3895 776 ra-

2312 808 2457 863 tione
2497 806 2823 870 intellectus,
2876 807 3006 861 dum
3053 806 3196 860 intra
3255 807 3516 863 terminos
3549 809 3820 865 humanae
3866 823 3892 851 ει

2311 906 2541 951 naturae
2570 895 2931 960 concluditur,
2949 910 3112 965 supra
3136 894 3371 966 seipsum
3398 911 3722 969 omnemque
3741 914 3895 956 crea-

2312 994 2487 1038 turam
2516 993 2695 1054 potest
2727 984 3039 1049 ascendere,
3067 992 3128 1038 ut
3154 984 3298 1039 circa
3330 985 3658 1056 incognitum
3696 989 3892 1055 Deum,

2309 1078 2399 1146 qui
2431 1078 2587 1146 longe
2615 1076 2682 1129 ab
2708 1077 2855 1130 omni
2903 1084 3086 1130 creata
3126 1084 3323 1131 natura
3369 1086 3605 1135 remotus
3632 1091 3734 1146 est,
3761 1096 3894 1137 suos

2309 1164 2692 1220 substantiales
2738 1173 2917 1219 motus
2963 1165 3140 1221 valeat
3194 1166 3475 1235 perlicere,
3524 1171 3892 1238 quaerendum

2307 1264 2439 1323 puto
2466 1255 2528 1307 ¹¹.
3802 1263 3804 1267 ⁷

2378 1344 2515 1399 Mm.
2541 1344 2598 1398 ln
2623 1346 2726 1402 hac
2753 1355 2910 1415 parte
2952 1347 3215 1413 theoriae,
3241 1364 3386 1419 quae
3416 1351 3483 1405 de
3515 1350 3893 1408 intellectuali-
3919 1374 3931 1383 -

2305 1437 2407 1491 bus
2430 1437 2895 1507 rationalibusque
2922 1439 3239 1494 substantiis
3257 1441 3518 1510 disputat,
3549 1444 3673 1497 dum
3696 1458 3891 1513 perve-

2305 1528 2454 1581 nitur
2489 1527 2558 1580 ad
2595 1528 3068 1594 considerandum,
3127 1531 3401 1599 quomodo
3455 1540 3653 1587 natura
3707 1545 3889 1589 creata

2307 1626 2467 1673 extra
2501 1619 2734 1688 seipsam
2769 1627 2947 1688 potest
2965 1622 3282 1687 ascendere,
3310 1630 3370 1675 ut
3388 1623 3638 1678 creatrici
3664 1632 3894 1678 naturae

2305 1707 2483 1761 valeat
2509 1708 2826 1773 adhaerere,
2855 1710 3032 1763 omnis
3052 1710 3119 1763 de
3158 1711 3396 1779 potentia
3427 1719 3657 1767 naturae
3679 1715 3896 1768 ratioci-

618 1800 1049 1856 substantialiter
1097 1800 1402 1873 intellectus
1478 1810 1680 1856 essent.
1741 1802 2008 1867 Quoniam
2074 1819 2205 1857 vero
2235 1802 2282 1862 B
2311 1801 2556 1855 nantium
2582 1802 2624 1832 ¹¹
2653 1802 2931 1870 inquisitio
2959 1803 3157 1857 delicit.
3209 1801 3325 1858 Non
3376 1806 3521 1858 enim
3559 1806 3635 1859 ibi
3667 1815 3895 1861 naturae

616 1893 796 1957 homo,
832 1908 951 1946 cum
981 1893 1037 1946 in
1066 1893 1263 1947 honore
1288 1902 1438 1956 esset,
1473 1910 1576 1948 non
1608 1894 1882 1960 intellexit,
1914 1903 1963 1949 et
1992 1912 2206 1964 compa-

620 1993 770 2037 ratus
799 1993 875 2038 est
908 1984 1165 2053 jumentis
1215 1984 1600 2054 insipientibus,
1630 1995 1677 2038 et
1704 1984 1891 2039 similis
1936 1986 2108 2055 factus
2130 1995 2206 2039 est

621 2072 718 2135 eis,
747 2071 904 2143 longe
926 2088 993 2127 ex
1022 2073 1263 2143 angelica
1295 2075 1557 2144 dignitate
1602 2077 1849 2141 recessit,
1884 2077 2208 2146 inqnetnor-

624 2163 795 2217 talis‘
824 2163 982 2233 hujus
1033 2165 1173 2220 vitae
1220 2166 1586 2221 calamitatem
1636 2168 1849 2223 cecidit.
1911 2168 2205 2238 Postquam

617 2263 803 2309 autem
841 2254 1063 2309 Verbum
1106 2272 1230 2310 caro
1259 2257 1456 2326 factum
1483 2268 1584 2323 est,
1614 2259 1716 2313 hoc
1741 2268 1844 2324 est,
1876 2260 2016 2315 Deus
2044 2263 2206 2315 homo

621 2342 801 2399 factus
834 2354 940 2409 est,
980 2345 1254 2415 impletur,
1299 2348 1440 2416 quod
1468 2348 1521 2402 in
1549 2348 1759 2417 psalmo
1791 2351 2050 2420 scriptum
2077 2363 2202 2407 est:

612 2434 770 2500 .Quid
793 2446 869 2491 est
889 2438 1066 2505 homo,
1086 2439 1226 2509 quod
1247 2456 1444 2493 utentur
1461 2456 1515 2494 es
1529 2441 1666 2511 ejus,
1688 2451 1779 2495 aut
1792 2442 1935 2511 ﬁlius
1958 2443 2203 2511 hominis,

623 2527 751 2595 quia
780 2527 958 2581 visitas
991 2544 1110 2583 eum
1135 2530 1162 2584 2
1197 2529 1489 2585 Admirans
1515 2530 1760 2587 videlicet
1792 2534 1999 2602 primae
2027 2537 2209 2591 condi-

625 2615 788 2670 tionis
809 2617 1075 2673 humanae
1094 2626 1322 2675 naturae
1336 2619 1704 2677 altitudinem:
1724 2623 2002 2680 Minorasti
2015 2644 2134 2681 eum
2156 2629 2203 2694 ',

622 2703 823 2774 inquit,
869 2705 1029 2777 paulo
1077 2709 1261 2764 minus
1298 2710 1366 2765 ab
1393 2711 1611 2783 angelis,
1668 2714 1773 2770 hoc
1810 2723 1893 2771 est
1946 2718 2204 2773 minorari

559 2844 562 2848 .
611 2809 746 2850 eum
769 2798 963 2855 merito
984 2813 1116 2855 suae
1144 2802 1433 2871 superbiae
1460 2805 1777 2872 permisisti,
1811 2816 1867 2862 et
1897 2809 1948 2862 in
1978 2811 2208 2879 turpitu—

614 2887 800 2940 dinem
849 2887 1239 2946 irrationabilis
1287 2893 1431 2949 vitae
1477 2895 1675 2951 cadere
1711 2911 1808 2950 sua
1855 2899 2072 2969 propria
2109 2916 2206 2954 vo-

623 2976 829 3033 luntate
854 2979 1141 3049 reliquisti.
1176 2981 1321 3037 Deus
1338 2984 1480 3037 enim
1510 2984 1707 3052 facere,
1739 2987 1880 3056 quod
1895 2979 2024 3043 'ﬁeri
2052 2990 2199 3055 sinit,

608 3071 784 3125 .modo
816 3072 1048 3139 quodam
1076 3072 1328 3142 loquendi
1352 3076 1549 3131 dicitur
1575 3096 1587 3132 :
1612 3077 1792 3136 Gloria
1807 3092 1856 3135 et
1880 3083 2077 3137 honore
2111 3100 2200 3137 co-

2312 1891 2469 1955 ratio,
2499 1892 2591 1945 sed
2619 1890 2835 1945 divinae
2883 1892 3090 1961 gratiae
3144 1891 3429 1948 ineffabilis
3478 1903 3535 1947 et
3590 1895 3895 1965 incompre-

2310 1984 2590 2039 hensibilis
2617 1984 2845 2039 altitudo
2889 1985 3240 2053 conspicitur.
3284 1985 3423 2039 Nulli
3463 1986 3731 2056 siquidem
3759 2003 3897 2042 con-

2308 2074 2453 2128 ditae
2487 2075 2823 2129 substantiae
2869 2075 3184 2129 naturaliter
3217 2076 3357 2130 inest
3380 2076 3575 2143 virtus,
3598 2091 3697 2146 per
3723 2093 3893 2146 quam

2306 2166 2477 2236 possit
2506 2174 2561 2218 et
2587 2166 2849 2219 terminos
2884 2174 3111 2221 naturae
3141 2179 3273 2221 suae
3295 2179 3572 2235 superare,
3601 2167 3894 2236 ipsumque

2305 2259 2474 2314 Deum
2509 2260 2819 2314 immediate
2845 2275 2943 2329 per
2971 2260 3207 2330 seipSutn
3259 2262 3564 2333 attingere;
3608 2262 3712 2316 hoc
3738 2263 3892 2337 enim

2305 2350 2471 2404 solius
2497 2359 2578 2404 est
2604 2351 2830 2420 gratiae,
2858 2351 3055 2406 nullius
3075 2367 3207 2408 vero
3238 2353 3454 2408 virtutis
3480 2362 3726 2408 naturae.
3751 2354 3894 2409 Ilinc

2308 2438 2580 2509 apostolus
2615 2438 2812 2493 fatetur
2838 2454 2899 2493 se
2944 2440 3246 2509 ignorasse,
3287 2443 3564 2510 quomodo
3589 2451 3778 2512 raptus
3807 2452 3896 2499 est

2305 2528 2361 2583 in
2380 2529 2710 2598 paradisum,
2735 2529 2920 2585 dicens
2945 2544 2960 2582 :
2981 2529 3104 2585 Scio
3128 2531 3391 2586 hominem
3419 2543 3645 2603 raptum,
3677 2534 3766 2588 sed
3796 2526 3893 2589 ne-

2305 2622 2414 2674 scio
2434 2621 2693 2692 quomodo
2717 2621 2854 2687 ",in
2882 2637 3115 2691 corpore,
3135 2639 3206 2677 an
3223 2632 3372 2677 extra
3400 2640 3621 2694 corpus;
3653 2626 3774 2680 acsi
3802 2626 3895 2679 di-

2304 2724 2456 2771 ceret
2504 2713 2568 2779 “,
2599 2730 2706 2771 non
2734 2715 2878 2769 enim
2934 2715 2987 2769 in
3018 2715 3350 2771 naturalibus
3374 2718 3588 2772 animae
3627 2717 3890 2782 motibus,

2304 2804 2362 2861 in
2390 2820 2618 2874 corpore
2661 2805 2742 2860 vel
2771 2814 2926 2860 extra
2954 2821 3170 2875 corpus,
3200 2806 3355 2861 video
3385 2806 3551 2860 ullam
3610 2807 3890 2873 virtutem,-

2303 2915 2579 2972 perquam
2611 2900 2724 2969 rapi
2751 2900 2956 2970 possim
2987 2916 3043 2954 tn
3078 2901 3310 2962 tertium,
3334 2900 3576 2967 caelum;
3612 2900 3757 2955 Dens
3784 2917 3890 2955 an-

2306 3001 2414 3048 tem
2439 2994 2485 3026 ¹⁵
2512 2993 2658 3047 solus
2707 2993 2833 3058 scit,
2865 2991 3018 3059 cujus
3045 2993 3220 3065 gratia
3247 2991 3361 3048 sola
3387 3005 3599 3062 raptum
3631 3007 3718 3047 me
3759 2992 3893 3048 fuis-

2304 3100 2364 3141 se
2410 3098 2517 3139 non
2548 3085 2755 3153 ignoro.
2801 3082 2955 3137 Nulla
2986 3083 3250 3153 siquidem
3279 3091 3473 3137 natura
3514 3097 3611 3152 per
3652 3080 3890 3154 seipsam

621 3162 820 3215 ronasti
841 3179 982 3227 eum,
1014 3172 1061 3217 et
1086 3165 1402 3221 constituisti
1425 3184 1544 3221 eum
1565 3186 1722 3238 super
1750 3187 1907 3240 opera
1942 3190 2194 3229 manuum
2222 3155 2267 3218 ο
2302 3182 2481 3243 potest
2522 3174 2817 3229 ascendere
2858 3174 2910 3227 in
2939 3172 3086 3227 illum
3136 3172 3335 3240 locum,
3375 3174 3443 3228 de
3473 3187 3580 3243 quo
3628 3172 3890 3228 Dominus

616 3262 855 3321 tuarum,
896 3258 1072 3310 omnia
1095 3257 1361 3327 subjecisti
1395 3260 1489 3313 sub
1529 3262 1744 3329 pedibus
1766 3264 1902 3332 ejus.
1943 3266 2198 3335 Videsne,

622 3352 886 3413 quantum
921 3346 1371 3401 humananatura
1400 3348 1453 3402 in
1478 3350 1654 3417 primo
1676 3352 1895 3408 homine
1923 3364 2043 3424 post
2071 3371 2200 3425 pec-

606 3447 803 3490 tcatum
846 3437 1146 3503 humiliata,
1195 3448 1249 3494 et
1277 3448 1537 3508 quantum
1584 3442 1637 3496 in
1676 3447 1917 3500 secundo
1962 3449 2197 3516 homine,

607 3524 679 3577 lin
707 3524 926 3578 Christo
946 3526 1091 3589 dico,
1112 3540 1208 3594 per
1236 3528 1466 3598 gratiam
1492 3531 1764 3587 exaltata?
1787 3532 2065 3604 Siquidem
2089 3555 2198 3594 nott

604 3611 801 3666 solum
826 3613 891 3666 ad
910 3613 1193 3677 pristinum
1218 3625 1443 3673 naturae
1471 3619 1635 3675 suae“
1656 3629 1881 3689 statum,
1901 3624 1969 3679 de
1986 3640 2094 3695 quo
2111 3644 2202 3684 ce-

612 3699 759 3754 -Cltill
782 3700 961 3765 homo,
980 3702 1107 3756 resti
1119 3710 1472 3769 tutus,verutn
1487 3707 1648 3762 etiam
1664 3709 1716 3764 in
1732 3711 1909 3780 capite
1923 3729 2041 3779 stto,
2057 3718 2202 3785 quod

620 3791 709 3845 est
736 3789 983 3846 Christus
999 3832 1015 3857 ,
1052 3807 1214 3863 super
1239 3810 1427 3852 omnes
1461 3798 1723 3855 caelestes
1748 3801 1977 3859 virtutes
1999 3807 2203 3863 exaltaa-

629 3888 735 3933 tus.
770 3878 869 3936 Ubi
899 3881 1040 3935 enim
1078 3882 1372 3938 abundavit
1397 3897 1699 3956 peceatum,
1744 3896 2204 3961 superabundavit

620 3971 815 4039 gratia.
850 3970 905 4026 Si
930 3971 1095 4041 igitur
1121 3973 1353 4029 humana
1388 3986 1578 4034 natura
1605 3994 1712 4035 non
1740 3983 1913 4039 solum
1939 3987 2007 4041 ad
2026 3988 2204 4059 digni-

604 4069 785 4116 tatem
829 4063 1125 4133 angelicam
1162 4065 1214 4119 in
1251 4064 1469 4126 Christo
1516 4078 1770 4128 renovata
1813 4079 2082 4145 pervenit,
2107 4094 2201 4134 ve-

622 4168 743 4207 rum
769 4153 930 4208 etiam
957 4152 1095 4209 ultra
1120 4171 1338 4211 omnem
1361 4169 1663 4216 creaturam
1693 4165 1745 4218 in
1774 4164 1940 4225 Deum
1963 4159 2229 4241 assunth

624 4252 677 4299 ta
707 4255 809 4310 est,
842 4255 899 4302 et
921 4248 1063 4316 quod
1088 4246 1291 4302 factum
1323 4258 1406 4304 est
1429 4250 1480 4304 in
1513 4254 1706 4321 capite,
1742 4256 1795 4309 in
1824 4260 2083 4314 membris
2117 4261 2200 4315 l‘u-

626 4345 804 4392 turum
839 4353 960 4393 esse
1015 4340 1235 4409 impium
1283 4349 1368 4395 est
1418 4357 1681 4413 negare:
1731 4347 1857 4415 quid
1894 4350 2114 4415 mirum,
2153 4352 2199 4408 si

625 4426 848 4480 humani
878 4429 1182 4484 intellectus
1212 4430 1286 4484 nil
1315 4432 1459 4485 aliud
1488 4434 1615 4497 sint,
1649 4436 1750 4491 nisi
1785 4438 2083 4496 inell‘abiles
2121 4443 2199 4496 in-

2305 3265 2417 3318 ait:
2447 3262 2548 3317 Ubi
2577 3280 2670 3335 ego
2709 3281 2846 3328 sum,
2900 3262 3010 3318 illic
3041 3273 3090 3318 et
3130 3265 3367 3318 minister
3409 3279 3555 3318 meus
3582 3266 3678 3318 erit
3710 3265 3775 3317 ".
3820 3266 3891 3321 Ut

2305 3368 2437 3425 ergo
2466 3362 2686 3425 superat
2706 3368 2924 3407 omnem
2946 3353 3301 3420 intellectum,
3330 3354 3594 3424 quomodo
3623 3352 3718 3407 Dei
3748 3354 3887 3408 Vero

2302 3446 2433 3500 bum
2475 3444 2754 3500 descendit
2785 3444 2839 3498 in
2871 3444 3180 3510 hominem;
3212 3446 3284 3500 ita
3313 3453 3531 3516 superat
3555 3460 3770 3500 omnem
3794 3440 3888 3500 ra-

2300 3536 2528 3597 tionem,
2559 3531 2828 3602 quomodo
2850 3533 3012 3587 homo
3033 3533 3279 3588 ascendit
3301 3535 3355 3587 in
3383 3533 3571 3589 Deum.

2378 3624 2522 3677 Dtsc.
2571 3622 2892 3689 Quanquam
2920 3621 3192 3684 breviter,
3222 3629 3309 3676 sat
3339 3631 3518 3676 tamen
3554 3630 3609 3677 et
3642 3623 3684 3656 ¹⁷
3736 3614 3888 3681 clare

2303 3724 2390 3771 est
2414 3728 2763 3783 responsum;
2810 3712 3057 3780 ideoque,
3094 3712 3238 3784 quod
3268 3714 3453 3781 instat,
3481 3714 3548 3770 ad
3584 3717 3888 3773 secundum

2304 3806 2516 3861 animae
2566 3809 2770 3857 motum
2821 3801 3277 3868 considerandum
3331 3804 3530 3860 mentis
3569 3806 3743 3860 aciem
3809 3808 3890 3862 di-

2304 3897 2437 3967 rige.

2325 3990 2329 3993 '
2372 3986 2515 4041 Μλα.
2545 3984 2720 4041 Motus
2752 3984 2967 4039 animae
2995 3983 3263 4040 secundus
3287 3991 3392 4050 est,
3424 3985 3760 4050 utdiximus,
3793 3985 3887 4055 qui

2301 4090 2358 4135 et
2405 4081 2547 4135 intra
2600 4078 2861 4134 terminos
2900 4085 3130 4131 naturae
3189 4076 3538 4143 continetur,
3600 4078 3888 4147 ipsumque

2306 4171 2472 4225 Deum
2515 4169 2810 4224 secundum
2854 4182 3073 4222 causam
3101 4165 3318 4229 deﬁnit;
3351 4167 3456 4221 hoc
3479 4175 3582 4233 est,
3638 4167 3768 4222 illud
3797 4183 3887 4222 se.

2303 4258 2580 4315 lummodo
2626 4258 2694 4313 de
2744 4257 2856 4312 Deo
2890 4254 3163 4325 incognito
3221 4255 3440 4325 quidem
3496 4257 3539 4290 ⁸⁸
3583 4258 3883 4327 cognoscit,

2302 4352 2445 4422 quod
2475 4349 2739 4411 omnium,
2789 4362 2929 4417 quae
2972 4354 3118 4411 sunt,
3149 4361 3316 4402 causa
3368 4347 3458 4410 sit,
3490 4355 3547 4402 et
3596 4349 3739 4417 quod
3776 4351 3885 4418 pri.

2304 4439 2597 4494 ntortliales
2637 4438 2877 4492 omnium
2910 4450 3110 4491 causae
3130 4436 3200 4491 ab
3227 4450 3293 4490 eo
3318 4444 3375 4491 et
3404 4436 3459 4490 in
3500 4451 3566 4491 eo
3598 4437 3886 4492 aeternali-

619 4510 1019 4582 cessabilesqne
1047 4520 1261 4572 motus?
1282 4520 1336 4573 In
1368 4521 1451 4575 Itis
1480 4523 1621 4589 dico,
1646 4525 1737 4593 qui
1766 4527 1912 4597 digni
1943 4540 2069 4585 sunt
2089 4533 2198 4587 cir-
2225 4502 2277 4592 ,θ
2306 4542 2390 4586 ter
2415 4531 2661 4589 conditae
2685 4529 2813 4595 sint,
2837 4540 3132 4595 earumque
3160 4541 3465 4592 causarum,
3496 4536 3757 4594 quanttnn
3783 4527 3881 4581 da-

617 4614 683 4652 ca
718 4600 906 4665 Deum,
937 4598 992 4656 in
1020 4619 1122 4672 quo
1169 4608 1364 4671 vivunt,
1397 4622 1444 4662 et
1488 4624 1779 4680 moventur,
1806 4625 1855 4670 et
1891 4629 2030 4673 sunt.
2063 4622 2199 4676 Sunt

616 4690 837 4756 quidem
861 4707 957 4759 per
982 4695 1241 4758 rationes,
1278 4698 1474 4764 quibus
1500 4704 1769 4770 existunt;
1797 4721 2079 4766 moventur
2103 4730 2200 4783 per

624 4779 861 4832 rationes
910 4782 1190 4843 virtutum.
1242 4787 1438 4852 quibus
1484 4791 1623 4846 bene
1659 4797 1894 4853 existere
1937 4779 2195 4871 possunt;

619 4868 809 4921 vivunt
836 4885 934 4939 per
986 4871 1243 4938 rationes,
1275 4876 1472 4942 quibus
1521 4894 1735 4950 semper
1765 4868 2023 4944 existunt.
2061 4868 2199 4948 Sunt

617 4960 799 5030 itaque
853 4964 897 5027 ⁹,
951 4971 1005 5018 et
1037 4965 1172 5020 bene
1216 4975 1361 5033 sunt,
1402 4978 1458 5023 et
1488 4985 1703 5044 semper
1730 4987 1877 5046 sunt,
1910 4982 1960 5035 in
1991 4983 2099 5038 Deo
2130 4986 2194 5040 ³ο.

2307 4629 2395 4673 tttr
2428 4620 2499 4682 ei,
2538 4619 2930 4673 intellectarnm
2984 4616 3084 4685 ipsi
3118 4615 3354 4678 animae,
3383 4614 3533 4681 cujus
3560 4620 3736 4666 motus
3766 4624 3875 4675 est,

2304 4710 2668 4779 cognitionem
2698 4706 2979 4775 imprimit.
3008 4705 3080 4761 Ut
3104 4705 3249 4758 enim
3280 4719 3345 4759 ex
3380 4702 3726 4757 inferioribus
3750 4717 3877 4767 sen-

2303 4803 2538 4858 sibilium
2568 4815 2745 4855 rerum
2772 4798 3054 4867 imagines,
3082 4810 3216 4865 quas
3236 4794 3420 4850 Graeci
3454 4793 3766 4862 phantasias
3785 4809 3876 4847 vo-

2302 4904 2446 4959 cant,
2498 4894 2677 4948 anima
2710 4891 2930 4961 recipit;
2965 4890 3036 4944 ita
3083 4903 3149 4944 ex
3185 4885 3569 4956 superioribus,
3618 4886 3723 4942 hoc
3768 4895 3874 4952 est,

2304 4986 2741 5059 primordialibus
2783 4984 2963 5039 causis
3009 4981 3377 5053 cognitiones,
3404 4993 3547 5048 quae
3596 4993 3626 5032 a
3656 4978 3876 5034 Graecis

1890 5119 2144 5178 VARIAE
2180 5125 2580 5180 LECTIONES.

697 5213 725 5296 "
749 5211 839 5268 Sic
854 5212 969 5297 CE;
994 5214 1274 5297 i\_t;_ttint._
1303 5225 1323 5255 ⁸
1354 5219 1444 5297 _Sic
1469 5225 1583 5295 CE;
1630 5230 1671 5284 A
1702 5232 1767 5287 de
1795 5238 2063 5295 omnibus.

617 5285 994 5375 gfi'flwzrf‘g‘
1190 5288 1306 5354 CE;
1341 5293 1382 5345 Α
1409 5311 1511 5375 {Ion
1544 5285 1618 5353 est

615 5364 784 5429 turne.
861 5354 882 5384 ⁹
911 5354 1001 5429 Sic
1029 5356 1099 5421 Ε,
1125 5356 1169 5409 Α
1192 5375 1335 5429 ergo.

613 5424 836 5496 tionum.
861 5492 888 5496 _
914 5425 958 5455 ¹³
983 5424 1372 5496 ᾳαοηιοάοόιιι.
1400 5438 1465 5493 Α.

614 5491 825 5560 quidem
850 5492 891 5546 C
912 5491 1037 5564 quid
1057 5505 1153 5550 est.

2143 5244 2164 5275 ³
2194 5243 2284 5298 Sic
2314 5242 2430 5307 CE;
2462 5243 2502 5295 Α
2533 5243 2675 5294 dicit.

2094 5311 2115 5342 ⁸
2139 5312 2229 5367 Sic
2252 5314 2371 5379 AE;
2394 5312 2434 5367 C
2462 5310 2820 5365 mortalitatis.

1415 5367 1458 5455 1°
1483 5381 1603 5455 sup}
1642 5367 1943 5455 imitati—in
1981 5380 2086 5435 Deo
2116 5398 2224 5436 om.
2256 5385 2313 5436 Ε.
2359 5367 2439 5415 ἰι
2470 5384 2561 5437 Sic
2585 5381 2736 5455 C;,AA
2770 5395 2875 5455 ηρῖι
2899 5378 2956 5454 ίθξ

1545 5440 1591 5471 ⁸⁵
1620 5459 1682 5496 ac
1706 5440 1749 5499 si
1780 5445 1971 5502 diceret
1993 5466 2103 5506 om.
2127 5452 2186 5508 C.
2268 5455 2312 5485 ³⁵
2337 5464 2513 5509 autem
2534 5440 2740 5507 om."A.
2821 5451 2867 5481 η
2884 5445 2981 5503 erit
3004 5440 3115 5498 om.
3139 5443 3201 5498 C.
3281 5443 3320 5473 "
3347 5453 3393 5495 et
3417 5458 3526 5496 om.
3555 5445 3619 5497 Λ.
3700 5444 3742 5474 ³⁸
3767 5443 3872 5498 Pro

2756 5238 2776 5268 ‘
2812 5237 2902 5292 Sic
2946 5234 3070 5296 (EE;
3111 5235 3152 5286 Δ
3177 5250 3280 5287 non
3306 5232 3373 5287 de
3399 5234 3761 5296 condignitate
3783 5240 3871 5290 sed

2897 5307 2915 5337 ⁷
2940 5303 2979 5359 C
3012 5305 3170 5356 enim.
3248 5303 3269 5334 ⁸
3296 5302 3388 5358 Sic
3420 5302 3595 5369 ΟΕςᾹ
3623 5323 3750 5359 suae
3774 5324 3869 5359 ηαδ

2395 5386 2439 5415 ιι
2470 5384 2561 5437 Sic
2585 5381 2675 5444 C;_
2695 5382 2736 5433 A
2770 5395 2875 5431 non
2899 5373 3175 5444 intelligo._
3233 5374 3275 5403 ¹¹
3309 5372 3399 5444 Sic
3422 5373 3492 5436 C;
3520 5376 3562 5426 A
3591 5377 3870 5444 ratiocina-

2126 5586 2374 5640 NOTAE.
2846 5628 2849 5631 ‹
3413 5626 3417 5631 ι

2126 5588 2374 5644 NOTAE.
2846 5628 2849 5631 ς
3413 5626 3417 5631 ι

686 5648 933 5742 19:5
980 5657 1070 5709 *δά
1095 5661 1353 5727 quomodo
1391 5673 1466 5723 vel
1499 5686 1603 5739 qua
1650 5674 1850 5730 ratione
1885 5675 2169 5734 intellectus
2206 5681 2330 5736 dum
2393 5692 2531 5737 intra
2589 5684 2838 5737 terminos
2864 5676 3147 5742 humanae,
3175 5674 3294 5730 cod.
3326 5674 3363 5729 E
3388 5671 3515 5730 lolio
3542 5674 3671 5742 253,
3701 5678 3733 5733 b
3756 5693 3868 5734 mc-

602 5718 705 5794 ‘dio
741 5718 941 5775 ﬁnitur.
