2118 3137
197 181 253 211 δτι

607 178 652 206 DE
670 178 841 206 DIVISIONE
859 176 1035 206 NATURAE.
1053 191 1091 198 —-
1105 176 1206 205 LIBER
1226 178 1418 208 SECUNDUS.

1776 181 1831 212 ἒ)Ἵό

198 236 390 272 ιιιωιιιηιιὶδθ,
406 243 422 262 a
439 235 545 263 Latinis
556 234 673 263 diuinae
706 234 888 268 apparitiones
901 233 989 261 solent
1003 235 1027 263 Α
1042 233 1122 260 tionis
1137 233 1247 261 nomine
1265 234 1440 269 appellatum,
1453 236 1479 262 in
1503 237 1626 271 proprias
1641 237 1760 265 rationes
1770 239 1828 266 sin-

197 280 340 316 appellari,
366 279 418 309 sibi
432 278 596 313 ipsiinligit,
610 282 640 305 et
652 285 701 313 per
713 279 787 312 ipsas
806 278 940 312 quandam
955 278 989 305 de

199 327 257 354 Deo
269 325 394 354 notitiam
409 325 525 360 percipit
537 332 545 356 ;
556 332 605 359 per
626 324 729 359 primas
739 330 836 351 causas
849 323 920 356 dico,
935 331 989 351 non

199 372 379 406 mintelligat,
395 371 459 406 quid
470 370 689 398 substantialiter
701 374 784 403 sunt;
798 370 851 397 hoc
860 370 935 397 enim
945 378 988 397 su-

198 422 279 452 perat
297 423 406 444 omnem
428 415 732 447 animumanimum
750 420 780 442 ut
799 415 989 442 universaliter

199 465 355 497 cognoscat,
367 461 432 495 quia
458 464 532 492 sunt,
547 460 630 495 inque
646 467 711 488 sues
731 459 842 488 effectus
859 459 988 488 itteil'abili

197 507 371 542 processione
385 506 533 542 proﬂuunt.
545 506 582 535 Et
596 507 639 534 hic
652 511 696 534 est
703 511 803 539 uictus,
815 507 861 541 qui
873 514 890 534 a
901 506 988 534 Grae-

198 554 238 581 cis
248 553 323 589 ηλό-γος
339 552 382 580 vel
404 553 524 586 δύναμις,
540 558 557 578 a
570 552 672 579 nostris
685 559 750 579 vero
761 552 886 592 ratione
902 552 989 580 virtus

198 602 325 628 vocatur,
339 601 369 624 et.
389 604 425 624 ex
439 596 528 631 primo
543 603 622 625 motu
644 596 774 629 nascitur,
796 597 845 632 qui
857 600 900 626 est
912 597 990 625 intel-

199 643 296 671 lectus.
313 642 392 671 Sicut
415 643 488 669 enim
513 642 624 676 quidam
647 642 754 676 sapiens
776 642 876 670 artifex
903 647 989 670 artem

201 696 280 716 suam
291 688 324 716 de
340 689 431 723 seipse
445 687 471 715 in
482 687 573 722 seipso
583 687 674 720 cliieit,
687 691 715 714 et
728 687 755 715 in
771 688 839 722 ipsa,
854 695 924 723 quae
934 689 989 716 sibi

201 732 327 760 facienda
351 736 423 765 sunt,
440 732 594 766 praenoscit
611 732 631 765 ‘,
646 739 794 767 eorumque
809 740 908 761 causas
921 732 950 760 vi
961 738 990 769 et

201 782 346 812 potestate,
359 778 515 813 priusquam
530 782 680 812 appareant
695 779 766 805 actu
780 783 809 805 et
816 786 913 813 opere,
929 781 989 808 uni-

201 822 344 850 versaliter
360 826 442 856 atque
462 822 607 850 causaliter
618 827 711 855 creat;
727 823 766 850 sic
783 822 937 852 intellectus
955 825 990 852 de

199 875 230 894 se
255 872 284 894 et
304 867 331 893 in
352 873 383 894 se
406 874 486 893 suam
506 867 640 895 rationem
655 867 758 902 genuit,
776 867 802 895 in
819 876 871 903 qua
885 869 987 902 omnia,

1040 277 1163 312 gularum
1187 285 1288 311 rerum,
1303 287 1373 313 quae
1389 280 1601 314 primordialiter
1612 282 1640 309 in
1658 283 1748 310 causis
1769 284 1829 311 uni-

1040 322 1237 358 versaliterque
1250 328 1359 351 creatae
1378 328 1453 356 sunt,
1464 325 1568 352 dividit.
1588 326 1708 353 Cunctae
1722 327 1831 361 quidem

1040 369 1176 396 cssenliae
1187 369 1214 395 in
1229 369 1334 396 ratione
1349 377 1430 396 unum
1441 374 1514 401 sunt,
1527 378 1609 398 sensu
1624 379 1688 400 vero
1701 372 1728 399 in
1740 379 1832 400 esseu—

1041 413 1092 440 tias
1106 413 1263 442 differentes
1280 415 1482 442 discernuntur.
1497 416 1624 444 Omnium
1639 417 1730 452 itaque
1741 425 1832 446 essen-

1042 459 1139 486 tiarum
1151 467 1185 486 ex
1210 467 1320 488 suorum
1346 460 1540 495 principiorum
1560 462 1757 496 simplicissima
1773 464 1834 491 uni-

1040 506 1155 538 tateper
1166 504 1331 532 intellectum
1349 505 1557 533 descendentem
1579 507 1807 541 simplicissimam
1819 508 1831 524 ⁸

1040 548 1221 583 cognitionem
1238 550 1308 577 ratio
1322 551 1451 585 percipit;
1463 551 1509 578 sed
1520 559 1616 579 sensus
1627 552 1713 587 ipsam
1727 553 1832 588 simpli-

1040 595 1150 622 citatem
1172 603 1220 629 per
1246 595 1412 624 differentias
1433 601 1565 632 segregat.
1593 596 1724 625 Similiter
1738 606 1830 626 rerum

1039 645 1140 672 genera
1159 639 1332 667 uniformiter
1342 645 1369 668 et
1381 641 1541 676 simpliciter
1555 643 1581 670 in
1599 643 1655 670 suis
1669 643 1831 672 universali—

1040 684 1199 717 buscausis,
1212 689 1240 712 et
1253 684 1263 699 ³
1280 685 1307 712 in
1327 686 1422 720 seipsis
1441 693 1491 720 per
1512 687 1677 715 intellectum
1690 689 1760 716 ratio
1784 696 1833 716 co-

1040 724 1155 763 gnoscit,
1166 729 1237 756 illam
1247 737 1311 757 vero
1317 731 1546 766 generalissimam
1552 733 1762 768 simplicitatem,
1775 735 1802 762 in
1813 735 1823 752 ι

1039 781 1070 801 se
1091 774 1147 809 ipsa
1159 774 1324 802 individuam
1338 777 1481 812 nullisque,
1499 778 1658 807 differentiis
1670 781 1832 814 obnoxiam,

1041 819 1121 847 nullis
1135 820 1319 848 accidentibus
1339 822 1498 856 subiectam,
1515 823 1594 852 nullis
1616 826 1709 859 spatiis
1729 825 1832 854 distan-

1041 868 1106 896 tem,
1122 864 1203 891 nullis
1227 866 1348 899 partibus
1370 868 1564 902 compositam,
1589 869 1662 898 nullo
1680 870 1759 898 locali
1787 871 1832 900 vel

195 919 268 946 quae
283 911 339 938 vult
351 911 452 944 facere,
465 912 681 947 praecognoseit,
699 913 898 948 causaliterque
911 921 989 948 prae-
1005 908 1026 939 Β
1042 909 1184 943 temporali
1197 909 1218 926 η
1234 914 1307 937 motu
1329 912 1441 943 variam,
1464 913 1490 940 in
1504 913 1610 942 diversa
1627 922 1727 949 genera
1755 916 1832 944 diffe-

196 961 283 984 creat.
300 955 373 983 .Nam
396 964 450 983 non
475 956 549 983 aliud
577 956 693 985 dicimus
712 964 782 989 esse,
798 958 810 974 ³
836 958 989 991 consilium,

198 1006 305 1037 praeter
328 1002 496 1030 artiﬁciosae
516 1002 615 1029 mentis
642 1008 813 1037 conceptum.
850 1003 991 1031 Secundus

197 1048 292 1082 itaque
306 1052 394 1075 motus
408 1048 516 1075 animae
538 1053 580 1076 est
594 1048 674 1081 ratio,
689 1056 759 1083 quae
780 1048 864 1076 veluti
878 1049 989 1084 quidam

196 1093 308 1121 obtutus
323 1093 508 1121 substantialis
522 1094 549 1120 in
565 1094 657 1121 animo
675 1094 845 1129 intelligitur,
859 1102 892 1122 ac
905 1095 990 1122 veluti

195 1145 243 1164 ars
252 1138 286 1164 ab
298 1138 357 1173 ipso
379 1138 412 1165 de
425 1138 513 1173 seipse
527 1138 538 1154 ³
562 1139 590 1166 iu
611 1139 701 1174 seipso
715 1140 816 1176 genita.
839 1140 866 1167 in
880 1148 932 1175 qua
947 1149 988 1174 ea,

196 1189 270 1216 quae
281 1182 338 1209 vult
356 1182 458 1215 facere,
483 1184 639 1218 praenoscit
650 1185 661 1199 ’⁵
676 1189 704 1211 et
730 1186 897 1219 praecondit.
916 1186 991 1214 ideo-

199 1234 253 1260 que
266 1235 320 1254 non
335 1227 471 1261 immerito
491 1228 576 1256 forma
591 1229 649 1264 ejus
665 1231 822 1258 nominatur
830 1239 842 1264 ;-
856 1231 990 1266 siquidem

199 1272 259 1307 ipse
277 1281 327 1307 per
337 1280 371 1300 se
381 1273 468 1307 ipsum
481 1274 636 1309 incognitus
649 1280 700 1308 est,
719 1276 766 1303 sed
788 1277 818 1303 in
830 1285 878 1304 sua
892 1276 988 1311 forma,

198 1325 269 1352 quae
281 1322 324 1345 est
345 1319 426 1350 ratio,
446 1323 474 1346 et
488 1319 542 1347 sibi
555 1319 646 1354 ipsiet
659 1320 719 1348 aliis
741 1328 872 1356 apparere
888 1322 989 1358 incipit.

196 1361 265 1390 Nam
277 1364 505 1397 quemadmodum
514 1366 730 1394 causaomnium
743 1374 793 1401 per
802 1366 929 1401 seipsam,
941 1375 991 1395 nec

195 1415 214 1434 a
225 1407 324 1441 seipsa,
336 1415 386 1436 nec
401 1409 436 1436 ab
448 1408 539 1443 aliquo
558 1410 674 1437 inveniri
693 1415 793 1445 pomst,
805 1412 870 1446 quid
885 1413 940 1445 sit;
962 1413 988 1440 in

196 1453 256 1480 suis
263 1461 328 1480 vero
344 1454 514 1489 tlicoplianiis
530 1457 730 1490 quodammodo
744 1458 917 1492 cognoscitur
932 1468 938 1485 :
952 1460 990 1487 ita

197 1500 362 1533 intellectus,
377 1502 423 1536 qui
446 1509 554 1536 semper
576 1504 652 1531 circa
673 1511 735 1531 eum
758 1504 885 1538 volvitur,
912 1509 940 1532 et
955 1506 989 1533 ad

197 1545 260 1579 ejus
273 1545 417 1580 imaginem
436 1546 547 1574 omnino
567 1548 682 1576 similem
697 1549 823 1579 conditus
840 1555 891 1583 est,
909 1558 960 1577 nec
971 1558 987 1578 a

198 1597 231 1616 se
246 1590 314 1624 ipso,
337 1598 387 1618 nec
400 1592 434 1618 ab
451 1592 548 1627 aliquo
561 1593 672 1628 intelligi
693 1598 791 1629 potest,
819 1596 883 1630 quid
898 1597 946 1628 sit,
960 1597 986 1623 in

201 1635 307 1662 ratione
322 1640 424 1668 autem,
445 1644 515 1670 quae
535 1638 569 1664 dc
591 1638 649 1672 ipso
662 1638 815 1671 'nascitur,
829 1640 924 1675 incipit
942 1649 987 1676 ap-

197 1686 304 1714 parere.
320 1679 397 1712 Quod
411 1687 481 1708 εγω-ο
498 1681 564 1714 dixi,
577 1689 688 1710 causam
712 1685 834 1712 omnium
846 1691 874 1712 et
889 1686 990 1714 intelle-

198 1729 272 1752 ctum
293 1732 308 1751 a
324 1725 422 1760 scipsis
435 1734 490 1754 non
504 1727 626 1762 intelligi,
647 1729 711 1762 quid
733 1730 800 1763 sint,
814 1738 866 1765 qua
882 1732 989 1761 ratione

197 1774 288 1804 potest
298 1778 369 1803 esse,
384 1771 466 1806 paulo
486 1776 547 1807 post
573 1774 800 1802 eonsiderabitur.
822 1777 860 1803 De
872 1779 989 1806 secundo

198 1819 283 1848 metu,
296 1816 359 1850 quid
374 1816 425 1850 sit,
436 1821 464 1844 et
483 1818 555 1846 unde
576 1819 709 1854 originem
728 1822 810 1849 ducat
824 1822 845 1855 ‘,
871 1825 937 1851 satis
953 1825 990 1852 di-

196 1866 283 1894 ctum,
295 1867 325 1889 ut
335 1863 442 1898 opinor.
457 1864 531 1892 Disc.
546 1865 594 1892 Sat
613 1866 701 1901 plane.

235 1906 306 1935 MAG.
320 1907 431 1936 Ter-tius
440 1909 533 1944 itaque
551 1916 635 1939 restat
646 1918 745 1946 motus,
754 1914 802 1948 qui
816 1915 888 1943 circa
898 1917 991 1952 singu-

199 1951 240 1980 las
254 1952 419 1988 singularum
433 1954 443 1970 ⁷
462 1962 554 1983 rerum
578 1957 707 1991 rationes,
730 1967 800 1994 quae
821 1951 987 1996 simpliciter,

199 1998 253 2025 hoc
270 2002 320 2031 est,
344 1999 533 2029 univcrsaliter
544 2002 571 2029 in
584 2003 804 2037 primordialibus
815 2007 904 2034 causis
922 2015 988 2035 con-

197 2043 272 2071 ditae
284 2049 355 2077 sunt,
370 2050 505 2080 versatur,
525 2052 562 2081 et,
582 2056 643 2076 cum
663 2058 696 2077 ex
709 2051 877 2079 sensibilium
901 2062 990 2081 rerum

198 2089 349 2123 pbantasiis
358 2098 408 2125 per
419 2094 584 2120 exteriorem
592 2101 702 2122 sensum
717 2096 768 2124 sibi
781 2098 916 2125 nunciatis
932 2107 989 2126 mo-

199 2139 243 2162 tus
255 2135 298 2163 sui
309 2136 495 2166 substantialis
505 2144 594 2166 sumat
605 2141 758 2174 exordium,
772 2143 806 2170 ad
816 2144 990 2177 purissimam

199 2187 290 2207 rerum
317 2181 438 2210 omnium
462 2183 653 2212 discretionem
669 2193 719 2221 per
733 2188 853 2216 rationes
867 2190 990 2225 proprias

199 2225 228 2252 in
241 2227 372 2255 essentias
389 2229 618 2263 generalissimas,
635 2231 716 2266 inque
726 2240 824 2267 genera
838 2235 990 2270 gener-alio-

199 2278 241 2304 ra,
257 2271 353 2300 deinde
366 2273 393 2301 in
408 2273 511 2302 formas
525 2277 684 2312 speciesque
698 2280 918 2314 specialissimas.
938 2283 988 2310 hoc

196 2321 250 2349 est,
265 2317 293 2344 in
304 2325 432 2346 numeros
442 2320 655 2350 innumerabiles
667 2323 852 2359 infinitasque,
865 2327 991 2354 immuta-

197 2361 397 2407 bilibustamen
406 2370 521 2393 naturae
533 2374 599 2394 suae
609 2369 739 2404 analogiis
750 2370 842 2399 finitos
851 2373 988 2407 pervenit.

199 2406 234 2434 Et
249 2407 294 2435 ille
308 2402 400 2437 motus
409 2414 463 2443 est,
477 2413 522 2446 qui
532 2420 628 2448 graece
640 2402 739 2444 matiam
758 2417 798 2444 vel
811 2402 932 2456 ivipysta,
950 2420 991 2447 la-

202 2451 259 2478 tine
267 2460 332 2483 vero
355 2461 454 2483 sensus
469 2456 512 2483 vel
532 2459 656 2492 operatio
680 2466 807 2494 vocatur;
825 2451 912 2497 ipsum
931 2466 991 2493 dico

201 2502 322 2531 sensum,
332 2499 379 2533 qui
392 2500 581 2530 substantialis
597 2509 649 2537 est,
659 2510 686 2532 et
701 2505 824 2538 interior,
837 2509 883 2543 qui
897 2510 991 2537 simili-

202 2546 245 2568 ter
258 2543 292 2570 ab
306 2543 442 2573 intellectu
454 2549 576 2582 procedit
589 2557 637 2585 per
648 2552 791 2580 rationem.
805 2553 891 2582 Omne
904 2556 990 2591 siqui-

199 2586 273 2618 dem,
288 2589 360 2622 quod
380 2590 532 2621 intellectus
551 2601 585 2621 ex
606 2596 820 2629 primordialium
848 2586 990 2629 causarum

198 2633 324 2665 gnostico
335 2636 457 2665 contuitu
468 2639 520 2666 arti
532 2647 608 2673 suac,
621 2641 672 2669 hoc
682 2647 734 2675 est,
748 2644 845 2672 rationi
861 2646 992 2681 imprimit

198 2685 247 2712 per
253 2686 363 2708 sensum
376 2689 456 2711 suum
466 2691 500 2712 ex
515 2692 544 2713 se
555 2687 759 2722 procedentem,
771 2690 885 2725 ejusque
895 2699 992 2726 opera.

1041 954 1198 989 rentiasquc
1216 956 1377 989 praedictas,
1394 957 1513 991 aliasque
1526 958 1597 986 mille
1612 960 1649 992 ",
1664 967 1763 988 sensus
1764 968 1832 998 par-

1043 998 1117 1025 titur.
1133 998 1163 1025 ld
1187 999 1275 1034 ipsum
1298 1005 1340 1028 est
1365 1001 1392 1028 in
1415 1002 1603 1031 differentibus
1626 1004 1731 1038 formis,
1759 1013 1832 1041 quae

1041 1044 1164 1071 consulta
1176 1045 1280 1073 ratione
1293 1045 1315 1061 ¹³
1327 1046 1353 1073 in
1368 1048 1511 1082 generibus
1521 1050 1577 1076 suis
1588 1058 1670 1077 unum
1682 1055 1752 1085 sunt,
1768 1059 1831 1080 sen-

1040 1095 1073 1116 su
1088 1094 1179 1128 tamep
1195 1096 1325 1125 operante
1343 1099 1391 1127 per
1409 1094 1554 1123 rationales
1568 1095 1756 1125 distinctiones
1771 1106 1785 1124 a
1800 1106 1833 1126 se

1042 1136 1157 1163 invicem
1173 1136 1362 1165 discernuntur
1381 1147 1388 1165 :
1403 1140 1455 1168 hoc
1468 1145 1519 1174 est,
1534 1149 1588 1176 quo
1605 1143 1683 1170 tnodo
1703 1144 1832 1172 naturali-

1041 1181 1094 1208 bus
1102 1181 1231 1215 motibus,
1241 1182 1331 1210 divina
1340 1185 1509 1218 providentia
1521 1193 1642 1221 regente,
1650 1188 1773 1222 jubeute,
1786 1191 1831 1217 ad-

1042 1225 1222 1259 ministrante,
1240 1228 1266 1254 in
1282 1229 1412 1257 discretas
1435 1238 1525 1258 rerum
1541 1233 1771 1263 multiformitatcs
1789 1236 1832 1264 di.

1042 1271 1216 1305 viduntur“,
1239 1275 1295 1308 ipse
1310 1275 1461 1304 intellectus
1486 1278 1622 1307 mediante
1648 1282 1752 1309 ratione
1781 1290 1832 1317 per

1041 1318 1298 1347 consubstantialem
1334 1322 1385 1349 sibi
1410 1330 1519 1350 sensum
1546 1324 1604 1352 sine
1631 1334 1723 1355 errore
1752 1329 1832 1357 inve-,

1040 1365 1123 1401 stigat
1136 1370 1165 1393 et
1184 1368 1365 1402 persequitur,
1388 1370 1524 1406 certisque
1542 1373 1641 1407 regulis
1655 1377 1832 1410 comprehcn-

1041 1410 1089 1437 dit.
1115 1410 1186 1444 Quid
1203 1412 1289 1439 dicam
1313 1414 1346 1441 de
1361 1415 1476 1443 infinitis
1498 1419 1627 1452 numeris,
1653 1421 1709 1455 qui,
1730 1429 1831 1456 quanto

1041 1456 1177 1485 interioris
1191 1466 1285 1486 sensus
1298 1460 1404 1488 actione
1417 1462 1473 1489 sive
1485 1463 1512 1491 in
1521 1464 1620 1499 seipse,
1632 1466 1688 1493 sive
1701 1467 1726 1494 in
1740 1475 1830 1496 rerum

1041 1507 1135 1530 natura
1160 1505 1321 1540 multiplices
1343 1506 1418 1539 fiunt,
1441 1513 1515 1536 tanto
1531 1511 1636 1539 ratione
1658 1514 1832 1542 considerata

1041 1548 1068 1575 in
1087 1550 1143 1577 suis
1177 1550 1272 1579 formis
1306 1553 1495 1582 univcrsaliter
1513 1561 1541 1583 et
1566 1557 1724 1592 simpliciter
1747 1568 1832 1588 unum

1043 1595 1122 1622 sunt?
1144 1595 1177 1623 Et
1190 1604 1219 1623 ut
1235 1598 1351 1626 breviter
1361 1599 1529 1635 colligamus,
1549 1604 1727 1639 quodcunque
1740 1607 1832 1635 anima

1040 1648 1089 1674 per
1106 1642 1220 1675 primum
1234 1650 1310 1670 suum
1318 1649 1429 1678 motum,
1442 1646 1487 1680 qui
1499 1652 1541 1674 est
1551 1648 1712 1683 intellectus,
1729 1651 1763 1679 de
1776 1652 1832 1680 Deo

1039 1690 1068 1712 et
1079 1687 1101 1702 “’
1112 1687 1328 1722 primordialibus
1348 1691 1437 1718 causis
1462 1692 1630 1722 uniformiter
1647 1700 1674 1722 et
1694 1697 1833 1726 universa—

1040 1730 1102 1759 liter
1114 1735 1262 1768 cognoscit,
1277 1736 1395 1763 secundo
1407 1744 1456 1764 suo
1470 1739 1566 1771 motui,
1578 1740 1625 1774 qui
1637 1745 1678 1768 est
1691 1743 1770 1776 ratio,
1782 1751 1832 1771 co-

1040 1778 1100 1805 dem
1108 1781 1188 1807 modo
1199 1780 1369 1810 uniformiter
1384 1784 1626 1822 universaliterque
1642 1788 1741 1824 infigit.
1755 1790 1833 1824 Quod

1040 1832 1130 1855 autem
1141 1836 1156 1855 a
1170 1830 1354 1864 superioribus
1367 1839 1415 1866 per
1431 1833 1596 1862 intellectum
1612 1836 1638 1863 in
1656 1838 1762 1866 ratione
1776 1839 1833 1867 for-

1040 1877 1142 1901 matum
1168 1876 1281 1910 accipit,
1297 1876 1348 1904 hoc
1372 1882 1457 1906 totum
1485 1879 1510 1906 in
1532 1880 1664 1910 discretas
1686 1884 1832 1918 essentlas,

1041 1918 1068 1944 in
1080 1919 1196 1946 discreta
1208 1928 1320 1955 genera,
1335 1921 1361 1949 in
1373 1923 1495 1950 diversas
1506 1923 1615 1958 fortnas,
1629 1926 1655 1952 in
1668 1928 1832 1963 multiplices

1042 1972 1168 1992 numeros
1184 1973 1232 1998 per
1251 1974 1364 1994 sensum
1387 1968 1560 1997 inferioribus
1576 1969 1716 1999 effectibus
1738 1974 1833 2002 distri-

1041 2010 1109 2036 buit.
1125 2009 1159 2036 Et
1174 2015 1203 2037 ut
1219 2012 1338 2045 apertius
1359 2013 1458 2045 dicam,
1475 2015 1654 2049 quodcunque
1676 2017 1766 2045 anima
1782 2019 1833 2045 lm-

1041 2063 1120 2083 maua
1134 2064 1183 2091 per
1208 2057 1373 2084 intellectum
1395 2067 1473 2086 suum
1489 2059 1515 2086 in
1541 2060 1646 2088 ratione
1667 2070 1714 2089 sua
1728 2063 1763 2091 de
1778 2064 1833 2092 Deo

1042 2101 1130 2135 deque
1144 2109 1233 2128 rerum
1247 2102 1388 2136 principiis
1413 2103 1584 2131 uniformiter
1600 2107 1746 2141 cognoscit,
1763 2116 1836 2136 sem-

1041 2154 1090 2181 per
1103 2146 1276 2174 uniformitcr
1297 2148 1429 2181 custodit;
1446 2149 1625 2184 quodcunque
1647 2159 1712 2179 vero
1733 2160 1781 2187 per
1794 2162 1835 2182 ra-

1043 2193 1142 2220 tionem
1167 2193 1193 2220 in
1216 2194 1306 2221 causis
1323 2201 1405 2221 unum
1432 2199 1459 2222 et
1486 2195 1656 2224 uniformiter
1685 2199 1836 2228 subsistere

1003 2264 1027 2293 Β
1039 2240 1168 2282 perspicit
1183 2239 1204 2255 ¹⁶
1213 2260 1220 2272 ,
1233 2239 1282 2267 hoc
1297 2244 1381 2267 totum
1396 2248 1444 2275 per
1452 2248 1560 2268 sensum
1573 2242 1600 2269 in
1613 2250 1755 2271 causarum
1769 2245 1835 2273 effe-

1041 2290 1128 2318 ctibus
1153 2285 1335 2319 multipliciter
1348 2284 1367 2301 ”
1383 2290 1410 2312 et
1424 2286 1595 2314 uniformitcr
1607 2288 1628 2303 ίκ
1644 2289 1782 2326 intelligit;
1807 2297 1836 2320 et

1041 2337 1139 2364 iterum
1149 2337 1247 2363 totum,
1262 2330 1334 2366 quod
1357 2339 1406 2366 per
1429 2339 1539 2359 sensum
1555 2333 1740 2369 multipliciter
1755 2344 1833 2372 spar-

1043 2388 1102 2408 sum
1124 2380 1151 2406 in
1166 2377 1308 2405 effectibus
1330 2376 1465 2412 intelligit,
1481 2385 1529 2412 per
1550 2379 1682 2407 rationem
1701 2381 1728 2408 in
1745 2382 1835 2410 causis

1043 2432 1126 2453 unum
1140 2423 1314 2450 uniformiter
1328 2423 1478 2451 subsistere
1503 2424 1641 2459 perspicit.
1661 2424 1757 2453 Omnia
1770 2435 1835 2455 vero

1044 2478 1077 2498 cx
1089 2477 1142 2497 una
1156 2469 1276 2496 omnium
1289 2476 1370 2495 causa
1382 2473 1410 2495 et
1420 2469 1653 2503 multiplicationis
1668 2477 1835 2499 momentum

1045 2516 1177 2550 incipere,
1193 2519 1221 2541 et
1232 2514 1344 2541 unitatis
1367 2514 1579 2549 simplicitatem,
1595 2524 1647 2549 qua
1663 2517 1689 2543 in
1704 2525 1735 2544 ca
1749 2522 1837 2544 aeter-

1046 2561 1145 2587 naliter
1158 2564 1186 2586 et
1212 2559 1469 2587 incommutabiliter
1484 2561 1642 2594 subsistunt,
1667 2562 1740 2589 nullo
1754 2565 1836 2590 modo

1045 2597 1189 2637 deserere,
1207 2605 1343 2639 totiusque
1362 2606 1404 2632 sui
1423 2610 1512 2632 motus
1540 2607 1618 2633 linem
1635 2607 1661 2633 in
1681 2613 1740 2633 eam
1757 2612 1784 2634 et
1807 2609 1836 2635 in

1045 2659 1075 2679 ea
1092 2650 1253 2683 terminare,
1274 2659 1324 2686 per
1340 2651 1504 2678 intellectum
1525 2652 1668 2685 purissime
1682 2653 1835 2686 cognoscit.

1046 2697 1084 2724 De
1107 2697 1194 2724 tribus
1214 2697 1321 2724 animae
1341 2697 1468 2730 motibus,
1494 2698 1546 2724 hoc
1561 2702 1612 2730 est,
1628 2697 1661 2724 dc
1684 2697 1832 2733 intellectu,

852 2735 980 2765 VARIAE
1000 2739 1193 2769 LECTIONES

234 2772 243 2787 ‘
255 2771 275 2799 C
286 2773 432 2807 praevidet.

199 2806 438 2851 siizgularuritque._
463 2810 645 2851 '(_.‘.__siutplicis
667 2806 897 2851 simplicissimam:

472 2780 482 2794 ²
495 2775 549 2804 Pro
562 2778 672 2806 dicimus
683 2788 737 2808 esse
749 2781 769 2808 C
781 2787 829 2808 est.
867 2782 877 2798 ³
888 2783 948 2811 Cdo
963 2786 1028 2820 ipso.
1066 2787 1077 2802 ⁸
1089 2788 1110 2813 Α
1123 2789 1328 2822 praecognoscil.
1368 2788 1378 2803 ⁸
1393 2787 1412 2816 C
1426 2788 1458 2815 de
1472 2789 1566 2821 seipse.
1605 2788 1615 2803 ‘
1627 2788 1649 2815 Α
1671 2790 1752 2817 ducit.
1791 2792 1801 2807 ⁷
1814 2791 1837 2819 Α

472 2811 645 2849 ᾭΗεὶηιριὲεἰδ
667 2816 897 2849 simplicissimam.
941 2821 950 2836 ⁹
966 2826 989 2846 et
1003 2829 1057 2847 om.
1072 2822 1101 2849 (Σ.
1153 2823 1173 2838 ¹⁰
1189 2823 1217 2849 in
1232 2831 1286 2849 om.
1298 2822 1328 2849 C.
1362 2823 1397 2849 ,“
1414 2822 1436 2848 Α
1448 2823 1586 2849 corporali.
1640 2825 1661 2839 ¹²
1679 2825 1699 2849 C
1711 2824 1837 2849 ἀΰτει-ρη-

966 2826 989 2846 cl
1003 2829 1057 2847 om.
1072 2826 1101 2848 (λ.

1153 2823 1173 2838 ¹⁰
1189 2823 1217 2849 in
1232 2831 1286 2850 om.
1298 2822 1328 2849 C.
1362 2823 1397 2851 J‘
1414 2822 1586 2856 A_corporali.
1640 2825 1661 2839 “
1679 2825 1699 2852 C
1711 2824 1837 2852 differen-

693 2841 696 2842 ν
724 2841 897 2844 νηννή-ν-γ--η--ν-
966 2841 989 2846 ν,
1003 2841 1057 2847 ιιι-ιι
1073 2841 1101 2849 υ.
1190 2841 1217 2849 ιιι
1232 2841 1286 2850 vl".
1299 2841 1328 2849 υ.
1362 2848 1366 2851 η
1414 2841 1486 2853 Δι,νν¹
1510 2841 1586 2849 υιιυι-
1679 2841 1699 2852 υ
1711 2841 1782 2852 “IIICI
1790 2841 1835 2852 Cll-

201 2841 305 2888 tiasque
312 2841 455 2888 atqnelqlia
467 2846 540 2886 mille
552 2841 826 2888 (praedictasomll).
866 2853 887 2868 ¹³
896 2862 945 2888 pro
952 2855 1073 2883 cansnlla
1084 2857 1435 2884 raliancCconsideratione.
1475 2841 1526 2884 "FC
1538 2858 1698 2886 dividantur.
1739 2861 1835 2888 "Cn:

202 2876 222 2892 “
234 2885 334 2913 seraper
346 2876 520 2922 'tiniformiter
529 2876 640 2922 custodit
651 2901 685 2904 —
694 2876 884 2922 ιὶσιέρἰᾶί-οιη.

360 2914 489 2946 l‘n‘uor.
523 2918 651 2952 CXXII.

972 2891 991 2906 ¹⁷
1006 2891 1026 2920 G
1039 2892 1182 2927 multipch.
1222 2892 1244 2908 ”
1254 2897 1277 2920 et
1296 2892 1463 2920 uni’ortttitcr
1476 2900 1530 2921 om.
1545 2892 1577 2922 Α.

1641 2930 1693 2975 19.7
