4236 6274
576 343 683 400 579

1935 336 2217 395 JOANNts
2244 323 2446 395 ’ποτε

3732 342 3841 403 580

581 466 670 535 qui
692 464 854 521 etiam
894 462 1163 527 essentia;
1191 461 1255 517 dc
1290 462 1306 492 '
1341 460 1547 516 ratione
1569 499 1584 524 ,
1609 472 1749 530 quae
1784 458 1985 525 virtus;
2014 465 2068 512 et
2095 458 2161 513 de
2189 462 2237 521 Α
2266 458 2429 513 trium
2466 457 2771 515 Divinitatis
2804 474 3157 530 personarum
3199 476 3465 533 cognosce
3504 463 3838 522 intellectum

580 572 766 621 sensu,
794 555 886 625 qui
933 554 1177 624 operatio
1206 554 1423 618 dicitur,
1454 552 1784 609 suilicienter
1829 566 2071 615 suasum,
2099 558 2162 604 ut

584 647 795 718 opinor.
828 645 971 698 DISC.
1001 643 1356 720 Lucidissime
1395 658 1460 697 ac
1489 643 1876 713 multipliciter.

649 737 742 791 24.
783 734 922 790 MAG.
947 735 1158 789 Intuere
1183 735 1385 805 itaque,
1415 735 1636 804 acieque
1659 735 1872 799 mentis,
1903 743 2011 788 tota
2041 748 2160 787 am-

578 827 859 895 biguitatis
903 826 1131 895 caligine
1159 826 1378 895 depulsa
1402 866 1417 889 ,
1454 840 1737 897 cognosce,
1787 840 1947 895 quam
1975 825 2121 880 clare
2142 864 2158 891 ,

579 932 742 987 quam
763 931 1017 986 expresse
1039 916 1253 970 divinae
1274 915 1529 970 bonitatis
1555 914 1924 971 substantialis
1946 915 2161 969 trinitas

580 1007 635 1062 in
665 1007 899 1061 motibus
927 1007 1193 1061 humanae
1218 1012 1441 1058 naturae
1463 1011 1489 1043 ι
1538 1013 1683 1059 recte
1706 1018 1803 1060 eos
1828 1004 2162 1058 intuentibus

581 1097 807 1161 arridet,
839 1112 1005 1165 seque
1037 1096 1059 1129 ³
1085 1097 1252 1165 ipsam
1285 1094 1371 1165 pie
1396 1096 1779 1164 quaerentibus
1808 1090 1888 1159 se,
1916 1095 2080 1150 veluti
2107 1095 2158 1149 in

579 1189 812 1257 quodam
839 1187 1057 1257 proprio
1085 1186 1301 1256 speculo
1352 1185 1418 1239 ad
1459 1184 1746 1254 imaginem
1796 1199 1949 1238 suam
1995 1184 2157 1249 iacto,

581 1277 957 1347 limpidissime
985 1277 1327 1342 manifestat,
1356 1285 1411 1332 ct
1437 1291 1558 1331 eum
1595 1276 1667 1330 sit
1706 1277 1772 1330 ab
1818 1277 1961 1330 muni
2009 1290 2162 1330 crea-

580 1349 702 1423 tura
763 1377 997 1431 remota,
1050 1368 1307 1438 omnique
1354 1362 1649 1422 intellectui
1702 1367 2012 1435 incognita,
2066 1381 2162 1435 per

580 1458 867 1528 imaginem
893 1473 1044 1511 suam
1084 1466 1140 1512 et
1179 1457 1582 1512 similitudinem
1612 1455 1775 1510 veluti
1812 1455 2077 1524 cognitam
2107 1464 2162 1509 et

577 1551 1118 1621 comprehensibilem
1163 1548 1615 1605 inteilectualibus
1659 1548 1850 1612 oculis,
1891 1563 1955 1602 ac
1999 1548 2159 1603 veluti

576 1649 918 1709 praesentem
959 1640 1191 1710 seipsam
1230 1640 1514 1709 depromit,
1564 1639 1813 1708 ultroque
1861 1638 2157 1708 specillum,

577 1730 631 1784 in
662 1745 765 1799 qua
798 1731 1020 1795 relucet,
1046 1730 1315 1800 put-ilicat,
1343 1738 1401 1784 ut
1428 1731 1480 1785 in
1507 1745 1569 1785 ea
1601 1732 1899 1786 clarissime
1928 1731 2162 1800 resplen-

2263 558 2501 603 nostrum
2518 552 2722 617 omnia,
2743 567 3096 622 quaecunque
3118 555 3187 608 de
3213 554 3322 609 Deo
3350 558 3635 629 causisque
3658 574 3837 616 rerum

2261 647 2439 717 potest
2467 639 2789 709 intelligere,
2818 642 3200 696 imiversaiiter
3229 643 3281 697 in
3306 645 3515 699 ratione
3539 662 3636 715 per
3657 649 3840 718 cogni-

2264 711 2460 780 tionem
2488 736 2609 781 aetu
2631 729 2897 783 scientiae
2916 746 3124 795 creare,
3152 732 3253 785 hoc
3281 742 3364 787 est
3389 731 3640 798 formare,
3668 749 3723 791 et
3744 748 3840 806 per

2261 829 2481 871 sensum
2516 818 3028 873 consubstantialem
3068 822 3172 876 sibi
3200 823 3615 892 particulariter
3643 827 3695 880 in
3726 828 3844 883 siné

2261 906 2412 975 gulas
2453 924 2632 962 rerum
2678 910 3035 975 deﬁnitiones,
3086 927 3222 981 quas
3256 914 3310 968 in
3360 899 3569 972 ratione
3609 918 3837 990 colligit,

2261 1001 2730 1069 contemplationis
2749 1003 2945 1057 virtute
2972 1003 3285 1062 inconiusae
3305 1008 3570 1075 dividere;
3604 1011 3707 1066 hoc
3733 1023 3835 1076 est,

2261 1104 2412 1145 suam
2430 1091 2789 1162 cognitionem
2804 1094 3092 1164 unicuique
3106 1099 3482 1156 cautissimae’
3500 1103 3840 1160 discretionis

2261 1178 2503 1232 contuitu
2519 1182 2943 1238 accommodare.
2962 1183 3106 1239 ὓπερ.
3123 1185 3267 1241 llaec
3284 1190 3678 1257 quodammodo
3702 1196 3834 1250 mihi

2260 1268 2657 1336 splendescunt.
2686 1270 2790 1325 Sed
2811 1273 2937 1340 quid
2960 1274 3123 1329 distat
3144 1276 3285 1332 inter
3298 1281 3667 1348 Operationem
3687 1299 3840 1339 ct-ea-

2264 1361 2416 1415 tricis
2444 1361 2703 1416 trinitatis
2744 1372 2799 1416 et
2841 1379 2944 1417 non
2990 1372 3226 1433 creatae,
3269 1379 3325 1423 et
3358 1366 3536 1426 actum
3580 1375 3840 1432 trinitatis

2262 1460 2480 1504 creatae
2513 1459 2568 1504 et
2603 1451 2625 1483 ⁸
2671 1454 2929 1519 creantis,
2979 1458 3212 1511 nondum
3256 1461 3544 1530 perspicio.
3589 1462 3837 1520 Creantis

2263 1537 2382 1591 dico
2397 1555 2428 1603 ;.
2454 1551 2560 1593 non
2602 1541 2745 1594 enim
2782 1544 3111 1612 dubitamus,
3144 1549 3441 1604 trinitatem
3490 1564 3706 1609 nostrae
3738 1571 3836 1609 na-

2265 1635 2440 1692 turae,
2466 1642 2605 1698 Quae
2630 1646 2736 1686 non
2765 1634 2947 1704 imago
2970 1634 3062 1689 Dei
3090 1646 3191 1701 est,
3217 1638 3309 1692 sed
3337 1640 3402 1694 ad
3433 1640 3716 1713 imaginem
3742 1643 3834 1700 Dei

2263 1719 2497 1782 condita,
2530 1720 2641 1775 sola
2672 1722 2871 1792 quippe
2890 1724 2913 1753 '
2940 1739 3064 1780 vera
3097 1726 3275 1795 imago
3303 1729 3584 1787 invisibilis
3607 1733 3698 1788 Dei
3730 1743 3837 1802 est,

576 1824 763 1878 descat
786 1822 807 1855 "
855 1838 959 1877 una
983 1825 1284 1877 cssentialis
1308 1823 1527 1877 bonitas
1548 1824 1600 1877 in
1628 1823 1797 1877 tribus
1826 1824 2154 1883 substantiis,
2193 1804 2236 1866 Β

2193 1804 2236 1866 B
2263 1819 2318 1863 ct
2348 1811 2399 1863 in
2418 1811 2575 1865 ’nnllo
2600 1813 2901 1880 dissimilis;
2922 1817 3254 1888 unigenitum
3286 1823 3376 1876 Dei
3407 1821 3662 1889 Verbum,
3689 1825 3836 1882 Patri

575 1927 714 1982 quae
754 1914 933 1967 unitas
979 1920 1033 1967 ct
1078 1913 1290 1966 trinitas
1336 1913 1387 1965 in
1430 1914 1605 1981 seipsa
1652 1925 1748 1980 per
1784 1911 2014 1981 seipsam
2056 1927 2159 1964 non

575 1989 891 2076 appareret,
936 2005 1060 2074 quia
1093 2019 1310 2058 onmem
1360 2002 1693 2058 intellectum
1741 2000 1925 2072 cffugit
1962 2002 2157 2056 eximia

578 2110 711 2153 suae
738 2096 1007 2150 claritatis
1032 2094 1316 2159 inﬁnitate,
1345 2095 1445 2149 nisi
1471 2095 1522 2149 in
1556 2110 1650 2150 sua
1678 2096 1908 2164 imagine
1935 2095 2159 2165 vestigia

574 2189 896 2260 cognitionis
918 2203 1048 2244 suae
1076 2188 1409 2258 imprimeret
1435 2207 1446 2240 :
1478 2186 1655 2242 Patris
1678 2186 1939 2256 siquidem
1968 2187 2020 2240 in
2046 2186 2163 2240 ani-

575 2298 685 2349 mo,
716 2283 837 2338 Filii
862 2284 913 2338 in
948 2283 1177 2343 ratione,
1210 2283 1385 2336 sancti
1412 2280 1645 2351 Spiritus
1669 2281 1720 2334 in
1746 2296 1905 2335 sensu
1936 2282 2162 2351 apertis-

575 2374 711 2429 sima
739 2374 961 2429 lucescit
984 2373 1299 2427 similitudo.
1327 2372 1463 2426 Nam
1487 2373 1936 2441 quemadmodum
1967 2372 2157 2425 Filium

575 2471 750 2516 artem
777 2461 1162 2531 omnipotentis
1188 2460 1411 2515 artificis
1437 2461 1752 2523 vocitamus,
1798 2476 1894 2514 nec
1926 2461 2161 2515 innueri-

577 2563 649 2617 to,
679 2550 932 2622 quoniam
962 2553 1013 2605 in
1041 2552 1175 2621 ipso,
1194 2566 1288 2605 sua
1307 2551 1503 2620 quippe
1529 2551 1817 2621 sapientia,
1836 2552 2025 2606 artifex
2050 2568 2160 2606 om-

577 2646 827 2715 nipotens
853 2644 1015 2697 Pater
1044 2643 1157 2712 ipse
1178 2642 1377 2704 oumia,
1411 2657 1763 2712 quaecunque
1791 2640 1981 2705 voluit,
2011 2641 2156 2706 fecit,

574 2736 1026 2805 aeternaliterque
1093 2743 1151 2789 et
1200 2733 1713 2789 incommutabilitcr
1763 2733 2046 2787 custodit:
2085 2735 2159 2787 ita

572 2827 739 2891 etiam
789 2827 1058 2881 humanus
1101 2825 1444 2889 intellectus,
1491 2827 1845 2894 quodcunque
1891 2826 1959 2879 de
2014 2825 2156 2888 Deo,

573 2921 745 2988 deque
763 2918 1004 2972 omnium
1030 2931 1211 2971 rerum
1234 2916 1512 2987 principiis
1538 2916 1821 2985 purissime
1842 2916 2158 2970 incunctan-

573 3007 1026 3078 tcrquepercipit,
1050 3006 1212 3060 veluti
1239 3006 1291 3059 in
1320 3008 1550 3074 quadam
1579 3014 1697 3061 arte
1722 3021 1840 3070 sua,
1872 3005 1923 3058 in
1950 3005 2158 3058 ratione

574 3099 717 3163 dico,
750 3098 982 3153 mirabili
1004 3098 1233 3167 quadam
1265 3099 1576 3167 operatione
1601 3099 1858 3153 scientiae
1887 3108 2036 3151 crrat
2061 3112 2157 3167 per

2263 1909 2319 1953 et
2357 1900 2578 1970 Spiritui
2628 1906 3005 1970 'coessentiale,
3030 1924 3135 1963 non
3183 1910 3355 1964 solum
3394 1913 3462 1967 de
3508 1915 3674 1969 nihilo
3716 1931 3840 1971 esse

2262 2003 2524 2058 creatam,
2551 2010 2733 2049 verum
2751 1997 2913 2051 etiam
2935 1999 3035 2052 sub
3050 2015 3110 2054 se
3135 2001 3491 2058 adhaerentes
3520 2007 3620 2059 sibi
3646 2022 3840 2062 sensus

2262 2098 2626 2153 sensuumque
2668 2085 3246 2160 oilicinas,‘totmnquc
3277 2092 3611 2164 boccorpus
3652 2113 3830 2162 suum,

2264 2173 2491 2228 mortale
2520 2176 2660 2238 dico,
2690 2191 2905 2240 creare;
2939 2193 3002 2232 ex
3025 2179 3130 2233 Deo
3158 2181 3421 2249 siquidem
3449 2186 3513 2238 ad
3542 2186 3832 2255 imaginem

2263 2263 2358 2317 Dei
2382 2265 2447 2319 de
2468 2264 2510 2296 ¹⁰
2537 2266 2704 2320 nihilo
2719 2266 2852 2321 facta
2866 2278 2976 2333 est;
3000 2285 3193 2339 corpus
3217 2286 3343 2325 vero
3356 2286 3509 2327 suum
3525 2274 3635 2343 ipsa
3663 2286 3837 2343 crcat,‘

2263 2370 2369 2408 non
2398 2364 2578 2410 tamen
2606 2357 2671 2411 de
2698 2358 2864 2411 nihilo
2888 2399 2905 2423 ,
2928 2361 3024 2414 sed
3054 2361 3119 2415 de
3153 2362 3351 2432 aliquo.
3380 2363 3573 2418 Anima
3604 2380 3838 2437 namque

2263 2447 2630 2517 incorporalcs
2673 2451 2961 2520 qualitates
3010 2452 3061 2505 in
3105 2469 3268 2507 unum
3304 2456 3735 2527 conglutinante,
3783 2466 3838 2513 ct

2262 2538 2416 2604 quasi
2484 2539 2752 2606 quoddam
2812 2539 3113 2607 subjectum
3175 2543 3303 2610 ipsis
3360 2544 3704 2613 qualitatibus
3767 2563 3836 2603 ex

2261 2629 2563 2696 quantitate
2588 2641 2834 2686 sumente
2852 2641 2907 2685 et
2931 2644 3284 2701 supponcntc,
3310 2650 3505 2705 corpus
3529 2637 3631 2691 sibi
3665 2649 3834 2702 creat,

2261 2717 2317 2771 in
2348 2733 2456 2786 quo
2486 2719 2724 2773 occultas
2766 2736 2892 2776 suas
2917 2723 3156 2778 actiones
3181 2738 3278 2792 per
3311 2738 3368 2777 se
3398 2725 3690 2781 invisibiles
3720 2743 3839 2781 ma-

2260 2809 2456 2865 nifeste
2475 2812 2700 2881 aperiat,
2726 2814 2889 2883 inque
2916 2816 3222 2871 scnsibiiem
3252 2819 3525 2872 notionem
3548 2822 3833 2890 producat,

2262 2909 2321 2955 ut
2364 2902 2476 2972 jam
2520 2904 2572 2956 in
2621 2904 2787 2973 priori
2841 2905 2976 2960 libro
3015 2906 3340 2976 diSputatum
3383 2918 3504 2973 est,
3545 2919 3599 2963 et
3629 2910 3837 2975 adhuc,

2260 2996 2386 3049 dum
2410 2996 2476 3049 ad
2504 2996 2993 3051 considerationem
3022 2999 3250 3053 actionis
3263 3001 3688 3069 primordialium
3711 3018 3839 3056 can-'

2261 3101 2443 3139 sarum
2480 3098 2798 3155 perventum
2838 3088 3023 3153 fuerit,
3058 3089 3370 3159 diligentius
3406 3091 3831 3163 i‘nvcstigabitur.

575 3160 965 3257 cognitionem,
993 3160 1156 3255 inque
1186 3186 1565 3241 secretissimis
1595 3187 1801 3239 sinibus
1830 3187 1995 3256 ipsius
2020 3188 2040 3214 "
2070 3204 2152 3241 re-
2182 3160 2226 3220 Ο
2259 3175 2410 3230 Nunc
2439 3188 2641 3241 “diem,
2673 3178 2815 3247 (ιιιοά
2840 3178 3022 3241 insul»
3056 3181 3272 3250 aperias
3296 3180 3497 3253 “33510-

574 3281 755 3336 comlit
785 3296 879 3350 per
908 3278 1242 3333 memoriam.
1290 3276 1360 3331 Ut
1392 3286 1571 3330 autem
1617 3277 1780 3331 Pater
1817 3278 1994 3347 opifex
2036 3295 2155 3331 om-

576 3375 724 3431 nium
749 3375 1109 3443 omnipotens,
1136 3382 1489 3441 quaecunque
1534 3370 1586 3422 in
1619 3380 1734 3424 arte
1760 3386 1878 3435 sua,
1905 3384 2043 3439 quac
2073 3380 2158 3425 est

573 3462 747 3532 ipsius
776 3459 1040 3531 sapientia
1062 3468 1117 3513 et
1142 3459 1330 3521 virtus,
1364 3458 1416 3510 in
1452 3456 1625 3510 \‘erbo
1654 3472 1771 3521 suo,
1803 3459 1852 3510 in
1883 3459 2156 3528 unigenito

570 3549 728 3613 Filio,
755 3548 915 3604 simul
954 3556 1008 3600 et
1033 3546 1219 3609 semel,
1244 3546 1685 3615 primordialiter,
1707 3547 2016 3612 causaliter,
2045 3550 2156 3602 uni-

569 3641 843 3706 formiter,
884 3639 1263 3695 universalitcr
1302 3638 1541 3693 condidit
1584 3653 1682 3708 per
1725 3639 1984 3708 Spiritum
2030 3655 2157 3694 sau-

570 3743 720 3789 ctum
746 3746 810 3786 ex
842 3746 901 3786 se
930 3728 1175 3798 Filioque
1205 3730 1580 3798 procedentem
1605 3771 1618 3795 ,
1646 3731 1697 3785 in
1728 3731 2156 3801 primordiaiium

574 3839 861 3882 causarum
908 3822 1326 3879 imnnnerabiles
1372 3820 1593 3878 ciieetus
1647 3824 1878 3888 dividit,
1934 3824 2048 3879 sive
2099 3824 2155 3879 in

572 3917 837 3974 eSsentias
856 3914 1216 3986 intelligibiles
1241 3913 1672 3985 diiierentiasqnc
1696 3928 1908 3970 onmem
1935 3929 2152 3969 sensum

575 4023 897 4079 corporeum
924 4015 1240 4077 superantes
1263 4007 1553 4070 manarint,
1577 4008 1690 4061 sive
1708 4007 1759 4061 in
1788 4007 2152 4078 bnjns'nnnnii

570 4099 844 4158 sensibilis
870 4100 1078 4153 varium
1126 4097 1585 4168 multiplicemque
1626 4108 1874 4152 ornatum
1912 4100 2152 4155 locorum

569 4203 985 4262 temporumque
1036 4189 1458 4245 discretionibus
1516 4189 1830 4244 variabilem
1885 4190 2158 4258 proﬂuxe-

572 4287 710 4342 rint:
741 4287 811 4339 ita
838 4284 1163 4346 intellectura,
1198 4284 1299 4339 hoc
1324 4290 1429 4348 est,
1462 4282 1769 4353 principalis
1798 4283 2011 4338 animae
2041 4297 2154 4336 mo-

571 4387 679 4443 tus,
706 4393 772 4432 ex
791 4374 1207 4446 intelligibiiium
1231 4389 1408 4428 rermn
1434 4374 1675 4444 gnostica
1702 4373 2153 4441 contemplatione

566 4467 834 4523 formatus
870 4465 890 4495 '
922 4505 937 4528 ,
1000 4478 1160 4529 oni-ae
1191 4504 1204 4525 .
1259 4465 1617 4532 quodcunque
1665 4463 1715 4516 in
1763 4473 1879 4517 arte
1928 4465 2153 4518 rationis
2184 4505 2231 4563 Ι)

568 4566 739 4615 creat,
774 4562 828 4606 et
859 4553 1071 4620 reponit
1096 4566 1193 4620 per
1218 4567 1435 4608 sensum
1464 4553 1675 4607 animae
1706 4552 2018 4607 interiorem
2045 4593 2061 4617 ,
2095 4555 2146 4607 in

568 4643 902 4712 singularum
943 4655 1122 4694 rerum
1159 4640 1274 4694 sive
1321 4640 1733 4712 intelligibilium
1772 4643 1885 4697 sive
1921 4642 2150 4698 sensibi-

567 4735 701 4791 lium
728 4733 1017 4787 diseretam
1050 4729 1490 4799 inconfusamque
1532 4732 1722 4786 dividit
1764 4733 2144 4803 cognitionem.

573 4823 763 4883 Omnia
787 4819 950 4881 enim,
977 4833 1117 4889 quae
1137 4817 1437 4872 intellectus
1459 4819 1513 4872 in
1543 4821 1753 4874 ratione
1773 4823 2150 4877 universaiiter

570 4911 914 4973 considerat,
943 4904 1342 4978 particulariter
1367 4920 1464 4975 per
1490 4918 1707 4959 sensum
1739 4907 1790 4960 in
1830 4923 2011 4962 rerum
2032 4924 2150 4962 om-

576 5006 719 5060 nium
752 5000 1015 5054 discretas
1043 4994 1375 5065 cognitiones
1409 4994 1857 5066 dcilnitionesque
1894 4999 2149 5068 partitur.

578 5095 734 5149 Vides
757 5091 962 5159 itaque,
980 5088 1192 5144 Patrem
1221 5087 1272 5141 in
1294 5085 1430 5141 Filio
1455 5101 1554 5141 suo
1570 5087 1776 5152 omnia,
1799 5105 2150 5159 quaecunque

563 5187 728 5252 noluit
767 5222 783 5248 ,
834 5179 1213 5237 universalitcr
1252 5177 1588 5242 COIldldiSSC,
1633 5187 1689 5231 et
1737 5195 1833 5247 per
1886 5180 2147 5250 Spiritum

568 5288 817 5341 sanctum
847 5291 1003 5332 suum
1038 5272 1442 5343 particulariter
1470 5270 1811 5333 distribuisse
1833 5315 1849 5339 ,
1879 5284 1937 5329 et
1967 5275 2148 5330 distri-

566 5368 754 5439 buere,
802 5377 859 5433 et
899 5368 1315 5425 (listribttturum
1347 5380 1501 5421 esse'
1537 5373 1654 5425 νῆ’
1686 5366 1701 5399 ⁸
1741 5366 2149 5422 ""nililudinem

580 5570 597 5611 ι
644 5561 667 5591 τ

575 5664 624 5683 ~.
649 5635 714 5687 Ἀ
739 5644 786 5687 et
815 5634 900 5689 de.
925 5637 997 5666 "’
1029 5635 1293 5690 Aunimae

2329 3265 2468 3320 MAG.
2488 3266 2527 3320 il
2538 3267 2655 3336 ujus
2670 3269 3003 3336 quaestionis
3019 3270 3216 3325 solutio
3232 3271 3480 3326 facillima
3496 3287 3560 3328 ac
3574 3287 3707 3344 pene
3719 3274 3841 3331 sine'

2258 3358 2367 3411 ullo
2393 3358 2575 3412 labore
2606 3361 2734 3413 mihi
2766 3360 2996 3415 videtur.
3034 3361 3254 3416 Summa
3282 3363 3548 3434 siquidem
3576 3364 3835 3432 Trinitas,

2257 3452 2493 3505 omnium
2530 3466 2708 3507 rerum
2751 3454 3008 3518 creatrix,
3039 3462 3094 3509 et
3136 3470 3166 3509 a
3200 3455 3346 3510 nullo
3374 3466 3586 3523 creata,
3631 3458 3835 3524 omnia,

2257 3554 2396 3608 quae
2428 3539 2592 3602 fecit,
2625 3541 2692 3595 de
2740 3541 2908 3596 nihilo
2948 3544 3094 3598 fecit.
3126 3543 3407 3613 Proprium
3437 3547 3579 3600 enim
3620 3547 3836 3601 divinae

2256 3632 2514 3687 bonitatis
2558 3644 2661 3699 est,
2711 3648 2777 3688 ex
2807 3635 3297 3691 nonoexistentihus
3349 3637 3402 3691 in
3447 3638 3732 3693 existentia
3760 3641 3835 3705 ",

2257 3738 2397 3791 quae
2418 3722 2526 3776 vult
2557 3722 2692 3788 ﬁeri,
2728 3739 2940 3781 vocare.
2974 3725 3106 3780 Nam
3130 3737 3186 3782 et
3212 3729 3312 3783 boc
3340 3744 3554 3794 nomen,
3590 3734 3733 3801 quod
3754 3743 3839 3788 est

2261 3814 2490 3880 bonitas,
2523 3831 2629 3870 non
2675 3815 2892 3871 aliunde
2944 3818 3207 3889 originem
3255 3820 3438 3886 ducit,
3468 3822 3571 3876 nisi
3599 3838 3628 3876 a
3672 3825 3837 3880 verbo

2256 3921 2470 3976 graeco,
2502 3910 2642 3977 quod
2672 3916 2757 3963 est
2784 3911 2919 3985 βοῶ,
2954 3910 3054 3965 hoc
3106 3919 3223 3978 est,
3263 3912 3476 3981 clamo;
3507 3915 3614 3987 βοῶ
3656 3926 3834 3972 autem

2255 4010 2310 4053 et
2338 4002 2494 4066 καλῶ,
2528 4003 2577 4055 id
2603 4009 2686 4055 cst
2716 4003 2778 4068 ",
2811 4002 2985 4057 clamo
3010 4011 3063 4058 et
3093 4018 3246 4070 voco,
3274 4018 3439 4060 unum
3466 4018 3683 4062 sensum
3710 4022 3834 4077 pos-

2257 4091 2464 4156 sident;
2497 4094 2697 4147 etenim
2730 4095 2819 4164 qui
2869 4103 3065 4160 vocat,
3096 4097 3410 4167 saepissime
3454 4100 3506 4154 in
3538 4100 3834 4156 clamorem

2255 4185 2509 4254 ermnpit.
2542 4186 2683 4239 Deus
2711 4200 2841 4256 ergo
2870 4201 2975 4240 non
3025 4187 3466 4244 inconvenienter
3498 4190 3670 4246 bonus
3704 4192 3840 4246 dicio

2257 4287 2344 4331 tur
2370 4288 2425 4331 et
2460 4278 2701 4342 bonitas,
2736 4280 2863 4348 quia
2913 4280 3091 4334 omnia
3137 4281 3204 4335 de
3246 4282 3413 4338 nihilo
3458 4284 3509 4338 in
3540 4287 3833 4340 essentiam

2257 4369 2443 4421 venire
2476 4369 2799 4439 intclligibiii
2831 4369 3068 4424 clamore
3109 4370 3340 4438 clamat,
3388 4372 3616 4444 ideoque
3641 4390 3834 4445 graece

2256 4455 2451 4509 dicitur
2479 4458 2621 4511 Deus
2644 4460 2814 4523 καλὸς,
2845 4459 2896 4512 id
2922 4469 3025 4524 est,
3056 4459 3250 4525 bonus,
3296 4459 3383 4519 διὰ
3405 4463 3463 4518 τὸ
3480 4467 3646 4520 πάντα
3667 4467 3840 4522 καλεῖν

2256 4550 2325 4606 εἰς
2350 4549 2550 4609 οὗσίαν,
2587 4549 2686 4602 hoc
2713 4556 2797 4602 est
2822 4589 2836 4613 ,
2876 4563 2941 4604 eo
2974 4551 3117 4618 quod
3159 4550 3340 4605 onmia
3369 4562 3524 4605 vocat
3555 4550 3607 4606 in
3644 4567 3833 4607 essen-

2259 4637 2620 4692 tiam.Cuncta
2640 4640 2924 4708 siquidem,
2944 4648 3083 4710 quae
3104 4641 3418 4697 naturaliter
3430 4641 3742 4704 subsistunt,
3762 4644 3829 4698 de

2257 4727 2425 4781 nihilo
2453 4727 2504 4780 in
2529 4730 2816 4783 essentiam
2831 4746 2860 4784 a
2876 4733 3152 4787 conditore
3175 4742 3360 4787 vocata
3393 4742 3519 4789 sunt
3546 4748 3642 4802 per
3669 4734 3830 4802 quin-

2256 4820 2616 4888 quc-perlitum
2656 4822 2981 4879 universalis
3008 4832 3288 4879 creaturae
3306 4834 3532 4879 motum.
3549 4826 3826 4893 Quaedam

2257 4925 2490 4978 namque
2537 4920 2725 4966 vocata
2785 4922 2948 4979 sunt,
2993 4925 3051 4970 ut
3094 4916 3429 4971 solummodo
3466 4917 3832 4972 essentialiter

2255 5000 2550 5055 subsistant
2577 5002 2650 5068 ¹³;
2700 5005 2988 5072 quaedam,
3032 5014 3091 5058 ut
3122 5005 3419 5061 subsistant
3437 5016 3492 5061 et
3516 5008 3730 5074 vivant;
3777 5010 3831 5063 in

2253 5091 2570 5160 quibusdam
2601 5096 2940 5150 suhsmntiali
2988 5099 3130 5152 vitae
3155 5114 3347 5154 sensus
3384 5110 3469 5155 est
3497 5100 3741 5167 additus;
3777 5101 3830 5156 in

2253 5185 2575 5254 quibusdam
2605 5188 2750 5241 vitali
2780 5190 2961 5243 sensui
2996 5191 3134 5245 ratio
3162 5193 3499 5260 cumulatur;
3529 5201 3581 5248 in
3613 5194 3831 5263 quibus-

2253 5274 2377 5327 dam
2432 5275 2500 5327 ad
2560 5278 2956 5344 praedictorum
3003 5282 3332 5335 naturalium
3373 5293 3615 5337 motuum
3659 5281 3831 5352 perie-

2256 5364 2488 5420 Ctionen:
2520 5366 2822 5425 inteiiectus
2847 5372 3260 5452 superponitur1
3286 5372 3352 5428 Et
3382 5386 3465 5430 est
3492 5374 3699 5447 primas
3724 5390 3832 5430 mo-

1843 5522 1924 5576 VA
1938 5521 2095 5577 illAE
2135 5521 2425 5581 LECTION
2433 5525 2533 5581 ES.

1344 5674 1349 5677 .
1382 5634 1417 5679 ,⁸.
1441 5634 1491 5689 0
1507 5616 1678 5704 saepe.
1753 5633 1774 5664 "
1800 5634 1840 5689 C
1866 5628 2249 5703 resplenklescil.

2327 5638 2411 5715 '_A
2440 5639 2601 5709 ipsius
2629 5643 2847 5715 sinibus.
2924 5645 2945 5676 ⁸
2975 5644 3015 5699 C
3039 5646 3319 5715 formatur.
3397 5648 3419 5680 '
3443 5647 3482 5702 C
3503 5655 3827 5702 caudssimo.

567 5705 799 5762 tudini.
825 5706 891 5757 Α.
986 5708 1005 5739 ⁸
1035 5708 1077 5757 Α
1107 5710 1264 5758 enim.
1345 5705 1389 5747 "-
1415 5706 1463 5760 Δ
1488 5719 1609 5764 ϐω..
1651 5706 1692 5739 ¹¹
1730 5706 1772 5759 Λ
1819 5706 2197 5789 επὲεεεηιίαιηη
2250 5710 2293 5740 ³⁸
2343 5713 2386 5764 Λ
2436 5705 2670 5782 Itocest.
2750 5713 2794 5747 ⁸³
2824 5715 2864 5770 Α
2902 5705 3188 5771 subsistunt
3234 5716 3603 5773 eurutialitcr.

1248 5800 1289 5821 εκ.
1336 5804 1378 5821 ιο

890 5838 914 5855 ρ

1498 5930 1507 5933 ι
1528 5933 1580 5963 \
