4236 6274
353 350 451 411 εει

1179 346 1268 401 DE
1304 341 1644 400 DWISIONE
1697 342 2046 398 NATURAE.
2084 372 2155 384 --
2191 334 2407 397 LIBER'
2432 342 2815 400 SECUNDUS.

3528 348 3636 405 ὅδὲ

351 471 446 515 tus
472 460 527 512 in
559 454 891 526 corptiribus
920 452 1287 519 naturalibus;
1315 451 1585 531 secundus
1622 466 1677 505 tn
1714 464 1779 504 ea
1808 450 1942 514 vita,
1971 459 2019 516 Α
2045 453 2305 514 continet,
2324 463 2586 522 quantum
2609 456 2853 518 mortalis
2867 454 3131 527 fragilitas
3155 458 3324 529 ipsius
3338 462 3635 531 permittit.

353 566 465 620 qua
494 549 639 617 ligna
662 525 971 616 herbaeque
992 547 1007 576 ¹
1047 554 1103 600 et
1128 545 1320 598 vivunt
1345 552 1401 597 et
1429 525 1712 606 crescunt;
1749 541 1945 603 tertius

354 644 417 697 iu
452 643 473 673 ⁸
518 640 973 697 irrationabilibus
1018 638 1415 702 animantibus;
1466 644 1693 704 quartus
1726 635 1945 704 proprie

356 734 417 788 in
460 733 724 794 humana;
755 732 974 800 quintus
1022 732 1077 784 in
1115 729 1135 762 ³
1179 730 1424 799 angelica
1465 729 1798 797 conspicitur
1850 744 1949 787 nae

361 834 505 876 tura.
521 822 586 876 Et
608 821 625 852 ⁸⁵
646 821 731 887 bis
755 821 994 890 quinque
1009 819 1271 890 gradibus
1293 819 1345 871 in
1376 818 1669 873 condendis
1690 819 1755 873 de
1778 818 1948 877 nihilo

361 914 521 967 rebus
551 926 792 966 summae
823 926 888 973 ac
926 918 1151 964 sanctae
1175 908 1457 962 Trinitatis
1497 908 1711 962 bonitas
1739 907 1948 977 perspi-

356 1005 501 1059 citur
543 1004 599 1067 ',
651 986 1044 1071 ineﬂ'abilisque
1110 1001 1352 1070 operatio
1409 998 1803 1055 manifestatur.
1870 999 1953 1054 Ea

358 1107 488 1148 vero
517 1094 756 1156 trinitas,
805 1108 948 1161 quae
986 1093 1040 1146 in
1071 1100 1256 1146 nostra
1303 1099 1495 1145 natura
1536 1090 1605 1145 ad
1655 1090 1949 1156 imaginem

354 1183 637 1240 Creatoris
662 1183 884 1239 condita
904 1183 931 1211 ⁸
948 1222 965 1247 ,
993 1181 1127 1235 nihil
1153 1190 1301 1236 creat
1330 1180 1397 1234 de
1424 1179 1614 1234 nihilo.
1644 1178 1780 1234 illud
1802 1181 1959 1239 enim.

355 1274 533 1328 solius
561 1272 655 1328 Dei
685 1281 788 1335 est,
817 1281 873 1325 et
898 1271 1099 1327 nullius
1121 1279 1425 1326 creaturae.
1450 1270 1658 1341 Duplex
1683 1285 1810 1325 vero
1834 1270 1963 1341 ejusx

361 1366 513 1419 actio
552 1364 810 1419 videtur:
862 1371 958 1416 aut
1002 1362 1149 1415 enim
1199 1377 1283 1423 ea,
1308 1376 1452 1431 quae
1496 1362 1564 1416 de
1607 1361 1779 1417 nihilo
1810 1376 1952 1429 ,suus

362 1452 597 1508 Creator
630 1452 887 1515 wudidit,
943 1450 1351 1505 rationabilibus
1395 1450 1961 1520 ititellectualibusque

363 1543 480 1596 suis
508 1543 739 1597 motibus
792 1540 1096 1610 investigat,
1140 1548 1199 1595 et
1245 1556 1388 1611 quae
1417 1542 1474 1601 in
1524 1551 1720 1596 natura
1770 1556 1965 1607 rerum,

359 1656 501 1709 pure)
533 1633 921 1712 iuratis-nimiae
943 1633 1518 1704 contuitu-cognoscit,
1552 1634 1604 1687 in
1638 1633 1843 1689 intimis
1866 1649 1959 1693 ras

357 1730 524 1783 tionis
570 1744 704 1784 suae
753 1723 973 1785 sedimus
1028 1723 1300 1793 disponit,
1347 1724 1702 1794 omniumque
1737 1740 1947 1787 rerum,

2064 586 2069 591 .
2115 541 2209 596 25.
2251 543 2358 598 Sed
2388 543 2527 603 vide,
2561 559 2630 598 ne
2649 560 2716 598 ex
2743 546 2785 575 “
2819 546 2905 599 his
2933 548 3231 604 rationibus
3254 551 3481 620 incipias
3505 566 3640 607 con-
3671 616 3677 627 ι

2040 634 2231 701 jicet'e,
2263 634 2477 689 animae
2506 636 2550 666 ¹²
2582 636 2909 691 creationem
2943 640 3222 707 temporali
3247 642 3482 710 quodam
3507 657 3636 714 spa:

2048 726 2124 778 tio
2148 724 2510 779 conditionem
2531 726 2775 795 corporis
2792 726 3087 796 Spiritualis
3110 739 3236 784 ante
3258 740 3537 799 peccatum
3565 731 3640 799 t',

2049 818 2392 886 praecedere.
2436 816 2559 889 sola
2594 818 2858 887 siquidem
2899 819 3158 891 dignitate
3202 821 3641 893 excellentiaun

2050 916 2279 961 naturae
2306 909 2582 976 praecedit
2601 909 2780 962 anima
2808 924 3025 979 corpus,
3057 926 3161 967 non
3191 921 3371 967 autem
3400 912 3520 969 loco
3550 896 3641 970 vel

2051 1004 2325 1067 tempore;
2352 998 2511 1051 simul
2538 998 2684 1052 enim
2729 1014 2795 1053 ac
2834 1000 3001 1054 semel
3036 1001 3088 1054 iu
3137 1002 3228 1056 illo
3253 1018 3360 1057 uno
3400 1005 3639 1067 homine.

2050 1086 2143 1155 qui
2170 1086 2238 1140 ad
2283 1087 2571 1158 imaginem
2613 1089 2705 1142 Dei
2747 1088 2923 1144 factus
2943 1099 3048 1154 est,
3075 1094 3331 1147 omnium
3362 1096 3645 1163 hominum

2052 1177 2289 1231 rationes
2311 1179 2604 1232 secundum
2627 1174 2824 1247 Corpus
2843 1190 2897 1235 et
2925 1180 2969 1212 ιθ
2991 1183 3471 1240 animantcreatae
3491 1197 3647 1245 sunt.

2052 1268 2207 1322 Nullo
2234 1268 2380 1323 enim
2413 1271 2457 1302 ¹⁸
2487 1272 2646 1341 modo
2686 1271 2839 1339 juxta
2867 1288 3047 1327 moras
3078 1283 3376 1344 temporum
3404 1279 3649 1345 essentia

2051 1353 2267 1423 animae
2300 1361 2547 1429 corporis
2575 1363 2902 1427 essentiam,
2948 1365 3090 1419 sicut
3132 1381 3235 1420 nec
3274 1367 3523 1435 corporis
3555 1382 3647 1423 es-

2055 1449 2229 1504 sentia
2262 1450 2475 1504 animae
2492 1453 2782 1507 essentiam
2813 1453 3106 1523 praecedit.
3142 1456 3206 1510 Et
3237 1474 3305 1512 ne
3344 1474 3431 1514 me
3457 1458 3648 1515 existi-

2055 1554 2172 1593 mes
2213 1540 2278 1605 “,
2308 1541 2540 1609 primum
2573 1542 3029 1616 ’illudgesscntiale
3060 1561 3256 1616 corpus
3302 1548 3367 1615 in
3394 1549 3649 1617 paradisn

2053 1629 2330 1683 conditum
2356 1671 2372 1693 ,
2406 1631 2520 1685 sola
2556 1641 2732 1686 tamen
2771 1633 2980 1688 ratione
3009 1636 3185 1690 adhuc
3228 1636 3471 1702 factum,
3503 1639 3649 1694 sicut.

2057 1726 2114 1772 ct
2145 1719 2256 1787 ipsa
2284 1719 2464 1772 anima
2492 1722 2628 1775 --in
2658 1722 2775 1790 ipso
2794 1725 2990 1793 quippe
3012 1727 3249 1796 generali
3274 1737 3329 1782 et
3354 1710 3647 1786 universali

357 1833 495 1888 qm;
532 1824 713 1887 potest
765 1834 1136 1888 cognoscere,
1175 1813 1512 1890 CJSljmoueS
1553 1825 1648 1869 aut
1694 1815 1747 1868 in
1791 1830 1955 1869 unum
1988 1797 2032 1855 Β
2061 1808 2280 1863 homine
2305 1810 2375 1864 ad
2407 1809 2696 1880 imaginem
2740 1814 2831 1867 Dei
2882 1813 3026 1870 facto
3057 1831 3246 1872 onmes
3288 1819 3533 1889 homines
3559 1835 3647 1875 se-

357 1907 582 1978 eolligit,
601 1907 751 1962 verbi
770 1908 941 1978 gratia
953 1923 1156 1977 genera
1181 1909 1236 1963 in
1261 1902 1524 1975 essentia,
1552 1902 1758 1963 fortnas
1786 1904 1837 1957 in
1864 1918 1965 1974 36-,

356 2006 512 2061 nere,
538 2008 798 2053 numeros
824 1999 1226 2053 individuorum
1257 1999 1311 2053 in
1347 1999 1522 2054 forma
1545 2002 1826 2067 scientiae,
1860 2005 1953 2055 sm

363 2104 529 2145 unum
558 2090 705 2155 facit,
731 2099 827 2144 aut
857 2091 1229 2161 multipliciter
1250 2092 1461 2156 dividit,
1496 2094 1741 2164 singulas
1764 2095 1955 2165 cogni-

361 2184 537 2238 tiones
580 2183 806 2253 singulis
846 2183 1055 2250 rebus,
1090 2198 1333 2253 quarum
1400 2186 1741 2256 cognitiones
1792 2194 1951 2252 sunt,

361 2275 709 2338 distribuens,
755 2276 856 2329 hoe
900 2285 1003 2338 est,
1059 2286 1117 2330 ut
1165 2277 1355 2330 eodem
1422 2276 1669 2347 exemplo
1712 2288 1951 2357 utamur,

361 2366 658 2420 essentiam
701 2367 753 2419 in
792 2381 989 2435 genera
1015 2407 1030 2430 ,
1060 2382 1229 2436 genus
1274 2369 1328 2422 in
1360 2369 1583 2436 formas,
1627 2370 1856 2424 formam
1899 2372 1956 2426 in

362 2456 643 2513 individua
677 2458 918 2525 gnostica
953 2460 1267 2526 operatione
1313 2460 1631 2516 discernens
1657 2464 1700 2515 ⁷.
1729 2462 1793 2516 Ει
1825 2465 1960 2518 haec

362 2554 452 2601 est
498 2546 815 2616 principalis
844 2561 1164 2616 summaque
1194 2549 1476 2605 rationalis
1516 2559 1739 2605 naturae
1766 2566 1961 2619 opera—

362 2639 461 2693 tio.
480 2636 736 2693 Secunda
756 2653 901 2693 vero
926 2647 1028 2704 est,
1052 2655 1212 2708 quae,
1234 2650 1293 2694 ut
1314 2640 1571 2706 diximus,
1605 2643 1657 2696 in
1686 2645 1961 2700 creatione

359 2730 447 2784 Sui
488 2728 734 2798 corporis
781 2730 1154 2800 cognoscitur,
1180 2732 1346 2800 inque
1386 2731 1504 2803 ejus
1550 2733 1781 2789 sollicito
1813 2737 1957 2805 regi-

365 2820 513 2877 mine
555 2819 820 2888 aperitur.
862 2820 1048 2875 Primo
1088 2822 1356 2890 siquidem
1404 2826 1686 2879 materiam
1731 2827 1849 2896 ejus
1886 2842 1956 2882 ex

363 2911 721 2981 qualitatibus
761 2927 946 2966 rerum
987 2914 1329 2969 sensibilium
1365 2917 1583 2985 accipit,
1613 2917 1772 2987 eique
1810 2919 1957 2973 nullo

364 3003 651 3072 temporali
678 3005 856 3072 spatio
889 3004 1214 3074 interposito.
1240 3007 1469 3062 formam
1496 3008 1813 3078 vitalemque
1842 3026 1962 3064 mea

364 3103 486 3148 tum
505 3094 529 3126 ⁸
549 3096 922 3150 accommodat
941 3136 958 3162 ,
989 3111 1096 3165 quo
1128 3097 1299 3166 ipsam
1334 3101 1614 3157 materiam
1636 3111 1690 3156 et
1716 3102 1955 3157 vivificat

362 3193 427 3239 et
454 3185 639 3249 nutrit,
659 3185 1130 3256 inqtte'augmenta
1162 3188 1431 3256 perfectae
1458 3197 1696 3245 staturae
1719 3206 1816 3262 per
1847 3208 1948 3247 nu-

364 3287 552 3329 meros
568 3272 811 3328 locorum
844 3286 900 3328 et
921 3284 1235 3344 temporum.
1250 3278 1530 3347 provehit,
1566 3294 1787 3339 sensum
1818 3297 1951 3349 quo-

357 3383 473 3439 que
509 3369 838 3424 exteriorem
885 3370 935 3424 ei
971 3380 1235 3440 praestat,
1261 3386 1359 3441 per
1388 3388 1546 3442 quem
1578 3376 1819 3429 omnium
1866 3390 1953 3430 rc-

359 3478 506 3526 rum,
536 3476 673 3530 quas
692 3461 1031 3517 extrinsecus
1052 3462 1287 3533 attingit,
1317 3466 1632 3533 phantasias
1657 3466 1865 3536 recipit,
1898 3477 1953 3521 et

360 3562 573 3618 cetera;
622 3566 763 3622 quae
789 3554 857 3608 de
897 3552 1261 3609 sollicitudine
1307 3555 1523 3610 assidua
1550 3557 1954 3625 continentique

358 3648 580 3702 actione
613 3645 827 3701 animae
847 3646 989 3718 circa
1011 3661 1210 3716 corpus
1235 3661 1391 3701 suum
1426 3662 1620 3716 resque
1637 3663 1953 3718 corporeas,

354 3736 475 3791 sive
509 3735 759 3790 sensibus
787 3715 1044 3804 praesens
1068 3735 1369 3806 vigilando,
1400 3737 1515 3790 sive
1542 3738 1611 3792 ab
1639 3739 1718 3793 eis
1749 3749 1957 3794 remota

354 3825 722 3889 dormienda,
771 3824 1141 3895 imaginesque
1188 3841 1406 3889 rerum,
1447 3843 1581 3898 quas
1618 3845 1715 3898 per
1764 3843 1955 3884 sensus

357 3917 649 3982 hauserat,
676 3930 865 3971 secum
885 3917 1184 3982 tractando,
1216 3927 1312 3972 aut
1357 3919 1619 3990 imagines
1661 3919 1954 3991 imaginum

352 4008 648 4082 ﬁngendo,
675 4018 771 4063 aut
806 4007 1059 4061 alimenta
1087 4011 1411 4079 corporalia,
1449 4026 1589 4082 quae
1619 4014 1954 4068 extrinsecus

351 4101 412 4157 in
439 4100 757 4157 aedilicium
785 4098 1026 4170 corporis
1047 4103 1276 4172 accipit,
1302 4118 1399 4174 per
1423 4103 1666 4158 occultos
1695 4098 1954 4159 venarum

349 4200 765 4259 nervorumque
802 4188 1029 4260 meatus,
1059 4209 1194 4264 quos
1217 4190 1413 4247 Graeci
1439 4206 1598 4261 peros
1622 4191 1702 4244 vel
1724 4189 1954 4246 arterias

350 4279 653 4350 appellant,
686 4281 1093 4350 distribuendo,
1130 4291 1185 4337 et
1218 4282 1445 4351 cogitari
1474 4291 1531 4336 et
1559 4281 1781 4349 intelligi
1824 4296 1952 4351 pos-

352 4380 503 4426 sunt.
538 4371 616 4426 Ut
653 4373 799 4427 enim
838 4389 1050 4429 summa
1080 4374 1322 4429 Trinitas
1350 4372 1755 4429 universitatem
1787 4373 1951 4428 tetius

350 4471 680 4523 creaturae,
724 4478 889 4532 quam
946 4466 1012 4520 de
1051 4465 1222 4519 nihilo
1258 4464 1530 4527 condidit,
1578 4462 1950 4533 providentiae

353 4567 489 4608 suae
516 4552 721 4624 regulis
758 4563 935 4610 movet
961 4595 977 4620 ,
1022 4556 1178 4625 regit.
1207 4555 1446 4616 ordinat,
1474 4563 1531 4609 ct
1571 4554 1705 4607 nihil
1731 4554 1908 4623 perire
1929 4593 1945 4617 ,

351 4641 457 4698 hoc
504 4652 631 4708 est,
672 4645 891 4713 penitus
924 4646 1010 4699 'ad
1050 4645 1275 4699 nihilum
1309 4645 1517 4720 redire,
1556 4658 1619 4696 ex
1661 4644 1777 4707 his,
1807 4657 1949 4713 quae

350 4734 619 4798 condidit,
654 4735 814 4801 sinit;
838 4735 915 4788 ita
936 4734 956 4766 ⁸
981 4745 1200 4789 nostrae
1222 4742 1448 4788 naturae
1486 4733 1700 4788 trinitas
1729 4733 1950 4787 univer-

357 4822 504 4877 sitati
532 4826 788 4893 corporis
810 4825 893 4879 sui
915 4825 1268 4893 omniumque
1297 4839 1553 4879 sensuum
1585 4823 1701 4891 ejus
1740 4824 1949 4880 incolu-

360 4912 535 4969 mitati
567 4916 610 4946 ¹⁰
645 4916 914 4986 providet,
964 4918 1244 4988 ipsumque
1274 4915 1510 4970 viviﬁcat
1566 4925 1621 4970 et
1665 4925 1865 4979 movet,
1896 4925 1953 4971 et

1655 5089 1909 5146 \‘ARIAE
1952 5089 2353 5146 LECTIONES.

2013 5222 2240 5278 ΙιΑΕπ.

425 5225 450 5263 ⁸
479 5224 523 5283 C
543 5224 825 5294 herbaque.
897 5227 918 5258 ⁸
948 5226 1005 5279 in
1029 5239 1138 5280 om.
1170 5223 1233 5279 C.
1313 5224 1334 5255 ³
1357 5222 1396 5278 C
1421 5224 1640 5293 quintus
1666 5224 1838 5277 adhuc
1861 5225 1934 5277 in.

2062 1900 2299 1975 cundum
2339 1916 2536 1970 corpus
2564 1911 2620 1956 et
2659 1905 2895 1961 animam
2944 1909 3105 1962 simul
3137 1918 3192 1963 et
3229 1899 3392 1965 semel
3435 1913 3486 1967 in
3531 1913 3650 1980 solaI

2060 1990 2415 2065 possibilitate
2459 1994 2675 2065 condita
2733 2007 2861 2066 stitit
2885 1999 2948 2063 ι’,
2980 2010 3034 2054 et
3067 2001 3122 2055 in
3157 2002 3271 2070 ipso
3292 2019 3486 2059 names
3515 2021 3645 2085 pec-

2058 2092 2341 2148 cavsrnnt,
2368 2085 2680 2157 priusquam
2701 2089 2751 2143 in
2773 2092 3019 2161 proprias
3045 2094 3376 2159 substantias
3395 2097 3651 2166 spiritua-

2059 2182 2202 2249 litcr,
2220 2183 2361 2238 sicut
2377 2178 2578 2254 angeli,
2601 2181 2898 2251 prodirent,
2930 2185 3032 2239 hoc
3051 2195 3460 2256 est,antequam
3483 2205 3650 2247 unus-

2057 2273 2286 2343 quisque
2311 2274 2606 2331 secundum
2634 2258 2935 2348 angelicam
2960 2262 3454 2344 multiplicationem
3472 2278 3524 2332 in
3546 2292 3652 2335 sua

2058 2363 2295 2418 discreta
2342 2364 2647 2439 dill‘crenlia
2688 2368 2741 2421 in
2780 2370 2960 2423 anima
2995 2364 3250 2425 Taliane“
3291 2376 3346 2421 et
3379 2367 3650 2436 spirituali

2057 2473 2287 2525 corpore
2337 2457 2677 2529 appareret;
2726 2463 2871 2531 quod
2915 2464 3164 2520 videlicet
3206 2477 3410 2537 corpus
3463 2462 3652 2520 iocor-

2058 2549 2313 2617 rupttbile
2333 2551 2682 2606 aeternaliter
2701 2562 2756 2606 et
2782 2555 3424 2615 coaeternaliteranimae
3445 2558 3648 2613 adime-

2062 2648 2227 2702 rerct,
2256 2640 2301 2695 si
2327 2656 2432 2696 non
2456 2651 2728 2710 peccaret,
2754 2642 2808 2696 in
2834 2659 2940 2713 quo
2969 2660 3159 2703 omnes
3189 2647 3437 2701 homines
3459 2662 3647 2702 resur-

2062 2729 2265 2784 recturi
2320 2738 2447 2785 sunt
2472 2761 2543 2771 —-
2579 2731 2647 2785 ab
2680 2733 2860 2787 anima
2894 2734 3066 2788 creari
3094 2734 3314 2790 dixisse.
3344 2734 3474 2789 Illud
3498 2737 3649 2793 enim

2061 2819 2130 2874 ab
2152 2809 2259 2872 uno
2279 2820 2521 2873 omnium
2534 2806 2792 2875 creatore
2819 2821 3127 2879 immediate
3149 2824 3308 2878 simul
3335 2840 3455 2878 cum
3482 2825 3649 2883 ratio-

2060 2912 2167 2968 nali
2189 2914 2368 2971 auima
2390 2912 2441 2966 in
2463 2913 2683 2969 caelesti
2705 2914 3059 2979 beatitudine,
3084 2916 3249 2972 immo
3269 2917 3336 2971 ad
3357 2917 3649 2975 caelestem

2059 3003 2443 3059 beatitudinem
2471 3005 2902 3063 substau'tialiter
2932 3008 3210 3063 conditum
3239 3017 3356 3074 est;
3389 3011 3650 3065 substan-

2063 3095 2260 3149 tialiter
2280 3103 2459 3150 autem
2506 3096 2660 3161 dico,
2706 3098 2833 3167 quia
2878 3098 3309 3169 uniuscujusque
3360 3110 3649 3163 creaturae

2055 3200 2183 3253 vera
2227 3192 2313 3238 cst
2359 3186 2662 3242 substantia
2720 3204 2816 3244 sua
2867 3189 2921 3242 in
2978 3190 3416 3258 primordialibus
3467 3193 3650 3249 causis

2056 3277 2427 3347 praecognita,
2479 3277 2940 3347 praecouditaque
2970 3279 3014 3311 ³⁸
3040 3280 3198 3345 ratio,
3227 3296 3332 3350 qua
3378 3282 3521 3357 Deus
3547 3283 3649 3338 de-

2056 3366 2245 3447 finivit,
2274 3368 2353 3423 sic
2384 3378 2439 3423 et
2466 3368 2757 3433 nonaliter
2784 3370 2905 3425 erit.
2929 3369 3010 3424 Ad
3033 3370 3321 3428 caelestem
3348 3371 3391 3403 “
3414 3373 3649 3430 beatitu-

2058 3459 2236 3512 dinem
2263 3475 2478 3529 quoque
2507 3460 2617 3514 dixi
2644 3477 2659 3525 ;
2693 3475 2798 3515 non
2824 3461 2968 3514 enim
2999 3461 3174 3528 video,
3199 3463 3468 3532 quomodo
3483 3465 3647 3521 homo

2057 3549 2443 3611 beatitudinem
2467 3551 2741 3620 perderet,
2768 3551 2813 3606 si
2837 3567 2957 3607 eam
2982 3567 3040 3607 re
3070 3553 3184 3624 ipsa
3205 3555 3362 3625 plene
3382 3556 3650 3626 perfecte-

2058 3654 2162 3709 que
2188 3650 2446 3711 gustaret.
2476 3642 2633 3698 Prius
2655 3644 2822 3711 enim,
2855 3654 2914 3698 ut
2940 3646 3205 3712 arbitror,
3235 3632 3304 3703 ad
3339 3664 3399 3704 se
3442 3650 3645 3720 ipsum,

2059 3747 2219 3801 quam
2246 3737 2311 3787 ad
2340 3734 2506 3789 Deum
2532 3751 2824 3790 conversus
2854 3746 2967 3802 est,
3000 3747 3162 3807 atque
3188 3740 3233 3770 ’°
3277 3741 3397 3797 ideo
3438 3742 3647 3811 lapsus.

2060 3820 2174 3875 Hoc
2199 3837 2327 3878 vero
2351 3837 2547 3893 corpus
2568 3825 2917 3895 corruptibile
2965 3840 3029 3880 ac
3061 3828 3341 3883 matcriale
3364 3870 3379 3894 ,
3409 3832 3553 3899 quod
3574 3847 3647 3887 ex

2059 3912 2188 3968 limo
2218 3922 2396 3969 terrae
2423 3924 2760 3984 assumptum
2799 3926 2899 3979 est,
2933 3925 2992 3970 ut
3026 3919 3275 3987 superius
3305 3920 3541 3976 diximus
3571 3923 3644 3987 .¹,

2060 4011 2182 4072 post
2232 4012 2515 4071 peccatum
2544 4004 2741 4058 merito
2780 4005 2986 4073 peccati
3031 4004 3098 4058 ad
3139 4006 3545 4062 exercitandatn
3586 4010 3644 4065 iu

2059 4102 2124 4150 eo
2173 4094 2528 4165 negligentem
2579 4095 2816 4149 animam
2865 4110 2993 4163 erga
3037 4097 3411 4151 mandatorum
3455 4106 3643 4152 custo-

2056 4187 2231 4251 diam,
2292 4201 2526 4253 suasque
2588 4184 3227 4256 occultas‘operationes
3280 4188 3643 4258 revelandas,

2057 4278 2219 4334 veluti
2299 4277 2528 4347 quadam
2602 4276 2818 4346 propria
2893 4278 3107 4333 actione
3177 4280 3221 4309 ³³
3302 4279 3516 4335 animae
3584 4290 3645 4337 et

2057 4376 2301 4423 creatum
2350 4364 2516 4421 fuisse
2562 4374 2621 4427 et
2666 4365 2906 4434 quotidie
2956 4366 3152 4432 creari,
3205 4367 3476 4421 allirmarc
3531 4385 3643 4439 non

2058 4456 2286 4511 haesito.
2326 4454 2477 4522 Quod
2522 4456 2664 4513 enim
2717 4456 2997 4533 Scriptura
3049 4472 3205 4512 sacra
3246 4459 3414 4514 Deum
3466 4459 3643 4518 lutum

2053 4549 2120 4604 de
2162 4557 2306 4603 terra
2347 4549 2684 4618 sumpsisse,
2730 4547 2905 4617 deque
2941 4564 3006 4603 eo
3043 4563 3240 4619 corpus
3280 4549 3486 4605 homini
3525 4550 3642 4615 fore

2054 4657 2231 4697 masse
2282 4641 2588 4710 perhibent,
2637 4656 2743 4696 non
2774 4702 2781 4707 κ
2807 4650 2858 4697 te
2910 4657 3128 4697 movere
3172 4644 3351 4699 debet.
3396 4643 3532 4699 Nam
3584 4654 3644 4700 et

2054 4733 2196 4787 actio
2241 4740 2526 4787 creaturae
2556 4732 2625 4787 ad
2649 4745 2817 4797 eum,
2865 4747 2933 4787 ex
2988 4748 3096 4802 quo
3149 4736 3327 4790 omnis
3376 4736 3639 4792 naturalis

2054 4823 2194 4878 actio
2252 4822 2478 4892 incipit,
2540 4839 2649 4878 nou
2708 4824 2980 4879 immerito
3044 4826 3297 4882 refertur.
3359 4825 3640 4897 Siquiden.

2055 4926 2112 4973 et
2145 4917 2199 4972 in
2224 4915 2548 4975 caelestibus
2583 4917 2837 4973 essentiis
2864 4933 2893 4971 a
2910 4918 3086 4988 primo
3112 4920 3325 4985 ordine,
3355 4921 3447 4990 qui
3473 4920 3639 4974 πίω-ι
3679 4992 3687 5041 ι

2575 5072 2623 5099 υ

2318 5224 2339 5291 ‘_
2369 5223 2412 5277 A
2437 5224 2709 5293 aspicitur.
2787 5224 2807 5255 °
2835 5224 2967 5277 Aest
2992 5223 3227 5277 condita.
3304 5223 3325 5251 '
3347 5222 3390 5275 A
3415 5222 3636 5293 colligit,

354 5300 454 5352 hoc
482 5306 561 5351 est
589 5307 647 5348 ut
676 5286 853 5349 eodem
873 5295 1109 5362 exemplo
1138 5307 1371 5358 utamur,
1396 5286 1673 5347 essentiam
1694 5296 1747 5347 in
1784 5310 1991 5362 genera,
2019 5309 2179 5363 genus
2206 5295 2260 5346 in
2285 5286 2506 5361 formas,
2532 5294 2755 5362 formam
2797 5296 2852 5347 in
2884 5294 3154 5347 individua
3174 5293 3423 5363 rgnostica
3453 5286 3639 5360 opai“;

355 5370 499 5422 tione
532 5366 867 5430 discerneres,
904 5377 993 5419 aut
1025 5366 1382 5434 multipliciter
1411 5363 1617 5441 dividit,
1642 5364 1889 5441 singulas
1922 5362 2238 5433 cognitiones
2261 5363 2488 5441 singulis
2518 5364 2687 5441 rebus,
2724 5378 2947 5441 quarum
2990 5362 3303 5441 cognitiones
3332 5371 3483 5441 sunt,
3521 5363 3635 5418 dis—

358 5438 615 5501 tribuens,
670 5428 1246 5506 ve/bi‘gratia,_gene'ra
1268 5436 1324 5506 in
1355 5434 1600 5506 essentia,
1631 5428 1829 5506 fortnas
1862 5428 2161 5506 iuggi‘znere,
2199 5428 2440 5506 numeros
2474 5428 2863 5506 indiuitlitdrum
2892 5432 2968 5506 _i‘n
3002 5428 3177 5506 fo'rma
3222 5431 3469 5506 scientiae
3514 5444 3637 5488 actu

358 5524 521 5563 unum
554 5507 707 5576 facit.
810 5503 905 5558 ⁸Ἀ
928 5504 1140 5576 quitatem
1166 5505 1380 5576 modum
1413 5504 1662 5573 (formam
1693 5503 1851 5572 om.).

366 5578 410 5612 ⁸³
440 5580 486 5631 Α
507 5575 577 5631 ad
607 5578 845 5631 animae.

440 5717 480 5771 A
519 5718 842 5788 operatione.
917 5715 963 5745 ⁸³
990 5715 1030 5767 Α
1059 5716 1217 5784 quod.

1927 5504 1947 5536 '
1982 5502 2084 5557 Pro
2113 5502 2186 5555 ita
2218 5502 2257 5557 C
2286 5502 2383 5556 hoc
2409 5513 2503 5571 est.

923 5574 966 5605 ⁸³
997 5574 1289 5643 spiritualis
1341 5584 1461 5629 ante
1508 5584 1774 5642 peccatum
1824 5588 1933 5627 om.
1966 5572 2031 5625 A.

369 5647 410 5691 ν
440 5650 651 5703 condita
680 5656 803 5705 sunt
840 5659 950 5707 om.
980 5646 1041 5699 Ο.
1120 5645 1163 5675 ³⁸
1205 5644 1251 5698 Α
1289 5645 1621 5715 conditaque.
1700 5644 1740 5675 ¹⁹
1771 5645 2039 5698 caelestem
2069 5657 2177 5699 om.
2210 5643 2275 5697 A.

2598 5500 2643 5532 ¹⁰
2683 5502 2724 5555 C
2764 5501 3138 5555 incolumitate.
3222 5500 3263 5531 ”
3304 5516 3369 5553 ea:
3407 5515 3517 5555 om.
3566 5508 3633 5558 A.

2134 5571 2176 5602 ”
2203 5582 2249 5624 et
2279 5587 2387 5626 om.
2426 5567 2495 5626 Ὀ.
2594 5572 2638 5601 ’⁵
2684 5571 2839 5624 enim.
2897 5586 3006 5623 om.
3059 5569 3118 5624 Ο.
3198 5567 3243 5600 ¹¹⁶
3280 5571 3325 5624 Α
3367 5572 3632 5628 aestimes.

2351 5643 2405 5711 ιε
2426 5643 2490 5701 ,Α
2526 5656 2615 5702 αθ.
2693 5641 2743 5697 ’ξ
2781 5648 2834 5693 ut
2881 5640 3121 5711 superius
3162 5640 3393 5709 diximus
3421 5654 3531 5697 ora.
3562 5643 3633 5697 Α.
