4236 6274
636 304 744 371 883

1866 288 1886 308 “
1973 311 2256 370 JOANNIS
2298 309 2492 367 scen

3798 321 3904 381 584

636 426 875 483 mediate
917 434 1038 495 post
1088 424 1254 481 Deum
1288 423 1510 497 incipit.
1577 439 1747 496 usque
1782 425 1849 481 ad
1912 414 2218 480 extremum
2247 430 2294 492 Α
2326 434 2433 478 tem
2486 422 2756 495 leguntur,
2822 428 3164 498 apertissime
3207 430 3430 497 referri,
3507 433 3633 488 audi
3674 436 3908 496 eandem

637 520 1394 592 gradatim‘dcsccmleutibus,
1424 524 1785 593 quodcunque
1811 522 1945 578 ordo
1966 520 2215 591 superior

638 613 692 667 in
721 610 961 665 inferiori
999 626 1056 665 se
1085 608 1274 665 ordine
1301 613 1519 681 propria
1545 613 1778 681 quadam
1805 612 2015 666 actione
2042 609 2214 664 admi-

632 700 945 756 nistraverit
998 708 1160 770 atque
1196 701 1504 770 perfecerit,
1544 704 1647 758 hoc
1695 711 1866 757 totum
1893 702 1959 756 ad
1993 717 2134 764 eum,
2174 717 2206 757 a

631 804 741 859 quo
777 790 955 844 omnis
1005 790 1269 845 naturalis
1319 801 1498 846 motus
1547 793 1784 858 inchoat,
1843 792 2211 861 naturalisque

628 867 773 934 actio
796 896 825 934 a
859 894 1073 935 summo
1117 896 1288 951 usque
1313 897 1316 901 '
1345 883 1594 938 deorsum
1623 885 1920 950 descenrﬁt,
1954 883 2207 939 refertur.

626 971 743 1040 Ipsa
765 972 910 1026 enim
940 987 1102 1027 causa
1125 974 1389 1041 omnium,
1415 976 1663 1045 quamvis
1689 992 1795 1031 non
1828 991 1925 1045 per
1947 976 2206 1046 soipsam,

624 1063 881 1130 quoniam
940 1063 1292 1119 immutabilis
1346 1076 1448 1126 est,
1499 1065 1593 1120 sed
1630 1080 1727 1136 per
1786 1066 2059 1122 subditam
2104 1069 2207 1123 sibi

624 1160 930 1206 creaturam
954 1154 1361 1208 universitatem
1387 1153 1553 1209 totius
1574 1162 1798 1209 naturae
1822 1170 1851 1208 a
1876 1169 1935 1209 se
1957 1157 2209 1214 conditae

623 1244 788 1309 creet,
827 1252 1060 1308 moveat,
1116 1244 1410 1314 gubernet;
1451 1254 1563 1302 tota
1608 1254 1787 1300 tamen
1837 1246 2049 1301 divinae
2082 1263 2208 1317 pro-

621 1333 894 1387 videntiae
925 1333 1255 1402 dispensatio
1286 1335 1338 1388 in
1367 1349 1488 1390 eam
1523 1333 1850 1400 refunditur,
1888 1336 2012 1406 quia
2044 1352 2204 1393 causa

618 1424 861 1478 omnium
887 1434 989 1479 cst.
1029 1426 1165 1492 Quid
1194 1427 1370 1482 dicam
1393 1428 1457 1483 dc
1486 1428 1769 1482 ordinibus
1825 1428 2102 1483 Ecclesiae
2150 1429 2203 1484 in

661 1513 929 1568 adadhuc
974 1515 1188 1570 mortali
1216 1517 1321 1570 vita
1354 1518 1706 1583 constitutae,
1750 1518 1947 1589 quibus
1989 1519 2203 1589 episco-

618 1616 809 1674 porum
826 1604 958 1658 ordo
981 1605 1310 1674 praefertur?
1346 1604 1596 1676 Nunquid
1611 1622 1797 1671 omne,
1828 1608 1969 1677 quod
1988 1617 2204 1663 ceterae

619 1692 1014 1763 dispositiones,
1050 1709 1189 1763 quae
1234 1697 1568 1767 posteriores
1618 1705 1777 1765 sunt,
1811 1698 1863 1751 in
1896 1698 2203 1752 distributis

2324 512 2661 583 Scripturam
2684 515 2954 572 dicentem
2983 538 2997 572 :
3032 518 3180 573 Ferit
3213 539 3417 592 quoque
3454 523 3717 578 Dominus
3768 527 3905 585 Deus

2315 606 2462 660 Adae
2482 616 2529 661 et
2553 611 2707 662 uxori
2761 626 2889 663 suae
2927 613 3135 666 tunicas
3171 613 3441 682 pollicens,
3490 624 3537 670 et
3570 616 3742 671 induit
3788 631 3894 673 eost

2315 695 2415 751 Ubi
2446 712 2550 752 non
2605 699 2899 770 incongrue
2928 700 3301 773 intelligimus,
3354 721 3459 759 non
3510 705 3655 760 aliud
3687 721 3784 776 per
3822 714 3905 764 tn-

2320 787 2473 841 nicas
2523 786 2779 856 pclliceas
2847 788 3161 859 significari,
3198 803 3428 877 praeter
3481 793 3505 825 ⁸
3546 799 3901 871 περῑζὼματα,

2314 879 2559 933 mortalia
2592 880 2840 935 videlicet
2884 880 2905 911 ⁹
2933 896 3179 952 corpora,
3222 898 3362 953 quae
3405 885 3507 940 sibi
3545 886 3692 956 justo
3713 891 3904 944 condi-

2317 969 2448 1022 toris
2466 967 2677 1036 judicio
2703 969 2745 1000 ¹⁰
2768 971 3111 1040 permittente
3135 973 3292 1042 primi
3323 974 3567 1030 homines
3582 987 3703 1045 post
3727 987 3907 1035 trans—

2311 1059 2645 1129 gressionem
2679 1059 2873 1116 fecere.
2918 1061 2986 1116 Et
3020 1078 3147 1116 unm
3195 1065 3289 1119 tibi
3327 1065 3539 1119 videtur
3581 1067 3898 1123 credibilius

2308 1148 2612 1205 ducendum
2667 1152 2731 1215 ι’,
2775 1152 3056 1206 mortalem
3124 1153 3396 1208 hominem
3460 1157 3739 1211 mortalem
3798 1158 3901 1213 sibi

2307 1253 2525 1293 carnem
2555 1239 2768 1302 fecisse,
2798 1256 2959 1309 quam
2985 1241 3226 1312 "'ipsum
3257 1242 3423 1297 Deum
3443 1258 3540 1313 per
3568 1259 3626 1299 se
3649 1260 3896 1311 creasse,

2307 1332 2401 1387 sed
2451 1340 2658 1386 tantum
2708 1333 3026 1401 permisisse
3081 1344 3136 1387 et
3161 1335 3543 1390 admonuisse?
3585 1337 3725 1390 Deus
3751 1337 3897 1392 enim

2307 1420 2628 1474 immortalis
2647 1429 2750 1486 est,
2781 1429 2835 1475 et
2865 1422 3224 1492 quodcunque
3273 1436 3372 1493 per
3420 1438 3483 1478 se
3530 1424 3704 1495 ipsum
3742 1424 3898 1491 facit,

2306 1509 2725 1563 immortalcest.
2756 1508 2928 1565 Omne
2958 1511 3506 1580 siquidemmortale,
3538 1515 3899 1583 quodcunque

2306 1597 2359 1652 in
2415 1600 2514 1654 hoc
2542 1600 2781 1654 sensibili
2835 1602 3035 1655 mundo
3063 1617 3183 1657 esse
3234 1603 3466 1667 videtur,
3496 1603 3790 1675 ctfragilc,
3840 1616 3897 1660 ct

2309 1690 2702 1756 transitorium,
2734 1698 2829 1745 aut
2854 1706 2952 1746 nos
2980 1690 3079 1761 ipsi
3127 1691 3354 1746 facimus
3377 1694 3575 1747 nostris
3609 1694 3873 1749 lrrationa

615 1783 716 1837 sibi
746 1782 936 1839 omciis
958 1786 1285 1857 pcregcrint,
1311 1788 1377 1842 ad
1403 1803 1525 1843 eum
1553 1789 1568 1820 ³
1626 1788 1923 1856 reducitur,
1950 1792 2194 1860 quoniam

2310 1779 2503 1833 bilibus
2555 1782 2789 1835 motibus
2830 1790 3098 1847 errantes,
3130 1789 3226 1834 aut
3249 1790 3469 1851 propter
3491 1782 3745 1837 delictum
3794 1798 3897 1838 no-

614 1873 685 1928 ab
744 1889 809 1929 eo
853 1875 1056 1945 posteri
1087 1877 1324 1943 ordines,
1380 1892 1519 1947 quae
1564 1877 1664 1932 sibi
1695 1880 1993 1950 peragenda
2049 1880 2194 1946 sunt,

617 1964 930 2035 accipiunt?
957 1966 1039 2021 Ab
1089 1981 1155 2022 eo
1188 1968 1453 2036 siquidem
1490 1967 1699 2040 singula
1728 1969 1953 2039 singulis
1987 1970 2199 2041 symbo-

614 2054 716 2111 lica
772 2056 1069 2113 ministeria
1114 2059 1552 2126 distribuuntur,
1623 2060 1896 2130 totiusque
1935 2061 2197 2117 ecclesiae

616 2146 914 2217 spiritualis
964 2149 1209 2217 operatio
1257 2162 1354 2217 per
1411 2149 1586 2219 ipsum
1640 2148 1877 2205 refertur
1932 2150 1983 2204 iu
2023 2151 2193 2219 ipsam

612 2251 851 2303 causam,
877 2238 1045 2291 Deum
1070 2238 1213 2301 dico,
1237 2239 1477 2293 omnium
1505 2238 1768 2293 bonarum
1818 2238 2195 2310 mysticarum-

612 2344 718 2395 que
751 2329 1044 2384 actionum.
1073 2328 1181 2384 Cur
1207 2344 1339 2399 ergo
1365 2330 1584 2395 mirum,
1619 2331 1665 2386 si
1695 2330 1905 2400 primus
1934 2332 2100 2387 homo
2125 2331 2192 2386 ad

613 2420 905 2490 imaginem
956 2419 1048 2475 Dei
1108 2421 1391 2484 conditus,
1446 2421 1796 2490 divinumque
1847 2430 2192 2491 praeceptum

611 2519 1004 2580 transgressus,
1058 2524 1122 2563 ac
1167 2523 1268 2578 per
1305 2508 1409 2565 hoc
1452 2509 1521 2564 de
1572 2510 1908 2565 beatitudine
1957 2511 2193 2580 paradisi

610 2602 892 2670 expulsus,
919 2600 1109 2671 fragile
1139 2610 1302 2670 atque
1330 2600 1560 2656 mortale
1600 2601 1669 2655 de
1703 2601 1815 2657 luto
1858 2611 2036 2656 terrae
2063 2603 2193 2657 sibi-

609 2702 725 2747 met
754 2693 1115 2748 habitaculum
1167 2700 1404 2757 crearet,
1433 2693 1613 2747 divina
1642 2693 1983 2763 providentia
2007 2692 2194 2749 admo-

608 2786 777 2850 nitus,
805 2792 886 2849 ut,
910 2784 1037 2853 quia
1080 2784 1314 2839 caeleste
1344 2798 1542 2853 corpus
1564 2799 1629 2840 ac
1657 2783 1941 2854 spirituale
1968 2784 2037 2839 ab
2077 2784 2193 2854 ipso

607 2877 720 2933 Deo
761 2876 1035 2932 conditum
1055 2876 1341 2946 possidere
1389 2883 1446 2930 et
1472 2874 1747 2930 custodire
1788 2875 2053 2945 superbus
2093 2887 2190 2928 nec

606 2969 873 3039 glexerat,
906 2983 1207 3038 congruum
1235 2966 1336 3024 sibi
1383 2981 1515 3023 suae
1558 2967 1957 3024 inobedientiae
1995 2967 2192 3021 merito

606 3059 837 3115 mortale
889 3059 1205 3128 hospitium,
1258 3073 1326 3114 ex
1371 3068 1589 3114 «terrena
1631 3059 1858 3114 materia
1893 3068 2187 3128 sumptum,

2301 1878 2473 1923 strum
2501 1870 2566 1924 ad
2611 1886 2764 1925 usum
2793 1870 3039 1925 mortalis
3065 1872 3207 1925 vitae
3233 1881 3448 1926 nostrae
3485 1879 3540 1926 et
3589 1872 3898 1943 exemplum

2301 1960 2417 2014 fieri
2437 1960 2650 2025 sinitur,
2681 1961 2796 2014 sive
2824 1960 2982 2016 bonis
3007 1960 3293 2039 virtutibus
3318 1960 3818 2017 administrantibus
3840 1969 3901 2018 et

2298 2053 2705 2123 perlicientibus
2739 2053 2808 2119 ⁸³,
2841 2055 2955 2109 sive
3008 2052 3162 2109 malis
3218 2053 3446 2107 naturali
3472 2054 3676 2116 cursui,
3716 2069 3786 2108 ne
3818 2052 3897 2109 ad

2297 2161 2453 2201 suum
2486 2146 2648 2200 finem
2680 2147 2978 2216 perveniat,
3010 2146 3380 2214 certisspatiis
3399 2146 3755 2200 constitutum
3786 2145 3891 2199 im-

2297 2238 2653 2307 pedientibus.
2715 2238 2940 2294 Vitalem
2999 2252 3229 2307 namque
3260 2247 3464 2291 motum
3492 2236 3545 2290 in
3592 2235 3894 2291 seminibus

2297 2343 2479 2401 agere,
2514 2338 2573 2383 ut
2621 2344 2719 2398 per
2741 2330 3142 2399 generationem
3176 2329 3228 2384 in
3259 2328 3459 2382 formas
3484 2327 3727 2381 visibiles
3756 2342 3892 2396 pro-

2297 2420 2511 2485 cedant,
2532 2420 2715 2475 nullus
2752 2429 2897 2476 recte
2926 2419 3419 2490 philosophantium
3443 2419 3488 2450 "
3528 2418 3774 2483 dubitat;
3798 2418 3897 2473 sed

2298 2512 2414 2581 ipse
2451 2511 2632 2567 vitalis
2659 2521 2840 2567 motus
2865 2528 2968 2567 non
2995 2526 3211 2580 semper
3252 2510 3555 2579 aequaliter
3581 2511 3631 2564 in
3658 2512 3889 2580 singulis

2296 2604 2584 2674 generibus
2633 2603 2863 2658 actionis
2913 2618 3042 2657 suae
3091 2604 3345 2657 virtutem
3396 2601 3729 2665 manifestat,
3769 2602 3888 2657 sive

2295 2704 2517 2766 propter
2562 2696 2829 2765 quaedam
2882 2694 3204 2759 accidentia,
3233 2709 3372 2763 quae
3437 2693 3732 2748 seminibus
3780 2708 3893 2747 non

2295 2786 2642 2852 conveniunt,
2673 2793 2728 2840 et
2749 2800 2814 2841 ex
2852 2785 3152 2841 contrariis
3193 2784 3544 2854 qualitatibus
3570 2792 3892 2849 nascuntur,

2295 2878 2410 2933 sive
2432 2886 2653 2948 propter
2675 2878 2949 2941 adversas,
2991 2886 3053 2932 ut
3079 2876 3330 2938 diximus,
3356 2875 3604 2940 virtutes,
3633 2888 3771 2944 quae
3796 2889 3898 2928 na-

2295 2968 2452 3024 turali
2481 2969 2647 3023 motni
2684 2976 3001 3039 repugnant.
3046 2969 3123 3022 De
3152 2967 3347 3037 quibus
3377 2981 3520 3022 nunc
3543 2966 3814 3021 disserere
3837 2972 3898 3022 et

2297 3061 2512 3132 longum
2543 3070 2625 3116 est
2645 3070 2698 3115 et
2724 3059 3069 3130 superﬂuum,
3098 3060 3221 3128 quia
3254 3058 3435 3113 multis
3460 3059 3795 3128 disputatum
3821 3057 3892 3110 ⁸⁸.

605 3151 921 3206 humiliatus
964 3149 1189 3215 laceret,
1252 3149 1304 3203 in
1342 3164 1461 3219 quo
1512 3151 1732 3220 punitus
1767 3150 2087 3218 poeniteret,
2135 3158 2190 3203 ct
2218 3128 2265 3190 (ἶ
2299 3128 2413 3210 Sed
2440 3153 2686 3209 fortassis
2710 3128 2833 3223 quis
2859 3153 3025 3218 dicet,
3055 3152 3183 3207 illud
3210 3152 3443 3221 primum
3478 3165 3680 3221 corpus
3708 3151 3895 3205 ineor-

604 3243 935 3306 exereitatus
984 3240 1053 3294 ad
1098 3239 1384 3310 pristinam
1435 3240 1751 3311 dignitatem
1806 3248 2035 3295 naturae
2064 3256 2193 3296 suae

606 3330 1055 3401 redire-scipsum
1095 3332 1534 3399 recognoscendo
1581 3342 1637 3389 et
1670 3332 2000 3390 humiliando
2044 3342 2196 3404 pete-

610 3420 731 3476 ret?
757 3418 869 3474 Nec
893 3421 960 3474 de
982 3420 1086 3475 hoc
1109 3419 1398 3488 Scriptura
1436 3429 1599 3477 tacet.

677 3511 769 3566 26.
799 3510 937 3565 Nam
973 3520 1097 3581 post
1130 3512 1645 3583 praevaricationem
1672 3522 1929 3571 continuo
1971 3515 2038 3571 de
2065 3517 2195 3571 sim-

605 3602 733 3675 plici
764 3603 997 3658 humana
1023 3613 1218 3660 natura
1259 3614 1385 3661 ante
1424 3617 1727 3678 peccatum,
1755 3609 1809 3663 in
1854 3611 1875 3641 ³
1923 3609 2191 3681 duplicem

605 3710 796 3753 sexum
810 3696 979 3752 divisa
995 3706 1113 3767 post
1128 3712 1311 3752 casum
1323 3739 1339 3764 ,
1356 3701 1429 3754 ait
1447 3716 1462 3753 :
1480 3700 1545 3754 Et
1561 3711 1878 3756 consumat
1898 3702 2024 3772 folia
2035 3704 2188 3772 ﬁcus,

604 3799 655 3845 et
680 3789 911 3860 {cremat
929 3789 1028 3844 sibi
1048 3794 1400 3870 περιζώματα,
1433 3801 1617 3863 aperte
1641 3794 1920 3849 insinuans
1940 3792 2191 3850 foliorum

607 3880 856 3951 symbolo
906 3878 1155 3952 fragilem
1222 3891 1385 3953 atque
1432 3884 1698 3939 caducam
1735 3885 1982 3940 mortalis
2030 3885 2193 3954 hujus

605 3972 1450 4045 corporis-conditionem,-quam
1480 3975 1580 4031 sibi
1607 3977 1768 4031 homo
1805 3985 1926 4047 post
1965 3976 2046 4031 sui
2078 3976 2190 4031 rui-

606 4079 735 4120 nam
760 4073 990 4119 texerat.
1015 4063 1210 4120 Nostra
1237 4066 1504 4135 siquidem
1541 4068 1790 4122 mortalia
1814 4080 2041 4136 corpora
2070 4066 2192 4123 latis

606 4157 695 4212 fici
742 4154 883 4212 foliis
911 4156 1186 4212 simillima
1211 4165 1356 4212 sunt.
1402 4156 1538 4212 Nam
1564 4157 2017 4226 quemadmodum
2063 4154 2190 4209 folia

603 4247 696 4303 illa
725 4249 971 4303 umbram
997 4247 1220 4314 faciunt,
1265 4247 1446 4303 radios
1483 4247 1614 4303 solis
1664 4247 1949 4303 recludunt
1995 4246 2056 4311 ³;
2112 4246 2191 4301 sic

604 4347 792 4393 nostra
828 4354 1063 4408 corpora
1101 4346 1160 4392 et
1206 4339 1460 4393 tenebras
1521 4338 1857 4408 ignorantiae
1907 4337 2191 4392 animabus

604 4428 808 4483 nostris
835 4428 858 4459 δ
902 4428 1190 4497 ingerunt,
1236 4438 1292 4482 et
1344 4428 1586 4482 veritatis
1608 4427 1972 4498 cognitionem
2014 4427 2190 4496 repel-

605 4518 744 4571 lunt.
769 4517 926 4583 Quae
947 4526 1126 4573 tamen
1151 4518 1277 4573 folia
1300 4531 1506 4587 nostra,
1534 4529 1747 4575 terrena
1772 4533 2005 4588 corpora
2043 4517 2186 4582 dico,

604 4615 948 4661 terrenarum
973 4606 1484 4678 mortiferarumque
1509 4609 1826 4664 deliciarum
1850 4607 2189 4664 dulcedinem

602 4695 759 4765 quasi
804 4697 1073 4764 quendam
1115 4693 1351 4751 fructum
1374 4699 1404 4730 "
1428 4698 1664 4767 undique
1694 4700 1895 4755 vallare
1923 4708 1978 4755 et
2003 4698 2194 4755 obum-

601 4788 786 4850 brare,
809 4786 971 4854 inque
995 4786 1077 4839 eis
1099 4799 1197 4839 nos
1219 4785 1436 4843 allicere
1456 4802 1521 4841 ac
1545 4788 1731 4843 fallere
1757 4790 1778 4820 ⁶
1808 4799 2189 4845 consuescunt.

602 4879 673 4935 Et
687 4889 747 4932 ut
769 4891 1087 4947 cognoscas,
1120 4876 1364 4931 mortalis
1388 4877 1556 4932 nostri
1585 4879 1826 4947 corporis
1855 4880 2186 4934 creationem

601 4972 675 5028 ad
718 4984 864 5034 eum,
901 4966 1056 5036 cujus
1095 4967 1321 5023 consilio
1351 4976 1471 5024 acta
1495 4976 1641 5039 sunt,
1672 4983 2029 5039 quaecunque
2055 4984 2184 5037 erga

602 5073 845 5124 nostram
885 5062 1326 5120 exercitationem
1370 5070 1428 5118 et
1469 5064 1867 5117 revocationem
1897 5063 1916 5093 ⁷
1949 5070 2003 5117 et
2041 5061 2187 5116 salu-

2220 4480 2268 4537 D

2297 3244 2576 3314 rnptibile,
2622 3244 2765 3314 quod
2797 3244 3034 3307 animae,
3097 3243 3144 3298 si
3178 3258 3283 3297 non
3313 3251 3585 3312 peccaret,
3630 3242 3895 3297 adhaere-

2295 3322 2399 3400 ret,
2428 3335 2518 3389 ubi
2571 3349 2715 3388 nunc
2761 3335 2886 3387 est?
2934 3333 3121 3388 Perire
3167 3333 3313 3388 enim
3349 3333 3749 3405 incorruptibile
3776 3349 3893 3391 non

2293 3430 2486 3494 potest.
2520 3421 2654 3476 Huic
2675 3420 2912 3476 breviter
2953 3423 3407 3492 respondendum,
3439 3422 3493 3476 in
3534 3422 3756 3477 secretis
3787 3422 3895 3476 bu-

2297 3527 2490 3567 manae
2537 3519 2764 3567 naturae
2786 3510 2993 3567 sinibus
3038 3513 3083 3543 ¹⁶
3106 3512 3285 3569 adhuc
3311 3512 3472 3578 latet,
3520 3513 3573 3567 in
3594 3511 3773 3567 futuro
3788 3528 3893 3565 au-

2296 3612 2405 3657 tem
2431 3602 2611 3657 seculo
2634 3603 2936 3672 apparebit,
2961 3603 3170 3673 quando
3192 3602 3412 3657 mortale
3430 3603 3529 3657 hoc
3552 3602 3605 3656 in
3627 3602 3896 3656 illuditis:-

2297 3696 2517 3761 tabitur,
2553 3707 2603 3750 et
2648 3696 2984 3766 corruptibile
3029 3696 3391 3750 liocinduetur
3418 3695 3917 3764 incorruptionem.,

2294 3788 2439 3843 Audi
2487 3787 2803 3857 Apostolum
2830 3804 2843 3841 :
2875 3787 3177 3842 Seminalur
3204 3802 3390 3857 corpus
3414 3783 3666 3849 animale,
3712 3793 3893 3853 surget

2294 3899 2481 3951 corpus
2505 3878 2813 3951 spirituale;
2849 3880 3139 3934 seminatur
3180 3879 3235 3932 in
3274 3877 3602 3946 inﬁrmitate,
3627 3884 3801 3945 surget
3829 3875 3892 3931 in

2294 3975 2514 4039 uirtute;
2566 3974 2856 4028 seminatur
2904 3973 2961 4026 in
2995 3969 3333 4035 contumelia,
3391 3977 3566 4040 surget
3614 3970 3671 4023 in
3690 3967 3889 4038 gloria,

2295 4065 2722 4121 immortalitatis
2753 4062 3027 4126 videlicet,
3074 4071 3128 4115 et
3166 4058 3716 4129 incorruptibilitatis,
3770 4058 3889 4119 sive

2294 4159 2347 4213 iu
2384 4158 2561 4222 bonis,
2589 4156 2705 4211 sive
2729 4155 2780 4209 in
2803 4153 2979 4209 malis.
3014 4152 3127 4207 lioc
3156 4160 3335 4205 autem
3372 4150 3413 4182 ¹⁷
3452 4148 3780 4219 generaliter
3818 4147 3890 4204 de

2292 4249 2439 4303 omni
2465 4250 2704 4302 humano
2741 4259 2968 4315 corpore
2988 4243 3190 4297 dictum
3228 4254 3347 4296 esse
3381 4239 3652 4302 arbitror;
3685 4238 3738 4290 in
3768 4253 3889 4292 uin-

2292 4343 2451 4397 nibus
2476 4341 2619 4396 enim
2659 4347 2913 4394 aeternae
2940 4333 3383 4398 immortalitatis,
3416 4346 3522 4386 non
3546 4339 3725 4386 autem
3758 4329 3888 4383 bea-

2296 4433 2542 4487 titudinis
2577 4430 2820 4501 aequalis
2839 4430 2944 4482 erit
2981 4426 3169 4497 gloria.
3207 4423 3341 4479 Tota
3366 4422 3638 4491 siquidem
3687 4426 3885 4474 natura

2296 4522 2657 4593 primordialis
2698 4536 2822 4576 cum
2849 4519 2949 4575 sibi
2997 4515 3357 4587 superadditis
3382 4514 3437 4569 in
3466 4528 3631 4569 unum
3660 4526 3883 4580 repara-

2295 4612 2459 4668 bitur.

2366 4703 2455 4757 27.
2499 4702 2642 4757 stc.
2676 4701 2751 4755 De
2776 4700 2881 4755 hac
2908 4699 3124 4755 interim
3187 4697 3232 4730 ¹⁸
3281 4694 3596 4767 quaestione
3622 4689 3756 4747 satis
3794 4687 3878 4745 di-

2296 4809 2465 4855 ctum,
2487 4801 2545 4849 ut
2569 4795 2780 4864 opinor,
2808 4801 2862 4847 et
2901 4793 2968 4847 ad
3026 4788 3507 4846 considerationem
3544 4780 3874 4838 illius-trini-

2295 4887 2441 4950 tatis,
2498 4886 2552 4940 in
2606 4899 2711 4955 qua
2750 4884 2823 4937 ad
2870 4882 3159 4953 imaginem
3204 4887 3261 4932 et
3303 4874 3711 4933 similitudinem
3777 4871 3877 4927 Dei

2294 4978 2498 5033 romliti
2536 4991 2742 5041 sumus,
2776 4974 3133 5035 redeundum,
3191 4969 3587 5037 diligenterque
3634 4962 3878 5018 conside-

2296 5069 2543 5133 randum,
2568 5076 2752 5121 utrum
2802 5079 2899 5135 per
2936 5063 3118 5118 omnia
3147 5062 3322 5131 imago
3351 5056 3440 5112 illa
3468 5051 3876 5112 similitudinem

1890 5217 2144 5273 VARIAE
2182 5212 2586 5271 LECTIONES.

608 5422 611 5429 ,
678 5358 697 5397 ⁸
750 5359 842 5419 Sic
1307 5355 1621 5433 episcopum
1648 5353 1950 5433 redimitur.

597 5424 737 5511 Quen
754 5438 862 5487 tam
876 5476 891 5501 η,
915 5424 1165 5511 sscitant.

599 5496 626 5574 Ῠ
658 5506 698 5557 Α
738 5496 1191 5574 τςηριίαξαξξηίπ
1212 5496 1279 5573 ’.⁸
1312 5497 1353 5574 9.

600 5571 647 5639 Α
673 5564 1247 5645 ήιιιιὶιείῴηιξᾴῃςέξιιονὶἓτ.⁸

601 5626 740 5698 tibus
767 5626 981 5714 oin“.
1004 5626 1022 5637 ”
1049 5637 1092 5668 ιδ
1116 5637 1295 5714 nullus
1317 5634 1463 5714 recte
1491 5626 1903 5714 purgantium

605 5710 832 5771 secretis
875 5717 1094 5761 naturae
1116 5722 1241 5760 uiae
1266 5706 1478 5761 finibus.
1570 5706 1675 5761 ¹Ἀ
1705 5707 1861 5761 enim.
1955 5706 1996 5738 ⁸⁸

1488 5424 1515 5457 ⁸
1534 5421 1710 5489 Coiﬁ,
1739 5422 1780 5480 C
1808 5425 1864 5478 in
1890 5423 1977 5494 qui

2045 5354 2082 5397 ι’
2111 5354 2164 5406 in
2181 5367 2299 5408 om.
2324 5350 2385 5405 C.
2485 5350 2507 5381 ³
2536 5350 2580 5402 Α
2630 5350 2931 5402 mandunt.
3046 5350 3067 5375 δ
3102 5350 3293 5397 nostris
3338 5355 3449 5395 om.
3483 5350 3549 5393 Α.
3672 5350 3694 5370 ·
3722 5350 3881 5408 quasi

1968 5406 2198 5477 ietis'nos
2228 5422 2433 5475 allicere,
2468 5418 2711 5488 «Fallere
2729 5417 2888 5489 (sic!)
2915 5423 3308 5489 consuescurrt;
3341 5410 3551 5489 allicere
3579 5406 3872 5489 occupa.

1408 5494 1649 5568 @aeter.
1673 5496 1811 5568 quod
1837 5489 2213 5568 νπξριζῴμᾳᾷἂί
2236 5494 2304 5568 .-⁸
2347 5491 2581 5568 uidelicet
2617 5503 2752 5568 “om.

2028 5550 2178 5625 'u‘LfA.
2229 5560 2289 5631 (τ.
2323 5560 2597 5631 dicendum
2615 5559 2680 5628 .9).
2725 5627 2758 5631 __
2791 5556 2832 5588 ι’
2869 5556 3083 5631 Currant
3115 5556 3360 5631 ipsum,”
3423 5550 3469 5582 "
3503 5550 3879 5631 «perfugi;

1901 5616 2343 5697 medianam.
2424 5630 2468 5662 ¹⁵
2494 5628 2536 5682 Α
2565 5616 2846 5697 (Ιυήιιὶὺυε
2866 5626 3002 5681 «litis
3030 5616 3317 5680 disserendi
3341 5617 3488 5675 locus
3507 5626 3606 5673 est.
3682 5617 3725 5648 ⁸⁸
3747 5616 3791 5669 Α
3817 5616 3879 5666 inE

2122 5703 2327 5757 iterum.

1316 5564 1359 5627 ’ξ
1399 5561 1590 5633 ἓῖίλίξ
1639 5561 1937 5633 ducendum
1977 5561 2178 5633 otit.,A.
2229 5562 2246 5633 (

2485 5348 2507 5381 ³
2536 5348 2580 5402 Α
2630 5348 2931 5402 mandunt.
3046 5344 3067 5375 ⁵
3102 5343 3293 5397 nostri:
3338 5355 3449 5395 om.
3483 5341 3549 5393 A.

3672 5337 3694 5370 '
3722 5331 3876 5407 quasi

2950 5486 2992 5517 “
3017 5483 3185 5549 Conj;
3229 5481 3270 5537 C
3302 5479 3616 5549 conditionis
3632 5476 3874 5549 judicio;

2791 5556 2832 5588 “
2869 5556 2910 5611 C
2949 5570 3069 5610 nam
3115 5545 3315 5624 ipsum.
3349 5617 3360 5624 _
3423 5548 3469 5582 ⁸³
3503 5559 3550 5600 et
3595 5545 3880 5624 νεφρῖτιν-ς
