4236 6274
370 282 479 344 885

375 488 659 547 dissimilis
708 490 911 557 deﬁcit,
957 492 1023 548 ad
1070 493 1478 569 perfectamque
1527 501 1813 573 imaginem
1853 524 1959 566 non

376 580 602 634 omnino
626 583 886 651 pervenit.
916 582 1047 638 Nam
1071 582 1125 639 in
1155 596 1412 654 quantum
1440 590 1699 658 intitatur,
1749 595 1801 649 in
1840 605 1961 653 tan-

380 674 494 724 tum
521 669 697 739 imago
723 681 868 727 recte
894 672 1111 728 dicitur.
1146 674 1204 730 Si
1227 679 1370 732 enim
1394 680 1417 710 ⁸
1447 681 1502 735 in
1536 682 1717 752 aliquo
1747 689 1964 742 vacilla-

381 759 545 824 verit,
594 775 658 813 cx
711 760 982 832 perfectae
1032 763 1282 837 imaginis
1312 770 1518 825 ratione
1567 775 1790 829 recedit.
1819 775 1958 832 the.

383 845 663 903 Hominem
704 850 770 903 ad
796 850 1086 921 imaginem
1110 865 1165 909 et
1187 857 1595 917 similitudinem
1635 865 1728 919 Dei
1786 868 1965 936 perfe—

379 939 619 995 ctissime
640 940 862 1008 factum,
888 954 944 999 et
973 947 1026 1000 in
1050 949 1198 1003 nullo
1225 951 1550 1009 defecissein
1574 958 1823 1026 paradiso
1839 968 1966 1016 ante

377 1041 657 1102 peccatum
685 1037 983 1102 credimus,
1034 1052 1258 1111 excepta
1291 1046 1499 1101 ratione
1536 1049 1782 1120 subjecti.
1826 1052 1969 1109 Deus

374 1116 521 1171 enim
569 1133 668 1188 per
711 1134 771 1175 se
814 1123 991 1192 ipsum
1018 1126 1331 1192 subsistens,
1375 1141 1431 1186 et
1455 1132 1476 1165 ³
1503 1150 1534 1188 a
1571 1116 1718 1191 nullo
1746 1153 1969 1207 praece-

377 1206 540 1261 dente
567 1222 627 1261 se
644 1208 666 1238 ⁵
690 1212 986 1266 subsistere
1001 1215 1289 1284 accipiens,
1302 1218 1574 1276 hominem
1594 1225 1661 1278 ad
1680 1206 1981 1296 imaginem

377 1304 436 1351 et
464 1298 875 1354 similitudinem
897 1318 1048 1357 suam
1066 1306 1130 1361 de
1153 1308 1321 1363 nihilo
1338 1311 1388 1364 in
1413 1314 1703 1368 essentiam
1725 1317 1968 1376 adduxit.

382 1384 462 1440 Eo
488 1387 673 1457 itaque
699 1400 882 1446 notato
909 1392 950 1459 ⁸,
974 1396 1114 1462 quod
1141 1397 1278 1452 Deus
1303 1416 1399 1470 per
1423 1417 1482 1455 se
1511 1402 1683 1472 ipsum
1714 1404 1969 1483 ἄναρχος,

383 1476 439 1531 id
464 1488 571 1543 est,
594 1480 713 1534 sine
732 1482 994 1552 principio
1014 1487 1303 1543 essentiam
1328 1506 1482 1545 suam
1508 1495 1780 1563 possidet;
1810 1476 1971 1555 homo

383 1585 536 1636 vero,
568 1572 634 1627 de
665 1573 833 1628 nihilo
871 1585 1107 1642 creatus,
1164 1579 1328 1635 habet
1370 1582 1392 1614 ⁸
1430 1586 1752 1644 conditionis
1791 1591 1811 1621 "
1843 1605 1973 1647 suae

384 1659 619 1725 initium,
655 1678 760 1717 non
788 1664 960 1719 solum
995 1666 1047 1720 in
1069 1668 1509 1738 primordialibus
1534 1678 1735 1744 causis,
1771 1681 1823 1734 in
1853 1682 1972 1750 qui-

381 1749 481 1804 bus
532 1752 713 1807 omnia
758 1754 916 1810 simul
947 1768 1129 1814 creata
1161 1771 1307 1828 sunt,
1337 1780 1524 1822 verum
1554 1770 1718 1825 etiam
1765 1773 1818 1827 in
1851 1790 1976 1845 pro-

378 1839 716 1903 ccssionibus
748 1843 799 1897 in
824 1845 1069 1903 diversas
1105 1853 1372 1907 essentias
1417 1855 1725 1931 formasque
1751 1863 1864 1919 sive
1889 1866 1970 1920 in—

382 1929 709 1987 tctlectnales
747 1934 861 1989 sive
889 1939 1172 1995 sensibiles
1217 1959 1233 1995 :
1267 1954 1448 2000 cetera
1493 1929 1696 2015 omnia,
1735 1969 1873 2023 quae
1902 1955 1970 2012 de

386 2018 495 2075 Deo
531 2023 786 2078 dicuntur
803 2036 861 2081 et
888 2028 1265 2100 intelliguntur
1306 2051 1402 2106 per
1423 2018 1768 2097 essentialem
1787 2046 1966 2100 exect-

384 2110 601 2168 lcntiatn
635 2156 650 2176 ,
703 2119 926 2175 omnino
977 2121 1029 2175 in
1069 2123 1362 2196 imagine,‘
1401 2128 1519 2198 ejus
1565 2134 1972 2203 perspiciuntur

315 2213 333 2233 ο
383 2215 480 2268 per
504 2212 751 2258 naturam
777 2215 832 2261 et
855 2207 883 2239 ν
909 2210 1157 2281 gratiam.
1187 2212 1446 2276 Conditor
1493 2220 1691 2290 quippe
1730 2222 1973 2283 ina'isibi.»

382 2289 472 2353 lis,
505 2291 1093 2367 incomprehensibilis,
1120 2318 1337 2359 omnem
1367 2306 1775 2380 intelligentiam
1807 2329 1975 2369 exsu-

385 2395 605 2451 perans,
636 2384 925 2454 imaginem
957 2405 1105 2445 suam
1134 2392 1188 2445 in
1218 2394 1306 2448 his
1334 2398 1588 2454 omnibus
1621 2401 1722 2457 sibi
1752 2402 1797 2433 ‘°
1820 2403 1972 2458 simi-

384 2470 493 2525 l‘em
523 2477 745 2531 creavit.
772 2477 905 2533 Nam
928 2490 983 2535 et
1007 2482 1043 2512 "
1065 2495 1249 2539 noster
1272 2486 1576 2544 intellectus
1600 2508 1700 2548 nec
1727 2509 1757 2548 a
1788 2495 1974 2566 seipse

386 2566 759 2634 cognoscitur,
794 2571 923 2638 quid
975 2574 1045 2626 sit
1089 2576 1385 2631 secundmn
1439 2583 1752 2650 essentiam,
1783 2601 1883 2642 nec
1907 2587 1975 2642 ab
2030 2586 2040 2595 ”

385 2653 495 2707 aiio
526 2665 747 2724 praeter
780 2659 973 2727 Deum,
1008 2664 1099 2732 qui
1127 2666 1285 2721 solus
1319 2669 1503 2735 novit,
1522 2688 1662 2743 quae
1692 2673 1983 2743 fecit;,sed

382 2746 836 2813 quemadmodum
859 2751 924 2806 de
950 2754 1231 2812 conditore
1254 2773 1356 2812 suo
1383 2760 1489 2817 hoc
1544 2773 1751 2818 tantum
1779 2782 1979 2837 cogno-

384 2834 510 2898 scit,
558 2836 682 2904 quia
714 2847 829 2901 est,
885 2856 991 2895 non
1015 2853 1194 2899 autem
1224 2849 1477 2917 percipit,
1517 2851 1643 2920 quid
1671 2852 1776 2908 sit:
1806 2834 1880 2910 ita
1910 2856 1978 2912 de

386 2924 569 2991 seipse
586 2926 922 2985 solummodo
947 2933 1155 3001 deﬁnit,
1183 2938 1309 3007 quia
1333 2949 1545 2995 creatus
1567 2953 1679 3010 est;
1706 2946 1977 3013 quomodo

388 3028 522 3068 vero
545 3016 627 3069 vel
652 3017 704 3071 in
727 3033 831 3086 qua
859 3022 1163 3080 substantia
1186 3029 1517 3087 substitutus
1543 3041 1645 3099 est,
1672 3034 1976 3108 intelligere

1189 293 1279 350 DE
1316 295 1652 356 DlYlSlO-NE
1688 297 2035 363 NA'TURAE.
2071 339 2143 350 ——
2179 310 2381 369 LIBER
2406 313 2804 378 «SECUNDUS.

375 397 521 465 ilius,
568 397 724 469 cujus
793 398 970 473 imago
1024 408 1107 457 est
1149 403 1202 494 ',
1259 406 1520 474 imitatur,
1566 427 1635 465 an
1683 412 1736 468 in
1782 414 1961 485 aliquo
1991 427 2131 482 Ae:
2176 424 2457 494 principali

3535 338 3643 399 886

2490 427 2530 461 ³⁷
2574 430 2747 487 forma
2778 434 2988 493 videtur
3026 441 3285 502 dividere.
3324 438 3478 508 'Mto.
3522 451 3640 520 Dic,

2064 513 2297 579 postulo,
2323 532 2462 584 quae
2483 519 2555 573 sit
2577 520 2686 576 illa.
2714 523 2860 579 Dtsc.
2885 527 3023 584 Num
3049 533 3093 567 ³⁸
3124 535 3216 591 tibi
3242 538 3453 593 videtur
3477 513 3644 608 parva

2064 601 2363 660 diﬁcrcntia
2399 608 2539 664 inter
2566 611 2710 667 illam
2736 628 3005 687 naturam,
3028 637 3167 692 quae
3195 601 3644 701 cognoscit-seip-

2064 705 2180 745 sam
2231 701 2288 748 et
2339 710 2485 765 esse,
2533 708 2589 754 et
2629 704 2757 772 quid
2783 706 2885 773 sit;
2934 718 2992 765 et
3041 710 3207 778 illam,
3234 732 3375 785 quae
3435 728 3643 775 tantum

2065 783 2344 849 cognoscit
2397 801 2456 842 se
2501 804 2651 858 esse,
2683 810 2788 849 non
2833 806 3012 854 autem
3061 783 3332 877 intelligit,
3380 810 3510 877 quid
3532 811 3649 867 sit?

2068 869 2346 941 Siquidem
2394 894 2500 934 non
2553 886 2794 954 negabis,
2853 902 2914 944 ut
2957 894 3206 957 aestimo,
3251 898 3425 967 ipsum
3473 903 3642 965 Deum
3704 926 3711 947 ι

2067 963 2307 1033 scipsum
2338 966 2676 1042 intelligere,
2720 979 2851 1047 quid
2880 982 2984 1049 sit;
3018 994 3228 1042 ceteras
3273 1006 3403 1046 vero
3430 1005 3648 1052 creatas

2068 1057 2333 1113 essentias
2400 1069 2455 1117 et
2510 1065 2845 1126 substantias
2889 1088 2949 1129 se
3010 1076 3155 1145 ipsas
3213 1097 3318 1137 non
3387 1101 3646 1156 negamus

2068 1144 2366 1217 intelligere
2412 1167 2518 1207 non
2573 1171 2751 1224 posse,
2796 1163 2924 1229 quid
2999 1144 3108 1221 sint
3158 1168 3220 1233 ¹⁹,
3250 1187 3320 1226 ne
3367 1144 3650 1232 videamur

2070 1234 2410 1296 Nazianzeno
2438 1243 2699 1317 Gregorio
2720 1248 2992 1322 Theologo
3011 1256 3356 1331 Nyssaeoque
3370 1267 3651 1333 praedicto

2071 1328 2117 1363 ¹⁰
2161 1330 2504 1401 impudenter
2552 1338 2832 1410 refragari,
2862 1346 2953 1413 qui
2985 1328 3318 1407 unanimiter
3339 1328 3507 1413 certis
3550 1371 3650 1429 ap-

2071 1422 2305 1489 probant
2330 1424 2375 1455 "
2403 1428 2725 1496 rationibus,
2759 1433 2959 1490 nullam
3006 1449 3248 1497 creatam
3286 1422 3648 1505 essentiam—a

2074 1523 2133 1565 se
2163 1509 2297 1580 ipsa,
2323 1513 2405 1568 vel
2446 1516 2515 1571 ab
2570 1518 2695 1583 alia,
2720 1525 2967 1590 quamvis
2997 1529 3208 1586 ratione
3238 1534 3322 1588 vel
3374 1534 3657 1599 intellectu

2072 1605 2336 1672 praedita,
2362 1623 2519 1678 posse
2553 1610 2789 1683 deﬁniri,
2831 1619 2959 1688 quid
2985 1620 3075 1674 sit.
3107 1624 3340 1681 Videsne
3383 1643 3513 1700 ergo
3536 1631 3652 1688 dis-

2072 1693 2483 1754 similitudinem
2516 1701 2767 1777 imaginis
2806 1709 3225 1785 principalisque
3248 1733 3383 1774 suae
3424 1720 3653 1787 formae,

2006 1783 2047 1842 Β
2078 1785 2180 1840 hoc
2205 1795 2307 1853 est,
2351 1789 2571 1847 humani
2602 1794 2906 1856 intellectus
2927 1811 2982 1857 et
3028 1783 3328 1866 conditoris
3368 1810 3486 1877 Dei,
3544 1828 3654 1869 nou

2073 1876 2246 1932 solum
2271 1879 2324 1933 in
2353 1882 2562 1939 ratione
2595 1888 2845 1958 subjecti,
2872 1909 3059 1950 verum
3109 1899 3272 1954 etiam
3306 1901 3358 1956 in
3387 1917 3475 1969 co,
3511 1907 3661 1974 quod

2072 1966 2185 2035 ipsa
2229 1970 2545 2041 principalis
2569 1977 2612 2012 ²²
2659 1976 2832 2034 forma
2859 1988 3156 2055 cognoscit,
3185 1989 3312 2060 quid
3338 1992 3410 2047 sit
3428 1966 3658 2066 ,iin-tago

2073 2073 2201 2113 vero
2248 2059 2294 2092 “
2336 2078 2435 2119 nec
2482 2078 2542 2120 se
2597 2065 2806 2137 ipsam,
2876 2074 3004 2142 quid
3060 2078 3153 2142 sit,
3206 2059 3320 2135 inec
3358 2096 3511 2137 suam
3543 2084 3657 2139 for-

2074 2166 2241 2220 mam,
2271 2168 2432 2223 quam
2462 2156 2724 2229 imitatur,
2777 2162 3207 2227 substantialiter
3247 2172 3473 2233 deﬁnire
3502 2176 3659 2238 inteb

2073 2242 2237 2314 tigna

2145 2378 2234 2435 28.
2265 2380 2403 2439 MAG.
2435 2384 2797 2448 Similitudi'ne
2825 2408 2986 2453 verae
3021 2398 3446 2460 ratibcl'nationis
3474 2403 3524 2438 “
3568 2406 3663 2462 de-

2075 2482 2291 2542 ceptum
2326 2485 2376 2530 te
2401 2492 2522 2533 esse
2550 2480 2725 2538 video.
2782 2483 2894 2541 Nec
2917 2487 3208 2545 immerito.
3235 2492 3347 2548 Nisi
3369 2495 3512 2550 enim
3534 2499 3663 2565 quis

2075 2578 2163 2629 ea,
2196 2567 2248 2621 in
2287 2568 2485 2637 quibus
2528 2571 2640 2627 falli
2690 2575 2909 2642 videris,
2945 2589 3104 2634 acute
3143 2597 3209 2638 ac
3249 2584 3532 2658 diligenter
3555 2588 3663 2641 cir-

2076 2660 2466 2729 eumspexerit,
2514 2678 2619 2717 non
2641 2664 2814 2719 solum
2838 2669 3173 2738 verisimilia,
3201 2674 3295 2729 sed
3322 2676 3488 2730 etiam
3530 2663 3667 2733 vera

2076 2761 2205 2800 esse
2237 2750 2589 2817 putabuntur.
2619 2755 3064 2826 Dtsc..Explices,
3109 2776 3311 2830 posco,
3347 2765 3456 2820 nhil
3483 2766 3671 2824 fallor.

2080 2835 2220 2893 MAG.
2266 2839 2403 2895 Num
2441 2843 2538 2897 tibi
2565 2845 2777 2900 videtur
2812 2847 2998 2904 divina
3024 2854 3257 2908 essentia
3282 2855 3490 2911 inﬁnita
3517 2871 3668 2923 esse,

2080 2943 2146 2981 an
2172 2929 2358 2985 ﬁnita?
2390 2933 2533 2988 Dtsc.
2568 2934 2706 2990 Hinc
2736 2937 2983 2994 dubitare
3010 2949 3066 2995 et
3086 2942 3309 3012 impittm
3352 2954 3409 3000 et
3438 2946 3661 3001 swltis‘

2081 3021 2274 3074 simum
2298 3030 2404 3087 est,
2437 3027 2754 3093 praesertim
2797 3045 2920 3083 eum
2949 3046 3053 3086 non
3081 3034 3338 3099 essentia,
3384 3038 3481 3092 sed
3519 3038 3666 3107 plus-

389 3120 500 3160 tton
523 3116 717 3173 potest.
736 3108 795 3164 Si
811 3112 976 3178 enim,
996 3116 1123 3183 quid
1138 3117 1230 3181 sit,
1253 3112 1434 3190 aliquo
1450 3123 1606 3177 modo
1627 3124 1971 3195 intelligeret,

2080 3127 2238 3181 quam
2306 3116 2582 3182 essentia,
2637 3129 2696 3173 et
2747 3123 3107 3178 essentiarum
3144 3126 3384 3182 omnium
3452 3129 3663 3184 inﬁnita

388 3198 698 3253 necessario
722 3215 751 3253 a
777 3203 1128 3261 similitudine
1155 3208 1198 3240 "
1221 3207 1493 3266 Creatoris
1519 3213 1758 3271 deviaret
1787 3236 1800 3270 :
1835 3230 1977 3291 Πρω-

383 3289 608 3348 τᾶτυπον
636 3295 848 3365 quippe,
904 3298 1006 3354 hoc
1039 3309 1142 3366 est,
1171 3303 1470 3374 principale
1496 3310 1803 3380 exemplum
1838 3312 1979 3368 Deus

377 3388 471 3433 est
517 3396 616 3450 per
642 3393 916 3453 naturam,
946 3389 1122 3462 imago
1143 3392 1285 3448 Deus
1306 3404 1391 3450 est
1420 3412 1516 3466 per
1537 3400 1800 3468 gratiam;
1837 3413 1981 3473 Πρω-

379 3469 599 3526 τὸτυπον
626 3473 943 3530 diﬁ'unditur
963 3493 1062 3546 per
1087 3482 1291 3548 omnia,
1331 3483 1658 3542 distribuens
1680 3487 1760 3543 eis
1797 3504 1980 3544 essen-

380 3560 547 3626 tiam;
571 3562 746 3634 imago
762 3563 880 3622 luce
898 3569 1105 3637 gratiae
1121 3582 1352 3647 purgata
1369 3576 1434 3641 ",
1461 3576 1779 3645 illuminata,
1797 3582 1976 3650 perfe-

379 3659 474 3704 cta
507 3666 604 3721 per
640 3654 820 3710 omnia
847 3657 1129 3728 discurrit,
1151 3677 1342 3719 eorum
1370 3665 1424 3721 in
1453 3668 1630 3738 seipsa
1651 3670 1979 3730 conﬁrmans

380 3740 432 3773 “
464 3743 735 3800 notitiam.
757 3750 1099 3824 Πρωτὸτνπον
1124 3755 1332 3821 omnia,
1358 3771 1498 3826 quae
1528 3758 1672 3825 fecit,
1705 3771 1976 3830 penetrat,

378 3848 491 3888 sua
536 3835 581 3867 "‘
624 3837 852 3913 singulis
904 3845 1199 3900 secundum
1229 3848 1503 3919 propriam
1555 3851 1981 3923 uniuscujusque

380 3924 698 3996 analogiam
726 3930 1004 3999 dividens;
1037 3933 1215 4007 imago
1241 3940 1423 3994 omnia
1471 3940 1683 4007 lustrat,
1713 3946 1978 4001 bonorum

378 4014 705 4081 largitorem
729 4031 797 4073 ex
835 4019 992 4078 donis
1044 4025 1158 4080 suis
1187 4026 1676 4088 innumerabilibus
1725 4035 1981 4093 omnibus

376 4106 695 4164 distributis
739 4111 985 4169 laudans.
1040 4116 1158 4173 Alia
1193 4119 1462 4190 siquidem
1508 4133 1633 4178 sunt
1685 4127 1821 4182 dona
1852 4128 1980 4182 sub-

371 4203 687 4269 stantialia,
711 4220 853 4276 quae
878 4209 1093 4278 proprie
1135 4214 1257 4266 data
1289 4213 1563 4280 dicuntur,
1600 4216 1704 4269 alia
1731 4219 1981 4273 substan-

378 4292 501 4349 tiae
540 4292 771 4362 adjecta.
805 4295 874 4351 Et
902 4300 1360 4366 qnemadmodum
1408 4305 1748 4378 πρωτὸτυπον
1791 4306 1979 4378 imagi-

374 4397 510 4436 nem
556 4397 710 4439 suam
734 4388 963 4453 creavit,
996 4389 1047 4443 in
1072 4406 1177 4461 qua
1207 4393 1453 4447 notitiam
1494 4395 1766 4465 quandam
1820 4397 1887 4451 de
1919 4409 1979 4456 se

2083 3217 2247 3258 causa
2287 3212 2342 3259 et
2368 3207 2513 3261 credi
2549 3208 2742 3263 debeat
2766 3219 2821 3265 et
2846 3212 3088 3284 intelligi,
3131 3225 3188 3270 et
3212 3233 3320 3272 non
3345 3218 3515 3273 solum
3543 3220 3667 3275 inﬁ-

2083 3295 2217 3358 nita,
2240 3294 2333 3350 sed
2372 3299 2611 3353 omnium
2643 3302 3000 3357 easentiarum
3029 3304 3362 3361 inﬁnitarum
3391 3308 3661 3374 inﬁnitas.

2080 3391 2136 3438 et
2174 3384 2457 3457 plusquam
2514 3388 2774 3446 inﬁnitas.
2823 3392 2963 3451 MAG.
3008 3394 3176 3451 Recte
3218 3398 3401 3467 itaque
3425 3401 3473 3433 ⁸⁵
3502 3409 3669 3471 atque

2081 3475 2376 3541 catholice;
2414 3481 2644 3538 omnino.
2660 3481 2824 3551 igitur
2852 3484 3059 3540 inﬁnita
3088 3494 3195 3543 est.
3216 3487 3360 3549 υνδε.
3390 3489 3665 3557 Ηοείῑθίίἱ,

2082 3578 2184 3617 nec
2240 3581 2325 3619 me
2370 3569 2609 3636 poenitet
2655 3571 2887 3639 dedisse,
2920 3576 3015 3630 sed
3067 3576 3669 3651 ﬁrmissimeapprobo,

2080 3651 2303 3708 omnino
2326 3654 2484 3710 aliter
2509 3674 2614 3714 non
2636 3664 2775 3716 esse.
2828 3661 2968 3718 MAG.
3011 3665 3166 3729 Vide,
3198 3682 3268 3722 ne
3312 3677 3367 3725 te
3393 3673 3662 3730 retrahas.

2082 3741 2231 3799 Dtsc.
2275 3743 2357 3799 Nil
2403 3745 2529 3804 inde
2574 3750 2979 3820 suspicandum.
3051 3755 3191 3814 Mss.
3236 3757 3441 3829 Itaque,
3491 3777 3670 3832 quan-

2081 3834 2149 3888 do
2194 3835 2630 3908 interrogamus,
2696 3841 2826 3917 quid
2896 3853 2984 3900 est
3028 3844 3133 3903 hoc
3176 3848 3261 3903 vel
3314 3850 3485 3917 illud,
3536 3868 3684 3907 nunt,

2084 3926 2177 3980 tibi
2227 3927 2474 3984 videmur
2518 3931 2663 3986 aliud
2723 3947 3006 4002 quaerere,
3069 3937 3176 3992 nisi
3250 3949 3347 3994 aut
3405 3939 3519 4007 jam
3565 3943 3667 3999 de~

2082 4016 2291 4072 ﬁnitam
2344 4022 2729 4098 substantiam,
2779 4034 2872 4080 aut
2912 4026 3128 4082 deﬁniri
3165 4029 3473 4089 valentem?
3512 4032 3677 4100 Dtsc.,

2083 4104 2197 4161 Non
2274 4107 2440 4165 aliud.
2503 4108 2619 4165 Hoc
2683 4112 2829 4167 enim
2884 4128 3102 4177 nomen,
3172 4116 3345 4183 quid,
3419 4118 3545 4171 dum
3593 4118 3670 4175 sit

2084 4199 2553 4271 interrogativum,
2622 4219 2727 4259 non
2806 4206 3063 4275 quaerit,
3136 4206 3244 4261 nisi
3294 4218 3356 4264 ut
3406 4207 3497 4262 illa
3536 4208 3671 4265 sub-

2082 4291 2279 4345 stantia
2309 4332 2325 4356 ,
2370 4307 2537 4361 quam
2592 4294 2843 4362 quaerit,
2902 4295 3300 4363 quodammodo
3354 4295 3664 4355 deﬁniatur.

2082 4382 2223 4441 MAG.
2263 4381 2324 4437 Si
2362 4397 2490 4454 ergo
2526 4399 2686 4439 nemo
2726 4384 3030 4453 sapientum
3077 4385 3402 4456 generaliter
3422 4385 3491 4440 de
3513 4388 3667 4446 omni

373 4472 727 4538 ostenderet;
764 4475 838 4529 ita
888 4477 1065 4550 imago
1123 4481 1415 4551 imaginem
1452 4483 1555 4543 sibi
1598 4485 1755 4552 fecit,
1780 4487 1833 4543 in
1866 4502 1970 4561 qua

2079 4476 2319 4531 essentia
2360 4476 2637 4547 'inquirit,
2671 4477 2802 4547 quid
2840 4478 2950 4544 sit,
2979 4478 3237 4549 quoniam
3293 4480 3506 4536 deliniri
3553 4496 3665 4538 non

374 4569 567 4617 motus
606 4577 733 4617 suos
798 4581 898 4636 per
949 4583 1010 4623 se
1056 4570 1299 4627 occultos
1342 4573 1728 4635 manifestaret.
1777 4578 1972 4650 Anima

376 4664 625 4721 namque
654 4654 835 4727 imago
885 4656 981 4713 Dei
1012 4667 1116 4724 est,
1144 4676 1347 4733 corpus
1371 4678 1505 4720 vero
1530 4664 1710 4739 imago
1738 4669 1979 4738 animae,

377 4742 700 4814 ceteraque,
734 4763 875 4817 quae
897 4750 965 4805 de
989 4751 1341 4810 similitudine
1363 4756 1612 4828 imaginis
1631 4760 1974 4832 intelligenda
1998 4800 2007 4807 -

381 4843 442 4887 et
491 4838 897 4905 pronuncianda
942 4850 1090 4897 sunt.
1137 4842 1216 4900 De
1244 4846 1438 4914 quibus
1487 4851 1734 4919 quisquis
1763 4853 1974 4922 plenius

384 4925 535 4978 scire
549 4925 592 4957 ¹⁶
604 4930 851 4997 voluerit,
867 4931 1008 5002 legat
1019 4932 1214 4988 librant
1229 4940 1399 4992 sancti
1413 4939 1657 5010 Gregorii
1674 4940 1895 5011 Nyssaei
1909 4944 1977 4997 de

386 5011 646 5097 imagine.
676 5018 821 5074 Dtsc.
848 5021 991 5078 Haec
1016 5023 1248 5080 libenter
1262 5027 1498 5097 accipio;
1529 5028 1625 5082 sed
1650 5029 1802 5084 video
1815 5030 1977 5091 aliam

426 5100 754 5161 itl'erentiam
780 5120 996 5183 praeter
1025 5114 1443 5173 substantialcm
1505 5130 1646 5189 uuae
1683 5118 1974 5190 imaginem

2079 4575 2276 4638 potest,
2306 4567 2402 4623 sed
2421 4582 2495 4627 ex
2530 4568 2958 4625 circumstantiis
2981 4569 3118 4637 suis,
3146 4570 3287 4626 intra
3315 4586 3453 4642 quas
3497 4570 3667 4630 veluti

2080 4657 2343 4713 terminos
2395 4657 2896 4726 circumscribitur,
2945 4659 3064 4717 loco
3111 4659 3236 4716 dico
3295 4670 3353 4719 et
3397 4670 3662 4733 tempore.

2080 4756 2284 4817 quanto
2320 4754 2378 4799 et
2427 4745 2608 4814 quali,
2646 4747 2944 4816 relatione,
2984 4750 3325 4821 copulatione
3368 4751 3437 4818 ⁸⁸,
3482 4761 3664 4816 statu,

2085 4845 2257 4900 motu,
2306 4835 2515 4905 habitu,
2540 4838 2869 4911 ceterisque
2895 4840 3285 4907 accidentibus,
3314 4843 3513 4912 quibus
3548 4843 3667 4911 ipsa

2080 4928 2290 4984 ratione
2329 4929 2554 5003 subjecti
2599 4930 2897 4988 substantia
2948 4933 2994 4967 ’τ
3059 4948 3156 5003 per
3217 4935 3448 5005 seipsam
3517 4933 3669 4989 inoo-

2080 5023 2231 5093 gnita
2296 5017 2758 5097 indeﬁnibilisqué
2820 5026 3165 5090 subsistens,
3224 5040 3347 5081 esse
3407 5035 3663 5085 tantum.

2081 5128 2186 5167 non
2238 5120 2416 5168 autem
2463 5112 2592 5182 quid
2637 5114 2729 5180 sit,
2786 5114 3165 5174 manifestatur
3208 5132 3220 5166 :
3267 5114 3388 5183 quis
3436 5113 3668 5171 Theolo-

1686 5308 1938 5365 \’AR1AE
1975 5311 2377 5370 LECTIONES.

459 5440 475 5471 ί
512 5440 554 5471 l‘
578 5440 734 5471 nuo:ne
767 5443 925 5471 ἱμείμηὶ

459 5440 475 5471 ¹
512 5440 554 5493 C
578 5440 737 5510 cujus
767 5443 1065 5514 imaginem.
1143 5447 1163 5477 ⁸
1202 5444 1238 5497 Α
1272 5456 1408 5499 vero.
1487 5445 1509 5477 ³
1539 5444 1580 5499 Α
1602 5455 1657 5501 et
1685 5447 1755 5499 in.

380 5509 657 5578 gniﬁonis.
734 5511 811 5583 ξι]
828 5514 1127 5583 imaginem.
1205 5516 1483 5571 'mtturam
1505 5516 1755 5570 etom.A.

386 5590 680 5653 purgaret._
738 5581 782 5612 “
806 5579 860 5653 (ἒ
882 5579 1247 5653 conformant.
1345 5587 1393 5618 ”
1419 5586 1460 5640 A
1490 5588 1627 5642 dona
1652 5603 1767 5641 sua.

386 5649 493 5701 εῑηι
512 5664 624 5729 ραι,
801 5651 850 5683 ’⁸
868 5648 1492 5738 Nyssacoquegrucdigto
1514 5656 1755 5738 οριηϐ...
1797 5658 1837 5688 ²¹

387 5719 568 5774 tionis.
644 5722 692 5753 ’⁵
723 5723 899 5793 itaque
921 5719 1029 5778 om.
1071 5719 1137 5779 A.
1212 5724 1258 5757 ¹⁶
1287 5726 1379 5783 Sic
1405 5728 1464 5783 C.
1541 5728 1584 5759 "
1614 5726 1657 5783 Δ
1701 5727 1971 5786 distantia.

1143 5447 1163 5477 ²
1202 5444 1238 5497 Α
1272 5456 1408 5499 vero.
1487 5445 1509 5477 ³
1539 5444 1580 5499 Α
1602 5455 1657 5501 et
1685 5447 1757 5499 in.
1836 5445 1856 5477 ³
1885 5445 1925 5500 C
1951 5465 2041 5511 per
2063 5462 2139 5502 se.
2219 5448 2239 5478 ⁸
2268 5444 2308 5500 Α
2345 5447 2541 5501 Notata
2568 5449 2739 5512 itaque
2758 5486 2771 5508 ,

1838 5517 1876 5547 '°
1888 5517 1988 5570 sibi
2000 5533 2107 5570 om.
2122 5519 2187 5571 Α.

3065 5445 3085 5477 ⁸
3108 5444 3151 5497 Α
3173 5445 3373 5497 habuit.
3450 5445 3471 5477 ⁷
3502 5443 3542 5502 C
3569 5460 3663 5500 co-

3076 5513 3488 5570 simtliludt’nem.
3565 5514 3667 5573 "C

2268 5445 2308 5500 Α
2345 5447 2541 5501 Notata
2568 5449 2771 5512 itaque,
2814 5445 2974 5515 quod.
3065 5445 3151 5497 Ἀ
3173 5445 3373 5525 habuit.
3450 5445 3471 5477 "

2268 5517 2305 5549 "
2323 5531 2369 5573 et
2385 5534 2489 5572 om.
2508 5519 2571 5571 Α.
2644 5518 2684 5548 ’³
2699 5516 2738 5570 C
2753 5514 3057 5569 necessario
3076 5514 3488 5570 similitudinem.

1849 5586 1891 5617 ¹⁶
1920 5588 1962 5640 Α
1989 5587 2123 5659 scire
2144 5588 2366 5658 plenius.
2444 5588 2483 5619 "
2524 5589 2564 5642 C
2593 5601 2657 5659 ex
2680 5585 3031 5659 principibus.
3095 5584 3139 5617 ⁸³
3169 5583 3209 5639 C
3238 5583 3390 5659 Non._
3457 5585 3666 5659 "__qttid

1797 5658 1837 5688 ²¹
1870 5658 1910 5709 t2
1940 5657 2210 5725 approbat.

2292 5660 2334 5690 ²⁹
2360 5656 2668 5731 principalis
2705 5671 2813 5713 om.
2847 5654 2912 5708 A.
2988 5654 3032 5686 ³³
3064 5671 3181 5711 vero
3210 5669 3318 5711 om.
3351 5656 3412 5712 Ο.
3484 5654 3667 5733 ’ᾔνεις
