4236 6274
396 284 504 345 589

1213 279 1304 338 DE
1342 278 1681 336 DlVlSlONE
1722 278 2073 336 NATURAE.
2112 309 2183 321 ——-
2218 277 2420 335 LIBER
2461 277 2847 337 SECUNDUS.

3566 272 3675 331 590

400 401 666 471 dictorum
711 396 954 454 omnium
1001 395 1266 467 quaedam
1307 396 1359 451 in
1385 396 1400 426 ¹
1430 395 1699 464 quandam
1725 393 1987 449 unitatem
2020 397 2065 461 Α
2096 391 2183 446 nia
2212 407 2438 462 corpora
2470 393 2835 457 continentur,
2868 391 3093 447 inferius
3121 400 3346 449 naturae
3370 408 3501 449 suae
3524 408 3675 450 men-

402 508 469 549 ex
523 491 705 545 multis
750 488 994 545 collectio
1030 487 1157 559 jure
1209 486 1585 541 aestimabitur
1631 499 1772 540 esse.
1829 481 1983 552 Quod

403 583 561 655 longe
586 583 749 639 distat
788 595 854 635 ex
886 579 1096 635 divinae
1134 587 1361 633 naturae
1393 576 1626 646 simplici
1670 576 1987 646 inﬁnitaque

405 673 655 737 veritate,
672 686 811 742 quae
835 668 968 725 nihil
994 669 1208 734 borum,
1233 682 1371 739 quae
1394 675 1542 747 sunt,
1568 666 1833 722 subsistit.
1867 666 1984 722 Non

406 764 551 821 enim
587 774 755 820 totum
789 768 906 826 est,
944 774 1120 829 neque
1148 774 1313 830 pars:
1351 766 1520 817 totum
1560 768 1738 815 tamen
1778 766 1835 813 et
1860 772 1989 826 pars

407 855 616 919 dicitur,
648 854 900 923 quoniam
939 853 1008 906 ab
1046 866 1110 906 ea
1134 865 1295 906 omne
1323 857 1493 904 totum
1532 856 1588 905 et
1628 850 1802 903 omnis
1837 865 1982 917 pars,

402 953 460 1002 et
481 944 657 999 omnia
691 952 799 997 tota
829 951 886 997 et
922 957 1116 997 omnes
1143 948 1325 1013 partes
1353 940 1570 996 condita
1600 948 1745 994 sunt.
1777 939 1983 995 Simili-

402 1047 679 1105 terncque
706 1049 878 1106 genus
911 1042 1035 1098 est,
1080 1048 1256 1103 neque
1298 1032 1495 1098 forma,
1536 1047 1710 1102 neque
1753 1033 1983 1101 species,

399 1142 576 1197 neque
626 1141 922 1192 numerus,
967 1140 1146 1194 neque
1186 1126 1362 1188 οὐσία,
1399 1125 1515 1179 sive
1555 1124 1985 1194 generalissima,

399 1220 517 1273 sive
542 1216 931 1287 specialissima
961 1214 1235 1269 subsistit:
1262 1222 1316 1268 et
1342 1223 1522 1268 tamen
1548 1213 1683 1268 haec
1709 1213 1889 1267 omnia
1920 1214 1986 1269 de

400 1328 467 1368 ea
500 1311 905 1382 praedicantur,
940 1309 1196 1379 quoniam
1222 1308 1291 1362 ab
1316 1324 1377 1363 ea
1403 1309 1728 1364 subsistendi
1763 1308 1985 1366 faettlla-

404 1414 514 1457 tem
541 1403 833 1471 accipiunt.
870 1399 979 1455 Nec
1012 1416 1117 1454 non
1155 1400 1480 1455 universitas
1509 1402 1700 1454 horum
1740 1400 1983 1456 omnium

402 1492 620 1557 dicitur,
641 1492 768 1545 dum
795 1492 956 1545 totius
977 1498 1256 1545 creaturae
1283 1488 1689 1545 universitatem
1721 1490 1985 1547 inﬁnitate

401 1596 536 1637 suae
556 1580 905 1636 excellentiae
927 1588 1166 1649 superat,
1192 1579 1446 1649 quoniam
1475 1578 1543 1635 ab
1568 1596 1630 1633 ea
1663 1579 1983 1636 universalis

401 1670 734 1725 universitas
756 1677 935 1723 creata
961 1676 1064 1723 cst.
1082 1668 1362 1736 Quomodo
1389 1668 1555 1737 igitur
1580 1668 1758 1723 divina
1790 1679 1980 1723 natura

2044 486 2047 489 ’
2087 500 2269 538 suram
2306 500 2409 538 non
2453 491 2629 553 potest
2667 483 2976 547 extendere,
3009 485 3131 554 quia
3162 485 3291 539 nihil
3320 484 3544 540 inferius
3566 495 3673 561 est,

2088 589 2189 626 nec
2215 572 2464 640 superius
2503 580 2679 642 potest
2718 572 3031 628 ascendere.
3060 573 3273 628 Finitnr
3304 575 3448 628 enim
3478 575 3528 629 in
3558 575 3678 646 ipso

2090 662 2235 716 vitali
2283 671 2433 717 motu
2462 702 2478 728 ,
2518 678 2624 732 quo
2672 662 2909 717 nutritur
2952 670 3008 718 et
3052 673 3314 734 augetur,
3354 678 3514 733 atque
3551 665 3676 722 ideo

2087 755 2226 808 ultra
2256 753 2426 824 ipsam
2470 772 2575 810 non
2616 757 2952 827 provehitur.
2987 757 3044 811 Si
3076 773 3203 810 vero
3250 757 3300 810 in
3343 757 3677 816 sublimitate

2086 843 2370 900 universae
2392 854 2676 901 creaturae
2700 846 2965 912 subsistit,
2986 860 3044 919 ut
3066 846 3445 903 intellectualis
3468 863 3669 922 cogno-

2085 947 2290 1002 scatur,
2323 937 2437 993 suis
2466 937 2663 994 ﬁnibus
2694 938 2932 993 coartari
2957 953 3181 994 necesse
3223 948 3328 993 est.
3376 939 3489 995 Non
3527 942 3672 999 enim

2083 1038 2262 1099 potest
2310 1030 2603 1085 ascendere
2653 1030 2705 1086 in
2759 1031 3003 1105 altiorem
3053 1046 3111 1087 se
3165 1042 3491 1099 creaturam,
3544 1018 3693 1104 quia.

2087 1120 2252 1176 altius
2275 1120 2366 1174 illo
2405 1119 2457 1174 in
2509 1120 2670 1175 rebus
2703 1121 2905 1176 creatis
2931 1121 3005 1176 nil
3031 1135 3152 1176 esse
3182 1122 3412 1178 videtur.
3442 1122 3671 1177 Inferius

2088 1210 2215 1266 item
2245 1226 2348 1265 non
2381 1218 2559 1281 potest
2585 1212 2786 1266 remitti
2815 1221 3037 1283 propter
3069 1223 3357 1281 sequentes
3396 1229 3454 1269 se
3495 1214 3671 1270 subsi‘

2087 1302 2334 1359 stentias.
2384 1301 2441 1357 Si
2478 1317 2613 1379 vero
2646 1302 2696 1356 in
2725 1304 2902 1359 medio
2943 1304 3229 1358 libramine
3256 1303 3432 1360 locum
3459 1305 3672 1362 obtine

2087 1399 2189 1455 ret,
2219 1406 2321 1446 nec
2343 1391 2409 1445 ad
2432 1390 2686 1446 inferiora
2717 1408 2774 1447 se
2797 1393 3065 1448 relaxaret
3090 1394 3135 1460 ",
3181 1410 3281 1450 nec
3304 1396 3370 1450 ad
3390 1380 3667 1468 superiora

2086 1496 2145 1535 se
2200 1481 2515 1536 extenderet
2560 1481 2602 1545 ⁸,
2651 1482 2745 1537 sed
2783 1483 3082 1538 naturalem
3128 1500 3283 1540 suum
3328 1488 3671 1560 mediumque

2085 1570 2353 1625 obtineret
2394 1580 2591 1625 statum
2631 1570 2677 1626 θ.
2715 1570 2791 1627 Ac
2836 1588 2933 1641 per
2974 1574 3074 1629 hoc
3119 1575 3262 1629 nulla
3288 1585 3536 1632 creatura
3562 1589 3670 1644 eat,

2088 1659 2203 1715 sive
2232 1660 2457 1716 visibilis
2481 1661 2593 1717 sive
2625 1661 2923 1729 invisibilis,
2955 1680 3094 1734 quae
3116 1681 3220 1719 non
3254 1666 3393 1723 intra
3412 1669 3669 1726 terminos

397 1763 631 1832 seipsam
663 1770 842 1832 potest
879 1760 1202 1831 intelligere,
1224 1760 1352 1830 quid
1395 1761 1487 1824 sit,
1515 1776 1639 1815 eum
1686 1760 1820 1816 nihil
1872 1762 1985 1821 sit?
2018 1745 2059 1805 Β
2088 1752 2337 1821 propriae
2357 1761 2581 1806 naturae
2608 1753 2660 1807 in
2690 1753 2868 1823 aliquo
2888 1764 3159 1811 coartetur
3188 1756 3230 1788 ¹⁰
3260 1756 3315 1812 in
3344 1774 3594 1815 mensura
3614 1772 3685 1823 et,

398 1852 634 1922 Superat
663 1852 808 1906 enim
838 1865 1020 1917 Ollllle,
1054 1851 1196 1920 quod
1236 1858 1348 1916 est,
1377 1852 1591 1919 quando
1630 1865 1731 1905 nec
1765 1851 1875 1921 ipsa
1901 1861 1986 1906 est

394 1956 539 2006 esse,
566 1941 659 1996 sed
684 1940 753 1995 ab
783 1941 895 2010 ipsa
926 1949 1010 1995 cst
1037 1955 1196 1994 omne
1217 1954 1362 2005 esse,
1389 1956 1527 2008 quae
1554 1954 1768 1993 omnem
1796 1956 1982 1995 essen-

403 2033 533 2086 tiam
562 2042 616 2087 et
640 2029 1218 2086 substantiam'virtute
1240 2046 1370 2084 suae
1405 2030 1757 2085 excellentiae
1793 2047 1895 2100 sup
1932 2047 1983 2086 r-

398 2123 619 2180 emittet.
692 2123 798 2177 Ant
818 2122 1085 2192 quomodo
1108 2120 1374 2176 inﬁnitum
1407 2129 1584 2191 potest
1613 2121 1661 2174 in
1681 2121 1862 2190 aliquo
1885 2122 1980 2177 de-

397 2205 540 2271 ﬁniri
570 2233 599 2270 a
623 2233 682 2271 se
706 2216 844 2285 ipso,
882 2216 962 2270 vel
986 2215 1038 2268 in
1061 2214 1241 2284 aliquo
1266 2213 1513 2284 intelligi,
1553 2231 1757 2269 cumse
1780 2230 1983 2286 cogno-

398 2321 516 2364 scat
542 2326 703 2380 super
726 2325 885 2364 omne
913 2308 1123 2362 ﬁnitum
1153 2316 1210 2361 et
1235 2306 1527 2369 inﬁnitum,
1554 2315 1608 2360 et
1635 2306 1897 2361 ﬁnitatem
1926 2315 1982 2361 et

397 2398 758 2455 inﬁnitatem?
783 2398 920 2452 Deus
946 2397 1309 2467 itaquenescit
1334 2412 1414 2459 se,
1436 2396 1564 2464 quid
1587 2406 1694 2461 est,
1724 2397 1849 2465 quia
1874 2411 1979 2450 nou

395 2498 485 2546 est
531 2489 694 2559 quid;
740 2486 1296 2557 incomprehensibilis
1343 2487 1542 2556 quippe
1585 2487 1638 2541 in
1691 2487 1871 2556 aliquo
1926 2496 1983 2542 et

395 2577 502 2634 sibi
542 2577 642 2648 ipsi
677 2585 731 2632 et
756 2578 902 2633 omni
957 2577 1267 2633 intellectui.
1312 2575 1378 2629 Et
1422 2592 1544 2631 cum
1576 2576 1596 2607 ²
1633 2576 1749 2647 ipsa
1782 2579 1982 2633 veritas

394 2666 718 2739 intelligibili
754 2682 889 2722 voce
925 2666 980 2721 in
1012 2666 1162 2737 puris
1206 2665 1565 2720 intellectibus
1605 2665 1739 2721 haec
1774 2666 1840 2721 de
1871 2665 1980 2721 Deo

394 2760 681 2827 verissime
701 2759 722 2791 ³
759 2758 867 2817 diei
887 2759 1207 2830 proclamat,
1233 2775 1391 2814 nemo
1413 2760 1499 2828 pie
1517 2760 1976 2835 cognoscentium,

398 2850 563 2920 inque
603 2851 786 2906 divina
835 2850 1092 2921 mysteria
1140 2850 1592 2917 introductorum,
1642 2849 1978 2911 audiensde

400 2940 532 3005 Deo,
558 2940 793 3010 seipsum
836 2939 1137 3009 intelligere
1177 2955 1283 2994 non
1324 2951 1503 3007 posse,
1540 2937 1666 3006 quid
1696 2938 1789 3013 sit,
1830 2937 1974 3003 aliud

399 3030 483 3084 def
504 3039 559 3084 et
577 3030 909 3094 existimare,
939 3029 1042 3084 nisi
1064 3029 1236 3097 ipsum
1259 3030 1450 3095 Deum,
1473 3029 1562 3099 qui
1584 3044 1688 3084 non
1710 3038 1794 3084 est
1820 3031 1971 3100 quid,

399 3120 622 3174 omnino
651 3117 975 3189 ignorare'in
1004 3133 1062 3173 se
1089 3117 1223 3186 ipso,
1254 3118 1394 3188 quod
1426 3119 1537 3188 ipse
1566 3134 1669 3171 non
1692 3127 1794 3189 est,
1825 3119 1970 3189 seip-
2002 3089 2047 3151 Ο

397 3221 521 3265 sum
547 3217 727 3265 autent
752 3225 857 3264 non
880 3210 1156 3282 cognoscit
1183 3209 1383 3279 aliquid
1411 3227 1547 3265 esse.
1578 3210 1756 3265 Nescit
1789 3211 1972 3280 igitur,

393 3297 526 3368 quid
558 3300 669 3368 ipse
696 3306 797 3363 est,
828 3298 928 3353 hoc
960 3306 1048 3353 est
1070 3338 1085 3364 ,
1115 3298 1287 3354 nescit
1315 3314 1374 3353 se
1402 3299 1530 3368 quid
1553 3314 1693 3366 esse,
1719 3303 1973 3370 quoniam

388 3390 700 3460 cognoscit,
730 3404 790 3443 se
831 3388 1035 3443 nullum
1069 3404 1253 3445 eorum
1277 3430 1294 3456 ,
1327 3406 1466 3459 quae
1494 3392 1548 3446 in
1579 3390 1757 3460 aliquo
1778 3408 1974 3464 cogno-

388 3492 636 3544 scuntur,
661 3490 715 3534 et
744 3481 812 3536 de
852 3481 1049 3551 quibus
1086 3490 1264 3552 potest
1291 3483 1398 3539 diei
1434 3484 1515 3538 vel
1554 3485 1815 3556 intelligi,
1844 3487 1974 3558 quid

387 3582 537 3637 sunt,
563 3589 630 3626 on
654 3572 784 3627 nino
806 3587 946 3628 esse.
982 3572 1115 3627 Nam
1140 3574 1185 3629 si
1218 3575 1270 3630 in
1300 3576 1483 3646 aliquo
1508 3578 1745 3647 seipsum
1774 3594 1975 3650 cogno-

387 3674 587 3727 sceret,
620 3679 722 3717 non
753 3664 974 3719 omnino
1005 3663 1270 3720 inﬁnitum
1297 3676 1353 3722 et
1376 3667 1972 3739 incomprehensibiletu

388 3752 944 3824 imtotninabilemque
975 3755 1212 3825 seipsum
1239 3756 1521 3812 iudicaret.
1561 3757 1629 3812 llt
1656 3761 1783 3829 quid
1808 3762 1975 3816 inter-

389 3860 589 3914 rogas,
622 3847 825 3917 inquit,
860 3865 1055 3904 nomen
1102 3851 1315 3905 meum?
1365 3851 1430 3905 Et
1468 3853 1570 3907 hoc
1610 3864 1692 3907 (st
1738 3871 1909 3924 genus
1952 3854 1974 3889 “

386 3936 662 3993 mirabile.
690 3938 796 3992 Aut
837 3956 1014 3994 nonne
1055 3941 1157 3995 hoc
1185 3957 1310 3996 vere
1352 3952 1436 3998 est
1479 3944 1722 3998 mirabile
1752 3962 1972 4013 nomen,

383 4027 540 4099 quod
581 4039 668 4084 est
701 4045 864 4100 super
903 4047 1061 4087 omne
1103 4048 1322 4097 nomen,
1370 4035 1512 4103 quod
1554 4035 1971 4104 innominabile,

380 4121 537 4190 quod
568 4121 714 4175 onmi
745 4122 1160 4191 supercollatum
1204 4125 1407 4178 nomini
1443 4127 1749 4187 nominato,
1779 4127 1891 4182 sive
1918 4127 1972 4183 in

378 4211 574 4268 seculo
610 4212 736 4277 hoc,
770 4213 885 4269 sive
919 4213 973 4268 in
1011 4213 1224 4269 futuro?
1261 4214 1321 4271 Si
1354 4231 1485 4287 ergo
1512 4217 1755 4287 increpat
1776 4232 1972 4273 nomen

380 4317 546 4357 suum
577 4317 862 4371 quaerere,
891 4306 1018 4374 quia
1049 4321 1212 4376 super
1245 4321 1407 4362 omne
1441 4321 1635 4361 nomen
1671 4316 1785 4372 est,
1816 4307 1971 4363 inno-

2090 1862 2317 1901 numero
2339 1856 2389 1903 et
2409 1846 2662 1917 pondere.
2695 1850 2834 1904 Dens
2860 1858 3036 1905 autem
3062 1850 3276 1906 innullo
3290 1868 3473 1908 eorum
3507 1855 3668 1911 intel-

2088 1936 2206 2009 ligit
2239 1953 2298 1993 se
2318 1952 2461 2002 esse,
2494 1939 2587 1993 sed
2616 1942 2911 2011 cognoscit,
2932 1957 2990 1998 se
3020 1958 3181 2012 supra
3210 1960 3399 2000 omnes
3423 1961 3546 2002 esse
3567 1962 3666 2002 na-

2090 2037 2244 2081 turae
2264 2028 2483 2084 ordines
2504 2028 2546 2061 “
2568 2045 2697 2084 suae
2718 2030 3013 2098 sapientiae
3032 2033 3371 2100 excellentia,
3387 2045 3443 2091 et
3467 2037 3604 2091 infra
3624 2038 3667 2070 “

2086 2119 2265 2173 omnia
2308 2133 2439 2175 suae
2469 2119 2681 2174 virtutis
2706 2119 3018 2187 altitudine,
3058 2130 3114 2176 et
3150 2125 3290 2178 intra
3328 2127 3507 2180 omnia
3537 2143 3669 2183 suae

2084 2213 2453 2283 providentiae
2480 2212 2898 2285 ininvestigabili
2935 2216 3359 2287 dispensatione,
3396 2229 3447 2276 et
3484 2224 3666 2278 omnis

2085 2304 2313 2371 ambire,
2338 2306 2462 2376 quia
2493 2306 2546 2359 in
2578 2307 2693 2376 ipso
2707 2317 2833 2363 sunt
2857 2310 3299 2373 omnia,etextra
3333 2314 3504 2383 ipsutu
3533 2316 3681 2372 nihil

2082 2405 2190 2450 est.
2222 2395 2381 2453 Solus
2407 2397 2551 2452 enim
2579 2397 2693 2468 ipse
2716 2407 2800 2454 est
2827 2415 3078 2456 mensura
3109 2402 3226 2457 sine
3263 2420 3538 2472 mensura,
3571 2424 3668 2462 nu-

2086 2502 2268 2549 merus
2297 2488 2416 2544 sine
2443 2503 2689 2556 numero,
2710 2490 2921 2560 pondus
2945 2491 3062 2546 sine
3085 2494 3340 2563 pondere.
3365 2496 3431 2550 Et
3453 2499 3664 2563 merito,

2083 2578 2210 2648 quia
2254 2595 2282 2633 a
2322 2577 2467 2634 nullo
2487 2620 2503 2644 ,
2536 2595 2638 2636 nec
2671 2596 2699 2634 a
2732 2581 2908 2653 seipse
2940 2594 3300 2650 mensuratnr,
3328 2598 3662 2653 numeratur,

2080 2671 2387 2734 ordinatur,
2420 2686 2521 2726 nec
2550 2672 2601 2725 in
2636 2672 2739 2726 ulla
2774 2687 3026 2729 mensura
3048 2716 3063 2740 ,
3092 2676 3144 2729 in
3174 2676 3281 2731 ullo
3318 2695 3575 2744 munero,
3607 2681 3664 2735 in

2083 2760 2192 2814 ullo
2220 2762 2409 2817 ordine
2435 2762 2682 2834 intelligit
2709 2779 2768 2819 se
2788 2779 2929 2831 esse,
2956 2766 3209 2835 quoniam
3234 2767 3285 2822 in
3308 2768 3454 2825 nullo
3474 2786 3663 2829 eorum

2081 2854 2514 2908 substantialiter
2540 2856 2869 2921 continetur,
2909 2874 3030 2914 cum
3065 2858 3212 2915 solus
3248 2875 3376 2916 vere
3404 2862 3460 2917 in
3490 2865 3664 2923 omni-

2081 2944 2183 3000 bus
2209 2961 2371 3015 supra
2408 2948 2589 3001 omnia
2621 2948 2865 3003 inﬁnitns
2894 2951 3110 3005 cxistat.
3147 2951 3216 3007 Et
3243 2969 3311 3008 ne
3335 2954 3468 3010 mihi
3497 2971 3663 3026 oppo-

2080 3052 2200 3103 nas,
2225 3053 2394 3106 quare
2419 3039 2671 3105 dixerim,
2698 3041 2943 3095 ordinem
2968 3058 3253 3113 corporum
3286 3044 3338 3099 in
3360 3045 3577 3104 altiores
3602 3063 3665 3104 se

2078 3139 2301 3183 naturas
2329 3130 2546 3185 extendi
2583 3129 2626 3161 “
2656 3146 2761 3186 non
2792 3130 2994 3194 valere,
3033 3149 3156 3188 cum
3197 3134 3500 3203 credamus,
3539 3154 3662 3192 oin-

2075 3216 2161 3271 nia
2188 3233 2419 3288 corpora
2441 3218 2492 3272 in
2526 3220 2873 3289 incorporeas
2901 3222 3190 3290 qualitates
3219 3234 3382 3295 atque
3401 3228 3656 3283 substan-

2076 3306 2179 3361 tias
2202 3320 2324 3362 csse
2362 3307 2673 3364 transitura.
2704 3309 2929 3376 Quando
2952 3311 3097 3366 enim
3137 3313 3240 3369 hoc
3278 3316 3404 3380 erit,
3432 3332 3669 3388 corpora

2074 3412 2198 3452 esse
2237 3399 2547 3455 cessabunt.
2600 3401 2792 3456 Adhuc
2832 3411 3015 3456 autem
3057 3402 3184 3456 dum
3239 3419 3463 3474 corpora
3509 3415 3663 3471 sunt,

2074 3505 2174 3545 nec
2194 3490 2239 3524 ⁸⁷⁵
2272 3490 2498 3549 inferius
2519 3508 2692 3562 neque
2720 3494 2967 3562 superius
2994 3510 3122 3548 suae
3148 3506 3371 3551 naturae
3395 3498 3657 3557 terminos

2072 3590 2300 3649 possunt
2328 3581 2650 3653 transgredi.
2684 3582 2759 3637 De
2797 3598 2900 3652 qua
2931 3593 3084 3654 parte
3110 3585 3502 3657 philosophiae,
3529 3589 3661 3644 dum

2074 3671 2140 3726 de
2176 3672 2349 3728 reditu
2391 3689 2571 3729 rerum
2602 3674 2656 3729 in
2683 3690 2879 3731 causas
2914 3676 3398 3744 considerabimus,
3429 3680 3658 3751 diligen-

2074 3761 2182 3816 tius
2209 3762 2550 3818 tractabitur.
2572 3763 2725 3820 Nune
2751 3774 2930 3820 autem
2959 3765 3023 3819 de
3049 3780 3135 3829 eo,
3170 3768 3312 3837 quod
3337 3771 3519 3835 instat,
3554 3771 3657 3827 hoc

2074 3862 2178 3916 est,
2211 3854 2352 3922 quod
2382 3855 2544 3919 Deus,
2587 3856 2715 3926 quid
2747 3857 2837 3922 sit,
2876 3873 2981 3911 non
3023 3857 3294 3927 intelligit.
3329 3860 3655 3917 intueamur.

2073 3944 2142 3998 Et
2170 3942 2212 3973 "
2238 3945 2305 3999 de
2329 3945 2433 4000 hoc
2472 3946 2616 4017 quod
2655 3963 2915 4001 conamur
2950 3952 3195 4009 suadere,
3225 3948 3353 4016 quid
3385 3950 3477 4003 tibi
3512 3951 3657 4005 vide-

2075 4044 2163 4090 tur
2202 4033 2267 4101 ¹⁶,
2297 4032 2401 4090 n'on
2450 4045 2504 4091 te
2546 4038 2744 4105 pudeat
2786 4037 2965 4091 fateri.
2998 4038 3139 4091 DISC.
3183 4037 3259 4089 De
3290 4038 3390 4092 hac
3421 4040 3659 4095 mirabili

2072 4126 2252 4180 divina
2269 4126 2590 4196 ignorantia,
2622 4142 2728 4195 qua
2752 4126 3008 4181 Deusnon
3027 4126 3292 4197 intelligit,
3316 4128 3445 4196 quid
3475 4129 3517 4159 "
3541 4129 3663 4197 ipse

2074 4219 2162 4278 sit.
2179 4233 2319 4289 quae
2332 4228 2427 4272 ate
2446 4218 2586 4273 dicta
2609 4217 3005 4286 sunt,quamvis
3018 4216 3329 4287 caliginosa,
3349 4232 3452 4271 non
3472 4226 3653 4273 tamen

2077 4309 2232 4371 falsa,
2255 4308 2350 4365 sed
2371 4323 2519 4371 vera,
2538 4308 2759 4377 verique
2776 4306 2971 4361 similia
2989 4307 3120 4360 mihi
3139 4307 3305 4365 videri
3330 4307 3520 4361 fateor.
3536 4306 3653 4364 Non

383 4392 669 4458 minabile,
706 4394 859 4464 quid,
908 4396 952 4449 si
989 4397 1116 4466 quis
1159 4407 1387 4466 quaerat
1426 4396 1544 4465 ejus
1587 4398 1970 4463 substantiam,
2005 4429 2052 4489 ο
2079 4402 2221 4455 enim
2246 4402 2462 4468 suades,
2477 4400 2646 4456 Deum
2664 4400 2899 4469 seipsum
2920 4398 3190 4469 ignorare,
3211 4398 3656 4455 sedsolunnnodo

380 4496 555 4553 quae,
606 4482 652 4536 si
696 4483 748 4536 in
794 4484 978 4553 aliquo
1017 4485 1170 4539 ﬁnito
1213 4497 1377 4550 esset,
1430 4486 1581 4541 ﬁnito
1619 4487 1837 4542 nomine
1869 4502 1973 4542 non

387 4574 647 4628 careret?
684 4573 955 4641 Quoniam
1003 4592 1133 4631 vero
1171 4577 1225 4631 in
1268 4577 1414 4632 nullo
1455 4578 1822 4643 substituitur,
1847 4578 1974 4650 quia

382 4662 633 4720 inﬁnitus
670 4666 821 4720 omni
863 4668 1231 4722 nominatione
1277 4677 1458 4734 caret,
1513 4669 1913 4724 iunominabilis
1951 4671 1973 4703 ⁸

384 4765 487 4819 est.
517 4753 691 4813 Omne
722 4756 1009 4826 siquidem,
1046 4759 1191 4827 quod
1236 4758 1291 4813 in
1337 4759 1517 4830 aliquo
1543 4761 1971 4816 substantialiter

387 4842 723 4915 intelligitur,
755 4846 832 4901 ita
861 4856 916 4902 ut
944 4852 1165 4920 proprie
1186 4850 1252 4904 de
1272 4865 1337 4905 eo
1358 4853 1697 4920 praedicetur
1718 4852 1844 4921 quid
1876 4852 1962 4915 sit,

389 4948 568 5001 neque
612 4938 825 4992 modum
886 4955 1063 5009 neque
1109 4956 1418 4998 mensuram
1473 4943 1724 4998 excedit:
1784 4943 1965 5012 aliquo

386 5038 627 5094 namque
651 5030 831 5094 modo,
858 5046 969 5099 quo
993 5032 1198 5097 linitur,
1222 5033 1791 5102 concluditur;aliqua
1817 5048 1964 5086 men-

384 5128 542 5183 aura,
570 5133 730 5186 quant
748 5137 1004 5192 superare
1033 5140 1139 5179 non
1167 5133 1365 5194 potest,
1397 5125 1629 5179 lineatur
1652 5124 1693 5178 ⁸.
1735 5124 1792 5180 Si
1818 5124 1962 5181 enim

382 5204 637 5262 inﬁmqu
664 5209 717 5264 in
743 5221 932 5268 natura
960 5229 1140 5270 rerum
1168 5216 1465 5271 obtinuerit
1494 5215 1689 5282 locum,
1718 5232 1823 5286 quo
1848 5230 1964 5270 om-

2078 4495 2352 4565 ignorare,
2389 4492 2519 4564 quid
2556 4492 2649 4549 sit.
2679 4492 2747 4547 Et
2777 4492 2971 4546 merito
2994 4531 3009 4554 ,
3057 4491 3181 4561 quia
3218 4505 3324 4545 non
3359 4498 3443 4546 est
3478 4491 3650 4562 quid;

2076 4582 2319 4638 inﬁnitus
2386 4582 2584 4652 quippe
2648 4591 2732 4634 est
2785 4588 2843 4634 et
2891 4579 2992 4634 sibi
3055 4578 3195 4649 ipsi,
3257 4587 3313 4633 et
3361 4579 3656 4647 omnibus,

2071 4688 2210 4742 quae
2238 4674 2305 4727 ab
2322 4688 2387 4725 eo
2411 4679 2555 4726 sunt.
2585 4671 2664 4725 Ac
2689 4686 2785 4740 per
2823 4670 2927 4724 itoc
2959 4671 3010 4724 in
3041 4670 3142 4726 hac
3169 4670 3354 4740 specie
3392 4669 3650 4740 ignoran-

2074 4764 2180 4821 tiae
2205 4762 2544 4831 apertissime
2589 4761 3059 4831 pulcherrimeque
3112 4777 3324 4817 summa
3355 4770 3411 4817 et
3457 4762 3646 4817 inelIa-

2070 4853 2195 4909 bilis
2218 4852 2425 4907 arridet
2455 4852 2742 4921 sapientia.
2788 4853 3022 4908 Stultum
3051 4853 3196 4907 enim
3226 4853 3320 4908 Dei
3349 4854 3650 4924 sapientius

2070 4954 2154 5000 est
2174 4945 2498 5001 hominibus.
2520 4943 2657 4998 Msa.
2678 4944 2816 5011 Quid
2836 4945 3037 5015 itaque?
3051 4943 3107 5000 Si
3122 4946 3242 5014 quis
3264 4944 3329 4999 de
3347 4944 3455 5000 Deo
3484 4947 3653 5000 inter-

2071 5039 2358 5109 rogaverit,
2381 5047 2618 5107 quantus
2640 5036 2721 5091 vel
2754 5037 2930 5107 qualis
2958 5039 3060 5097 sit,
3093 5054 3219 5091 num
3256 5037 3351 5092 tibi
3395 5046 3539 5091 recte
3569 5038 3648 5091 vi-

2071 5128 2285 5182 debitur
2309 5127 2655 5196 responderi,
2693 5136 2873 5183 mutus
2899 5137 2955 5182 et
2998 5127 3153 5180 talis?
3179 5126 3291 5179 Non
3338 5127 3479 5181 illam
3525 5128 3647 5182 dico

2046 5218 2431 5291 quantitatem
2458 5225 2511 5272 et
2547 5217 2886 5287 qualitatem,
2925 5218 2991 5270 de
3028 5232 3132 5283 qua
3173 5215 3437 5282 Propheta
3467 5214 3643 5269 dicit:

1584 5400 1588 5411 ι
1677 5370 1928 5426 VARIAE
1967 5369 2365 5427 LECTIONES.

456 5483 473 5514 ⁸
500 5480 750 5538 Ρι-ο-ὅηϐ
774 5484 870 5539 ita.
948 5485 969 5516 '
1006 5485 1049 5541 A
1073 5488 1138 5541 si.
1217 5486 1290 5539 'A
1329 5484 1586 5539 verissime
1620 5485 1684 5539 de
1727 5484 1854 5539 Deo.
1929 5485 1951 5515 ⁸

385 5553 565 5606 linea.
668 5554 690 5586 ⁷
727 5552 769 5607 Α
824 5554 1170 5611 relaxaretur.
1274 5556 1294 5588 ⁸
1340 5554 1386 5608 Α
1428 5555 1808 5609 exlenderelur.

390 5621 433 5652 “
494 5622 581 5676 Sic
629 5622 710 5688 C;
748 5624 794 5679 Α
822 5634 1043 5679 naturae
1076 5627 1282 5681 ordines
1320 5642 1451 5679 esse.

1990 5502 2152 5555 genus
2193 5498 2303 5538 om.
2345 5483 2407 5537 t3.

1931 5552 1951 5585 ⁹
1990 5549 2104 5610 ’θεά
2170 5556 2464 5610 naturalem
2517 5582 2587 5593 -—
2646 5549 2839 5605 stutum
2900 5565 3009 5603 om.
3066 5549 3127 5603 C.

1563 5624 1605 5655 ”
1637 5626 1728 5681 Sic
1767 5624 1875 5680 AC.
1908 5624 1951 5655 "
2000 5625 2040 5682 C
2074 5626 2368 5682 extendere.

3248 5480 3461 5534 nabilis.
3537 5480 3558 5512 ‘
3600 5480 3645 5539 (ἶ

3240 5548 3283 5579 ¹⁰
3333 5550 3374 5604 C
3415 5563 3639 5607 coercet.

2809 5621 2852 5650 ιι
2870 5618 3011 5690 quod
3040 5618 3176 5672 Deus
3211 5647 3282 5660 -—
3322 5619 3388 5690 Ιςι
3426 5625 3636 5679 om..C.

2487 5483 2509 5516 ⁸
2546 5480 2726 5552 conj.,
2753 5479 2839 5535 AC
2880 5481 3004 5550 quia
3039 5478 3461 5552 in_nomipahi_lis.

2448 5625 2491 5655 “'
2525 5624 2565 5676 C
2591 5637 2713 5673 non.

392 5691 434 5721 “
473 5691 563 5748 Sic
596 5694 669 5762 (Ζ,
707 5697 751 5751 Α
782 5693 1042 5751 Elutrum
1078 5698 1169 5749 tibi
1214 5696 1476 5769 probabile
1506 5696 1724 5764 videtur,
1752 5693 1892 5765 quod
1912 5711 2163 5752 conamur
2196 5697 2261 5751 de
2281 5698 2377 5751 hoc
2399 5696 2637 5756 suadere,
2663 5706 2763 5745 non
2786 5701 2834 5745 te
2850 5688 3042 5764 pudeat
3082 5698 3213 5765 cet._
3264 5690 3307 5723 ⁸⁷
3329 5688 3371 5745 C
3398 5694 3556 5762 quod.
