  <div class='ocr_page' id='page_1' title='image "/cluster/home/n/w/nwhite01/storage/ocr_20150623/122/pst.000018028355/333.png"; bbox 0 0 4236 6274; ppageno 0'>
   <div class='ocr_carea' id='block_1_1' title="bbox 552 302 661 369">
    <p class='ocr_par' dir='ltr' id='par_1_1' title="bbox 552 302 661 369">
     <span class='ocr_line' id='line_1_1' title="bbox 552 302 661 369; baseline -0.018 0"><span class='ocrx_word' id='word_1_1' title='bbox 552 302 661 369; x_wconf 65' lang='grc' dir='ltr'><strong>εει</strong></span> 
     </span>
    </p>
   </div>
   <div class='ocr_carea' id='block_1_2' title="bbox 1937 271 2523 365">
    <p class='ocr_par' dir='ltr' id='par_1_2' title="bbox 1937 271 2523 365">
     <span class='ocr_line' id='line_1_2' title="bbox 1937 271 2523 365; baseline -0.005 -1"><span class='ocrx_word' id='word_1_2' title='bbox 1937 305 2222 365; x_wconf 80' lang='lat' dir='ltr'><strong>JOANNIS</strong></span> <span class='ocrx_word' id='word_1_3' title='bbox 2256 304 2455 364; x_wconf 77' lang='lat' dir='ltr'><strong>soon</strong></span> <span class='ocrx_word' id='word_1_4' title='bbox 2515 271 2523 277; x_wconf 76' lang='grc'><strong>’</strong></span> 
     </span>
    </p>
   </div>
   <div class='ocr_carea' id='block_1_3' title="bbox 3720 298 3829 362">
    <p class='ocr_par' dir='ltr' id='par_1_3' title="bbox 3720 298 3829 362">
     <span class='ocr_line' id='line_1_3' title="bbox 3720 298 3829 362; baseline 0.037 -4"><span class='ocrx_word' id='word_1_5' title='bbox 3720 298 3829 362; x_wconf 63' lang='lat'><strong>59%</strong></span> 
     </span>
    </p>
   </div>
   <div class='ocr_carea' id='block_1_4' title="bbox 552 409 3829 499">
    <p class='ocr_par' dir='ltr' id='par_1_4' title="bbox 552 409 3829 499">
     <span class='ocr_line' id='line_1_4' title="bbox 552 409 3829 499; baseline -0.002 -21"><span class='ocrx_word' id='word_1_6' title='bbox 552 416 787 495; x_wconf 68' lang='lat' dir='ltr'><strong>Magnus</strong></span> <span class='ocrx_word' id='word_1_7' title='bbox 820 419 1077 477; x_wconf 75' lang='lat' dir='ltr'><strong>Dominus</strong></span> <span class='ocrx_word' id='word_1_8' title='bbox 1094 428 1143 477; x_wconf 80' lang='lat' dir='ltr'><strong>et</strong></span> <span class='ocrx_word' id='word_1_9' title='bbox 1163 418 1447 476; x_wconf 77' lang='lat' dir='ltr'><strong>laudabilis</strong></span> <span class='ocrx_word' id='word_1_10' title='bbox 1468 418 1646 485; x_wconf 83' lang='lat' dir='ltr'><strong>nimis,</strong></span> <span class='ocrx_word' id='word_1_11' title='bbox 1664 417 1736 474; x_wconf 72' lang='grc' dir='ltr'><strong>’σι’</strong></span> <span class='ocrx_word' id='word_1_12' title='bbox 1760 419 2135 499; x_wconf 62' lang='lat' dir='ltr'><strong>magnitudinis</strong></span> <span class='ocrx_word' id='word_1_13' title='bbox 2164 425 2210 486; x_wconf 82' lang='grc' dir='ltr'><strong>Α</strong></span> <span class='ocrx_word' id='word_1_14' title='bbox 2240 418 2451 475; x_wconf 88' lang='lat' dir='ltr'><strong>nullum</strong></span> <span class='ocrx_word' id='word_1_15' title='bbox 2481 415 2645 473; x_wconf 88' lang='lat' dir='ltr'><strong>situm</strong></span> <span class='ocrx_word' id='word_1_16' title='bbox 2667 409 3003 481; x_wconf 79' lang='lat' dir='ltr'><strong>babitumve,</strong></span> <span class='ocrx_word' id='word_1_17' title='bbox 3038 412 3242 470; x_wconf 88' lang='lat' dir='ltr'><strong>nullum</strong></span> <span class='ocrx_word' id='word_1_18' title='bbox 3264 412 3444 469; x_wconf 87' lang='lat' dir='ltr'><strong>locum</strong></span> <span class='ocrx_word' id='word_1_19' title='bbox 3466 427 3562 471; x_wconf 86' lang='lat' dir='ltr'><strong>seu</strong></span> <span class='ocrx_word' id='word_1_20' title='bbox 3595 421 3829 486; x_wconf 81' lang='lat' dir='ltr'><strong>tempus,</strong></span> 
     </span>
    </p>
   </div>
   <div class='ocr_carea' id='block_1_5' title="bbox 555 509 2141 585">
    <p class='ocr_par' dir='ltr' id='par_1_5' title="bbox 555 509 2141 585">
     <span class='ocr_line' id='line_1_5' title="bbox 555 509 2141 585; baseline -0.003 -18"><span class='ocrx_word' id='word_1_21' title='bbox 555 509 676 585; x_wconf 69' lang='lat' dir='ltr'><strong>ejus</strong></span> <span class='ocrx_word' id='word_1_22' title='bbox 698 529 803 567; x_wconf 84' lang='lat' dir='ltr'><strong>non</strong></span> <span class='ocrx_word' id='word_1_23' title='bbox 839 523 916 566; x_wconf 81' lang='lat' dir='ltr'><strong>est</strong></span> <span class='ocrx_word' id='word_1_24' title='bbox 936 511 1083 580; x_wconf 75' lang='lat' dir='ltr'><strong>ﬁnis.</strong></span> <span class='ocrx_word' id='word_1_25' title='bbox 1120 511 1272 576; x_wconf 79' lang='lat' dir='ltr'><strong>Vide,</strong></span> <span class='ocrx_word' id='word_1_26' title='bbox 1302 526 1467 582; x_wconf 90' lang='lat' dir='ltr'><strong>quam</strong></span> <span class='ocrx_word' id='word_1_27' title='bbox 1494 510 1601 564; x_wconf 90' lang='lat' dir='ltr'><strong>alte</strong></span> <span class='ocrx_word' id='word_1_28' title='bbox 1622 509 1933 582; x_wconf 80' lang='lat' dir='ltr'><strong>.Theologus</strong></span> <span class='ocrx_word' id='word_1_29' title='bbox 1966 510 2141 579; x_wconf 50' lang='lat' dir='ltr'><strong>loquis</strong></span> 
     </span>
    </p>
   </div>
   <div class='ocr_carea' id='block_1_6' title="bbox 556 600 2140 673">
    <p class='ocr_par' dir='ltr' id='par_1_6' title="bbox 556 600 2140 673">
     <span class='ocr_line' id='line_1_6' title="bbox 556 600 2140 673; baseline 0 -18"><span class='ocrx_word' id='word_1_30' title='bbox 556 601 959 672; x_wconf 70' lang='lat' dir='ltr'><strong>turzllagmts,</strong></span> <span class='ocrx_word' id='word_1_31' title='bbox 1002 601 1201 671; x_wconf 92' lang='lat' dir='ltr'><strong>inquit,</strong></span> <span class='ocrx_word' id='word_1_32' title='bbox 1235 600 1510 657; x_wconf 76' lang='lat' dir='ltr'><strong>Dominus.</strong></span> <span class='ocrx_word' id='word_1_33' title='bbox 1550 601 1657 658; x_wconf 89' lang='lat' dir='ltr'><strong>Sed</strong></span> <span class='ocrx_word' id='word_1_34' title='bbox 1707 619 1776 658; x_wconf 90' lang='lat' dir='ltr'><strong>ne</strong></span> <span class='ocrx_word' id='word_1_35' title='bbox 1819 602 1940 673; x_wconf 89' lang='lat' dir='ltr'><strong>quis</strong></span> <span class='ocrx_word' id='word_1_36' title='bbox 1988 601 2140 656; x_wconf 84' lang='lat' dir='ltr'><strong>ﬁnita</strong></span> 
     </span>
    </p>
   </div>
   <div class='ocr_carea' id='block_1_7' title="bbox 557 690 2139 761">
    <p class='ocr_par' dir='ltr' id='par_1_7' title="bbox 557 690 2139 761">
     <span class='ocr_line' id='line_1_7' title="bbox 557 690 2139 761; baseline 0.001 -16"><span class='ocrx_word' id='word_1_37' title='bbox 557 692 861 761; x_wconf 87' lang='lat' dir='ltr'><strong>quantitate</strong></span> <span class='ocrx_word' id='word_1_38' title='bbox 895 705 1020 746; x_wconf 91' lang='lat' dir='ltr'><strong>eum</strong></span> <span class='ocrx_word' id='word_1_39' title='bbox 1066 690 1210 745; x_wconf 89' lang='lat' dir='ltr'><strong>ﬁniri</strong></span> <span class='ocrx_word' id='word_1_40' title='bbox 1244 699 1483 760; x_wconf 75' lang='lat' dir='ltr'><strong>putaret,</strong></span> <span class='ocrx_word' id='word_1_41' title='bbox 1534 690 1791 748; x_wconf 85' lang='lat' dir='ltr'><strong>continuo</strong></span> <span class='ocrx_word' id='word_1_42' title='bbox 1831 691 1980 746; x_wconf 83' lang='lat' dir='ltr'><strong>addit</strong></span> <span class='ocrx_word' id='word_1_43' title='bbox 2024 708 2039 746; x_wconf 87' lang='lat'><strong>:</strong></span> <span class='ocrx_word' id='word_1_44' title='bbox 2088 701 2139 746; x_wconf 81' lang='lat' dir='ltr'><strong>et</strong></span> 
     </span>
    </p>
   </div>
   <div class='ocr_carea' id='block_1_8' title="bbox 555 780 2140 852">
    <p class='ocr_par' dir='ltr' id='par_1_8' title="bbox 555 780 2140 852">
     <span class='ocr_line' id='line_1_8' title="bbox 555 780 2140 852; baseline 0 -17"><span class='ocrx_word' id='word_1_45' title='bbox 555 780 935 852; x_wconf 77' lang='lat' dir='ltr'><strong>magnitudinis</strong></span> <span class='ocrx_word' id='word_1_46' title='bbox 964 780 1077 850; x_wconf 79' lang='lat' dir='ltr'><strong>ejus</strong></span> <span class='ocrx_word' id='word_1_47' title='bbox 1108 799 1213 834; x_wconf 84' lang='lat' dir='ltr'><strong>non</strong></span> <span class='ocrx_word' id='word_1_48' title='bbox 1241 790 1316 834; x_wconf 80' lang='lat' dir='ltr'><strong>est</strong></span> <span class='ocrx_word' id='word_1_49' title='bbox 1347 781 1492 849; x_wconf 78' lang='lat' dir='ltr'><strong>ﬁnis.</strong></span> <span class='ocrx_word' id='word_1_50' title='bbox 1531 780 1685 849; x_wconf 83' lang='lat' dir='ltr'><strong>Item,</strong></span> <span class='ocrx_word' id='word_1_51' title='bbox 1722 796 1789 837; x_wconf 91' lang='lat' dir='ltr'><strong>ne</strong></span> <span class='ocrx_word' id='word_1_52' title='bbox 1815 782 1938 852; x_wconf 86' lang='lat' dir='ltr'><strong>quis</strong></span> <span class='ocrx_word' id='word_1_53' title='bbox 1965 780 2140 850; x_wconf 82' lang='lat' dir='ltr'><strong>quali-</strong></span> 
     </span>
    </p>
   </div>
   <div class='ocr_carea' id='block_1_9' title="bbox 556 869 2137 940">
    <p class='ocr_par' dir='ltr' id='par_1_9' title="bbox 556 869 2137 940">
     <span class='ocr_line' id='line_1_9' title="bbox 556 869 2137 940; baseline 0 -17"><span class='ocrx_word' id='word_1_54' title='bbox 556 878 722 924; x_wconf 80' lang='lat' dir='ltr'><strong>tatem</strong></span> <span class='ocrx_word' id='word_1_55' title='bbox 753 869 959 923; x_wconf 88' lang='lat' dir='ltr'><strong>ﬁnitam</strong></span> <span class='ocrx_word' id='word_1_56' title='bbox 988 871 1044 924; x_wconf 91' lang='lat' dir='ltr'><strong>in</strong></span> <span class='ocrx_word' id='word_1_57' title='bbox 1080 882 1285 926; x_wconf 88' lang='lat' dir='ltr'><strong>eoesse</strong></span> <span class='ocrx_word' id='word_1_58' title='bbox 1309 871 1645 940; x_wconf 80' lang='lat' dir='ltr'><strong>opinaretur,</strong></span> <span class='ocrx_word' id='word_1_59' title='bbox 1683 886 1793 926; x_wconf 87' lang='lat' dir='ltr'><strong>non</strong></span> <span class='ocrx_word' id='word_1_60' title='bbox 1831 870 1968 926; x_wconf 79' lang='lat' dir='ltr'><strong>dixit</strong></span> <span class='ocrx_word' id='word_1_61' title='bbox 2003 869 2137 925; x_wconf 90' lang='lat' dir='ltr'><strong>sim-</strong></span> 
     </span>
    </p>
   </div>
   <div class='ocr_carea' id='block_1_10' title="bbox 553 958 2141 1031">
    <p class='ocr_par' dir='ltr' id='par_1_10' title="bbox 553 958 2141 1031">
     <span class='ocr_line' id='line_1_10' title="bbox 553 958 2141 1031; baseline 0 -16"><span class='ocrx_word' id='word_1_62' title='bbox 553 958 771 1028; x_wconf 79' lang='lat' dir='ltr'><strong>].liciter</strong></span> <span class='ocrx_word' id='word_1_63' title='bbox 810 968 859 1014; x_wconf 81' lang='lat' dir='ltr'><strong>et</strong></span> <span class='ocrx_word' id='word_1_64' title='bbox 907 958 1214 1026; x_wconf 78' lang='lat' dir='ltr'><strong>laudabilis,</strong></span> <span class='ocrx_word' id='word_1_65' title='bbox 1264 959 1359 1014; x_wconf 88' lang='lat' dir='ltr'><strong>sed</strong></span> <span class='ocrx_word' id='word_1_66' title='bbox 1400 960 1719 1031; x_wconf 79' lang='lat' dir='ltr'><strong>subjunx&#39;it:</strong></span> <span class='ocrx_word' id='word_1_67' title='bbox 1753 962 1941 1027; x_wconf 84' lang='lat' dir='ltr'><strong>nimis;</strong></span> <span class='ocrx_word' id='word_1_68' title='bbox 1976 960 2141 1015; x_wconf 89' lang='lat' dir='ltr'><strong>nimis</strong></span> 
     </span>
    </p>
   </div>
   <div class='ocr_carea' id='block_1_11' title="bbox 553 1048 2138 1120">
    <p class='ocr_par' dir='ltr' id='par_1_11' title="bbox 553 1048 2138 1120">
     <span class='ocr_line' id='line_1_11' title="bbox 553 1048 2138 1120; baseline 0.002 -19"><span class='ocrx_word' id='word_1_69' title='bbox 553 1055 739 1105; x_wconf 82' lang='lat' dir='ltr'><strong>autem</strong></span> <span class='ocrx_word' id='word_1_70' title='bbox 781 1048 1000 1113; x_wconf 89' lang='lat' dir='ltr'><strong>dicitur,</strong></span> <span class='ocrx_word' id='word_1_71' title='bbox 1036 1049 1182 1120; x_wconf 88' lang='lat' dir='ltr'><strong>quod</strong></span> <span class='ocrx_word' id='word_1_72' title='bbox 1219 1063 1437 1104; x_wconf 86' lang='lat' dir='ltr'><strong>omnem</strong></span> <span class='ocrx_word' id='word_1_73' title='bbox 1477 1050 1698 1105; x_wconf 89' lang='lat' dir='ltr'><strong>modum</strong></span> <span class='ocrx_word' id='word_1_74' title='bbox 1737 1051 1973 1105; x_wconf 81' lang='lat' dir='ltr'><strong>excedit.</strong></span> <span class='ocrx_word' id='word_1_75' title='bbox 2021 1049 2138 1104; x_wconf 81' lang='lat' dir='ltr'><strong>Non</strong></span> 
     </span>
    </p>
   </div>
   <div class='ocr_carea' id='block_1_12' title="bbox 553 1137 2138 1210">
    <p class='ocr_par' dir='ltr' id='par_1_12' title="bbox 553 1137 2138 1210">
     <span class='ocr_line' id='line_1_12' title="bbox 553 1137 2138 1210; baseline 0.003 -17"><span class='ocrx_word' id='word_1_76' title='bbox 553 1137 702 1194; x_wconf 81' lang='lat' dir='ltr'><strong>illam</strong></span> <span class='ocrx_word' id='word_1_77' title='bbox 736 1139 938 1209; x_wconf 85' lang='lat' dir='ltr'><strong>itaque,</strong></span> <span class='ocrx_word' id='word_1_78' title='bbox 968 1149 1029 1194; x_wconf 89' lang='lat' dir='ltr'><strong>ut</strong></span> <span class='ocrx_word' id='word_1_79' title='bbox 1054 1139 1190 1206; x_wconf 85' lang='lat' dir='ltr'><strong>dixi,</strong></span> <span class='ocrx_word' id='word_1_80' title='bbox 1215 1140 1572 1210; x_wconf 84' lang='lat' dir='ltr'><strong>quantitatem</strong></span> <span class='ocrx_word' id='word_1_81' title='bbox 1597 1139 1863 1195; x_wconf 89' lang='lat' dir='ltr'><strong>inﬁnitam</strong></span> <span class='ocrx_word' id='word_1_82' title='bbox 1883 1141 2138 1207; x_wconf 78' lang='lat' dir='ltr'><strong>nomino,</strong></span> 
     </span>
    </p>
   </div>
   <div class='ocr_carea' id='block_1_13' title="bbox 554 1231 2139 1303">
    <p class='ocr_par' dir='ltr' id='par_1_13' title="bbox 554 1231 2139 1303">
     <span class='ocr_line' id='line_1_13' title="bbox 554 1231 2139 1303; baseline 0.001 -17"><span class='ocrx_word' id='word_1_83' title='bbox 554 1246 662 1287; x_wconf 85' lang='lat' dir='ltr'><strong>nec</strong></span> <span class='ocrx_word' id='word_1_84' title='bbox 695 1231 841 1286; x_wconf 87' lang='lat' dir='ltr'><strong>illam</strong></span> <span class='ocrx_word' id='word_1_85' title='bbox 865 1231 1201 1303; x_wconf 85' lang='lat' dir='ltr'><strong>qualitatem,</strong></span> <span class='ocrx_word' id='word_1_86' title='bbox 1227 1248 1368 1303; x_wconf 90' lang='lat' dir='ltr'><strong>quae</strong></span> <span class='ocrx_word' id='word_1_87' title='bbox 1396 1239 1481 1288; x_wconf 88' lang='lat' dir='ltr'><strong>est</strong></span> <span class='ocrx_word' id='word_1_88' title='bbox 1504 1232 1698 1297; x_wconf 85' lang='lat' dir='ltr'><strong>nimis;</strong></span> <span class='ocrx_word' id='word_1_89' title='bbox 1729 1233 1865 1288; x_wconf 87' lang='lat' dir='ltr'><strong>haec</strong></span> <span class='ocrx_word' id='word_1_90' title='bbox 1905 1247 2139 1302; x_wconf 85' lang='lat' dir='ltr'><strong>namque</strong></span> 
     </span>
    </p>
   </div>
   <div class='ocr_carea' id='block_1_14' title="bbox 550 1315 2140 1394">
    <p class='ocr_par' dir='ltr' id='par_1_14' title="bbox 550 1315 2140 1394">
     <span class='ocr_line' id='line_1_14' title="bbox 550 1315 2140 1394; baseline 0.001 -18"><span class='ocrx_word' id='word_1_91' title='bbox 550 1319 700 1376; x_wconf 61' lang='lat' dir='ltr'><strong>noni</strong></span> <span class='ocrx_word' id='word_1_92' title='bbox 728 1319 1022 1391; x_wconf 73' lang='lat' dir='ltr'><strong>incongrue</strong></span> <span class='ocrx_word' id='word_1_93' title='bbox 1042 1321 1110 1377; x_wconf 90' lang='lat' dir='ltr'><strong>de</strong></span> <span class='ocrx_word' id='word_1_94' title='bbox 1140 1321 1249 1376; x_wconf 89' lang='lat' dir='ltr'><strong>Deo</strong></span> <span class='ocrx_word' id='word_1_95' title='bbox 1266 1323 1604 1394; x_wconf 79' lang='lat' dir='ltr'><strong>cogitantur;</strong></span> <span class='ocrx_word' id='word_1_96' title='bbox 1633 1322 1728 1377; x_wconf 90' lang='lat' dir='ltr'><strong>sed</strong></span> <span class='ocrx_word' id='word_1_97' title='bbox 1755 1315 2070 1393; x_wconf 79' lang='lat' dir='ltr'><strong>qualitatem</strong></span> <span class='ocrx_word' id='word_1_98' title='bbox 2084 1332 2140 1378; x_wconf 90' lang='lat' dir='ltr'><strong>et</strong></span> 
     </span>
    </p>
   </div>
   <div class='ocr_carea' id='block_1_15' title="bbox 551 1410 2137 1482">
    <p class='ocr_par' dir='ltr' id='par_1_15' title="bbox 551 1410 2137 1482">
     <span class='ocr_line' id='line_1_15' title="bbox 551 1410 2137 1482; baseline 0.001 -17"><span class='ocrx_word' id='word_1_99' title='bbox 551 1410 934 1480; x_wconf 85' lang='lat' dir='ltr'><strong>quantitatem,</strong></span> <span class='ocrx_word' id='word_1_100' title='bbox 954 1426 1097 1482; x_wconf 87' lang='lat' dir='ltr'><strong>quae</strong></span> <span class='ocrx_word' id='word_1_101' title='bbox 1120 1413 1415 1469; x_wconf 87' lang='lat' dir='ltr'><strong>secundum</strong></span> <span class='ocrx_word' id='word_1_102' title='bbox 1448 1412 1701 1468; x_wconf 89' lang='lat' dir='ltr'><strong>accidens</strong></span> <span class='ocrx_word' id='word_1_103' title='bbox 1717 1412 1771 1467; x_wconf 90' lang='lat' dir='ltr'><strong>in</strong></span> <span class='ocrx_word' id='word_1_104' title='bbox 1793 1411 2036 1480; x_wconf 82' lang='lat' dir='ltr'><strong>subjecto</strong></span> <span class='ocrx_word' id='word_1_105' title='bbox 2057 1412 2137 1467; x_wconf 90' lang='lat' dir='ltr'><strong>di-</strong></span> 
     </span>
    </p>
   </div>
   <div class='ocr_carea' id='block_1_16' title="bbox 550 1500 2140 1574">
    <p class='ocr_par' dir='ltr' id='par_1_16' title="bbox 550 1500 2140 1574">
     <span class='ocr_line' id='line_1_16' title="bbox 550 1500 2140 1574; baseline 0.001 -19"><span class='ocrx_word' id='word_1_106' title='bbox 550 1508 768 1558; x_wconf 88' lang='lat' dir='ltr'><strong>cuntur.</strong></span> <span class='ocrx_word' id='word_1_107' title='bbox 786 1500 930 1558; x_wconf 79' lang='lat' dir='ltr'><strong>DISC.</strong></span> <span class='ocrx_word' id='word_1_108' title='bbox 948 1502 1064 1558; x_wconf 76' lang='lat' dir='ltr'><strong>Nm</strong></span> <span class='ocrx_word' id='word_1_109' title='bbox 1089 1512 1234 1559; x_wconf 89' lang='lat' dir='ltr'><strong>recte</strong></span> <span class='ocrx_word' id='word_1_110' title='bbox 1255 1504 1491 1574; x_wconf 86' lang='lat' dir='ltr'><strong>quidem.</strong></span> <span class='ocrx_word' id='word_1_111' title='bbox 1512 1502 1615 1559; x_wconf 91' lang='lat' dir='ltr'><strong>Ubi</strong></span> <span class='ocrx_word' id='word_1_112' title='bbox 1632 1503 1775 1571; x_wconf 88' lang='lat' dir='ltr'><strong>enim</strong></span> <span class='ocrx_word' id='word_1_113' title='bbox 1805 1518 1911 1558; x_wconf 89' lang='lat' dir='ltr'><strong>non</strong></span> <span class='ocrx_word' id='word_1_114' title='bbox 1931 1502 2140 1558; x_wconf 86' lang='lat' dir='ltr'><strong>inveni-</strong></span> 
     </span>
    </p>
   </div>
   <div class='ocr_carea' id='block_1_17' title="bbox 547 1592 2135 1660">
    <p class='ocr_par' dir='ltr' id='par_1_17' title="bbox 547 1592 2135 1660">
     <span class='ocr_line' id='line_1_17' title="bbox 547 1592 2135 1660; baseline -0.001 -13"><span class='ocrx_word' id='word_1_115' title='bbox 547 1600 643 1647; x_wconf 82' lang='lat' dir='ltr'><strong>tur</strong></span> <span class='ocrx_word' id='word_1_116' title='bbox 668 1592 890 1647; x_wconf 90' lang='lat' dir='ltr'><strong>deﬁnita</strong></span> <span class='ocrx_word' id='word_1_117' title='bbox 918 1594 1239 1660; x_wconf 78' lang='lat' dir='ltr'><strong>substantia,</strong></span> <span class='ocrx_word' id='word_1_118' title='bbox 1275 1594 1382 1660; x_wconf 85' lang='lat' dir='ltr'><strong>vel,</strong></span> <span class='ocrx_word' id='word_1_119' title='bbox 1412 1601 1472 1647; x_wconf 89' lang='lat' dir='ltr'><strong>ut</strong></span> <span class='ocrx_word' id='word_1_120' title='bbox 1510 1593 1583 1648; x_wconf 90' lang='lat' dir='ltr'><strong>ita</strong></span> <span class='ocrx_word' id='word_1_121' title='bbox 1613 1592 1789 1648; x_wconf 88' lang='lat' dir='ltr'><strong>dicam</strong></span> <span class='ocrx_word' id='word_1_122' title='bbox 1809 1633 1825 1659; x_wconf 92' lang='lat'><strong>,</strong></span> <span class='ocrx_word' id='word_1_123' title='bbox 1849 1592 2135 1647; x_wconf 81' lang='lat' dir='ltr'><strong>deﬁnitum</strong></span> 
     </span>
    </p>
   </div>
   <div class='ocr_carea' id='block_1_18' title="bbox 550 1680 2139 1753">
    <p class='ocr_par' dir='ltr' id='par_1_18' title="bbox 550 1680 2139 1753">
     <span class='ocr_line' id='line_1_18' title="bbox 550 1680 2139 1753; baseline 0 -16"><span class='ocrx_word' id='word_1_124' title='bbox 550 1680 879 1751; x_wconf 78' lang='lat' dir='ltr'><strong>subjectum,</strong></span> <span class='ocrx_word' id='word_1_125' title='bbox 902 1681 973 1736; x_wconf 88' lang='lat' dir='ltr'><strong>ibi</strong></span> <span class='ocrx_word' id='word_1_126' title='bbox 1000 1684 1357 1752; x_wconf 85' lang='lat' dir='ltr'><strong>quantitatem</strong></span> <span class='ocrx_word' id='word_1_127' title='bbox 1388 1684 1487 1739; x_wconf 62' lang='lat' dir='ltr'><strong>’et</strong></span> <span class='ocrx_word' id='word_1_128' title='bbox 1522 1682 1838 1753; x_wconf 81' lang='lat' dir='ltr'><strong>qualitatem</strong></span> <span class='ocrx_word' id='word_1_129' title='bbox 1873 1696 2139 1753; x_wconf 86' lang='lat' dir='ltr'><strong>quaerere</strong></span> 
     </span>
    </p>
   </div>
   <div class='ocr_carea' id='block_1_19' title="bbox 2240 506 3838 579">
    <p class='ocr_par' dir='ltr' id='par_1_19' title="bbox 2240 506 3838 579">
     <span class='ocr_line' id='line_1_19' title="bbox 2240 506 3838 579; baseline -0.004 -12"><span class='ocrx_word' id='word_1_130' title='bbox 2240 511 2446 567; x_wconf 82' lang='lat' dir='ltr'><strong>nullum</strong></span> <span class='ocrx_word' id='word_1_131' title='bbox 2496 525 2659 579; x_wconf 86' lang='lat' dir='ltr'><strong>agere</strong></span> <span class='ocrx_word' id='word_1_132' title='bbox 2696 509 2782 565; x_wconf 87' lang='lat' dir='ltr'><strong>vel</strong></span> <span class='ocrx_word' id='word_1_133' title='bbox 2840 509 2953 578; x_wconf 86' lang='lat' dir='ltr'><strong>pati</strong></span> <span class='ocrx_word' id='word_1_134' title='bbox 2998 508 3226 565; x_wconf 78' lang='lat' dir='ltr'><strong>omnino</strong></span> <span class='ocrx_word' id='word_1_135' title='bbox 3261 507 3313 561; x_wconf 87' lang='lat' dir='ltr'><strong>ei</strong></span> <span class='ocrx_word' id='word_1_136' title='bbox 3339 506 3609 572; x_wconf 84' lang='lat' dir='ltr'><strong>accidere,</strong></span> <span class='ocrx_word' id='word_1_137' title='bbox 3642 522 3705 562; x_wconf 89' lang='lat' dir='ltr'><strong>ac</strong></span> <span class='ocrx_word' id='word_1_138' title='bbox 3730 522 3838 577; x_wconf 84' lang='lat' dir='ltr'><strong>per</strong></span> 
     </span>
    </p>
   </div>
   <div class='ocr_carea' id='block_1_20' title="bbox 2241 598 3837 670">
    <p class='ocr_par' dir='ltr' id='par_1_20' title="bbox 2241 598 3837 670">
     <span class='ocr_line' id='line_1_20' title="bbox 2241 598 3837 670; baseline -0.006 -9"><span class='ocrx_word' id='word_1_139' title='bbox 2241 605 2345 661; x_wconf 80' lang='lat' dir='ltr'><strong>hoc</strong></span> <span class='ocrx_word' id='word_1_140' title='bbox 2367 603 2571 660; x_wconf 84' lang='lat' dir='ltr'><strong>nullum</strong></span> <span class='ocrx_word' id='word_1_141' title='bbox 2604 617 2790 659; x_wconf 86' lang='lat' dir='ltr'><strong>eorum</strong></span> <span class='ocrx_word' id='word_1_142' title='bbox 2815 617 2916 656; x_wconf 86' lang='lat' dir='ltr'><strong>nec</strong></span> <span class='ocrx_word' id='word_1_143' title='bbox 2945 617 2979 655; x_wconf 79' lang='lat' dir='ltr'><strong>a</strong></span> <span class='ocrx_word' id='word_1_144' title='bbox 3000 600 3202 670; x_wconf 83' lang='lat' dir='ltr'><strong>seipse,</strong></span> <span class='ocrx_word' id='word_1_145' title='bbox 3235 612 3338 655; x_wconf 89' lang='lat' dir='ltr'><strong>nec</strong></span> <span class='ocrx_word' id='word_1_146' title='bbox 3363 599 3431 654; x_wconf 79' lang='lat' dir='ltr'><strong>ab</strong></span> <span class='ocrx_word' id='word_1_147' title='bbox 3460 598 3566 653; x_wconf 84' lang='lat' dir='ltr'><strong>alio</strong></span> <span class='ocrx_word' id='word_1_148' title='bbox 3582 599 3635 653; x_wconf 92' lang='lat' dir='ltr'><strong>in</strong></span> <span class='ocrx_word' id='word_1_149' title='bbox 3650 599 3837 669; x_wconf 73' lang='lat' dir='ltr'><strong>seipse</strong></span> 
     </span>
    </p>
   </div>
   <div class='ocr_carea' id='block_1_21' title="bbox 2241 688 3837 765">
    <p class='ocr_par' dir='ltr' id='par_1_21' title="bbox 2241 688 3837 765">
     <span class='ocr_line' id='line_1_21' title="bbox 2241 688 3837 765; baseline -0.003 -15"><span class='ocrx_word' id='word_1_150' title='bbox 2241 695 2287 727; x_wconf 63' lang='grc' dir='ltr'><strong>κ</strong></span> <span class='ocrx_word' id='word_1_151' title='bbox 2330 693 2552 763; x_wconf 83' lang='lat' dir='ltr'><strong>intelligi</strong></span> <span class='ocrx_word' id='word_1_152' title='bbox 2579 692 2778 765; x_wconf 84' lang='lat' dir='ltr'><strong>posse?</strong></span> <span class='ocrx_word' id='word_1_153' title='bbox 2803 691 3082 760; x_wconf 87' lang='lat' dir='ltr'><strong>Siquidem</strong></span> <span class='ocrx_word' id='word_1_154' title='bbox 3110 688 3333 745; x_wconf 89' lang='lat' dir='ltr'><strong>deﬁnita</strong></span> <span class='ocrx_word' id='word_1_155' title='bbox 3356 688 3662 744; x_wconf 83' lang='lat' dir='ltr'><strong>substantia</strong></span> <span class='ocrx_word' id='word_1_156' title='bbox 3682 689 3734 743; x_wconf 92' lang='lat' dir='ltr'><strong>in</strong></span> <span class='ocrx_word' id='word_1_157' title='bbox 3760 694 3837 745; x_wconf 80' lang='lat' dir='ltr'><strong>eo&#39;</strong></span> 
     </span>
    </p>
   </div>
   <div class='ocr_carea' id='block_1_22' title="bbox 2240 778 3911 855">
    <p class='ocr_par' dir='ltr' id='par_1_22' title="bbox 2240 778 3911 855">
     <span class='ocr_line' id='line_1_22' title="bbox 2240 778 3911 855; baseline -0.002 -16"><span class='ocrx_word' id='word_1_158' title='bbox 2240 798 2347 839; x_wconf 89' lang='lat' dir='ltr'><strong>non</strong></span> <span class='ocrx_word' id='word_1_159' title='bbox 2381 792 2620 855; x_wconf 85' lang='lat' dir='ltr'><strong>reperta,</strong></span> <span class='ocrx_word' id='word_1_160' title='bbox 2659 795 2836 852; x_wconf 87' lang='lat' dir='ltr'><strong>neque</strong></span> <span class='ocrx_word' id='word_1_161' title='bbox 2877 780 3175 847; x_wconf 78' lang='lat' dir='ltr'><strong>intellecta,</strong></span> <span class='ocrx_word' id='word_1_162' title='bbox 3206 778 3415 835; x_wconf 86' lang='lat' dir='ltr'><strong>nullum</strong></span> <span class='ocrx_word' id='word_1_163' title='bbox 3467 780 3834 836; x_wconf 77' lang='lat' dir='ltr'><strong>accidentium</strong></span> <span class='ocrx_word' id='word_1_164' title='bbox 3896 824 3911 839; x_wconf 82' lang='lat'>,</span> 
     </span>
    </p>
   </div>
   <div class='ocr_carea' id='block_1_23' title="bbox 2238 871 3825 933">
    <p class='ocr_par' dir='ltr' id='par_1_23' title="bbox 2238 871 3825 933">
     <span class='ocr_line' id='line_1_23' title="bbox 2238 871 3825 933; baseline -0.003 -1"><span class='ocrx_word' id='word_1_165' title='bbox 2238 872 2493 933; x_wconf 74' lang='lat' dir='ltr'><strong>defbuitae</strong></span> <span class='ocrx_word' id='word_1_166' title='bbox 2545 874 2882 931; x_wconf 76' lang='lat' dir='ltr'><strong>substantiae</strong></span> <span class='ocrx_word' id='word_1_167' title='bbox 2911 872 2964 928; x_wconf 90' lang='lat' dir='ltr'><strong>ei</strong></span> <span class='ocrx_word' id='word_1_168' title='bbox 3020 873 3271 929; x_wconf 83' lang='lat' dir='ltr'><strong>accidere</strong></span> <span class='ocrx_word' id='word_1_169' title='bbox 3319 879 3533 928; x_wconf 86' lang='lat' dir='ltr'><strong>rectum</strong></span> <span class='ocrx_word' id='word_1_170' title='bbox 3559 880 3645 926; x_wconf 90' lang='lat' dir='ltr'><strong>est</strong></span> <span class='ocrx_word' id='word_1_171' title='bbox 3665 871 3825 927; x_wconf 83' lang='lat' dir='ltr'><strong>dubi-</strong></span> 
     </span>
    </p>
   </div>
   <div class='ocr_carea' id='block_1_24' title="bbox 2236 960 3831 1033">
    <p class='ocr_par' dir='ltr' id='par_1_24' title="bbox 2236 960 3831 1033">
     <span class='ocr_line' id='line_1_24' title="bbox 2236 960 3831 1033; baseline -0.003 -10"><span class='ocrx_word' id='word_1_172' title='bbox 2236 978 2376 1023; x_wconf 90' lang='lat' dir='ltr'><strong>tare.</strong></span> <span class='ocrx_word' id='word_1_173' title='bbox 2428 966 2528 1023; x_wconf 88' lang='lat' dir='ltr'><strong>Ubi</strong></span> <span class='ocrx_word' id='word_1_174' title='bbox 2571 966 2716 1020; x_wconf 89' lang='lat' dir='ltr'><strong>enim</strong></span> <span class='ocrx_word' id='word_1_175' title='bbox 2777 963 2959 1020; x_wconf 84' lang='lat' dir='ltr'><strong>deﬁcit</strong></span> <span class='ocrx_word' id='word_1_176' title='bbox 3010 962 3290 1019; x_wconf 82' lang='lat' dir='ltr'><strong>deﬁnitum</strong></span> <span class='ocrx_word' id='word_1_177' title='bbox 3351 963 3695 1033; x_wconf 80' lang='lat' dir='ltr'><strong>subjectum,</strong></span> <span class='ocrx_word' id='word_1_178' title='bbox 3748 960 3831 1018; x_wconf 75' lang='lat' dir='ltr'><strong>ibi</strong></span> 
     </span>
    </p>
   </div>
   <div class='ocr_carea' id='block_1_25' title="bbox 2237 1051 3830 1125">
    <p class='ocr_par' dir='ltr' id='par_1_25' title="bbox 2237 1051 3830 1125">
     <span class='ocr_line' id='line_1_25' title="bbox 2237 1051 3830 1125; baseline -0.005 -12"><span class='ocrx_word' id='word_1_179' title='bbox 2237 1058 2444 1114; x_wconf 90' lang='lat' dir='ltr'><strong>nullum</strong></span> <span class='ocrx_word' id='word_1_180' title='bbox 2504 1055 2759 1111; x_wconf 85' lang='lat' dir='ltr'><strong>accidens</strong></span> <span class='ocrx_word' id='word_1_181' title='bbox 2814 1053 3137 1124; x_wconf 82' lang='lat' dir='ltr'><strong>intelligitur</strong></span> <span class='ocrx_word' id='word_1_182' title='bbox 3178 1054 3491 1125; x_wconf 73' lang='lat' dir='ltr'><strong>adiunctum</strong></span> <span class='ocrx_word' id='word_1_183' title='bbox 3537 1051 3629 1110; x_wconf 84' lang='lat' dir='ltr'><strong>vel</strong></span> <span class='ocrx_word' id='word_1_184' title='bbox 3671 1066 3830 1120; x_wconf 80' lang='lat' dir='ltr'><strong>sepa-</strong></span> 
     </span>
    </p>
   </div>
   <div class='ocr_carea' id='block_1_26' title="bbox 2236 1139 3830 1213">
    <p class='ocr_par' dir='ltr' id='par_1_26' title="bbox 2236 1139 3830 1213">
     <span class='ocr_line' id='line_1_26' title="bbox 2236 1139 3830 1213; baseline -0.006 -8"><span class='ocrx_word' id='word_1_185' title='bbox 2236 1157 2437 1213; x_wconf 86' lang='lat' dir='ltr'><strong>ratum,</strong></span> <span class='ocrx_word' id='word_1_186' title='bbox 2467 1145 2555 1201; x_wconf 87' lang='lat' dir='ltr'><strong>vel</strong></span> <span class='ocrx_word' id='word_1_187' title='bbox 2578 1145 2687 1199; x_wconf 83' lang='lat' dir='ltr'><strong>ullo</strong></span> <span class='ocrx_word' id='word_1_188' title='bbox 2710 1145 2873 1199; x_wconf 89' lang='lat' dir='ltr'><strong>modo</strong></span> <span class='ocrx_word' id='word_1_189' title='bbox 2891 1151 3086 1197; x_wconf 88' lang='lat' dir='ltr'><strong>natura</strong></span> <span class='ocrx_word' id='word_1_190' title='bbox 3113 1141 3351 1213; x_wconf 80' lang='lat' dir='ltr'><strong>subjecti</strong></span> <span class='ocrx_word' id='word_1_191' title='bbox 3366 1143 3680 1198; x_wconf 81' lang='lat' dir='ltr'><strong>discretum.</strong></span> <span class='ocrx_word' id='word_1_192' title='bbox 3712 1139 3830 1196; x_wconf 55' lang='lat' dir='ltr'><strong>Sed</strong></span> 
     </span>
    </p>
   </div>
   <div class='ocr_carea' id='block_1_27' title="bbox 2235 1233 3833 1306">
    <p class='ocr_par' dir='ltr' id='par_1_27' title="bbox 2235 1233 3833 1306">
     <span class='ocr_line' id='line_1_27' title="bbox 2235 1233 3833 1306; baseline -0.005 -10"><span class='ocrx_word' id='word_1_193' title='bbox 2235 1249 2297 1296; x_wconf 90' lang='lat' dir='ltr'><strong>ut</strong></span> <span class='ocrx_word' id='word_1_194' title='bbox 2332 1239 2581 1296; x_wconf 80' lang='lat' dir='ltr'><strong>breviter</strong></span> <span class='ocrx_word' id='word_1_195' title='bbox 2599 1239 2667 1292; x_wconf 90' lang='lat' dir='ltr'><strong>de</strong></span> <span class='ocrx_word' id='word_1_196' title='bbox 2691 1236 2923 1306; x_wconf 79' lang='lat' dir='ltr'><strong>singulis</strong></span> <span class='ocrx_word' id='word_1_197' title='bbox 2956 1234 3226 1300; x_wconf 83' lang='lat' dir='ltr'><strong>dicamus,</strong></span> <span class='ocrx_word' id='word_1_198' title='bbox 3273 1234 3344 1289; x_wconf 91' lang='lat' dir='ltr'><strong>de</strong></span> <span class='ocrx_word' id='word_1_199' title='bbox 3363 1233 3560 1304; x_wconf 81' lang='lat' dir='ltr'><strong>quibus</strong></span> <span class='ocrx_word' id='word_1_200' title='bbox 3585 1233 3638 1287; x_wconf 90' lang='lat' dir='ltr'><strong>in</strong></span> <span class='ocrx_word' id='word_1_201' title='bbox 3660 1242 3833 1302; x_wconf 78' lang='lat' dir='ltr'><strong>supc-&#39;</strong></span> 
     </span>
    </p>
   </div>
   <div class='ocr_carea' id='block_1_28' title="bbox 2236 1323 3800 1398">
    <p class='ocr_par' dir='ltr' id='par_1_28' title="bbox 2236 1323 3800 1398">
     <span class='ocr_line' id='line_1_28' title="bbox 2236 1323 3800 1398; baseline -0.008 -11"><span class='ocrx_word' id='word_1_202' title='bbox 2236 1331 2369 1387; x_wconf 89' lang='lat' dir='ltr'><strong>riori</strong></span> <span class='ocrx_word' id='word_1_203' title='bbox 2390 1329 2531 1385; x_wconf 83' lang='lat' dir='ltr'><strong>libro</strong></span> <span class='ocrx_word' id='word_1_204' title='bbox 2553 1328 2770 1398; x_wconf 80' lang='lat' dir='ltr'><strong>copiose</strong></span> <span class='ocrx_word' id='word_1_205' title='bbox 2786 1326 2837 1358; x_wconf 72' lang='grc'>⁵³</span> <span class='ocrx_word' id='word_1_206' title='bbox 2858 1325 3246 1381; x_wconf 88' lang='lat' dir='ltr'><strong>tractavimus:</strong></span> <span class='ocrx_word' id='word_1_207' title='bbox 3265 1323 3401 1391; x_wconf 79' lang='lat' dir='ltr'><strong>Quis</strong></span> <span class='ocrx_word' id='word_1_208' title='bbox 3432 1323 3645 1378; x_wconf 80' lang='lat' dir='ltr'><strong>divinae</strong></span> <span class='ocrx_word' id='word_1_209' title='bbox 3670 1330 3800 1376; x_wconf 83' lang='lat' dir='ltr'><strong>natu</strong></span> 
     </span>
    </p>
   </div>
   <div class='ocr_carea' id='block_1_29' title="bbox 2236 1413 3823 1487">
    <p class='ocr_par' dir='ltr' id='par_1_29' title="bbox 2236 1413 3823 1487">
     <span class='ocr_line' id='line_1_29' title="bbox 2236 1413 3823 1487; baseline -0.008 -8"><span class='ocrx_word' id='word_1_210' title='bbox 2236 1439 2331 1479; x_wconf 90' lang='lat' dir='ltr'><strong>rae</strong></span> <span class='ocrx_word' id='word_1_211' title='bbox 2359 1423 2521 1479; x_wconf 90' lang='lat' dir='ltr'><strong>situm</strong></span> <span class='ocrx_word' id='word_1_212' title='bbox 2563 1419 2808 1485; x_wconf 89' lang='lat' dir='ltr'><strong>dederit,</strong></span> <span class='ocrx_word' id='word_1_213' title='bbox 2830 1419 2958 1474; x_wconf 88' lang='lat' dir='ltr'><strong>dum</strong></span> <span class='ocrx_word' id='word_1_214' title='bbox 2985 1425 3042 1473; x_wconf 87' lang='lat' dir='ltr'><strong>et</strong></span> <span class='ocrx_word' id='word_1_215' title='bbox 3081 1418 3201 1487; x_wconf 83' lang='lat' dir='ltr'><strong>ipsa</strong></span> <span class='ocrx_word' id='word_1_216' title='bbox 3226 1416 3279 1470; x_wconf 92' lang='lat' dir='ltr'><strong>in</strong></span> <span class='ocrx_word' id='word_1_217' title='bbox 3310 1415 3487 1484; x_wconf 75' lang='lat' dir='ltr'><strong>seipse</strong></span> <span class='ocrx_word' id='word_1_218' title='bbox 3518 1413 3723 1468; x_wconf 77' lang='lat' dir='ltr'><strong>nullum</strong></span> <span class='ocrx_word' id='word_1_219' title='bbox 3749 1428 3823 1467; x_wconf 74' lang='lat' dir='ltr'><strong>sr-</strong></span> 
     </span>
    </p>
   </div>
   <div class='ocr_carea' id='block_1_30' title="bbox 2235 1505 3823 1583">
    <p class='ocr_par' dir='ltr' id='par_1_30' title="bbox 2235 1505 3823 1583">
     <span class='ocr_line' id='line_1_30' title="bbox 2235 1505 3823 1583; baseline -0.006 -13"><span class='ocrx_word' id='word_1_220' title='bbox 2235 1524 2350 1571; x_wconf 86' lang='lat' dir='ltr'><strong>tum</strong></span> <span class='ocrx_word' id='word_1_221' title='bbox 2397 1511 2715 1583; x_wconf 79' lang='lat' dir='ltr'><strong>cognoscit?</strong></span> <span class='ocrx_word' id='word_1_222' title='bbox 2754 1509 2904 1566; x_wconf 86' lang='lat' dir='ltr'><strong>Situs</strong></span> <span class='ocrx_word' id='word_1_223' title='bbox 2945 1511 3090 1566; x_wconf 87' lang='lat' dir='ltr'><strong>enim</strong></span> <span class='ocrx_word' id='word_1_224' title='bbox 3129 1518 3220 1564; x_wconf 89' lang='lat' dir='ltr'><strong>aut</strong></span> <span class='ocrx_word' id='word_1_225' title='bbox 3256 1509 3491 1578; x_wconf 84' lang='lat' dir='ltr'><strong>partium</strong></span> <span class='ocrx_word' id='word_1_226' title='bbox 3524 1508 3578 1575; x_wconf 76' lang='lat' dir='ltr'><strong>in</strong></span> <span class='ocrx_word' id='word_1_227' title='bbox 3629 1514 3745 1561; x_wconf 80' lang='lat' dir='ltr'><strong>toto</strong></span> <span class='ocrx_word' id='word_1_228' title='bbox 3774 1505 3823 1538; x_wconf 64' lang='grc' dir='ltr'><strong>κ</strong></span> 
     </span>
    </p>
   </div>
   <div class='ocr_carea' id='block_1_31' title="bbox 2235 1594 3832 1674">
    <p class='ocr_par' dir='ltr' id='par_1_31' title="bbox 2235 1594 3832 1674">
     <span class='ocr_line' id='line_1_31' title="bbox 2235 1594 3832 1674; baseline -0.008 -12"><span class='ocrx_word' id='word_1_229' title='bbox 2235 1613 2349 1671; x_wconf 89' lang='lat' dir='ltr'><strong>est;</strong></span> <span class='ocrx_word' id='word_1_230' title='bbox 2407 1602 2555 1660; x_wconf 89' lang='lat' dir='ltr'><strong>verbi</strong></span> <span class='ocrx_word' id='word_1_231' title='bbox 2602 1602 2799 1674; x_wconf 86' lang='lat' dir='ltr'><strong>gratia,</strong></span> <span class='ocrx_word' id='word_1_232' title='bbox 2853 1601 2990 1655; x_wconf 85' lang='lat' dir='ltr'><strong>situs</strong></span> <span class='ocrx_word' id='word_1_233' title='bbox 3036 1599 3259 1654; x_wconf 87' lang='lat' dir='ltr'><strong>humani</strong></span> <span class='ocrx_word' id='word_1_234' title='bbox 3290 1597 3535 1668; x_wconf 85' lang='lat' dir='ltr'><strong>corporis</strong></span> <span class='ocrx_word' id='word_1_235' title='bbox 3570 1603 3656 1653; x_wconf 88' lang='lat' dir='ltr'><strong>est</strong></span> <span class='ocrx_word' id='word_1_236' title='bbox 3686 1594 3832 1650; x_wconf 73' lang='lat' dir='ltr'><strong>ordo</strong></span> 
     </span>
    </p>
   </div>
   <div class='ocr_carea' id='block_1_32' title="bbox 2236 1685 3831 1762">
    <p class='ocr_par' dir='ltr' id='par_1_32' title="bbox 2236 1685 3831 1762">
     <span class='ocr_line' id='line_1_32' title="bbox 2236 1685 3831 1762; baseline -0.008 -10"><span class='ocrx_word' id='word_1_237' title='bbox 2236 1695 2626 1758; x_wconf 85' lang='lat' dir='ltr'><strong>membrorum,</strong></span> <span class='ocrx_word' id='word_1_238' title='bbox 2673 1705 2782 1762; x_wconf 93' lang='lat' dir='ltr'><strong>quo</strong></span> <span class='ocrx_word' id='word_1_239' title='bbox 2825 1691 2870 1723; x_wconf 79' lang='grc'><strong><em>⁵⁸</em></strong></span> <span class='ocrx_word' id='word_1_240' title='bbox 2897 1706 3060 1746; x_wconf 89' lang='lat' dir='ltr'><strong>omne</strong></span> <span class='ocrx_word' id='word_1_241' title='bbox 3103 1690 3411 1745; x_wconf 85' lang='lat' dir='ltr'><strong>membrum</strong></span> <span class='ocrx_word' id='word_1_242' title='bbox 3435 1688 3489 1743; x_wconf 88' lang='lat' dir='ltr'><strong>in</strong></span> <span class='ocrx_word' id='word_1_243' title='bbox 3512 1702 3609 1743; x_wconf 90' lang='lat' dir='ltr'><strong>suo</strong></span> <span class='ocrx_word' id='word_1_244' title='bbox 3633 1685 3831 1741; x_wconf 80' lang='lat' dir='ltr'><strong>ordine</strong></span> 
     </span>
    </p>
   </div>
   <div class='ocr_carea' id='block_1_33' title="bbox 548 1771 3833 1854">
    <p class='ocr_par' dir='ltr' id='par_1_33' title="bbox 548 1771 3833 1854">
     <span class='ocr_line' id='line_1_33' title="bbox 548 1771 3833 1854; baseline 0.002 -28"><span class='ocrx_word' id='word_1_245' title='bbox 548 1780 605 1826; x_wconf 86' lang='lat' dir='ltr'><strong>et</strong></span> <span class='ocrx_word' id='word_1_246' title='bbox 630 1771 849 1827; x_wconf 88' lang='lat' dir='ltr'><strong>ﬁrmare</strong></span> <span class='ocrx_word' id='word_1_247' title='bbox 878 1773 1102 1827; x_wconf 88' lang='lat' dir='ltr'><strong>stultum</strong></span> <span class='ocrx_word' id='word_1_248' title='bbox 1136 1774 1292 1829; x_wconf 87' lang='lat' dir='ltr'><strong>valde</strong></span> <span class='ocrx_word' id='word_1_249' title='bbox 1318 1774 1542 1845; x_wconf 88' lang='lat' dir='ltr'><strong>risuque</strong></span> <span class='ocrx_word' id='word_1_250' title='bbox 1562 1774 1783 1845; x_wconf 89' lang='lat' dir='ltr'><strong>dignum</strong></span> <span class='ocrx_word' id='word_1_251' title='bbox 1820 1774 1954 1829; x_wconf 88' lang='lat' dir='ltr'><strong>mihi</strong></span> <span class='ocrx_word' id='word_1_252' title='bbox 1985 1773 2135 1828; x_wconf 89' lang='lat' dir='ltr'><strong>vide-</strong></span> <span class='ocrx_word' id='word_1_253' title='bbox 2160 1784 2210 1845; x_wconf 81' lang='grc' dir='ltr'><strong>Β</strong></span> <span class='ocrx_word' id='word_1_254' title='bbox 2236 1787 2436 1843; x_wconf 63' lang='lat' dir='ltr'><strong>sinum-</strong></span> <span class='ocrx_word' id='word_1_255' title='bbox 2475 1785 2549 1841; x_wconf 49' lang='grc' dir='ltr'><strong>ηρ</strong></span> <span class='ocrx_word' id='word_1_256' title='bbox 2593 1784 2747 1839; x_wconf 64' lang='lat' dir='ltr'><strong>Situs</strong></span> <span class='ocrx_word' id='word_1_257' title='bbox 2789 1795 3006 1854; x_wconf 77' lang='lat' dir='ltr'><strong>quoque</strong></span> <span class='ocrx_word' id='word_1_258' title='bbox 3030 1781 3230 1837; x_wconf 87' lang='lat' dir='ltr'><strong>dicitur</strong></span> <span class='ocrx_word' id='word_1_259' title='bbox 3256 1780 3421 1836; x_wconf 80' lang='lat' dir='ltr'><strong>totius</strong></span> <span class='ocrx_word' id='word_1_260' title='bbox 3443 1778 3688 1849; x_wconf 88' lang='lat' dir='ltr'><strong>corporis</strong></span> <span class='ocrx_word' id='word_1_261' title='bbox 3723 1788 3833 1849; x_wconf 87' lang='lat' dir='ltr'><strong>po—&#39;</strong></span> 
     </span>
    </p>
   </div>
   <div class='ocr_carea' id='block_1_34' title="bbox 546 1862 2131 1935">
    <p class='ocr_par' dir='ltr' id='par_1_34' title="bbox 546 1862 2131 1935">
     <span class='ocr_line' id='line_1_34' title="bbox 546 1862 2131 1935; baseline 0.002 -20"><span class='ocrx_word' id='word_1_262' title='bbox 546 1869 657 1916; x_wconf 90' lang='lat' dir='ltr'><strong>tur.</strong></span> <span class='ocrx_word' id='word_1_263' title='bbox 686 1862 765 1918; x_wconf 85' lang='lat' dir='ltr'><strong>Ac</strong></span> <span class='ocrx_word' id='word_1_264' title='bbox 797 1879 893 1934; x_wconf 87' lang='lat' dir='ltr'><strong>per</strong></span> <span class='ocrx_word' id='word_1_265' title='bbox 933 1865 1054 1931; x_wconf 83' lang='lat' dir='ltr'><strong>hoc,</strong></span> <span class='ocrx_word' id='word_1_266' title='bbox 1085 1865 1211 1921; x_wconf 89' lang='lat' dir='ltr'><strong>dum</strong></span> <span class='ocrx_word' id='word_1_267' title='bbox 1240 1866 1295 1921; x_wconf 87' lang='lat' dir='ltr'><strong>in</strong></span> <span class='ocrx_word' id='word_1_268' title='bbox 1320 1864 1431 1921; x_wconf 90' lang='lat' dir='ltr'><strong>Deo</strong></span> <span class='ocrx_word' id='word_1_269' title='bbox 1454 1879 1555 1921; x_wconf 91' lang='lat' dir='ltr'><strong>nec</strong></span> <span class='ocrx_word' id='word_1_270' title='bbox 1585 1866 1721 1935; x_wconf 85' lang='lat' dir='ltr'><strong>ipse,</strong></span> <span class='ocrx_word' id='word_1_271' title='bbox 1752 1879 1853 1921; x_wconf 90' lang='lat' dir='ltr'><strong>nec</strong></span> <span class='ocrx_word' id='word_1_272' title='bbox 1880 1864 2018 1920; x_wconf 86' lang='lat' dir='ltr'><strong>alius</strong></span> <span class='ocrx_word' id='word_1_273' title='bbox 2047 1864 2131 1919; x_wconf 53' lang='lat' dir='ltr'><strong>inc</strong></span> 
     </span>
    </p>
   </div>
   <div class='ocr_carea' id='block_1_35' title="bbox 547 1951 2130 2020">
    <p class='ocr_par' dir='ltr' id='par_1_35' title="bbox 547 1951 2130 2020">
     <span class='ocr_line' id='line_1_35' title="bbox 547 1951 2130 2020; baseline 0.003 -16"><span class='ocrx_word' id='word_1_274' title='bbox 547 1951 793 2008; x_wconf 85' lang='lat' dir='ltr'><strong>tellectus</strong></span> <span class='ocrx_word' id='word_1_275' title='bbox 814 1953 977 2007; x_wconf 85' lang='lat' dir='ltr'><strong>ullam</strong></span> <span class='ocrx_word' id='word_1_276' title='bbox 1002 1953 1278 2009; x_wconf 88' lang='lat' dir='ltr'><strong>deﬁnitam</strong></span> <span class='ocrx_word' id='word_1_277' title='bbox 1302 1956 1683 2019; x_wconf 81' lang='lat' dir='ltr'><strong>substantiam,</strong></span> <span class='ocrx_word' id='word_1_278' title='bbox 1715 1955 1821 2020; x_wconf 90' lang='lat' dir='ltr'><strong>vel,</strong></span> <span class='ocrx_word' id='word_1_279' title='bbox 1853 1964 1913 2009; x_wconf 91' lang='lat' dir='ltr'><strong>ut</strong></span> <span class='ocrx_word' id='word_1_280' title='bbox 1940 1955 2016 2010; x_wconf 90' lang='lat' dir='ltr'><strong>ita</strong></span> <span class='ocrx_word' id='word_1_281' title='bbox 2048 1955 2130 2009; x_wconf 87' lang='lat' dir='ltr'><strong>di-</strong></span> 
     </span>
    </p>
   </div>
   <div class='ocr_carea' id='block_1_36' title="bbox 543 2043 2131 2116">
    <p class='ocr_par' dir='ltr' id='par_1_36' title="bbox 543 2043 2131 2116">
     <span class='ocr_line' id='line_1_36' title="bbox 543 2043 2131 2116; baseline 0.001 -19"><span class='ocrx_word' id='word_1_282' title='bbox 543 2056 690 2108; x_wconf 87' lang='lat' dir='ltr'><strong>cam,</strong></span> <span class='ocrx_word' id='word_1_283' title='bbox 738 2044 1020 2099; x_wconf 86' lang='lat' dir='ltr'><strong>deﬁnitum</strong></span> <span class='ocrx_word' id='word_1_284' title='bbox 1051 2044 1369 2112; x_wconf 86' lang='lat' dir='ltr'><strong>subjectum,</strong></span> <span class='ocrx_word' id='word_1_285' title='bbox 1401 2046 1697 2101; x_wconf 88' lang='lat' dir='ltr'><strong>secundum</strong></span> <span class='ocrx_word' id='word_1_286' title='bbox 1727 2045 1871 2116; x_wconf 89' lang='lat' dir='ltr'><strong>quod</strong></span> <span class='ocrx_word' id='word_1_287' title='bbox 1907 2043 2013 2100; x_wconf 84' lang='lat' dir='ltr'><strong>dici</strong></span> <span class='ocrx_word' id='word_1_288' title='bbox 2046 2044 2131 2099; x_wconf 85' lang='lat' dir='ltr'><strong>vel</strong></span> 
     </span>
    </p>
   </div>
   <div class='ocr_carea' id='block_1_37' title="bbox 542 2132 2131 2207">
    <p class='ocr_par' dir='ltr' id='par_1_37' title="bbox 542 2132 2131 2207">
     <span class='ocr_line' id='line_1_37' title="bbox 542 2132 2131 2207; baseline 0.003 -20"><span class='ocrx_word' id='word_1_289' title='bbox 542 2132 769 2204; x_wconf 86' lang='lat' dir='ltr'><strong>intelligi</strong></span> <span class='ocrx_word' id='word_1_290' title='bbox 822 2133 997 2189; x_wconf 87' lang='lat' dir='ltr'><strong>valeat</strong></span> <span class='ocrx_word' id='word_1_291' title='bbox 1023 2135 1152 2204; x_wconf 90' lang='lat' dir='ltr'><strong>quid</strong></span> <span class='ocrx_word' id='word_1_292' title='bbox 1179 2135 1271 2201; x_wconf 85' lang='lat' dir='ltr'><strong>sit,</strong></span> <span class='ocrx_word' id='word_1_293' title='bbox 1317 2137 1555 2205; x_wconf 88' lang='lat' dir='ltr'><strong>reperire</strong></span> <span class='ocrx_word' id='word_1_294' title='bbox 1582 2152 1689 2191; x_wconf 90' lang='lat' dir='ltr'><strong>non</strong></span> <span class='ocrx_word' id='word_1_295' title='bbox 1719 2145 1920 2207; x_wconf 90' lang='lat' dir='ltr'><strong>potest,</strong></span> <span class='ocrx_word' id='word_1_296' title='bbox 1951 2151 2131 2192; x_wconf 89' lang='lat' dir='ltr'><strong>nonne</strong></span> 
     </span>
    </p>
   </div>
   <div class='ocr_carea' id='block_1_38' title="bbox 541 2221 2128 2293">
    <p class='ocr_par' dir='ltr' id='par_1_38' title="bbox 541 2221 2128 2293">
     <span class='ocr_line' id='line_1_38' title="bbox 541 2221 2128 2293; baseline 0.004 -17"><span class='ocrx_word' id='word_1_297' title='bbox 541 2221 925 2293; x_wconf 87' lang='lat' dir='ltr'><strong>iimpidissime</strong></span> <span class='ocrx_word' id='word_1_298' title='bbox 968 2225 1162 2291; x_wconf 88' lang='lat' dir='ltr'><strong>claret,</strong></span> <span class='ocrx_word' id='word_1_299' title='bbox 1203 2226 1405 2281; x_wconf 89' lang='lat' dir='ltr'><strong>nullam</strong></span> <span class='ocrx_word' id='word_1_300' title='bbox 1465 2227 1672 2282; x_wconf 83' lang='lat' dir='ltr'><strong>finitam</strong></span> <span class='ocrx_word' id='word_1_301' title='bbox 1717 2228 1803 2282; x_wconf 88' lang='lat' dir='ltr'><strong>vel</strong></span> <span class='ocrx_word' id='word_1_302' title='bbox 1859 2228 2128 2283; x_wconf 86' lang='lat' dir='ltr'><strong>inﬁnitam</strong></span> 
     </span>
    </p>
   </div>
   <div class='ocr_carea' id='block_1_39' title="bbox 543 2317 2130 2388">
    <p class='ocr_par' dir='ltr' id='par_1_39' title="bbox 543 2317 2130 2388">
     <span class='ocr_line' id='line_1_39' title="bbox 543 2317 2130 2388; baseline 0.002 -19"><span class='ocrx_word' id='word_1_303' title='bbox 543 2317 928 2386; x_wconf 86' lang='lat' dir='ltr'><strong>quantitatem,</strong></span> <span class='ocrx_word' id='word_1_304' title='bbox 983 2317 1183 2372; x_wconf 82' lang='lat' dir='ltr'><strong>nullam</strong></span> <span class='ocrx_word' id='word_1_305' title='bbox 1217 2317 1536 2388; x_wconf 78' lang='lat' dir='ltr'><strong>qualitatem</strong></span> <span class='ocrx_word' id='word_1_306' title='bbox 1586 2317 1795 2373; x_wconf 87' lang='lat' dir='ltr'><strong>ﬁnitam</strong></span> <span class='ocrx_word' id='word_1_307' title='bbox 1825 2318 1911 2375; x_wconf 83' lang='lat' dir='ltr'><strong>vel</strong></span> <span class='ocrx_word' id='word_1_308' title='bbox 1944 2318 2130 2373; x_wconf 91' lang='lat' dir='ltr'><strong>inﬁni-</strong></span> 
     </span>
    </p>
   </div>
   <div class='ocr_carea' id='block_1_40' title="bbox 543 2408 2137 2481">
    <p class='ocr_par' dir='ltr' id='par_1_40' title="bbox 543 2408 2137 2481">
     <span class='ocr_line' id='line_1_40' title="bbox 543 2408 2137 2481; baseline 0.003 -19"><span class='ocrx_word' id='word_1_309' title='bbox 543 2416 657 2462; x_wconf 89' lang='lat' dir='ltr'><strong>tam</strong></span> <span class='ocrx_word' id='word_1_310' title='bbox 689 2408 743 2462; x_wconf 91' lang='lat' dir='ltr'><strong>in</strong></span> <span class='ocrx_word' id='word_1_311' title='bbox 790 2408 907 2479; x_wconf 88' lang='lat' dir='ltr'><strong>ipso</strong></span> <span class='ocrx_word' id='word_1_312' title='bbox 950 2410 1203 2481; x_wconf 85' lang='lat' dir='ltr'><strong>cognosci</strong></span> <span class='ocrx_word' id='word_1_313' title='bbox 1231 2425 1262 2464; x_wconf 90' lang='lat' dir='ltr'><strong>a</strong></span> <span class='ocrx_word' id='word_1_314' title='bbox 1296 2425 1356 2464; x_wconf 89' lang='lat' dir='ltr'><strong>se</strong></span> <span class='ocrx_word' id='word_1_315' title='bbox 1384 2411 1523 2480; x_wconf 89' lang='lat' dir='ltr'><strong>ipso,</strong></span> <span class='ocrx_word' id='word_1_316' title='bbox 1548 2410 1641 2466; x_wconf 81' lang='lat' dir='ltr'><strong>vel</strong></span> <span class='ocrx_word' id='word_1_317' title='bbox 1665 2412 1734 2466; x_wconf 90' lang='lat' dir='ltr'><strong>ab</strong></span> <span class='ocrx_word' id='word_1_318' title='bbox 1764 2411 1873 2467; x_wconf 89' lang='lat' dir='ltr'><strong>alio</strong></span> <span class='ocrx_word' id='word_1_319' title='bbox 1908 2411 2137 2467; x_wconf 77' lang='lat' dir='ltr'><strong>valere?</strong></span> 
     </span>
    </p>
   </div>
   <div class='ocr_carea' id='block_1_41' title="bbox 543 2495 2130 2557">
    <p class='ocr_par' dir='ltr' id='par_1_41' title="bbox 543 2495 2130 2557">
     <span class='ocr_line' id='line_1_41' title="bbox 543 2495 2130 2557; baseline 0.003 -5"><span class='ocrx_word' id='word_1_320' title='bbox 543 2495 604 2552; x_wconf 85' lang='lat' dir='ltr'><strong>Si</strong></span> <span class='ocrx_word' id='word_1_321' title='bbox 629 2497 773 2552; x_wconf 91' lang='lat' dir='ltr'><strong>enim</strong></span> <span class='ocrx_word' id='word_1_322' title='bbox 798 2513 1014 2553; x_wconf 89' lang='lat' dir='ltr'><strong>omnem</strong></span> <span class='ocrx_word' id='word_1_323' title='bbox 1040 2498 1247 2555; x_wconf 87' lang='lat' dir='ltr'><strong>ﬁnitam</strong></span> <span class='ocrx_word' id='word_1_324' title='bbox 1276 2508 1334 2556; x_wconf 91' lang='lat' dir='ltr'><strong>et</strong></span> <span class='ocrx_word' id='word_1_325' title='bbox 1361 2501 1627 2556; x_wconf 87' lang='lat' dir='ltr'><strong>inﬁnitam</strong></span> <span class='ocrx_word' id='word_1_326' title='bbox 1657 2501 2017 2557; x_wconf 85' lang='lat' dir='ltr'><strong>substantiam</strong></span> <span class='ocrx_word' id='word_1_327' title='bbox 2046 2505 2130 2557; x_wconf 89' lang='lat' dir='ltr'><strong>in-</strong></span> 
     </span>
    </p>
   </div>
   <div class='ocr_carea' id='block_1_42' title="bbox 547 2587 2134 2663">
    <p class='ocr_par' dir='ltr' id='par_1_42' title="bbox 547 2587 2134 2663">
     <span class='ocr_line' id='line_1_42' title="bbox 547 2587 2134 2663; baseline 0.005 -23"><span class='ocrx_word' id='word_1_328' title='bbox 547 2587 700 2641; x_wconf 86' lang='lat' dir='ltr'><strong>ﬁnita</strong></span> <span class='ocrx_word' id='word_1_329' title='bbox 740 2595 797 2643; x_wconf 87' lang='lat' dir='ltr'><strong>et</strong></span> <span class='ocrx_word' id='word_1_330' title='bbox 841 2589 1125 2659; x_wconf 88' lang='lat' dir='ltr'><strong>plusquam</strong></span> <span class='ocrx_word' id='word_1_331' title='bbox 1167 2590 1374 2646; x_wconf 90' lang='lat' dir='ltr'><strong>inﬁnita</strong></span> <span class='ocrx_word' id='word_1_332' title='bbox 1401 2594 1655 2663; x_wconf 87' lang='lat' dir='ltr'><strong>propriae</strong></span> <span class='ocrx_word' id='word_1_333' title='bbox 1682 2594 1901 2648; x_wconf 86' lang='lat' dir='ltr'><strong>virtutis</strong></span> <span class='ocrx_word' id='word_1_334' title='bbox 1946 2593 2134 2649; x_wconf 81' lang='lat' dir='ltr'><strong>excel-</strong></span> 
     </span>
    </p>
   </div>
   <div class='ocr_carea' id='block_1_43' title="bbox 540 2676 2126 2751">
    <p class='ocr_par' dir='ltr' id='par_1_43' title="bbox 540 2676 2126 2751">
     <span class='ocr_line' id='line_1_43' title="bbox 540 2676 2126 2751; baseline 0.004 -19"><span class='ocrx_word' id='word_1_335' title='bbox 540 2676 706 2732; x_wconf 85' lang='lat' dir='ltr'><strong>lentia</strong></span> <span class='ocrx_word' id='word_1_336' title='bbox 754 2680 1142 2749; x_wconf 80' lang='lat' dir='ltr'><strong>superexaltat,</strong></span> <span class='ocrx_word' id='word_1_337' title='bbox 1197 2682 1318 2751; x_wconf 88' lang='lat' dir='ltr'><strong>quis</strong></span> <span class='ocrx_word' id='word_1_338' title='bbox 1360 2697 1468 2737; x_wconf 87' lang='lat' dir='ltr'><strong>non</strong></span> <span class='ocrx_word' id='word_1_339' title='bbox 1501 2685 1763 2740; x_wconf 88' lang='lat' dir='ltr'><strong>continuo</strong></span> <span class='ocrx_word' id='word_1_340' title='bbox 1789 2685 1991 2741; x_wconf 84' lang='lat' dir='ltr'><strong>aesine</strong></span> <span class='ocrx_word' id='word_1_341' title='bbox 2018 2685 2126 2739; x_wconf 87' lang='lat' dir='ltr'><strong>ulla</strong></span> 
     </span>
    </p>
   </div>
   <div class='ocr_carea' id='block_1_44' title="bbox 539 2766 2129 2844">
    <p class='ocr_par' dir='ltr' id='par_1_44' title="bbox 539 2766 2129 2844">
     <span class='ocr_line' id='line_1_44' title="bbox 539 2766 2129 2844; baseline 0.006 -24"><span class='ocrx_word' id='word_1_342' title='bbox 539 2766 881 2825; x_wconf 67' lang='lat' dir='ltr'><strong>dubitatione</strong></span> <span class='ocrx_word' id='word_1_343' title='bbox 948 2780 1237 2841; x_wconf 87' lang='lat' dir='ltr'><strong>erumpat,</strong></span> <span class='ocrx_word' id='word_1_344' title='bbox 1305 2779 1367 2827; x_wconf 86' lang='lat' dir='ltr'><strong>ut</strong></span> <span class='ocrx_word' id='word_1_345' title='bbox 1433 2783 1623 2842; x_wconf 87' lang='lat' dir='ltr'><strong>aperte</strong></span> <span class='ocrx_word' id='word_1_346' title='bbox 1680 2774 1916 2830; x_wconf 82' lang='lat' dir='ltr'><strong>fateatur</strong></span> <span class='ocrx_word' id='word_1_347' title='bbox 1965 2784 2129 2844; x_wconf 90' lang='lat' dir='ltr'><strong>atque</strong></span> 
     </span>
    </p>
   </div>
   <div class='ocr_carea' id='block_1_45' title="bbox 543 2858 2130 2935">
    <p class='ocr_par' dir='ltr' id='par_1_45' title="bbox 543 2858 2130 2935">
     <span class='ocr_line' id='line_1_45' title="bbox 543 2858 2130 2935; baseline 0.004 -22"><span class='ocrx_word' id='word_1_348' title='bbox 543 2858 848 2925; x_wconf 78' lang='lat' dir='ltr'><strong>exclamet,</strong></span> <span class='ocrx_word' id='word_1_349' title='bbox 880 2860 1084 2915; x_wconf 85' lang='lat' dir='ltr'><strong>nullam</strong></span> <span class='ocrx_word' id='word_1_350' title='bbox 1121 2862 1328 2916; x_wconf 81' lang='lat' dir='ltr'><strong>finitam</strong></span> <span class='ocrx_word' id='word_1_351' title='bbox 1350 2862 1436 2917; x_wconf 87' lang='lat' dir='ltr'><strong>vel</strong></span> <span class='ocrx_word' id='word_1_352' title='bbox 1473 2863 1738 2918; x_wconf 81' lang='lat' dir='ltr'><strong>inﬁnitam</strong></span> <span class='ocrx_word' id='word_1_353' title='bbox 1769 2865 2130 2935; x_wconf 80' lang='lat' dir='ltr'><strong>quantitatem</strong></span> 
     </span>
    </p>
   </div>
   <div class='ocr_carea' id='block_1_46' title="bbox 539 2951 2126 3028">
    <p class='ocr_par' dir='ltr' id='par_1_46' title="bbox 539 2951 2126 3028">
     <span class='ocr_line' id='line_1_46' title="bbox 539 2951 2126 3028; baseline 0.008 -26"><span class='ocrx_word' id='word_1_354' title='bbox 539 2951 629 3006; x_wconf 87' lang='lat' dir='ltr'><strong>vel</strong></span> <span class='ocrx_word' id='word_1_355' title='bbox 664 2952 980 3020; x_wconf 83' lang='lat' dir='ltr'><strong>qualitatem</strong></span> <span class='ocrx_word' id='word_1_356' title='bbox 1037 2954 1090 3008; x_wconf 88' lang='lat' dir='ltr'><strong>in</strong></span> <span class='ocrx_word' id='word_1_357' title='bbox 1146 2969 1270 3008; x_wconf 92' lang='lat' dir='ltr'><strong>eum</strong></span> <span class='ocrx_word' id='word_1_358' title='bbox 1312 2955 1529 3020; x_wconf 87' lang='lat' dir='ltr'><strong>cadere,</strong></span> <span class='ocrx_word' id='word_1_359' title='bbox 1553 2964 1647 3011; x_wconf 85' lang='lat' dir='ltr'><strong>aut</strong></span> <span class='ocrx_word' id='word_1_360' title='bbox 1670 2957 1780 3012; x_wconf 89' lang='lat' dir='ltr'><strong>ullo</strong></span> <span class='ocrx_word' id='word_1_361' title='bbox 1807 2958 1967 3013; x_wconf 90' lang='lat' dir='ltr'><strong>modo</strong></span> <span class='ocrx_word' id='word_1_362' title='bbox 1996 2958 2126 3028; x_wconf 88' lang='lat' dir='ltr'><strong>quid</strong></span> 
     </span>
    </p>
   </div>
   <div class='ocr_carea' id='block_1_47' title="bbox 540 3043 2120 3118">
    <p class='ocr_par' dir='ltr' id='par_1_47' title="bbox 540 3043 2120 3118">
     <span class='ocr_line' id='line_1_47' title="bbox 540 3043 2120 3118; baseline 0.005 -21"><span class='ocrx_word' id='word_1_363' title='bbox 540 3043 766 3100; x_wconf 78' lang='lat' dir='ltr'><strong>omnino</strong></span> <span class='ocrx_word' id='word_1_364' title='bbox 788 3046 945 3101; x_wconf 69' lang='lat' dir='ltr'><strong>esse?</strong></span> <span class='ocrx_word' id='word_1_365' title='bbox 964 3045 1099 3100; x_wconf 85' lang='lat' dir='ltr'><strong>Nam</strong></span> <span class='ocrx_word' id='word_1_366' title='bbox 1125 3046 1215 3100; x_wconf 89' lang='lat' dir='ltr'><strong>ubi</strong></span> <span class='ocrx_word' id='word_1_367' title='bbox 1245 3045 1519 3102; x_wconf 85' lang='lat' dir='ltr'><strong>invenitur</strong></span> <span class='ocrx_word' id='word_1_368' title='bbox 1537 3047 1691 3118; x_wconf 88' lang='lat' dir='ltr'><strong>quid,</strong></span> <span class='ocrx_word' id='word_1_369' title='bbox 1714 3048 1788 3104; x_wconf 92' lang='lat' dir='ltr'><strong>ibi</strong></span> <span class='ocrx_word' id='word_1_370' title='bbox 1814 3049 2120 3117; x_wconf 84' lang='lat' dir='ltr'><strong>confestim,</strong></span> 
     </span>
    </p>
   </div>
   <div class='ocr_carea' id='block_1_48' title="bbox 541 3128 2197 3212">
    <p class='ocr_par' dir='ltr' id='par_1_48' title="bbox 541 3128 2197 3212">
     <span class='ocr_line' id='line_1_48' title="bbox 541 3128 2197 3212; baseline 0.004 -26"><span class='ocrx_word' id='word_1_371' title='bbox 541 3143 803 3203; x_wconf 87' lang='lat' dir='ltr'><strong>quantum</strong></span> <span class='ocrx_word' id='word_1_372' title='bbox 833 3144 888 3191; x_wconf 92' lang='lat' dir='ltr'><strong>et</strong></span> <span class='ocrx_word' id='word_1_373' title='bbox 910 3136 1088 3206; x_wconf 87' lang='lat' dir='ltr'><strong>quale.</strong></span> <span class='ocrx_word' id='word_1_374' title='bbox 1121 3137 1221 3194; x_wconf 86' lang='lat' dir='ltr'><strong>Ubi</strong></span> <span class='ocrx_word' id='word_1_375' title='bbox 1253 3156 1384 3195; x_wconf 88' lang='lat' dir='ltr'><strong>vero</strong></span> <span class='ocrx_word' id='word_1_376' title='bbox 1418 3155 1524 3195; x_wconf 91' lang='lat' dir='ltr'><strong>non</strong></span> <span class='ocrx_word' id='word_1_377' title='bbox 1552 3147 1637 3195; x_wconf 87' lang='lat' dir='ltr'><strong>est</strong></span> <span class='ocrx_word' id='word_1_378' title='bbox 1659 3140 1805 3209; x_wconf 91' lang='lat' dir='ltr'><strong>quid,</strong></span> <span class='ocrx_word' id='word_1_379' title='bbox 1836 3141 1909 3196; x_wconf 90' lang='lat' dir='ltr'><strong>ibi</strong></span> <span class='ocrx_word' id='word_1_380' title='bbox 1952 3157 2123 3212; x_wconf 90' lang='lat' dir='ltr'><strong>quan-</strong></span> <span class='ocrx_word' id='word_1_381' title='bbox 2151 3128 2197 3193; x_wconf 89' lang='lat' dir='ltr'>C</span> 
     </span>
    </p>
   </div>
   <div class='ocr_carea' id='block_1_49' title="bbox 542 3226 2126 3301">
    <p class='ocr_par' dir='ltr' id='par_1_49' title="bbox 542 3226 2126 3301">
     <span class='ocr_line' id='line_1_49' title="bbox 542 3226 2126 3301; baseline 0.006 -23"><span class='ocrx_word' id='word_1_382' title='bbox 542 3229 663 3279; x_wconf 82' lang='lat' dir='ltr'><strong>tum</strong></span> <span class='ocrx_word' id='word_1_383' title='bbox 693 3234 749 3280; x_wconf 90' lang='lat' dir='ltr'><strong>et</strong></span> <span class='ocrx_word' id='word_1_384' title='bbox 769 3226 933 3295; x_wconf 87' lang='lat' dir='ltr'><strong>quale</strong></span> <span class='ocrx_word' id='word_1_385' title='bbox 952 3226 1285 3298; x_wconf 84' lang='lat' dir='ltr'><strong>impossibile</strong></span> <span class='ocrx_word' id='word_1_386' title='bbox 1316 3237 1398 3285; x_wconf 87' lang='lat' dir='ltr'><strong>est</strong></span> <span class='ocrx_word' id='word_1_387' title='bbox 1429 3230 1676 3299; x_wconf 84' lang='lat' dir='ltr'><strong>reperiri.</strong></span> <span class='ocrx_word' id='word_1_388' title='bbox 1706 3229 1764 3283; x_wconf 92' lang='lat' dir='ltr'><strong>Si</strong></span> <span class='ocrx_word' id='word_1_389' title='bbox 1793 3245 1933 3301; x_wconf 64' lang='lat' dir='ltr'><strong>ergo.</strong></span> <span class='ocrx_word' id='word_1_390' title='bbox 1953 3231 2007 3286; x_wconf 89' lang='lat' dir='ltr'><strong>in</strong></span> <span class='ocrx_word' id='word_1_391' title='bbox 2038 3247 2126 3287; x_wconf 84' lang='lat' dir='ltr'><strong>re-</strong></span> 
     </span>
    </p>
   </div>
   <div class='ocr_carea' id='block_1_50' title="bbox 540 3317 2127 3390">
    <p class='ocr_par' dir='ltr' id='par_1_50' title="bbox 540 3317 2127 3390">
     <span class='ocr_line' id='line_1_50' title="bbox 540 3317 2127 3390; baseline 0.004 -21"><span class='ocrx_word' id='word_1_392' title='bbox 540 3328 666 3369; x_wconf 83' lang='lat' dir='ltr'><strong>rum</strong></span> <span class='ocrx_word' id='word_1_393' title='bbox 713 3317 1001 3387; x_wconf 77' lang='lat' dir='ltr'><strong>generibus</strong></span> <span class='ocrx_word' id='word_1_394' title='bbox 1046 3332 1222 3389; x_wconf 88' lang='lat' dir='ltr'><strong>neque</strong></span> <span class='ocrx_word' id='word_1_395' title='bbox 1247 3319 1395 3389; x_wconf 91' lang='lat' dir='ltr'><strong>quid,</strong></span> <span class='ocrx_word' id='word_1_396' title='bbox 1422 3334 1597 3389; x_wconf 88' lang='lat' dir='ltr'><strong>neque</strong></span> <span class='ocrx_word' id='word_1_397' title='bbox 1630 3328 1915 3388; x_wconf 89' lang='lat' dir='ltr'><strong>quantum,</strong></span> <span class='ocrx_word' id='word_1_398' title='bbox 1948 3334 2127 3390; x_wconf 90' lang='lat' dir='ltr'><strong>neque</strong></span> 
     </span>
    </p>
   </div>
   <div class='ocr_carea' id='block_1_51' title="bbox 539 3407 2124 3482">
    <p class='ocr_par' dir='ltr' id='par_1_51' title="bbox 539 3407 2124 3482">
     <span class='ocr_line' id='line_1_51' title="bbox 539 3407 2124 3482; baseline 0.006 -22"><span class='ocrx_word' id='word_1_399' title='bbox 539 3407 722 3475; x_wconf 86' lang='lat' dir='ltr'><strong>quale,</strong></span> <span class='ocrx_word' id='word_1_400' title='bbox 754 3424 930 3477; x_wconf 89' lang='lat' dir='ltr'><strong>neque</strong></span> <span class='ocrx_word' id='word_1_401' title='bbox 979 3410 1145 3465; x_wconf 87' lang='lat' dir='ltr'><strong>ullum</strong></span> <span class='ocrx_word' id='word_1_402' title='bbox 1185 3412 1438 3466; x_wconf 90' lang='lat' dir='ltr'><strong>accidens</strong></span> <span class='ocrx_word' id='word_1_403' title='bbox 1478 3412 1815 3481; x_wconf 75' lang='lat' dir='ltr'><strong>intelligitur,</strong></span> <span class='ocrx_word' id='word_1_404' title='bbox 1866 3415 2124 3482; x_wconf 88' lang='lat' dir='ltr'><strong>quoniam</strong></span> 
     </span>
    </p>
   </div>
   <div class='ocr_carea' id='block_1_52' title="bbox 537 3495 2132 3565">
    <p class='ocr_par' dir='ltr' id='par_1_52' title="bbox 537 3495 2132 3565">
     <span class='ocr_line' id='line_1_52' title="bbox 537 3495 2132 3565; baseline 0.006 -14"><span class='ocrx_word' id='word_1_405' title='bbox 537 3495 804 3564; x_wconf 83' lang='lat' dir='ltr'><strong>simplicia</strong></span> <span class='ocrx_word' id='word_1_406' title='bbox 844 3508 991 3565; x_wconf 85' lang='lat' dir='ltr'><strong>sunt,</strong></span> <span class='ocrx_word' id='word_1_407' title='bbox 1032 3499 1169 3554; x_wconf 86' lang='lat' dir='ltr'><strong>bace</strong></span> <span class='ocrx_word' id='word_1_408' title='bbox 1194 3516 1325 3555; x_wconf 91' lang='lat' dir='ltr'><strong>vero</strong></span> <span class='ocrx_word' id='word_1_409' title='bbox 1372 3501 1433 3556; x_wconf 84' lang='lat' dir='ltr'><strong>iu</strong></span> <span class='ocrx_word' id='word_1_410' title='bbox 1467 3502 1760 3557; x_wconf 85' lang='lat' dir='ltr'><strong>individuis</strong></span> <span class='ocrx_word' id='word_1_411' title='bbox 1786 3502 2132 3560; x_wconf 85' lang='lat' dir='ltr'><strong>solummodo</strong></span> 
     </span>
    </p>
   </div>
   <div class='ocr_carea' id='block_1_53' title="bbox 539 3590 2128 3666">
    <p class='ocr_par' dir='ltr' id='par_1_53' title="bbox 539 3590 2128 3666">
     <span class='ocr_line' id='line_1_53' title="bbox 539 3590 2128 3666; baseline 0.008 -26"><span class='ocrx_word' id='word_1_412' title='bbox 539 3596 907 3656; x_wconf 88' lang='lat' dir='ltr'><strong>quaeruntur,</strong></span> <span class='ocrx_word' id='word_1_413' title='bbox 933 3590 1073 3660; x_wconf 87' lang='lat' dir='ltr'><strong>quis,</strong></span> <span class='ocrx_word' id='word_1_414' title='bbox 1099 3592 1204 3647; x_wconf 88' lang='lat' dir='ltr'><strong>nisi</strong></span> <span class='ocrx_word' id='word_1_415' title='bbox 1232 3592 1445 3657; x_wconf 88' lang='lat' dir='ltr'><strong>stultus,</strong></span> <span class='ocrx_word' id='word_1_416' title='bbox 1474 3593 1528 3648; x_wconf 86' lang='lat' dir='ltr'><strong>in</strong></span> <span class='ocrx_word' id='word_1_417' title='bbox 1558 3592 1668 3650; x_wconf 89' lang='lat' dir='ltr'><strong>Deo</strong></span> <span class='ocrx_word' id='word_1_418' title='bbox 1691 3594 1820 3664; x_wconf 83' lang='lat' dir='ltr'><strong>quid</strong></span> <span class='ocrx_word' id='word_1_419' title='bbox 1848 3596 1939 3650; x_wconf 59' lang='lat' dir='ltr'><strong>vcl‘</strong></span> <span class='ocrx_word' id='word_1_420' title='bbox 1959 3610 2128 3666; x_wconf 87' lang='lat' dir='ltr'><strong>quan-</strong></span> 
     </span>
    </p>
   </div>
   <div class='ocr_carea' id='block_1_54' title="bbox 546 3680 1514 3755">
    <p class='ocr_par' dir='ltr' id='par_1_54' title="bbox 546 3680 1514 3755">
     <span class='ocr_line' id='line_1_54' title="bbox 546 3680 1514 3755; baseline 0.005 -22"><span class='ocrx_word' id='word_1_421' title='bbox 546 3687 663 3733; x_wconf 90' lang='lat' dir='ltr'><strong>tum</strong></span> <span class='ocrx_word' id='word_1_422' title='bbox 685 3680 768 3734; x_wconf 89' lang='lat' dir='ltr'><strong>vel</strong></span> <span class='ocrx_word' id='word_1_423' title='bbox 798 3680 956 3749; x_wconf 86' lang='lat' dir='ltr'><strong>quale</strong></span> <span class='ocrx_word' id='word_1_424' title='bbox 984 3683 1181 3738; x_wconf 86' lang='lat' dir='ltr'><strong>audeat</strong></span> <span class='ocrx_word' id='word_1_425' title='bbox 1206 3685 1514 3755; x_wconf 76' lang='lat' dir='ltr'><strong>quaerere?</strong></span> 
     </span>
    </p>
   </div>
   <div class='ocr_carea' id='block_1_55' title="bbox 612 3767 2128 3842">
    <p class='ocr_par' dir='ltr' id='par_1_55' title="bbox 612 3767 2128 3842">
     <span class='ocr_line' id='line_1_55' title="bbox 612 3767 2128 3842; baseline 0.008 -19"><span class='ocrx_word' id='word_1_426' title='bbox 612 3767 756 3824; x_wconf 71' lang='lat' dir='ltr'><strong>Mm.</strong></span> <span class='ocrx_word' id='word_1_427' title='bbox 781 3768 922 3836; x_wconf 87' lang='lat' dir='ltr'><strong>Quid</strong></span> <span class='ocrx_word' id='word_1_428' title='bbox 951 3770 1145 3842; x_wconf 71' lang='lat' dir='ltr'><strong>igitur?</strong></span> <span class='ocrx_word' id='word_1_429' title='bbox 1167 3772 1305 3828; x_wconf 85' lang='lat' dir='ltr'><strong>Num</strong></span> <span class='ocrx_word' id='word_1_430' title='bbox 1330 3775 1385 3828; x_wconf 90' lang='lat' dir='ltr'><strong>in</strong></span> <span class='ocrx_word' id='word_1_431' title='bbox 1414 3789 1479 3829; x_wconf 91' lang='lat' dir='ltr'><strong>eo</strong></span> <span class='ocrx_word' id='word_1_432' title='bbox 1502 3774 1757 3831; x_wconf 85' lang='lat' dir='ltr'><strong>aestimas</strong></span> <span class='ocrx_word' id='word_1_433' title='bbox 1777 3789 1898 3832; x_wconf 90' lang='lat' dir='ltr'><strong>esse</strong></span> <span class='ocrx_word' id='word_1_434' title='bbox 1910 3776 2128 3835; x_wconf 84' lang='lat' dir='ltr'><strong>relatio-</strong></span> 
     </span>
    </p>
   </div>
   <div class='ocr_carea' id='block_1_56' title="bbox 538 3861 2126 3952">
    <p class='ocr_par' dir='ltr' id='par_1_56' title="bbox 538 3861 2126 3952">
     <span class='ocr_line' id='line_1_56' title="bbox 538 3861 2126 3952; baseline 0.004 -35"><span class='ocrx_word' id='word_1_435' title='bbox 538 3873 690 3928; x_wconf 83' lang='lat' dir='ltr'><strong>nem,</strong></span> <span class='ocrx_word' id='word_1_436' title='bbox 711 3876 894 3932; x_wconf 88' lang='lat' dir='ltr'><strong>quaea</strong></span> <span class='ocrx_word' id='word_1_437' title='bbox 924 3861 1149 3952; x_wconf 80' lang='lat' dir='ltr'><strong>Graecis</strong></span> <span class='ocrx_word' id='word_1_438' title='bbox 1168 3864 1366 3920; x_wconf 90' lang='lat' dir='ltr'><strong>dicitur</strong></span> <span class='ocrx_word' id='word_1_439' title='bbox 1391 3867 1522 3944; x_wconf 79' lang='grc' dir='ltr'><strong>πρὸς</strong></span> <span class='ocrx_word' id='word_1_440' title='bbox 1544 3888 1615 3922; x_wconf 81' lang='grc' dir='ltr'><strong>τι.</strong></span> <span class='ocrx_word' id='word_1_441' title='bbox 1634 3868 1780 3922; x_wconf 87' lang='lat' dir='ltr'><strong>Dtsc.</strong></span> <span class='ocrx_word' id='word_1_442' title='bbox 1795 3867 1990 3939; x_wconf 67' lang='lat' dir='ltr'><strong>Nelioc</strong></span> <span class='ocrx_word' id='word_1_443' title='bbox 2007 3869 2126 3938; x_wconf 88' lang='lat' dir='ltr'><strong>qui-</strong></span> 
     </span>
    </p>
   </div>
   <div class='ocr_carea' id='block_1_57' title="bbox 540 3952 2125 4030">
    <p class='ocr_par' dir='ltr' id='par_1_57' title="bbox 540 3952 2125 4030">
     <span class='ocr_line' id='line_1_57' title="bbox 540 3952 2125 4030; baseline 0.004 -22"><span class='ocrx_word' id='word_1_444' title='bbox 540 3952 663 4008; x_wconf 88' lang='lat' dir='ltr'><strong>dem</strong></span> <span class='ocrx_word' id='word_1_445' title='bbox 702 3952 954 4008; x_wconf 79' lang='lat' dir='ltr'><strong>dixerim.</strong></span> <span class='ocrx_word' id='word_1_446' title='bbox 988 3952 1092 4009; x_wconf 90' lang='lat' dir='ltr'><strong>Ubi</strong></span> <span class='ocrx_word' id='word_1_447' title='bbox 1128 3955 1274 4010; x_wconf 89' lang='lat' dir='ltr'><strong>enim</strong></span> <span class='ocrx_word' id='word_1_448' title='bbox 1296 3954 1318 3987; x_wconf 86' lang='grc'>³</span> <span class='ocrx_word' id='word_1_449' title='bbox 1346 3957 1564 4011; x_wconf 84' lang='lat' dir='ltr'><strong>deﬁnita</strong></span> <span class='ocrx_word' id='word_1_450' title='bbox 1582 3959 1879 4014; x_wconf 80' lang='lat' dir='ltr'><strong>substantia</strong></span> <span class='ocrx_word' id='word_1_451' title='bbox 1898 3975 2003 4015; x_wconf 90' lang='lat' dir='ltr'><strong>non</strong></span> <span class='ocrx_word' id='word_1_452' title='bbox 2028 3975 2125 4030; x_wconf 92' lang='lat' dir='ltr'><strong>po-</strong></span> 
     </span>
    </p>
   </div>
   <div class='ocr_carea' id='block_1_58' title="bbox 538 4044 2121 4121">
    <p class='ocr_par' dir='ltr' id='par_1_58' title="bbox 538 4044 2121 4121">
     <span class='ocr_line' id='line_1_58' title="bbox 538 4044 2121 4121; baseline 0.004 -21"><span class='ocrx_word' id='word_1_453' title='bbox 538 4050 651 4100; x_wconf 85' lang='lat' dir='ltr'><strong>test</strong></span> <span class='ocrx_word' id='word_1_454' title='bbox 691 4044 947 4116; x_wconf 87' lang='lat' dir='ltr'><strong>intelligi,</strong></span> <span class='ocrx_word' id='word_1_455' title='bbox 984 4044 1056 4099; x_wconf 90' lang='lat' dir='ltr'><strong>ibi</strong></span> <span class='ocrx_word' id='word_1_456' title='bbox 1090 4046 1291 4101; x_wconf 87' lang='lat' dir='ltr'><strong>nullam</strong></span> <span class='ocrx_word' id='word_1_457' title='bbox 1315 4047 1630 4102; x_wconf 89' lang='lat' dir='ltr'><strong>relationem</strong></span> <span class='ocrx_word' id='word_1_458' title='bbox 1670 4049 1787 4104; x_wconf 86' lang='lat' dir='ltr'><strong>fieri</strong></span> <span class='ocrx_word' id='word_1_459' title='bbox 1820 4064 1976 4121; x_wconf 89' lang='lat' dir='ltr'><strong>posse</strong></span> <span class='ocrx_word' id='word_1_460' title='bbox 2014 4065 2121 4107; x_wconf 90' lang='lat' dir='ltr'><strong>non</strong></span> 
     </span>
    </p>
   </div>
   <div class='ocr_carea' id='block_1_59' title="bbox 535 4134 2117 4208">
    <p class='ocr_par' dir='ltr' id='par_1_59' title="bbox 535 4134 2117 4208">
     <span class='ocr_line' id='line_1_59' title="bbox 535 4134 2117 4208; baseline 0.006 -19"><span class='ocrx_word' id='word_1_461' title='bbox 535 4134 772 4206; x_wconf 87' lang='lat' dir='ltr'><strong>ambigo.</strong></span> <span class='ocrx_word' id='word_1_462' title='bbox 824 4135 941 4191; x_wconf 83' lang='lat' dir='ltr'><strong>Non</strong></span> <span class='ocrx_word' id='word_1_463' title='bbox 983 4138 1125 4192; x_wconf 89' lang='lat' dir='ltr'><strong>enim</strong></span> <span class='ocrx_word' id='word_1_464' title='bbox 1186 4148 1271 4194; x_wconf 78' lang='lat' dir='ltr'><strong>est</strong></span> <span class='ocrx_word' id='word_1_465' title='bbox 1299 4137 1323 4171; x_wconf 69' lang='lat'><strong>‘</strong></span> <span class='ocrx_word' id='word_1_466' title='bbox 1351 4142 1646 4196; x_wconf 89' lang='lat' dir='ltr'><strong>secundum</strong></span> <span class='ocrx_word' id='word_1_467' title='bbox 1697 4142 2050 4198; x_wconf 85' lang='lat' dir='ltr'><strong>substantiam</strong></span> <span class='ocrx_word' id='word_1_468' title='bbox 2078 4142 2117 4208; x_wconf 80' lang='grc'><strong>⁸,</strong></span> 
     </span>
    </p>
   </div>
   <div class='ocr_carea' id='block_1_60' title="bbox 538 4226 2120 4303">
    <p class='ocr_par' dir='ltr' id='par_1_60' title="bbox 538 4226 2120 4303">
     <span class='ocr_line' id='line_1_60' title="bbox 538 4226 2120 4303; baseline 0.005 -22"><span class='ocrx_word' id='word_1_469' title='bbox 538 4226 636 4281; x_wconf 83' lang='lat' dir='ltr'><strong>sed</strong></span> <span class='ocrx_word' id='word_1_470' title='bbox 665 4227 963 4282; x_wconf 89' lang='lat' dir='ltr'><strong>secundum</strong></span> <span class='ocrx_word' id='word_1_471' title='bbox 996 4228 1264 4297; x_wconf 90' lang='lat' dir='ltr'><strong>quandam</strong></span> <span class='ocrx_word' id='word_1_472' title='bbox 1315 4231 1562 4300; x_wconf 87' lang='lat' dir='ltr'><strong>c0pulam</strong></span> <span class='ocrx_word' id='word_1_473' title='bbox 1595 4230 2069 4303; x_wconf 87' lang='lat' dir='ltr'><strong>habitudinemque</strong></span> <span class='ocrx_word' id='word_1_474' title='bbox 2098 4234 2120 4265; x_wconf 77' lang='grc'><strong>⁸</strong></span> 
     </span>
    </p>
   </div>
   <div class='ocr_carea' id='block_1_61' title="bbox 540 4317 2119 4392">
    <p class='ocr_par' dir='ltr' id='par_1_61' title="bbox 540 4317 2119 4392">
     <span class='ocr_line' id='line_1_61' title="bbox 540 4317 2119 4392; baseline 0.004 -21"><span class='ocrx_word' id='word_1_475' title='bbox 540 4317 773 4371; x_wconf 79' lang='lat' dir='ltr'><strong>duorum</strong></span> <span class='ocrx_word' id='word_1_476' title='bbox 805 4333 899 4372; x_wconf 90' lang='lat' dir='ltr'><strong>seu</strong></span> <span class='ocrx_word' id='word_1_477' title='bbox 930 4317 1162 4388; x_wconf 85' lang='lat' dir='ltr'><strong>plurium</strong></span> <span class='ocrx_word' id='word_1_478' title='bbox 1181 4320 1200 4352; x_wconf 81' lang='grc'><strong>⁷</strong></span> <span class='ocrx_word' id='word_1_479' title='bbox 1231 4320 1613 4389; x_wconf 75' lang='lat' dir='ltr'><strong>subiectorum.</strong></span> <span class='ocrx_word' id='word_1_480' title='bbox 1639 4320 1773 4376; x_wconf 81' lang='lat' dir='ltr'><strong>Nam</strong></span> <span class='ocrx_word' id='word_1_481' title='bbox 1798 4323 2009 4392; x_wconf 86' lang='lat' dir='ltr'><strong>quodin</strong></span> <span class='ocrx_word' id='word_1_482' title='bbox 2034 4323 2119 4378; x_wconf 84' lang='lat' dir='ltr'><strong>di-</strong></span> 
     </span>
    </p>
   </div>
   <div class='ocr_carea' id='block_1_62' title="bbox 533 4407 2121 4491">
    <p class='ocr_par' dir='ltr' id='par_1_62' title="bbox 533 4407 2121 4491">
     <span class='ocr_line' id='line_1_62' title="bbox 533 4407 2121 4491; baseline 0.003 -29"><span class='ocrx_word' id='word_1_483' title='bbox 533 4407 696 4463; x_wconf 88' lang='lat' dir='ltr'><strong>vinae</strong></span> <span class='ocrx_word' id='word_1_484' title='bbox 725 4409 980 4465; x_wconf 86' lang='lat' dir='ltr'><strong>bonitatis</strong></span> <span class='ocrx_word' id='word_1_485' title='bbox 995 4408 1295 4491; x_wconf 47' lang='lat' dir='ltr'><strong>.Trinitate,</strong></span> <span class='ocrx_word' id='word_1_486' title='bbox 1325 4412 1424 4466; x_wconf 88' lang='lat' dir='ltr'><strong>sub</strong></span> <span class='ocrx_word' id='word_1_487' title='bbox 1447 4412 1666 4467; x_wconf 76' lang='lat' dir='ltr'><strong>relativo</strong></span> <span class='ocrx_word' id='word_1_488' title='bbox 1690 4413 1713 4444; x_wconf 79' lang='grc'><em>³</em></span> <span class='ocrx_word' id='word_1_489' title='bbox 1740 4413 1934 4477; x_wconf 89' lang='lat' dir='ltr'><strong>forma,</strong></span> <span class='ocrx_word' id='word_1_490' title='bbox 1958 4413 2121 4467; x_wconf 87' lang='lat' dir='ltr'><strong>Pater</strong></span> 
     </span>
    </p>
   </div>
   <div class='ocr_carea' id='block_1_63' title="bbox 2231 1870 3831 1945">
    <p class='ocr_par' dir='ltr' id='par_1_63' title="bbox 2231 1870 3831 1945">
     <span class='ocr_line' id='line_1_63' title="bbox 2231 1870 3831 1945; baseline -0.006 -11"><span class='ocrx_word' id='word_1_491' title='bbox 2231 1877 2387 1945; x_wconf 85' lang='lat' dir='ltr'><strong>sitio,</strong></span> <span class='ocrx_word' id='word_1_492' title='bbox 2412 1875 2564 1932; x_wconf 87' lang='lat' dir='ltr'><strong>verbi</strong></span> <span class='ocrx_word' id='word_1_493' title='bbox 2611 1874 2807 1944; x_wconf 86' lang='lat' dir='ltr'><strong>gratia,</strong></span> <span class='ocrx_word' id='word_1_494' title='bbox 2835 1883 2968 1942; x_wconf 73' lang='lat' dir='ltr'><strong>Stat,</strong></span> <span class='ocrx_word' id='word_1_495' title='bbox 3001 1872 3177 1937; x_wconf 89' lang='lat' dir='ltr'><strong>sedet,</strong></span> <span class='ocrx_word' id='word_1_496' title='bbox 3199 1871 3374 1942; x_wconf 78' lang='lat' dir='ltr'><strong>jacet,</strong></span> <span class='ocrx_word' id='word_1_497' title='bbox 3411 1870 3613 1943; x_wconf 89' lang='lat' dir='ltr'><strong>quibus</strong></span> <span class='ocrx_word' id='word_1_498' title='bbox 3655 1871 3831 1927; x_wconf 82' lang='lat' dir='ltr'><strong>omni-</strong></span> 
     </span>
    </p>
   </div>
   <div class='ocr_carea' id='block_1_64' title="bbox 2230 1965 3825 2039">
    <p class='ocr_par' dir='ltr' id='par_1_64' title="bbox 2230 1965 3825 2039">
     <span class='ocr_line' id='line_1_64' title="bbox 2230 1965 3825 2039; baseline -0.003 -16"><span class='ocrx_word' id='word_1_499' title='bbox 2230 1968 2334 2023; x_wconf 90' lang='lat' dir='ltr'><strong>bus</strong></span> <span class='ocrx_word' id='word_1_500' title='bbox 2358 1966 2582 2022; x_wconf 89' lang='lat' dir='ltr'><strong>omnino</strong></span> <span class='ocrx_word' id='word_1_501' title='bbox 2610 1966 2828 2020; x_wconf 91' lang='lat' dir='ltr'><strong>divinae</strong></span> <span class='ocrx_word' id='word_1_502' title='bbox 2856 1965 3130 2021; x_wconf 87' lang='lat' dir='ltr'><strong>essentiae</strong></span> <span class='ocrx_word' id='word_1_503' title='bbox 3155 1965 3411 2018; x_wconf 83' lang='lat' dir='ltr'><strong>virtutem</strong></span> <span class='ocrx_word' id='word_1_504' title='bbox 3434 1976 3825 2039; x_wconf 30' lang='lat' dir='ltr'><strong>carerelnemo</strong></span> 
     </span>
    </p>
   </div>
   <div class='ocr_carea' id='block_1_65' title="bbox 2229 2052 3827 2127">
    <p class='ocr_par' dir='ltr' id='par_1_65' title="bbox 2229 2052 3827 2127">
     <span class='ocr_line' id='line_1_65' title="bbox 2229 2052 3827 2127; baseline -0.006 -13"><span class='ocrx_word' id='word_1_505' title='bbox 2229 2065 2377 2114; x_wconf 89' lang='lat' dir='ltr'><strong>recte</strong></span> <span class='ocrx_word' id='word_1_506' title='bbox 2420 2054 2915 2127; x_wconf 79' lang='lat' dir='ltr'><strong>philosophantium</strong></span> <span class='ocrx_word' id='word_1_507' title='bbox 2944 2055 3179 2125; x_wconf 81' lang='lat' dir='ltr'><strong>ignorat.</strong></span> <span class='ocrx_word' id='word_1_508' title='bbox 3210 2053 3326 2107; x_wconf 84' lang='lat' dir='ltr'><strong>Non</strong></span> <span class='ocrx_word' id='word_1_509' title='bbox 3348 2052 3491 2107; x_wconf 89' lang='lat' dir='ltr'><strong>enim</strong></span> <span class='ocrx_word' id='word_1_510' title='bbox 3519 2061 3688 2106; x_wconf 90' lang='lat' dir='ltr'><strong>totum</strong></span> <span class='ocrx_word' id='word_1_511' title='bbox 3710 2059 3827 2117; x_wconf 77' lang='lat' dir='ltr'><strong>est,</strong></span> 
     </span>
    </p>
   </div>
   <div class='ocr_carea' id='block_1_66' title="bbox 2229 2140 3818 2217">
    <p class='ocr_par' dir='ltr' id='par_1_66' title="bbox 2229 2140 3818 2217">
     <span class='ocr_line' id='line_1_66' title="bbox 2229 2140 3818 2217; baseline -0.004 -15"><span class='ocrx_word' id='word_1_512' title='bbox 2229 2163 2405 2217; x_wconf 90' lang='lat' dir='ltr'><strong>neque</strong></span> <span class='ocrx_word' id='word_1_513' title='bbox 2448 2160 2593 2216; x_wconf 85' lang='lat' dir='ltr'><strong>pars,</strong></span> <span class='ocrx_word' id='word_1_514' title='bbox 2625 2159 2801 2215; x_wconf 90' lang='lat' dir='ltr'><strong>neque</strong></span> <span class='ocrx_word' id='word_1_515' title='bbox 2826 2145 2976 2201; x_wconf 84' lang='lat' dir='ltr'><strong>sedet</strong></span> <span class='ocrx_word' id='word_1_516' title='bbox 3003 2143 3165 2198; x_wconf 86' lang='lat' dir='ltr'><strong>veluti</strong></span> <span class='ocrx_word' id='word_1_517' title='bbox 3195 2141 3440 2213; x_wconf 79' lang='lat' dir='ltr'><strong>fatigata,</strong></span> <span class='ocrx_word' id='word_1_518' title='bbox 3470 2154 3649 2209; x_wconf 88' lang='lat' dir='ltr'><strong>neque</strong></span> <span class='ocrx_word' id='word_1_519' title='bbox 3666 2140 3818 2211; x_wconf 78' lang='lat' dir='ltr'><strong>jacet</strong></span> 
     </span>
    </p>
   </div>
   <div class='ocr_carea' id='block_1_67' title="bbox 2228 2228 3820 2307">
    <p class='ocr_par' dir='ltr' id='par_1_67' title="bbox 2228 2228 3820 2307">
     <span class='ocr_line' id='line_1_67' title="bbox 2228 2228 3820 2307; baseline -0.006 -15"><span class='ocrx_word' id='word_1_520' title='bbox 2228 2245 2289 2292; x_wconf 91' lang='lat' dir='ltr'><strong>ut</strong></span> <span class='ocrx_word' id='word_1_521' title='bbox 2316 2245 2609 2307; x_wconf 89' lang='lat' dir='ltr'><strong>prostrata,</strong></span> <span class='ocrx_word' id='word_1_522' title='bbox 2623 2249 2800 2306; x_wconf 89' lang='lat' dir='ltr'><strong>neque</strong></span> <span class='ocrx_word' id='word_1_523' title='bbox 2813 2242 2937 2304; x_wconf 86' lang='lat' dir='ltr'><strong>post</strong></span> <span class='ocrx_word' id='word_1_524' title='bbox 2952 2232 3113 2289; x_wconf 87' lang='lat' dir='ltr'><strong>ullum</strong></span> <span class='ocrx_word' id='word_1_525' title='bbox 3135 2233 3177 2263; x_wconf 68' lang='grc' dir='ltr'>π</span> <span class='ocrx_word' id='word_1_526' title='bbox 3198 2239 3399 2287; x_wconf 87' lang='lat' dir='ltr'><strong>motum</strong></span> <span class='ocrx_word' id='word_1_527' title='bbox 3420 2228 3651 2300; x_wconf 45' lang='grc' dir='ltr'><strong>διαμιΑὰ</strong></span> <span class='ocrx_word' id='word_1_528' title='bbox 3675 2230 3820 2285; x_wconf 72' lang='grc' dir='ltr'><strong>(ἰρι-</strong></span> 
     </span>
    </p>
   </div>
   <div class='ocr_carea' id='block_1_68' title="bbox 2229 2319 3818 2391">
    <p class='ocr_par' dir='ltr' id='par_1_68' title="bbox 2229 2319 3818 2391">
     <span class='ocr_line' id='line_1_68' title="bbox 2229 2319 3818 2391; baseline -0.006 -6"><span class='ocrx_word' id='word_1_529' title='bbox 2229 2339 2369 2385; x_wconf 89' lang='lat' dir='ltr'><strong>tram</strong></span> <span class='ocrx_word' id='word_1_530' title='bbox 2400 2329 2578 2384; x_wconf 82' lang='lat' dir='ltr'><strong>Patris</strong></span> <span class='ocrx_word' id='word_1_531' title='bbox 2602 2329 2791 2384; x_wconf 87' lang='lat' dir='ltr'><strong>sedere</strong></span> <span class='ocrx_word' id='word_1_532' title='bbox 2804 2326 2974 2382; x_wconf 84' lang='lat' dir='ltr'><strong>Filius</strong></span> <span class='ocrx_word' id='word_1_533' title='bbox 2992 2325 3189 2381; x_wconf 88' lang='lat' dir='ltr'><strong>dicitur</strong></span> <span class='ocrx_word' id='word_1_534' title='bbox 3213 2325 3279 2391; x_wconf 70' lang='grc'><strong>³⁸,</strong></span> <span class='ocrx_word' id='word_1_535' title='bbox 3310 2332 3455 2379; x_wconf 89' lang='lat' dir='ltr'><strong>totus</strong></span> <span class='ocrx_word' id='word_1_536' title='bbox 3476 2319 3818 2386; x_wconf 74' lang='lat' dir='ltr'><strong>Filius,Ver-</strong></span> 
     </span>
    </p>
   </div>
   <div class='ocr_carea' id='block_1_69' title="bbox 2227 2416 3819 2488">
    <p class='ocr_par' dir='ltr' id='par_1_69' title="bbox 2227 2416 3819 2488">
     <span class='ocr_line' id='line_1_69' title="bbox 2227 2416 3819 2488; baseline -0.004 -9"><span class='ocrx_word' id='word_1_537' title='bbox 2227 2425 2353 2480; x_wconf 88' lang='lat' dir='ltr'><strong>bum</strong></span> <span class='ocrx_word' id='word_1_538' title='bbox 2383 2432 2439 2479; x_wconf 92' lang='lat' dir='ltr'><strong>et</strong></span> <span class='ocrx_word' id='word_1_539' title='bbox 2457 2437 2605 2478; x_wconf 88' lang='lat' dir='ltr'><strong>caro.</strong></span> <span class='ocrx_word' id='word_1_540' title='bbox 2632 2421 2831 2477; x_wconf 76' lang='lat' dir='ltr'><strong>Dextra</strong></span> <span class='ocrx_word' id='word_1_541' title='bbox 2855 2420 3034 2477; x_wconf 82' lang='lat' dir='ltr'><strong>Patris</strong></span> <span class='ocrx_word' id='word_1_542' title='bbox 3055 2429 3142 2475; x_wconf 90' lang='lat' dir='ltr'><strong>est</strong></span> <span class='ocrx_word' id='word_1_543' title='bbox 3165 2418 3407 2488; x_wconf 87' lang='lat' dir='ltr'><strong>potentia</strong></span> <span class='ocrx_word' id='word_1_544' title='bbox 3422 2416 3624 2482; x_wconf 88' lang='lat' dir='ltr'><strong>Patris,</strong></span> <span class='ocrx_word' id='word_1_545' title='bbox 3648 2416 3819 2472; x_wconf 80' lang='lat' dir='ltr'><strong>forti-</strong></span> 
     </span>
    </p>
   </div>
   <div class='ocr_carea' id='block_1_70' title="bbox 2230 2507 3813 2583">
    <p class='ocr_par' dir='ltr' id='par_1_70' title="bbox 2230 2507 3813 2583">
     <span class='ocr_line' id='line_1_70' title="bbox 2230 2507 3813 2583; baseline -0.007 -12"><span class='ocrx_word' id='word_1_546' title='bbox 2230 2515 2359 2571; x_wconf 90' lang='lat' dir='ltr'><strong>tudo</strong></span> <span class='ocrx_word' id='word_1_547' title='bbox 2390 2513 2588 2569; x_wconf 85' lang='lat' dir='ltr'><strong>Patris.</strong></span> <span class='ocrx_word' id='word_1_548' title='bbox 2644 2512 2764 2583; x_wconf 89' lang='lat' dir='ltr'><strong>lpse</strong></span> <span class='ocrx_word' id='word_1_549' title='bbox 2812 2513 2997 2582; x_wconf 87' lang='lat' dir='ltr'><strong>itaque</strong></span> <span class='ocrx_word' id='word_1_550' title='bbox 3042 2510 3214 2566; x_wconf 86' lang='lat' dir='ltr'><strong>Filius</strong></span> <span class='ocrx_word' id='word_1_551' title='bbox 3244 2510 3436 2565; x_wconf 74' lang='lat' dir='ltr'><strong>dextra</strong></span> <span class='ocrx_word' id='word_1_552' title='bbox 3489 2507 3669 2563; x_wconf 88' lang='lat' dir='ltr'><strong>Patris</strong></span> <span class='ocrx_word' id='word_1_553' title='bbox 3709 2516 3813 2567; x_wconf 82' lang='lat' dir='ltr'><strong>est.</strong></span> 
     </span>
    </p>
   </div>
   <div class='ocr_carea' id='block_1_71' title="bbox 2228 2597 3820 2676">
    <p class='ocr_par' dir='ltr' id='par_1_71' title="bbox 2228 2597 3820 2676">
     <span class='ocr_line' id='line_1_71' title="bbox 2228 2597 3820 2676; baseline -0.004 -16"><span class='ocrx_word' id='word_1_554' title='bbox 2228 2605 2328 2660; x_wconf 86' lang='lat' dir='ltr'><strong>Ubi</strong></span> <span class='ocrx_word' id='word_1_555' title='bbox 2357 2604 2521 2676; x_wconf 87' lang='lat' dir='ltr'><strong>igitur</strong></span> <span class='ocrx_word' id='word_1_556' title='bbox 2550 2602 2593 2636; x_wconf 72' lang='grc'><strong>³⁸</strong></span> <span class='ocrx_word' id='word_1_557' title='bbox 2618 2604 2789 2667; x_wconf 87' lang='lat' dir='ltr'><strong>sedet,</strong></span> <span class='ocrx_word' id='word_1_558' title='bbox 2818 2602 2871 2656; x_wconf 91' lang='lat' dir='ltr'><strong>in</strong></span> <span class='ocrx_word' id='word_1_559' title='bbox 2917 2602 3096 2671; x_wconf 81' lang='lat' dir='ltr'><strong>seipse</strong></span> <span class='ocrx_word' id='word_1_560' title='bbox 3117 2600 3291 2665; x_wconf 87' lang='lat' dir='ltr'><strong>sedet,</strong></span> <span class='ocrx_word' id='word_1_561' title='bbox 3329 2597 3820 2654; x_wconf 82' lang='lat' dir='ltr'><strong>consubstantialis</strong></span> 
     </span>
    </p>
   </div>
   <div class='ocr_carea' id='block_1_72' title="bbox 2227 2686 3812 2763">
    <p class='ocr_par' dir='ltr' id='par_1_72' title="bbox 2227 2686 3812 2763">
     <span class='ocr_line' id='line_1_72' title="bbox 2227 2686 3812 2763; baseline -0.005 -13"><span class='ocrx_word' id='word_1_562' title='bbox 2227 2694 2373 2751; x_wconf 80' lang='lat' dir='ltr'><strong>Patri</strong></span> <span class='ocrx_word' id='word_1_563' title='bbox 2411 2710 2657 2761; x_wconf 90' lang='lat' dir='ltr'><strong>manens,</strong></span> <span class='ocrx_word' id='word_1_564' title='bbox 2694 2693 2944 2763; x_wconf 84' lang='lat' dir='ltr'><strong>judicans</strong></span> <span class='ocrx_word' id='word_1_565' title='bbox 2966 2686 3148 2748; x_wconf 78' lang='lat' dir='ltr'><strong>omnia</strong></span> <span class='ocrx_word' id='word_1_566' title='bbox 3191 2691 3425 2761; x_wconf 90' lang='lat' dir='ltr'><strong>quietus.</strong></span> <span class='ocrx_word' id='word_1_567' title='bbox 3470 2688 3663 2744; x_wconf 77' lang='lat' dir='ltr'><strong>Stat”</strong></span> <span class='ocrx_word' id='word_1_568' title='bbox 3689 2686 3812 2744; x_wconf 87' lang='lat' dir='ltr'><strong>Ste-</strong></span> 
     </span>
    </p>
   </div>
   <div class='ocr_carea' id='block_1_73' title="bbox 2227 2780 3831 2859">
    <p class='ocr_par' dir='ltr' id='par_1_73' title="bbox 2227 2780 3831 2859">
     <span class='ocr_line' id='line_1_73' title="bbox 2227 2780 3831 2859; baseline -0.006 -17"><span class='ocrx_word' id='word_1_569' title='bbox 2227 2787 2413 2859; x_wconf 88' lang='lat' dir='ltr'><strong>phano</strong></span> <span class='ocrx_word' id='word_1_570' title='bbox 2436 2786 2696 2841; x_wconf 89' lang='lat' dir='ltr'><strong>militibus</strong></span> <span class='ocrx_word' id='word_1_571' title='bbox 2717 2799 3090 2855; x_wconf 87' lang='lat' dir='ltr'><strong>compugnans</strong></span> <span class='ocrx_word' id='word_1_572' title='bbox 3111 2782 3244 2848; x_wconf 88' lang='lat' dir='ltr'><strong>suis,</strong></span> <span class='ocrx_word' id='word_1_573' title='bbox 3268 2782 3401 2838; x_wconf 88' lang='lat' dir='ltr'><strong>dans</strong></span> <span class='ocrx_word' id='word_1_574' title='bbox 3421 2781 3502 2838; x_wconf 83' lang='lat' dir='ltr'><strong>eis</strong></span> <span class='ocrx_word' id='word_1_575' title='bbox 3524 2780 3831 2844; x_wconf 82' lang='lat' dir='ltr'><strong>virtutem,‘</strong></span> 
     </span>
    </p>
   </div>
   <div class='ocr_carea' id='block_1_74' title="bbox 2225 2873 3818 2943">
    <p class='ocr_par' dir='ltr' id='par_1_74' title="bbox 2225 2873 3818 2943">
     <span class='ocr_line' id='line_1_74' title="bbox 2225 2873 3818 2943; baseline -0.006 -10"><span class='ocrx_word' id='word_1_576' title='bbox 2225 2886 2288 2933; x_wconf 94' lang='lat' dir='ltr'><strong>ut</strong></span> <span class='ocrx_word' id='word_1_577' title='bbox 2336 2878 2560 2933; x_wconf 86' lang='lat' dir='ltr'><strong>vincant</strong></span> <span class='ocrx_word' id='word_1_578' title='bbox 2602 2877 2658 2932; x_wconf 91' lang='lat' dir='ltr'><strong>in</strong></span> <span class='ocrx_word' id='word_1_579' title='bbox 2707 2876 2893 2941; x_wconf 88' lang='lat' dir='ltr'><strong>terris,</strong></span> <span class='ocrx_word' id='word_1_580' title='bbox 2921 2876 3109 2931; x_wconf 73' lang='lat' dir='ltr'><strong>dextra</strong></span> <span class='ocrx_word' id='word_1_581' title='bbox 3142 2874 3357 2930; x_wconf 79' lang='lat' dir='ltr'><strong>Domini</strong></span> <span class='ocrx_word' id='word_1_582' title='bbox 3383 2873 3501 2943; x_wconf 76' lang='lat' dir='ltr'><strong>fecit</strong></span> <span class='ocrx_word' id='word_1_583' title='bbox 3532 2874 3770 2927; x_wconf 77' lang='lat' dir='ltr'><strong>virtutem</strong></span> <span class='ocrx_word' id='word_1_584' title='bbox 3793 2912 3818 2937; x_wconf 85' lang='lat'><strong>,</strong></span> 
     </span>
    </p>
   </div>
   <div class='ocr_carea' id='block_1_75' title="bbox 2224 2963 3815 3039">
    <p class='ocr_par' dir='ltr' id='par_1_75' title="bbox 2224 2963 3815 3039">
     <span class='ocr_line' id='line_1_75' title="bbox 2224 2963 3815 3039; baseline -0.004 -16"><span class='ocrx_word' id='word_1_585' title='bbox 2224 2968 2463 3039; x_wconf 89' lang='lat' dir='ltr'><strong>largiens</strong></span> <span class='ocrx_word' id='word_1_586' title='bbox 2497 2969 2576 3024; x_wconf 92' lang='lat' dir='ltr'><strong>eis</strong></span> <span class='ocrx_word' id='word_1_587' title='bbox 2621 2982 2879 3023; x_wconf 84' lang='lat' dir='ltr'><strong>coronam</strong></span> <span class='ocrx_word' id='word_1_588' title='bbox 2901 2966 3261 3023; x_wconf 78' lang='lat' dir='ltr'><strong>confessionis</strong></span> <span class='ocrx_word' id='word_1_589' title='bbox 3297 2965 3395 3021; x_wconf 91' lang='lat' dir='ltr'><strong>sibi</strong></span> <span class='ocrx_word' id='word_1_590' title='bbox 3444 2965 3489 2995; x_wconf 79' lang='lat'>“</span> <span class='ocrx_word' id='word_1_591' title='bbox 3542 2965 3599 3019; x_wconf 88' lang='lat' dir='ltr'><strong>in</strong></span> <span class='ocrx_word' id='word_1_592' title='bbox 3625 2963 3815 3019; x_wconf 86' lang='lat' dir='ltr'><strong>caelis.</strong></span> 
     </span>
    </p>
   </div>
   <div class='ocr_carea' id='block_1_76' title="bbox 2227 3055 3818 3128">
    <p class='ocr_par' dir='ltr' id='par_1_76' title="bbox 2227 3055 3818 3128">
     <span class='ocr_line' id='line_1_76' title="bbox 2227 3055 3818 3128; baseline -0.003 -15"><span class='ocrx_word' id='word_1_593' title='bbox 2227 3056 2362 3114; x_wconf 77' lang='lat' dir='ltr'><strong>Vide</strong></span> <span class='ocrx_word' id='word_1_594' title='bbox 2381 3057 2651 3128; x_wconf 84' lang='lat' dir='ltr'><strong>quomodo</strong></span> <span class='ocrx_word' id='word_1_595' title='bbox 2671 3058 2840 3124; x_wconf 86' lang='lat' dir='ltr'><strong>sedet,</strong></span> <span class='ocrx_word' id='word_1_596' title='bbox 2866 3057 3137 3127; x_wconf 90' lang='lat' dir='ltr'><strong>quomodo</strong></span> <span class='ocrx_word' id='word_1_597' title='bbox 3169 3066 3298 3111; x_wconf 81' lang='lat' dir='ltr'><strong>stat.</strong></span> <span class='ocrx_word' id='word_1_598' title='bbox 3330 3055 3480 3111; x_wconf 87' lang='lat' dir='ltr'><strong>Situs</strong></span> <span class='ocrx_word' id='word_1_599' title='bbox 3506 3056 3677 3111; x_wconf 70' lang='lat' dir='ltr'><strong>“iste</strong></span> <span class='ocrx_word' id='word_1_600' title='bbox 3700 3070 3818 3124; x_wconf 52' lang='lat' dir='ltr'><strong>my:-</strong></span> 
     </span>
    </p>
   </div>
   <div class='ocr_carea' id='block_1_77' title="bbox 2229 3146 3829 3219">
    <p class='ocr_par' dir='ltr' id='par_1_77' title="bbox 2229 3146 3829 3219">
     <span class='ocr_line' id='line_1_77' title="bbox 2229 3146 3829 3219; baseline -0.004 -14"><span class='ocrx_word' id='word_1_601' title='bbox 2229 3150 2398 3205; x_wconf 87' lang='lat' dir='ltr'><strong>sticus</strong></span> <span class='ocrx_word' id='word_1_602' title='bbox 2441 3157 2546 3215; x_wconf 90' lang='lat' dir='ltr'><strong>est,</strong></span> <span class='ocrx_word' id='word_1_603' title='bbox 2570 3163 2673 3204; x_wconf 88' lang='lat' dir='ltr'><strong>non</strong></span> <span class='ocrx_word' id='word_1_604' title='bbox 2702 3163 3018 3219; x_wconf 84' lang='lat' dir='ltr'><strong>corporeus,</strong></span> <span class='ocrx_word' id='word_1_605' title='bbox 3049 3163 3152 3202; x_wconf 87' lang='lat' dir='ltr'><strong>non</strong></span> <span class='ocrx_word' id='word_1_606' title='bbox 3175 3147 3381 3214; x_wconf 86' lang='lat' dir='ltr'><strong>localis,</strong></span> <span class='ocrx_word' id='word_1_607' title='bbox 3424 3147 3521 3203; x_wconf 91' lang='lat' dir='ltr'><strong>sed</strong></span> <span class='ocrx_word' id='word_1_608' title='bbox 3561 3146 3829 3215; x_wconf 51' lang='lat' dir='ltr'><strong>spiritum&quot;</strong></span> 
     </span>
    </p>
   </div>
   <div class='ocr_carea' id='block_1_78' title="bbox 2229 3236 3816 3310">
    <p class='ocr_par' dir='ltr' id='par_1_78' title="bbox 2229 3236 3816 3310">
     <span class='ocr_line' id='line_1_78' title="bbox 2229 3236 3816 3310; baseline -0.002 -13"><span class='ocrx_word' id='word_1_609' title='bbox 2229 3242 2298 3298; x_wconf 82' lang='lat' dir='ltr'><strong>lis</strong></span> <span class='ocrx_word' id='word_1_610' title='bbox 2323 3243 2392 3296; x_wconf 85' lang='grc'><strong>³³.</strong></span> <span class='ocrx_word' id='word_1_611' title='bbox 2429 3241 2615 3298; x_wconf 85' lang='lat' dir='ltr'><strong>Talem</strong></span> <span class='ocrx_word' id='word_1_612' title='bbox 2637 3242 2688 3276; x_wconf 74' lang='lat'><strong>“</strong></span> <span class='ocrx_word' id='word_1_613' title='bbox 2709 3242 2869 3297; x_wconf 90' lang='lat' dir='ltr'><strong>situm</strong></span> <span class='ocrx_word' id='word_1_614' title='bbox 2893 3242 3107 3296; x_wconf 88' lang='lat' dir='ltr'><strong>divinae</strong></span> <span class='ocrx_word' id='word_1_615' title='bbox 3129 3250 3354 3295; x_wconf 86' lang='lat' dir='ltr'><strong>naturae</strong></span> <span class='ocrx_word' id='word_1_616' title='bbox 3373 3252 3655 3310; x_wconf 87' lang='lat' dir='ltr'><strong>cognosce.</strong></span> <span class='ocrx_word' id='word_1_617' title='bbox 3679 3236 3816 3305; x_wconf 83' lang='lat' dir='ltr'><strong>Quis</strong></span> 
     </span>
    </p>
   </div>
   <div class='ocr_carea' id='block_1_79' title="bbox 2228 3328 3814 3402">
    <p class='ocr_par' dir='ltr' id='par_1_79' title="bbox 2228 3328 3814 3402">
     <span class='ocr_line' id='line_1_79' title="bbox 2228 3328 3814 3402; baseline -0.004 -13"><span class='ocrx_word' id='word_1_618' title='bbox 2228 3334 2284 3389; x_wconf 89' lang='lat' dir='ltr'><strong>ei</strong></span> <span class='ocrx_word' id='word_1_619' title='bbox 2322 3332 2567 3389; x_wconf 85' lang='lat' dir='ltr'><strong>habitum</strong></span> <span class='ocrx_word' id='word_1_620' title='bbox 2610 3331 2939 3401; x_wconf 82' lang='lat' dir='ltr'><strong>adjunxerit,</strong></span> <span class='ocrx_word' id='word_1_621' title='bbox 2968 3333 3095 3387; x_wconf 88' lang='lat' dir='ltr'><strong>dum</strong></span> <span class='ocrx_word' id='word_1_622' title='bbox 3121 3332 3174 3386; x_wconf 92' lang='lat' dir='ltr'><strong>in</strong></span> <span class='ocrx_word' id='word_1_623' title='bbox 3201 3332 3378 3402; x_wconf 89' lang='lat' dir='ltr'><strong>scipsa</strong></span> <span class='ocrx_word' id='word_1_624' title='bbox 3401 3330 3604 3386; x_wconf 88' lang='lat' dir='ltr'><strong>nullum</strong></span> <span class='ocrx_word' id='word_1_625' title='bbox 3632 3328 3814 3398; x_wconf 79' lang='lat' dir='ltr'><strong>perci-</strong></span> 
     </span>
    </p>
   </div>
   <div class='ocr_carea' id='block_1_80' title="bbox 2226 3420 3809 3496">
    <p class='ocr_par' dir='ltr' id='par_1_80' title="bbox 2226 3420 3809 3496">
     <span class='ocr_line' id='line_1_80' title="bbox 2226 3420 3809 3496; baseline -0.004 -15"><span class='ocrx_word' id='word_1_626' title='bbox 2226 3426 2308 3496; x_wconf 91' lang='lat' dir='ltr'><strong>pit</strong></span> <span class='ocrx_word' id='word_1_627' title='bbox 2343 3426 2621 3481; x_wconf 88' lang='lat' dir='ltr'><strong>habitum?</strong></span> <span class='ocrx_word' id='word_1_628' title='bbox 2667 3422 2785 3493; x_wconf 80' lang='lat' dir='ltr'><strong>ipsa</strong></span> <span class='ocrx_word' id='word_1_629' title='bbox 2818 3423 3086 3494; x_wconf 89' lang='lat' dir='ltr'><strong>siquidem</strong></span> <span class='ocrx_word' id='word_1_630' title='bbox 3129 3422 3231 3477; x_wconf 88' lang='lat' dir='ltr'><strong>sibi</strong></span> <span class='ocrx_word' id='word_1_631' title='bbox 3264 3422 3366 3493; x_wconf 91' lang='lat' dir='ltr'><strong>ipsi</strong></span> <span class='ocrx_word' id='word_1_632' title='bbox 3396 3421 3463 3476; x_wconf 91' lang='lat' dir='ltr'><strong>ad</strong></span> <span class='ocrx_word' id='word_1_633' title='bbox 3502 3420 3809 3477; x_wconf 84' lang='lat' dir='ltr'><strong>habendum</strong></span> 
     </span>
    </p>
   </div>
   <div class='ocr_carea' id='block_1_81' title="bbox 2227 3510 3817 3582">
    <p class='ocr_par' dir='ltr' id='par_1_81' title="bbox 2227 3510 3817 3582">
     <span class='ocr_line' id='line_1_81' title="bbox 2227 3510 3817 3582; baseline -0.005 -12"><span class='ocrx_word' id='word_1_634' title='bbox 2227 3513 2446 3580; x_wconf 82' lang='lat' dir='ltr'><strong>suﬁieit,</strong></span> <span class='ocrx_word' id='word_1_635' title='bbox 2471 3528 2572 3569; x_wconf 88' lang='lat' dir='ltr'><strong>nec</strong></span> <span class='ocrx_word' id='word_1_636' title='bbox 2610 3513 2716 3568; x_wconf 90' lang='lat' dir='ltr'><strong>ulla</strong></span> <span class='ocrx_word' id='word_1_637' title='bbox 2744 3513 2915 3568; x_wconf 89' lang='lat' dir='ltr'><strong>virtus</strong></span> <span class='ocrx_word' id='word_1_638' title='bbox 2943 3512 2991 3568; x_wconf 91' lang='lat' dir='ltr'><strong>ei</strong></span> <span class='ocrx_word' id='word_1_639' title='bbox 3017 3513 3233 3579; x_wconf 88' lang='lat' dir='ltr'><strong>accidit,</strong></span> <span class='ocrx_word' id='word_1_640' title='bbox 3261 3513 3513 3582; x_wconf 83' lang='lat' dir='ltr'><strong>quoniam</strong></span> <span class='ocrx_word' id='word_1_641' title='bbox 3545 3511 3600 3565; x_wconf 88' lang='lat' dir='ltr'><strong>in</strong></span> <span class='ocrx_word' id='word_1_642' title='bbox 3631 3510 3817 3579; x_wconf 76' lang='lat' dir='ltr'><strong>scipsa</strong></span> 
     </span>
    </p>
   </div>
   <div class='ocr_carea' id='block_1_82' title="bbox 2228 3600 3810 3674">
    <p class='ocr_par' dir='ltr' id='par_1_82' title="bbox 2228 3600 3810 3674">
     <span class='ocr_line' id='line_1_82' title="bbox 2228 3600 3810 3674; baseline -0.004 -15"><span class='ocrx_word' id='word_1_643' title='bbox 2228 3603 2623 3674; x_wconf 71' lang='lat' dir='ltr'><strong>simplicissima</strong></span> <span class='ocrx_word' id='word_1_644' title='bbox 2644 3604 2839 3668; x_wconf 85' lang='lat' dir='ltr'><strong>virtus,</strong></span> <span class='ocrx_word' id='word_1_645' title='bbox 2868 3611 2923 3658; x_wconf 84' lang='lat' dir='ltr'><strong>et</strong></span> <span class='ocrx_word' id='word_1_646' title='bbox 2950 3603 3231 3673; x_wconf 88' lang='lat' dir='ltr'><strong>plusquam</strong></span> <span class='ocrx_word' id='word_1_647' title='bbox 3253 3603 3425 3657; x_wconf 84' lang='lat' dir='ltr'><strong>virtus</strong></span> <span class='ocrx_word' id='word_1_648' title='bbox 3453 3600 3720 3665; x_wconf 87' lang='lat' dir='ltr'><strong>subsistit,</strong></span> <span class='ocrx_word' id='word_1_649' title='bbox 3746 3605 3810 3653; x_wconf 80' lang='lat' dir='ltr'><strong>et</strong></span> 
     </span>
    </p>
   </div>
   <div class='ocr_carea' id='block_1_83' title="bbox 2226 3688 3811 3760">
    <p class='ocr_par' dir='ltr' id='par_1_83' title="bbox 2226 3688 3811 3760">
     <span class='ocr_line' id='line_1_83' title="bbox 2226 3688 3811 3760; baseline -0.002 -13"><span class='ocrx_word' id='word_1_650' title='bbox 2226 3695 2350 3749; x_wconf 71' lang='lat' dir='ltr'><strong>fans</strong></span> <span class='ocrx_word' id='word_1_651' title='bbox 2397 3694 2639 3748; x_wconf 90' lang='lat' dir='ltr'><strong>omnium</strong></span> <span class='ocrx_word' id='word_1_652' title='bbox 2663 3693 2956 3758; x_wconf 91' lang='lat' dir='ltr'><strong>virtutum,</strong></span> <span class='ocrx_word' id='word_1_653' title='bbox 3003 3700 3060 3747; x_wconf 90' lang='lat' dir='ltr'><strong>et</strong></span> <span class='ocrx_word' id='word_1_654' title='bbox 3110 3705 3463 3760; x_wconf 87' lang='lat' dir='ltr'><strong>quaecunque</strong></span> <span class='ocrx_word' id='word_1_655' title='bbox 3503 3688 3811 3744; x_wconf 71' lang='lat' dir='ltr'><strong>substantia</strong></span> 
     </span>
    </p>
   </div>
   <div class='ocr_carea' id='block_1_84' title="bbox 2224 3781 3807 3855">
    <p class='ocr_par' dir='ltr' id='par_1_84' title="bbox 2224 3781 3807 3855">
     <span class='ocr_line' id='line_1_84' title="bbox 2224 3781 3807 3855; baseline -0.003 -15"><span class='ocrx_word' id='word_1_656' title='bbox 2224 3785 2479 3840; x_wconf 81' lang='lat' dir='ltr'><strong>virtutem</strong></span> <span class='ocrx_word' id='word_1_657' title='bbox 2502 3784 2760 3855; x_wconf 85' lang='lat' dir='ltr'><strong>possidet,</strong></span> <span class='ocrx_word' id='word_1_658' title='bbox 2782 3800 2887 3841; x_wconf 91' lang='lat' dir='ltr'><strong>non</strong></span> <span class='ocrx_word' id='word_1_659' title='bbox 2912 3782 3129 3838; x_wconf 89' lang='lat' dir='ltr'><strong>aliunde</strong></span> <span class='ocrx_word' id='word_1_660' title='bbox 3150 3781 3332 3848; x_wconf 82' lang='lat' dir='ltr'><strong>habet,</strong></span> <span class='ocrx_word' id='word_1_661' title='bbox 3363 3781 3464 3836; x_wconf 88' lang='lat' dir='ltr'><strong>nisi</strong></span> <span class='ocrx_word' id='word_1_662' title='bbox 3491 3797 3556 3837; x_wconf 78' lang='lat' dir='ltr'><strong>ex</strong></span> <span class='ocrx_word' id='word_1_663' title='bbox 3583 3781 3807 3851; x_wconf 78' lang='lat' dir='ltr'><strong>partici-</strong></span> 
     </span>
    </p>
   </div>
   <div class='ocr_carea' id='block_1_85' title="bbox 2223 3870 3808 3947">
    <p class='ocr_par' dir='ltr' id='par_1_85' title="bbox 2223 3870 3808 3947">
     <span class='ocr_line' id='line_1_85' title="bbox 2223 3870 3808 3947; baseline -0.001 -18"><span class='ocrx_word' id='word_1_664' title='bbox 2223 3877 2449 3947; x_wconf 87' lang='lat' dir='ltr'><strong>patione</strong></span> <span class='ocrx_word' id='word_1_665' title='bbox 2468 3875 2807 3947; x_wconf 81' lang='lat' dir='ltr'><strong>generalium</strong></span> <span class='ocrx_word' id='word_1_666' title='bbox 2836 3875 3116 3935; x_wconf 83' lang='lat' dir='ltr'><strong>virtutum,</strong></span> <span class='ocrx_word' id='word_1_667' title='bbox 3141 3887 3276 3943; x_wconf 88' lang='lat' dir='ltr'><strong>quas</strong></span> <span class='ocrx_word' id='word_1_668' title='bbox 3311 3873 3550 3928; x_wconf 82' lang='lat' dir='ltr'><strong>omnium</strong></span> <span class='ocrx_word' id='word_1_669' title='bbox 3575 3870 3808 3928; x_wconf 69' lang='lat' dir='ltr'><strong>causali:</strong></span> 
     </span>
    </p>
   </div>
   <div class='ocr_carea' id='block_1_86' title="bbox 2225 3963 3801 4037">
    <p class='ocr_par' dir='ltr' id='par_1_86' title="bbox 2225 3963 3801 4037">
     <span class='ocr_line' id='line_1_86' title="bbox 2225 3963 3801 4037; baseline -0.002 -18"><span class='ocrx_word' id='word_1_670' title='bbox 2225 3969 2398 4023; x_wconf 84' lang='lat' dir='ltr'><strong>virtus</strong></span> <span class='ocrx_word' id='word_1_671' title='bbox 2445 3968 2499 4022; x_wconf 91' lang='lat' dir='ltr'><strong>in</strong></span> <span class='ocrx_word' id='word_1_672' title='bbox 2554 3966 2991 4037; x_wconf 82' lang='lat' dir='ltr'><strong>primordialibus</strong></span> <span class='ocrx_word' id='word_1_673' title='bbox 3041 3966 3154 4020; x_wconf 85' lang='lat' dir='ltr'><strong>suis</strong></span> <span class='ocrx_word' id='word_1_674' title='bbox 3200 3964 3440 4020; x_wconf 87' lang='lat' dir='ltr'><strong>condidit</strong></span> <span class='ocrx_word' id='word_1_675' title='bbox 3496 3963 3801 4035; x_wconf 79' lang='lat' dir='ltr'><strong>principiis.</strong></span> 
     </span>
    </p>
   </div>
   <div class='ocr_carea' id='block_1_87' title="bbox 2224 4054 3810 4134">
    <p class='ocr_par' dir='ltr' id='par_1_87' title="bbox 2224 4054 3810 4134">
     <span class='ocr_line' id='line_1_87' title="bbox 2224 4054 3810 4134; baseline -0.003 -22"><span class='ocrx_word' id='word_1_676' title='bbox 2224 4056 2380 4112; x_wconf 88' lang='lat' dir='ltr'><strong>Omni</strong></span> <span class='ocrx_word' id='word_1_677' title='bbox 2409 4057 2527 4112; x_wconf 83' lang='lat' dir='ltr'><strong>loco</strong></span> <span class='ocrx_word' id='word_1_678' title='bbox 2552 4065 2700 4111; x_wconf 90' lang='lat' dir='ltr'><strong>caret</strong></span> <span class='ocrx_word' id='word_1_679' title='bbox 2724 4056 2777 4087; x_wconf 79' lang='lat'><strong>&quot;</strong></span> <span class='ocrx_word' id='word_1_680' title='bbox 2800 4056 2977 4110; x_wconf 88' lang='lat' dir='ltr'><strong>divina</strong></span> <span class='ocrx_word' id='word_1_681' title='bbox 3011 4065 3223 4119; x_wconf 86' lang='lat' dir='ltr'><strong>natura,</strong></span> <span class='ocrx_word' id='word_1_682' title='bbox 3254 4054 3509 4134; x_wconf 72' lang='lat' dir='ltr'><strong>quamvis.</strong></span> <span class='ocrx_word' id='word_1_683' title='bbox 3530 4055 3671 4108; x_wconf 88' lang='lat' dir='ltr'><strong>intra</strong></span> <span class='ocrx_word' id='word_1_684' title='bbox 3720 4066 3810 4108; x_wconf 72' lang='lat' dir='ltr'><strong>se-</strong></span> 
     </span>
    </p>
   </div>
   <div class='ocr_carea' id='block_1_88' title="bbox 2224 4145 3806 4218">
    <p class='ocr_par' dir='ltr' id='par_1_88' title="bbox 2224 4145 3806 4218">
     <span class='ocr_line' id='line_1_88' title="bbox 2224 4145 3806 4218; baseline -0.003 -16"><span class='ocrx_word' id='word_1_685' title='bbox 2224 4148 2395 4218; x_wconf 85' lang='lat' dir='ltr'><strong>ipsam</strong></span> <span class='ocrx_word' id='word_1_686' title='bbox 2424 4148 2625 4214; x_wconf 83' lang='lat' dir='ltr'><strong>omnia,</strong></span> <span class='ocrx_word' id='word_1_687' title='bbox 2649 4162 2787 4217; x_wconf 81' lang='lat' dir='ltr'><strong>quae</strong></span> <span class='ocrx_word' id='word_1_688' title='bbox 2806 4146 2873 4200; x_wconf 89' lang='lat' dir='ltr'><strong>ab</strong></span> <span class='ocrx_word' id='word_1_689' title='bbox 2897 4161 2961 4199; x_wconf 88' lang='lat' dir='ltr'><strong>ea</strong></span> <span class='ocrx_word' id='word_1_690' title='bbox 2982 4155 3125 4211; x_wconf 89' lang='lat' dir='ltr'><strong>sunt,</strong></span> <span class='ocrx_word' id='word_1_691' title='bbox 3149 4145 3404 4210; x_wconf 78' lang='lat' dir='ltr'><strong>collucet;</strong></span> <span class='ocrx_word' id='word_1_692' title='bbox 3431 4145 3660 4211; x_wconf 87' lang='lat' dir='ltr'><strong>ideoque</strong></span> <span class='ocrx_word' id='word_1_693' title='bbox 3677 4157 3806 4199; x_wconf 89' lang='lat' dir='ltr'><strong>om-</strong></span> 
     </span>
    </p>
   </div>
   <div class='ocr_carea' id='block_1_89' title="bbox 2225 4232 3808 4306">
    <p class='ocr_par' dir='ltr' id='par_1_89' title="bbox 2225 4232 3808 4306">
     <span class='ocr_line' id='line_1_89' title="bbox 2225 4232 3808 4306; baseline -0.004 -14"><span class='ocrx_word' id='word_1_694' title='bbox 2225 4240 2373 4292; x_wconf 86' lang='lat' dir='ltr'><strong>nium</strong></span> <span class='ocrx_word' id='word_1_695' title='bbox 2417 4239 2567 4293; x_wconf 86' lang='lat' dir='ltr'><strong>locus</strong></span> <span class='ocrx_word' id='word_1_696' title='bbox 2611 4238 2827 4301; x_wconf 83' lang='lat' dir='ltr'><strong>dicitur,</strong></span> <span class='ocrx_word' id='word_1_697' title='bbox 2855 4238 3085 4306; x_wconf 84' lang='lat' dir='ltr'><strong>seipsam</strong></span> <span class='ocrx_word' id='word_1_698' title='bbox 3116 4243 3292 4289; x_wconf 89' lang='lat' dir='ltr'><strong>tamen</strong></span> <span class='ocrx_word' id='word_1_699' title='bbox 3324 4234 3498 4289; x_wconf 89' lang='lat' dir='ltr'><strong>nescit</strong></span> <span class='ocrx_word' id='word_1_700' title='bbox 3517 4234 3567 4266; x_wconf 74' lang='grc'><strong>³⁸</strong></span> <span class='ocrx_word' id='word_1_701' title='bbox 3588 4232 3808 4297; x_wconf 80' lang='lat' dir='ltr'><strong>locare,</strong></span> 
     </span>
    </p>
   </div>
   <div class='ocr_carea' id='block_1_90' title="bbox 2223 4321 3802 4397">
    <p class='ocr_par' dir='ltr' id='par_1_90' title="bbox 2223 4321 3802 4397">
     <span class='ocr_line' id='line_1_90' title="bbox 2223 4321 3802 4397; baseline -0.003 -17"><span class='ocrx_word' id='word_1_702' title='bbox 2223 4329 2349 4397; x_wconf 84' lang='lat' dir='ltr'><strong>quia</strong></span> <span class='ocrx_word' id='word_1_703' title='bbox 2381 4329 2589 4383; x_wconf 87' lang='lat' dir='ltr'><strong>inﬁnita</strong></span> <span class='ocrx_word' id='word_1_704' title='bbox 2623 4335 2707 4383; x_wconf 88' lang='lat' dir='ltr'><strong>est</strong></span> <span class='ocrx_word' id='word_1_705' title='bbox 2729 4326 3287 4396; x_wconf 86' lang='lat' dir='ltr'><strong>etincireumscripta,</strong></span> <span class='ocrx_word' id='word_1_706' title='bbox 3312 4333 3369 4379; x_wconf 86' lang='lat' dir='ltr'><strong>et</strong></span> <span class='ocrx_word' id='word_1_707' title='bbox 3404 4340 3435 4378; x_wconf 91' lang='lat' dir='ltr'><strong>a</strong></span> <span class='ocrx_word' id='word_1_708' title='bbox 3472 4324 3619 4378; x_wconf 86' lang='lat' dir='ltr'><strong>nullo</strong></span> <span class='ocrx_word' id='word_1_709' title='bbox 3639 4321 3802 4377; x_wconf 52' lang='lat' dir='ltr'><strong>inteln</strong></span> 
     </span>
    </p>
   </div>
   <div class='ocr_carea' id='block_1_91' title="bbox 2223 4411 3802 4488">
    <p class='ocr_par' dir='ltr' id='par_1_91' title="bbox 2223 4411 3802 4488">
     <span class='ocr_line' id='line_1_91' title="bbox 2223 4411 3802 4488; baseline -0.003 -19"><span class='ocrx_word' id='word_1_710' title='bbox 2223 4416 2387 4482; x_wconf 85' lang='lat' dir='ltr'><strong>lectu,</strong></span> <span class='ocrx_word' id='word_1_711' title='bbox 2412 4432 2588 4488; x_wconf 79' lang='lat' dir='ltr'><strong>neque</strong></span> <span class='ocrx_word' id='word_1_712' title='bbox 2609 4432 2639 4472; x_wconf 88' lang='lat' dir='ltr'><strong>a</strong></span> <span class='ocrx_word' id='word_1_713' title='bbox 2671 4418 2845 4487; x_wconf 88' lang='lat' dir='ltr'><strong>seipsa</strong></span> <span class='ocrx_word' id='word_1_714' title='bbox 2870 4416 2916 4449; x_wconf 77' lang='grc'><strong>³⁷</strong></span> <span class='ocrx_word' id='word_1_715' title='bbox 2943 4415 3127 4477; x_wconf 89' lang='lat' dir='ltr'><strong>locari,</strong></span> <span class='ocrx_word' id='word_1_716' title='bbox 3154 4415 3207 4469; x_wconf 90' lang='lat' dir='ltr'><strong>id</strong></span> <span class='ocrx_word' id='word_1_717' title='bbox 3233 4422 3338 4478; x_wconf 90' lang='lat' dir='ltr'><strong>est,</strong></span> <span class='ocrx_word' id='word_1_718' title='bbox 3370 4413 3581 4469; x_wconf 88' lang='lat' dir='ltr'><strong>deﬁniri</strong></span> <span class='ocrx_word' id='word_1_719' title='bbox 3610 4422 3667 4467; x_wconf 88' lang='lat' dir='ltr'><strong>et</strong></span> <span class='ocrx_word' id='word_1_720' title='bbox 3686 4411 3802 4466; x_wconf 81' lang='lat' dir='ltr'><strong>eir-</strong></span> 
     </span>
    </p>
   </div>
   <div class='ocr_carea' id='block_1_92' title="bbox 533 4480 3805 4579">
    <p class='ocr_par' dir='ltr' id='par_1_92' title="bbox 533 4480 3805 4579">
     <span class='ocr_line' id='line_1_92' title="bbox 533 4480 3805 4579; baseline 0.002 -27"><span class='ocrx_word' id='word_1_721' title='bbox 533 4496 659 4552; x_wconf 85' lang='lat' dir='ltr'><strong>Filii</strong></span> <span class='ocrx_word' id='word_1_722' title='bbox 684 4498 881 4553; x_wconf 89' lang='lat' dir='ltr'><strong>dicitur</strong></span> <span class='ocrx_word' id='word_1_723' title='bbox 904 4499 949 4565; x_wconf 81' lang='lat'><strong>’,</strong></span> <span class='ocrx_word' id='word_1_724' title='bbox 971 4480 1026 4554; x_wconf 77' lang='lat' dir='ltr'><strong>et</strong></span> <span class='ocrx_word' id='word_1_725' title='bbox 1046 4480 1217 4557; x_wconf 59' lang='lat' dir='ltr'><strong>Pilius</strong></span> <span class='ocrx_word' id='word_1_726' title='bbox 1246 4501 1441 4567; x_wconf 89' lang='lat' dir='ltr'><strong>Patris,</strong></span> <span class='ocrx_word' id='word_1_727' title='bbox 1464 4503 1585 4572; x_wconf 84' lang='lat' dir='ltr'><strong>plus</strong></span> <span class='ocrx_word' id='word_1_728' title='bbox 1605 4502 1736 4557; x_wconf 87' lang='lat' dir='ltr'><strong>mibi</strong></span> <span class='ocrx_word' id='word_1_729' title='bbox 1764 4504 2122 4572; x_wconf 86' lang='lat' dir='ltr'><strong>possessionis</strong></span> <span class='ocrx_word' id='word_1_730' title='bbox 2150 4480 2198 4540; x_wconf 75' lang='grc' dir='ltr'><strong>θ</strong></span> <span class='ocrx_word' id='word_1_731' title='bbox 2223 4480 2517 4564; x_wconf 27' lang='grc' dir='ltr'><strong>ειιῐηε-ετίδῖ</strong></span> <span class='ocrx_word' id='word_1_732' title='bbox 2566 4480 2853 4579; x_wconf 68' lang='lat' dir='ltr'><strong>permittit.</strong></span> <span class='ocrx_word' id='word_1_733' title='bbox 2913 4507 2995 4561; x_wconf 79' lang='lat' dir='ltr'><strong>Ab</strong></span> <span class='ocrx_word' id='word_1_734' title='bbox 3045 4507 3161 4576; x_wconf 89' lang='lat' dir='ltr'><strong>ipsa</strong></span> <span class='ocrx_word' id='word_1_735' title='bbox 3187 4506 3453 4574; x_wconf 86' lang='lat' dir='ltr'><strong>siquidem</strong></span> <span class='ocrx_word' id='word_1_736' title='bbox 3485 4503 3696 4559; x_wconf 81' lang='lat' dir='ltr'><strong>infinita</strong></span> <span class='ocrx_word' id='word_1_737' title='bbox 3742 4510 3805 4559; x_wconf 74' lang='lat' dir='ltr'><strong>et</strong></span> 
     </span>
    </p>
   </div>
   <div class='ocr_carea' id='block_1_93' title="bbox 534 4584 3798 4669">
    <p class='ocr_par' dir='ltr' id='par_1_93' title="bbox 534 4584 3798 4669">
     <span class='ocr_line' id='line_1_93' title="bbox 534 4584 3798 4669; baseline 0.002 -30"><span class='ocrx_word' id='word_1_738' title='bbox 534 4584 803 4651; x_wconf 80' lang='lat' dir='ltr'><strong>habitum,</strong></span> <span class='ocrx_word' id='word_1_739' title='bbox 841 4600 1005 4654; x_wconf 87' lang='lat' dir='ltr'><strong>quam</strong></span> <span class='ocrx_word' id='word_1_740' title='bbox 1037 4590 1315 4646; x_wconf 84' lang='lat' dir='ltr'><strong>relationis</strong></span> <span class='ocrx_word' id='word_1_741' title='bbox 1342 4593 1765 4649; x_wconf 87' lang='lat' dir='ltr'><strong>vicissitudinem</strong></span> <span class='ocrx_word' id='word_1_742' title='bbox 1811 4595 2026 4649; x_wconf 83' lang='lat' dir='ltr'><strong>videtur</strong></span> <span class='ocrx_word' id='word_1_743' title='bbox 2049 4594 2122 4649; x_wconf 84' lang='lat' dir='ltr'><strong>si-</strong></span> <span class='ocrx_word' id='word_1_744' title='bbox 2150 4604 2177 4617; x_wconf 77' lang='lat'><strong><em>&quot;</em></strong></span> <span class='ocrx_word' id='word_1_745' title='bbox 2222 4601 2506 4669; x_wconf 84' lang='lat' dir='ltr'><strong>plusquam</strong></span> <span class='ocrx_word' id='word_1_746' title='bbox 2540 4600 2746 4653; x_wconf 84' lang='lat' dir='ltr'><strong>inﬁnita</strong></span> <span class='ocrx_word' id='word_1_747' title='bbox 2771 4600 2952 4654; x_wconf 86' lang='lat' dir='ltr'><strong>omnia</strong></span> <span class='ocrx_word' id='word_1_748' title='bbox 2984 4599 3132 4653; x_wconf 86' lang='lat' dir='ltr'><strong>ﬁnita</strong></span> <span class='ocrx_word' id='word_1_749' title='bbox 3158 4607 3215 4652; x_wconf 87' lang='lat' dir='ltr'><strong>et</strong></span> <span class='ocrx_word' id='word_1_750' title='bbox 3241 4598 3446 4651; x_wconf 87' lang='lat' dir='ltr'><strong>inﬁnita</strong></span> <span class='ocrx_word' id='word_1_751' title='bbox 3474 4596 3798 4665; x_wconf 85' lang='lat' dir='ltr'><strong>procedunt,</strong></span> 
     </span>
    </p>
   </div>
   <div class='ocr_carea' id='block_1_94' title="bbox 534 4672 3799 4761">
    <p class='ocr_par' dir='ltr' id='par_1_94' title="bbox 534 4672 3799 4761">
     <span class='ocr_line' id='line_1_94' title="bbox 534 4672 3799 4761; baseline 0.006 -36"><span class='ocrx_word' id='word_1_752' title='bbox 534 4672 817 4742; x_wconf 80' lang='lat' dir='ltr'><strong>gniﬁcare.</strong></span> <span class='ocrx_word' id='word_1_753' title='bbox 845 4674 962 4729; x_wconf 81' lang='lat' dir='ltr'><strong>Non</strong></span> <span class='ocrx_word' id='word_1_754' title='bbox 989 4688 1170 4732; x_wconf 90' lang='lat' dir='ltr'><strong>autem</strong></span> <span class='ocrx_word' id='word_1_755' title='bbox 1195 4681 1445 4737; x_wconf 88' lang='lat' dir='ltr'><strong>accidens</strong></span> <span class='ocrx_word' id='word_1_756' title='bbox 1475 4694 1558 4738; x_wconf 91' lang='lat' dir='ltr'><strong>est</strong></span> <span class='ocrx_word' id='word_1_757' title='bbox 1589 4682 1632 4715; x_wconf 75' lang='grc'><strong><em>³⁸</em></strong></span> <span class='ocrx_word' id='word_1_758' title='bbox 1661 4684 1808 4740; x_wconf 87' lang='lat' dir='ltr'><strong>Patri</strong></span> <span class='ocrx_word' id='word_1_759' title='bbox 1840 4685 2119 4755; x_wconf 84' lang='lat' dir='ltr'><strong>possidere</strong></span> <span class='ocrx_word' id='word_1_760' title='bbox 2221 4693 2383 4761; x_wconf 83' lang='lat' dir='ltr'><strong>inque</strong></span> <span class='ocrx_word' id='word_1_761' title='bbox 2436 4693 2606 4761; x_wconf 87' lang='lat' dir='ltr'><strong>ipsam</strong></span> <span class='ocrx_word' id='word_1_762' title='bbox 2653 4691 2701 4724; x_wconf 77' lang='grc'><strong>’⁸</strong></span> <span class='ocrx_word' id='word_1_763' title='bbox 2742 4691 3005 4746; x_wconf 86' lang='lat' dir='ltr'><strong>inﬁnitam</strong></span> <span class='ocrx_word' id='word_1_764' title='bbox 3033 4700 3089 4746; x_wconf 91' lang='lat' dir='ltr'><strong>et</strong></span> <span class='ocrx_word' id='word_1_765' title='bbox 3110 4690 3391 4760; x_wconf 83' lang='lat' dir='ltr'><strong>plusquam</strong></span> <span class='ocrx_word' id='word_1_766' title='bbox 3420 4687 3680 4742; x_wconf 77' lang='lat' dir='ltr'><strong>inﬁnitam</strong></span> <span class='ocrx_word' id='word_1_767' title='bbox 3707 4697 3799 4740; x_wconf 77' lang='lat' dir='ltr'><strong>r0-</strong></span> 
     </span>
    </p>
   </div>
   <div class='ocr_carea' id='block_1_95' title="bbox 540 4762 3795 4851">
    <p class='ocr_par' dir='ltr' id='par_1_95' title="bbox 540 4762 3795 4851">
     <span class='ocr_line' id='line_1_95' title="bbox 540 4762 3795 4851; baseline 0.004 -35"><span class='ocrx_word' id='word_1_768' title='bbox 540 4762 759 4831; x_wconf 80' lang='lat' dir='ltr'><strong>Filium,</strong></span> <span class='ocrx_word' id='word_1_769' title='bbox 792 4780 894 4820; x_wconf 88' lang='lat' dir='ltr'><strong>nec</strong></span> <span class='ocrx_word' id='word_1_770' title='bbox 920 4766 962 4797; x_wconf 79' lang='lat'>“</span> <span class='ocrx_word' id='word_1_771' title='bbox 992 4767 1139 4822; x_wconf 83' lang='lat' dir='ltr'><strong>Filio&#39;</strong></span> <span class='ocrx_word' id='word_1_772' title='bbox 1164 4772 1443 4840; x_wconf 86' lang='lat' dir='ltr'><strong>possidere</strong></span> <span class='ocrx_word' id='word_1_773' title='bbox 1484 4773 1720 4829; x_wconf 85' lang='lat' dir='ltr'><strong>Patrem.</strong></span> <span class='ocrx_word' id='word_1_774' title='bbox 1755 4777 1894 4831; x_wconf 74' lang='lat' dir='ltr'><strong>Mat}.</strong></span> <span class='ocrx_word' id='word_1_775' title='bbox 1925 4780 2002 4833; x_wconf 89' lang='lat' dir='ltr'><strong>De</strong></span> <span class='ocrx_word' id='word_1_776' title='bbox 2029 4792 2119 4833; x_wconf 79' lang='lat' dir='ltr'><strong>cc-</strong></span> <span class='ocrx_word' id='word_1_777' title='bbox 2221 4782 2409 4838; x_wconf 86' lang='lat' dir='ltr'><strong>dcunt.</strong></span> <span class='ocrx_word' id='word_1_778' title='bbox 2438 4766 2704 4851; x_wconf 81' lang='lat' dir='ltr'><strong>Tempore</strong></span> <span class='ocrx_word' id='word_1_779' title='bbox 2743 4782 2788 4814; x_wconf 74' lang='grc'><em>³³</em></span> <span class='ocrx_word' id='word_1_780' title='bbox 2826 4791 2977 4837; x_wconf 84' lang='lat' dir='ltr'><strong>caret</strong></span> <span class='ocrx_word' id='word_1_781' title='bbox 3005 4797 3068 4836; x_wconf 89' lang='lat' dir='ltr'><strong>ea</strong></span> <span class='ocrx_word' id='word_1_782' title='bbox 3097 4790 3310 4844; x_wconf 84' lang='lat' dir='ltr'><strong>natura,</strong></span> <span class='ocrx_word' id='word_1_783' title='bbox 3337 4792 3474 4847; x_wconf 90' lang='lat' dir='ltr'><strong>quae</strong></span> <span class='ocrx_word' id='word_1_784' title='bbox 3502 4777 3795 4848; x_wconf 77' lang='lat' dir='ltr'><strong>seigporat</strong></span> 
     </span>
    </p>
   </div>
   <div class='ocr_carea' id='block_1_96' title="bbox 540 4856 3795 4943">
    <p class='ocr_par' dir='ltr' id='par_1_96' title="bbox 540 4856 3795 4943">
     <span class='ocr_line' id='line_1_96' title="bbox 540 4856 3795 4943; baseline 0.004 -32"><span class='ocrx_word' id='word_1_785' title='bbox 540 4856 674 4912; x_wconf 85' lang='lat' dir='ltr'><strong>teris</strong></span> <span class='ocrx_word' id='word_1_786' title='bbox 722 4856 1011 4928; x_wconf 86' lang='lat' dir='ltr'><strong>categoriis</strong></span> <span class='ocrx_word' id='word_1_787' title='bbox 1057 4873 1155 4928; x_wconf 91' lang='lat' dir='ltr'><strong>per</strong></span> <span class='ocrx_word' id='word_1_788' title='bbox 1200 4860 1408 4930; x_wconf 85' lang='lat' dir='ltr'><strong>singula</strong></span> <span class='ocrx_word' id='word_1_789' title='bbox 1448 4863 1774 4929; x_wconf 86' lang='lat' dir='ltr'><strong>superﬂuum</strong></span> <span class='ocrx_word' id='word_1_790' title='bbox 1796 4866 2009 4921; x_wconf 84' lang='lat' dir='ltr'><strong>videtur</strong></span> <span class='ocrx_word' id='word_1_791' title='bbox 2039 4869 2115 4922; x_wconf 85' lang='lat' dir='ltr'><strong>di-</strong></span> <span class='ocrx_word' id='word_1_792' title='bbox 2219 4873 2543 4943; x_wconf 88' lang='lat' dir='ltr'><strong>principium</strong></span> <span class='ocrx_word' id='word_1_793' title='bbox 2570 4873 2768 4927; x_wconf 86' lang='lat' dir='ltr'><strong>habere</strong></span> <span class='ocrx_word' id='word_1_794' title='bbox 2796 4874 2877 4928; x_wconf 87' lang='lat' dir='ltr'><strong>vel</strong></span> <span class='ocrx_word' id='word_1_795' title='bbox 2923 4876 3106 4940; x_wconf 89' lang='lat' dir='ltr'><strong>ﬁnem,</strong></span> <span class='ocrx_word' id='word_1_796' title='bbox 3131 4884 3185 4929; x_wconf 91' lang='lat' dir='ltr'><strong>et</strong></span> <span class='ocrx_word' id='word_1_797' title='bbox 3206 4888 3419 4929; x_wconf 88' lang='lat' dir='ltr'><strong>omnem</strong></span> <span class='ocrx_word' id='word_1_798' title='bbox 3443 4877 3795 4938; x_wconf 87' lang='lat' dir='ltr'><strong>motum,quo</strong></span> 
     </span>
    </p>
   </div>
   <div class='ocr_carea' id='block_1_97' title="bbox 538 4947 3795 5034">
    <p class='ocr_par' dir='ltr' id='par_1_97' title="bbox 538 4947 3795 5034">
     <span class='ocr_line' id='line_1_97' title="bbox 538 4947 3795 5034; baseline -0.004 -12"><span class='ocrx_word' id='word_1_799' title='bbox 538 4961 688 5013; x_wconf 63' lang='lat' dir='ltr'><strong>“re:</strong></span> <span class='ocrx_word' id='word_1_800' title='bbox 728 4956 786 5002; x_wconf 73' lang='grc' dir='ltr'><strong>ιη</strong></span> <span class='ocrx_word' id='word_1_801' title='bbox 807 4947 1054 5002; x_wconf 58' lang='lat' dir='ltr'><strong>“cmmo-</strong></span> <span class='ocrx_word' id='word_1_802' title='bbox 1073 4949 1208 5003; x_wconf 65' lang='lat' dir='ltr'><strong>Nam</strong></span> <span class='ocrx_word' id='word_1_803' title='bbox 1229 4950 1274 5004; x_wconf 75' lang='grc' dir='ltr'>εί</span> <span class='ocrx_word' id='word_1_804' title='bbox 1299 4950 1441 5006; x_wconf 66' lang='lat' dir='ltr'><strong>Deus</strong></span> <span class='ocrx_word' id='word_1_805' title='bbox 1470 4951 1583 5021; x_wconf 70' lang='lat' dir='ltr'><strong>ipse</strong></span> <span class='ocrx_word' id='word_1_806' title='bbox 1602 4953 1839 5021; x_wconf 54' lang='lat' dir='ltr'><strong>“ipsum</strong></span> <span class='ocrx_word' id='word_1_807' title='bbox 1867 4956 1920 5010; x_wconf 77' lang='lat' dir='ltr'><strong>in</strong></span> <span class='ocrx_word' id='word_1_808' title='bbox 1968 4956 2113 5011; x_wconf 74' lang='lat' dir='ltr'><strong>nﬂlla</strong></span> <span class='ocrx_word' id='word_1_809' title='bbox 2216 4974 2464 5019; x_wconf 87' lang='lat' dir='ltr'><strong>movetur</strong></span> <span class='ocrx_word' id='word_1_810' title='bbox 2485 4979 2663 5029; x_wconf 89' lang='lat' dir='ltr'><strong>omne,</strong></span> <span class='ocrx_word' id='word_1_811' title='bbox 2681 4964 2821 5033; x_wconf 86' lang='lat' dir='ltr'><strong>quod</strong></span> <span class='ocrx_word' id='word_1_812' title='bbox 2849 4979 2879 5018; x_wconf 91' lang='lat' dir='ltr'><strong>a</strong></span> <span class='ocrx_word' id='word_1_813' title='bbox 2906 4965 3170 5034; x_wconf 84' lang='lat' dir='ltr'><strong>principio</strong></span> <span class='ocrx_word' id='word_1_814' title='bbox 3195 4964 3263 5020; x_wconf 90' lang='lat' dir='ltr'><strong>ad</strong></span> <span class='ocrx_word' id='word_1_815' title='bbox 3285 4964 3443 5016; x_wconf 90' lang='lat' dir='ltr'><strong>ﬁnem</strong></span> <span class='ocrx_word' id='word_1_816' title='bbox 3470 4968 3526 5015; x_wconf 91' lang='lat' dir='ltr'><strong>et</strong></span> <span class='ocrx_word' id='word_1_817' title='bbox 3557 4960 3611 5015; x_wconf 89' lang='lat' dir='ltr'><strong>in</strong></span> <span class='ocrx_word' id='word_1_818' title='bbox 3634 4958 3795 5011; x_wconf 86' lang='lat' dir='ltr'><strong>ﬁnem</strong></span> 
     </span>
    </p>
   </div>
   <div class='ocr_carea' id='block_1_98' title="bbox 544 5037 3798 5121">
    <p class='ocr_par' dir='ltr' id='par_1_98' title="bbox 544 5037 3798 5121">
     <span class='ocr_line' id='line_1_98' title="bbox 544 5037 3798 5121; baseline 0.002 -28"><span class='ocrx_word' id='word_1_819' title='bbox 544 5037 763 5093; x_wconf 89' lang='lat' dir='ltr'><strong>deﬁnita</strong></span> <span class='ocrx_word' id='word_1_820' title='bbox 795 5037 1116 5106; x_wconf 89' lang='lat' dir='ltr'><strong>substantia,</strong></span> <span class='ocrx_word' id='word_1_821' title='bbox 1145 5056 1238 5096; x_wconf 91' lang='lat' dir='ltr'><strong>seu</strong></span> <span class='ocrx_word' id='word_1_822' title='bbox 1262 5043 1580 5111; x_wconf 89' lang='lat' dir='ltr'><strong>quantitate,</strong></span> <span class='ocrx_word' id='word_1_823' title='bbox 1605 5057 1698 5098; x_wconf 88' lang='lat' dir='ltr'><strong>seu</strong></span> <span class='ocrx_word' id='word_1_824' title='bbox 1719 5044 2115 5114; x_wconf 86' lang='lat' dir='ltr'><strong>qualitate,seu</strong></span> <span class='ocrx_word' id='word_1_825' title='bbox 2213 5063 2477 5109; x_wconf 77' lang='lat' dir='ltr'><strong>movetur.</strong></span> <span class='ocrx_word' id='word_1_826' title='bbox 2530 5053 2712 5109; x_wconf 75' lang='lat' dir='ltr'><strong>Nescit</strong></span> <span class='ocrx_word' id='word_1_827' title='bbox 2765 5054 2818 5109; x_wconf 77' lang='lat' dir='ltr'><strong>in</strong></span> <span class='ocrx_word' id='word_1_828' title='bbox 2865 5070 2924 5110; x_wconf 76' lang='lat' dir='ltr'><strong>se</strong></span> <span class='ocrx_word' id='word_1_829' title='bbox 2965 5055 3322 5119; x_wconf 72' lang='lat' dir='ltr'><strong>incrementa,</strong></span> <span class='ocrx_word' id='word_1_830' title='bbox 3367 5065 3504 5121; x_wconf 81' lang='lat' dir='ltr'><strong>quae</strong></span> <span class='ocrx_word' id='word_1_831' title='bbox 3544 5050 3678 5103; x_wconf 78' lang='lat' dir='ltr'><strong>fiunt</strong></span> <span class='ocrx_word' id='word_1_832' title='bbox 3697 5057 3798 5116; x_wconf 87' lang='lat' dir='ltr'><strong>per</strong></span> 
     </span>
    </p>
   </div>
   <div class='ocr_carea' id='block_1_99' title="bbox 535 5125 3796 5213">
    <p class='ocr_par' dir='ltr' id='par_1_99' title="bbox 535 5125 3796 5213">
     <span class='ocr_line' id='line_1_99' title="bbox 535 5125 3796 5213; baseline 0.002 -25"><span class='ocrx_word' id='word_1_833' title='bbox 535 5125 802 5188; x_wconf 82' lang='lat' dir='ltr'><strong>relatione</strong></span> <span class='ocrx_word' id='word_1_834' title='bbox 845 5128 1115 5202; x_wconf 83' lang='lat' dir='ltr'><strong>intelligit,</strong></span> <span class='ocrx_word' id='word_1_835' title='bbox 1139 5131 1226 5185; x_wconf 87' lang='lat' dir='ltr'><strong>cui</strong></span> <span class='ocrx_word' id='word_1_836' title='bbox 1267 5131 1387 5188; x_wconf 84' lang='lat' dir='ltr'><strong>luce</strong></span> <span class='ocrx_word' id='word_1_837' title='bbox 1414 5132 1613 5189; x_wconf 87' lang='lat' dir='ltr'><strong>clarius</strong></span> <span class='ocrx_word' id='word_1_838' title='bbox 1662 5149 1768 5189; x_wconf 91' lang='lat' dir='ltr'><strong>non</strong></span> <span class='ocrx_word' id='word_1_839' title='bbox 1800 5138 2112 5206; x_wconf 82' lang='lat' dir='ltr'><strong>apparebit,</strong></span> <span class='ocrx_word' id='word_1_840' title='bbox 2213 5157 2469 5198; x_wconf 90' lang='lat' dir='ltr'><strong>numeros</strong></span> <span class='ocrx_word' id='word_1_841' title='bbox 2490 5143 2730 5199; x_wconf 89' lang='lat' dir='ltr'><strong>locorum</strong></span> <span class='ocrx_word' id='word_1_842' title='bbox 2754 5151 2810 5197; x_wconf 87' lang='lat' dir='ltr'><strong>et</strong></span> <span class='ocrx_word' id='word_1_843' title='bbox 2832 5151 3157 5213; x_wconf 87' lang='lat' dir='ltr'><strong>temporum,</strong></span> <span class='ocrx_word' id='word_1_844' title='bbox 3182 5141 3267 5198; x_wconf 77' lang='lat' dir='ltr'><strong>vel</strong></span> <span class='ocrx_word' id='word_1_845' title='bbox 3289 5140 3637 5206; x_wconf 84' lang='lat' dir='ltr'><strong>detrimenta,</strong></span> <span class='ocrx_word' id='word_1_846' title='bbox 3664 5146 3796 5206; x_wconf 78' lang='lat' dir='ltr'><strong>quo-</strong></span> 
     </span>
    </p>
   </div>
   <div class='ocr_carea' id='block_1_100' title="bbox 1829 5244 2521 5310">
    <p class='ocr_par' dir='ltr' id='par_1_100' title="bbox 1829 5244 2521 5310">
     <span class='ocr_line' id='line_1_100' title="bbox 1829 5244 2521 5310; baseline 0.017 -12"><span class='ocrx_word' id='word_1_847' title='bbox 1829 5244 2083 5303; x_wconf 78' lang='lat' dir='ltr'><strong>VARIAE</strong></span> <span class='ocrx_word' id='word_1_848' title='bbox 2118 5251 2521 5310; x_wconf 80' lang='lat' dir='ltr'><strong>LECTIONES.</strong></span> 
     </span>
    </p>
   </div>
   <div class='ocr_carea' id='block_1_101' title="bbox 608 5352 3792 5431">
    <p class='ocr_par' dir='ltr' id='par_1_101' title="bbox 608 5352 3792 5431">
     <span class='ocr_line' id='line_1_101' title="bbox 608 5352 3792 5431; baseline 0.002 -23"><span class='ocrx_word' id='word_1_849' title='bbox 608 5352 626 5386; x_wconf 83' lang='grc'><strong><em>⁸</em></strong></span> <span class='ocrx_word' id='word_1_850' title='bbox 661 5371 767 5410; x_wconf 84' lang='lat' dir='ltr'><strong>non</strong></span> <span class='ocrx_word' id='word_1_851' title='bbox 815 5369 939 5431; x_wconf 59' lang='lat' dir='ltr'><strong>om.</strong></span> <span class='ocrx_word' id='word_1_852' title='bbox 1063 5424 1104 5431; x_wconf 87' lang='lat'><strong>__</strong></span> <span class='ocrx_word' id='word_1_853' title='bbox 1133 5355 1155 5386; x_wconf 85' lang='grc'>¹</span> <span class='ocrx_word' id='word_1_854' title='bbox 1190 5354 1283 5431; x_wconf 75' lang='lat' dir='ltr'><strong>Sic</strong></span> <span class='ocrx_word' id='word_1_855' title='bbox 1311 5353 1381 5420; x_wconf 84' lang='lat' dir='ltr'><strong>C;</strong></span> <span class='ocrx_word' id='word_1_856' title='bbox 1413 5356 1459 5410; x_wconf 85' lang='lat' dir='ltr'><strong>A</strong></span> <span class='ocrx_word' id='word_1_857' title='bbox 1511 5357 1945 5431; x_wconf 34' lang='lat' dir='ltr'><strong>quantitatent‘et</strong></span> <span class='ocrx_word' id='word_1_858' title='bbox 1971 5430 1975 5431; x_wconf 12' lang='grc' dir='ltr'>ί</span> <span class='ocrx_word' id='word_1_859' title='bbox 1997 5362 2337 5429; x_wconf 66' lang='lat' dir='ltr'><strong>qualitatem-</strong></span> <span class='ocrx_word' id='word_1_860' title='bbox 2422 5364 2450 5397; x_wconf 78' lang='grc'><em>³</em></span> <span class='ocrx_word' id='word_1_861' title='bbox 2477 5364 2614 5419; x_wconf 78' lang='lat' dir='ltr'><strong>enim</strong></span> <span class='ocrx_word' id='word_1_862' title='bbox 2646 5382 2756 5421; x_wconf 92' lang='lat' dir='ltr'><strong>om.</strong></span> <span class='ocrx_word' id='word_1_863' title='bbox 2808 5365 2874 5420; x_wconf 79' lang='grc' dir='ltr'><strong>Α.</strong></span> <span class='ocrx_word' id='word_1_864' title='bbox 2970 5367 2993 5398; x_wconf 74' lang='grc'>⁴</span> <span class='ocrx_word' id='word_1_865' title='bbox 3023 5365 3116 5422; x_wconf 90' lang='lat' dir='ltr'><strong>Sic</strong></span> <span class='ocrx_word' id='word_1_866' title='bbox 3152 5366 3223 5431; x_wconf 87' lang='lat' dir='ltr'><strong>C;</strong></span> <span class='ocrx_word' id='word_1_867' title='bbox 3254 5367 3299 5421; x_wconf 78' lang='grc' dir='ltr'><strong>Α</strong></span> <span class='ocrx_word' id='word_1_868' title='bbox 3323 5374 3402 5420; x_wconf 77' lang='lat' dir='ltr'><strong>est</strong></span> <span class='ocrx_word' id='word_1_869' title='bbox 3437 5362 3599 5419; x_wconf 81' lang='lat' dir='ltr'><strong>enim.</strong></span> <span class='ocrx_word' id='word_1_870' title='bbox 3646 5430 3649 5431; x_wconf 17' lang='grc' dir='ltr'><em>ν</em></span> <span class='ocrx_word' id='word_1_871' title='bbox 3700 5358 3792 5414; x_wconf 79' lang='grc' dir='ltr'><strong>’Δ</strong></span> 
     </span>
    </p>
   </div>
   <div class='ocr_carea' id='block_1_102' title="bbox 535 5424 3792 5503">
    <p class='ocr_par' dir='ltr' id='par_1_102' title="bbox 535 5424 3792 5503">
     <span class='ocr_line' id='line_1_102' title="bbox 535 5424 3792 5503; baseline 0.002 -28"><span class='ocrx_word' id='word_1_872' title='bbox 535 5433 806 5503; x_wconf 69' lang='lat' dir='ltr'><strong>naturam.</strong></span> <span class='ocrx_word' id='word_1_873' title='bbox 881 5424 1443 5503; x_wconf 37' lang='lat' dir='ltr'><strong>u‘ﬂhabitud‘ine‘mgue</strong></span> <span class='ocrx_word' id='word_1_874' title='bbox 1499 5424 1745 5503; x_wconf 84' lang='lat' dir='ltr'><strong>om.</strong></span> <span class='ocrx_word' id='word_1_875' title='bbox 1818 5424 2227 5503; x_wconf 67' lang='lat' dir='ltr'><strong>’Cphirimum.</strong></span> <span class='ocrx_word' id='word_1_876' title='bbox 2328 5433 2429 5503; x_wconf 10' lang='lat' dir='ltr'><strong>73A</strong></span> <span class='ocrx_word' id='word_1_877' title='bbox 2466 5434 2756 5490; x_wconf 78' lang='lat' dir='ltr'><strong>relationis.</strong></span> <span class='ocrx_word' id='word_1_878' title='bbox 2832 5436 2980 5491; x_wconf 75' lang='lat' dir='ltr'><strong>’Pro</strong></span> <span class='ocrx_word' id='word_1_879' title='bbox 3002 5424 3263 5492; x_wconf 45' lang='lat' dir='ltr'><strong>dicitur&#39;A</strong></span> <span class='ocrx_word' id='word_1_880' title='bbox 3308 5436 3470 5490; x_wconf 77' lang='lat' dir='ltr'><strong>Deus.</strong></span> <span class='ocrx_word' id='word_1_881' title='bbox 3548 5430 3669 5503; x_wconf 82' lang='grc'><strong>³⁸</strong></span> <span class='ocrx_word' id='word_1_882' title='bbox 3715 5438 3792 5483; x_wconf 75' lang='lat' dir='ltr'><strong>est</strong></span> 
     </span>
    </p>
   </div>
   <div class='ocr_carea' id='block_1_103' title="bbox 537 5493 3795 5575">
    <p class='ocr_par' dir='ltr' id='par_1_103' title="bbox 537 5493 3795 5575">
     <span class='ocr_line' id='line_1_103' title="bbox 537 5493 3795 5575; baseline 0.006 -35"><span class='ocrx_word' id='word_1_883' title='bbox 537 5493 799 5575; x_wconf 63' lang='lat' dir='ltr'><strong>accidens.</strong></span> <span class='ocrx_word' id='word_1_884' title='bbox 879 5494 921 5526; x_wconf 82' lang='lat'>“</span> <span class='ocrx_word' id='word_1_885' title='bbox 951 5493 992 5549; x_wconf 89' lang='lat' dir='ltr'><strong>C</strong></span> <span class='ocrx_word' id='word_1_886' title='bbox 1023 5494 1118 5575; x_wconf 44' lang='lat' dir='ltr'><strong>uel.</strong></span> <span class='ocrx_word' id='word_1_887' title='bbox 1342 5493 1558 5575; x_wconf 60' lang='lat' dir='ltr'><strong>injpso.</strong></span> <span class='ocrx_word' id='word_1_888' title='bbox 1609 5496 1747 5575; x_wconf 45' lang='grc' dir='ltr'><strong>’.ης</strong></span> <span class='ocrx_word' id='word_1_889' title='bbox 1775 5493 2007 5575; x_wconf 60' lang='lat' dir='ltr'><strong>copiose.</strong></span> <span class='ocrx_word' id='word_1_890' title='bbox 2059 5500 2131 5575; x_wconf 74' lang='lat'><strong>_“</strong></span> <span class='ocrx_word' id='word_1_891' title='bbox 2154 5502 2199 5554; x_wconf 76' lang='grc' dir='ltr'><strong>Α</strong></span> <span class='ocrx_word' id='word_1_892' title='bbox 2234 5502 2286 5556; x_wconf 89' lang='lat' dir='ltr'><strong>in</strong></span> <span class='ocrx_word' id='word_1_893' title='bbox 2315 5502 2448 5575; x_wconf 70' lang='lat' dir='ltr'><strong>loco.</strong></span> <span class='ocrx_word' id='word_1_894' title='bbox 2526 5505 2571 5535; x_wconf 83' lang='lat'><strong>“&#39;</strong></span> <span class='ocrx_word' id='word_1_895' title='bbox 2598 5508 2640 5558; x_wconf 83' lang='lat' dir='ltr'><strong>A</strong></span> <span class='ocrx_word' id='word_1_896' title='bbox 2676 5506 2837 5575; x_wconf 80' lang='lat' dir='ltr'><strong>quod.</strong></span> <span class='ocrx_word' id='word_1_897' title='bbox 2933 5507 2977 5539; x_wconf 73' lang='lat'><strong>’°</strong></span> <span class='ocrx_word' id='word_1_898' title='bbox 3006 5507 3097 5562; x_wconf 88' lang='lat' dir='ltr'><strong>Sic</strong></span> <span class='ocrx_word' id='word_1_899' title='bbox 3117 5507 3191 5570; x_wconf 62' lang='grc' dir='ltr'><strong>(ἐς</strong></span> <span class='ocrx_word' id='word_1_900' title='bbox 3232 5506 3274 5560; x_wconf 86' lang='grc' dir='ltr'>Α</span> <span class='ocrx_word' id='word_1_901' title='bbox 3299 5506 3503 5575; x_wconf 59' lang='lat' dir='ltr'><strong>ﬁnitur.</strong></span> <span class='ocrx_word' id='word_1_902' title='bbox 3582 5502 3622 5533; x_wconf 84' lang='lat'><strong>&quot;</strong></span> <span class='ocrx_word' id='word_1_903' title='bbox 3648 5501 3795 5575; x_wconf 64' lang='lat'><strong>5,9310;</strong></span> 
     </span>
    </p>
   </div>
   <div class='ocr_carea' id='block_1_104' title="bbox 537 5558 3793 5641">
    <p class='ocr_par' dir='ltr' id='par_1_104' title="bbox 537 5558 3793 5641">
     <span class='ocr_line' id='line_1_104' title="bbox 537 5558 3793 5641; baseline 0 -19"><span class='ocrx_word' id='word_1_904' title='bbox 537 5558 994 5641; x_wconf 62' lang='grc' dir='ltr'><strong>ναι-ττεζίῑιηιριιξ.</strong></span> <span class='ocrx_word' id='word_1_905' title='bbox 1026 5563 1088 5617; x_wconf 87' lang='lat' dir='ltr'><strong>C.</strong></span> <span class='ocrx_word' id='word_1_906' title='bbox 1171 5564 1214 5596; x_wconf 82' lang='grc'><strong>³⁸</strong></span> <span class='ocrx_word' id='word_1_907' title='bbox 1252 5561 1357 5641; x_wconf 64' lang='lat' dir='ltr'><strong>Pro</strong></span> <span class='ocrx_word' id='word_1_908' title='bbox 1382 5558 1580 5641; x_wconf 54' lang='lat' dir='ltr'><strong>dicitur</strong></span> <span class='ocrx_word' id='word_1_909' title='bbox 1602 5566 1643 5622; x_wconf 87' lang='lat' dir='ltr'><strong><em>C</em></strong></span> <span class='ocrx_word' id='word_1_910' title='bbox 1837 5558 1848 5570; x_wconf 77' lang='grc'><em>’</em></span> <span class='ocrx_word' id='word_1_911' title='bbox 1886 5569 1928 5599; x_wconf 60' lang='grc' dir='ltr'><strong>ι’</strong></span> <span class='ocrx_word' id='word_1_912' title='bbox 1962 5570 2009 5641; x_wconf 60' lang='grc' dir='ltr'>Α</span> <span class='ocrx_word' id='word_1_913' title='bbox 2045 5570 2246 5641; x_wconf 69' lang='lat' dir='ltr'><strong>itaque.</strong></span> <span class='ocrx_word' id='word_1_914' title='bbox 2320 5573 2366 5603; x_wconf 83' lang='grc'>¹⁰</span> <span class='ocrx_word' id='word_1_915' title='bbox 2393 5571 2508 5627; x_wconf 71' lang='grc' dir='ltr'><strong>διαί</strong></span> <span class='ocrx_word' id='word_1_916' title='bbox 2534 5589 2645 5629; x_wconf 89' lang='lat' dir='ltr'><strong>om.</strong></span> <span class='ocrx_word' id='word_1_917' title='bbox 2670 5558 2732 5630; x_wconf 71' lang='grc' dir='ltr'><strong>ά.</strong></span> <span class='ocrx_word' id='word_1_918' title='bbox 2756 5558 2763 5559; x_wconf 16' lang='grc' dir='ltr'>ί</span> <span class='ocrx_word' id='word_1_919' title='bbox 2788 5558 2852 5607; x_wconf 11' lang='grc'><strong>7³⁷³</strong></span> <span class='ocrx_word' id='word_1_920' title='bbox 2892 5579 2990 5631; x_wconf 75' lang='lat' dir='ltr'><strong>sibi</strong></span> <span class='ocrx_word' id='word_1_921' title='bbox 3008 5558 3273 5633; x_wconf 52' lang='lat' dir='ltr'><strong>6615A.&quot;</strong></span> <span class='ocrx_word' id='word_1_922' title='bbox 3299 5558 3346 5607; x_wconf 55' lang='grc'><strong>³⁸</strong></span> <span class='ocrx_word' id='word_1_923' title='bbox 3375 5573 3416 5628; x_wconf 89' lang='lat' dir='ltr'><strong>C</strong></span> <span class='ocrx_word' id='word_1_924' title='bbox 3440 5574 3596 5625; x_wconf 78' lang='lat' dir='ltr'><strong>sicut.</strong></span> <span class='ocrx_word' id='word_1_925' title='bbox 3667 5558 3793 5641; x_wconf 17' lang='lat' dir='ltr'><strong>“AC</strong></span> 
     </span>
    </p>
   </div>
   <div class='ocr_carea' id='block_1_105' title="bbox 534 5628 3785 5771">
    <p class='ocr_par' dir='ltr' id='par_1_105' title="bbox 534 5628 3785 5771">
     <span class='ocr_line' id='line_1_105' title="bbox 534 5628 3785 5771; baseline 0.005 -88"><span class='ocrx_word' id='word_1_926' title='bbox 534 5628 990 5771; x_wconf 44' lang='grc' dir='ltr'><strong>ξεῖ.ξὶῗέἓὶροΕὲ</strong></span> <span class='ocrx_word' id='word_1_927' title='bbox 1036 5640 1229 5691; x_wconf 70' lang='lat' dir='ltr'><strong>tamen.</strong></span> <span class='ocrx_word' id='word_1_928' title='bbox 1305 5636 1353 5670; x_wconf 84' lang='grc'><strong>³³</strong></span> <span class='ocrx_word' id='word_1_929' title='bbox 1373 5632 1416 5691; x_wconf 85' lang='lat' dir='ltr'><strong><em>C</em></strong></span> <span class='ocrx_word' id='word_1_930' title='bbox 1435 5645 1584 5694; x_wconf 89' lang='lat' dir='ltr'><strong>caret</strong></span> <span class='ocrx_word' id='word_1_931' title='bbox 1607 5646 1655 5693; x_wconf 81' lang='lat' dir='ltr'><strong>et</strong></span> <span class='ocrx_word' id='word_1_932' title='bbox 1677 5638 1880 5695; x_wconf 85' lang='lat' dir='ltr'><strong>divina.</strong></span> <span class='ocrx_word' id='word_1_933' title='bbox 1957 5639 2007 5672; x_wconf 79' lang='grc'>³⁸</span> <span class='ocrx_word' id='word_1_934' title='bbox 2030 5640 2073 5701; x_wconf 87' lang='lat' dir='ltr'><strong><em>C</em></strong></span> <span class='ocrx_word' id='word_1_935' title='bbox 2101 5628 2276 5698; x_wconf 73' lang='lat' dir='ltr'><strong>tamen</strong></span> <span class='ocrx_word' id='word_1_936' title='bbox 2304 5656 2404 5697; x_wconf 81' lang='lat' dir='ltr'><strong>non</strong></span> <span class='ocrx_word' id='word_1_937' title='bbox 2434 5628 2645 5701; x_wconf 76' lang='lat' dir='ltr'><strong>nescit.</strong></span> <span class='ocrx_word' id='word_1_938' title='bbox 2684 5628 2750 5679; x_wconf 12' lang='lat' dir='ltr'><strong>ﬁ&quot;</strong></span> <span class='ocrx_word' id='word_1_939' title='bbox 2779 5644 2821 5702; x_wconf 89' lang='lat' dir='ltr'><strong>C</strong></span> <span class='ocrx_word' id='word_1_940' title='bbox 2851 5628 3244 5719; x_wconf 48' lang='lat' dir='ltr'><strong>aequantia.</strong></span> <span class='ocrx_word' id='word_1_941' title='bbox 3317 5644 3370 5681; x_wconf 80' lang='grc'><strong>⁸³</strong></span> <span class='ocrx_word' id='word_1_942' title='bbox 3394 5644 3559 5712; x_wconf 76' lang='lat' dir='ltr'><strong>ipsum</strong></span> <span class='ocrx_word' id='word_1_943' title='bbox 3587 5654 3694 5696; x_wconf 77' lang='lat' dir='ltr'><strong>om.</strong></span> <span class='ocrx_word' id='word_1_944' title='bbox 3717 5638 3785 5691; x_wconf 77' lang='grc' dir='ltr'><strong>Δ·</strong></span> 
     </span>
    </p>
   </div>
  </div>
