4236 6274
422 345 528 404 593

1242 333 1332 390 DE
1378 327 1724 389 DIVISIONE
1764 324 2113 383 NAT‘URAE.
2153 354 2224 367 —
2257 319 2461 380 LIBER
2498 318 2886 378 SECUNDUS.

3599 314 3705 374 596

428 464 579 520 niam
598 422 666 513 in
719 453 898 523 seipse
948 448 1105 519 plena
1155 453 1318 515 atque
1363 443 1606 515 perfecta
1659 450 1763 496 est.
1790 438 1926 507 Quid
1950 439 2017 492 de
2046 448 2091 506 Α
2122 435 2419 492 accidentia
2473 431 2787 502 recipiunt};
2822 431 2955 485 haec
2984 429 3153 495 enim,
3184 429 3238 484 in
3259 426 3542 486 eﬁ'ectibns
3565 428 3699 495 suis,

432 567 598 621 agere
617 558 673 605 et
705 546 816 616 pati
844 538 1162 598 dicendum?
1182 534 1320 589 Num
1354 533 1598 603 ineptum
1624 531 2013 600 incongruum-

433 658 543 715 que
569 648 671 706 est,
695 638 739 693 si
764 635 885 705 quis
906 628 1199 702 putaverit,
1222 639 1383 696 agere
1400 623 1490 679 vel
1518 624 1629 692 pati
1663 622 1761 692 ipsi
1793 628 2021 674 naturae

437 709 706 791 accidere.
737 740 876 798 quae
897 724 950 778 in
972 721 1148 790 seipsa
1179 717 1382 772 nullum
1407 721 1614 769 motum
1635 711 1703 765 ad
1726 709 2019 781 agendum,

440 824 638 879 nullum
658 815 833 873 habile
864 813 930 867 ad
956 809 1268 881 patiendum
1291 803 1552 876 percipit?
1571 800 1688 856 Non
1718 799 1883 863 enim,
1917 798 2023 853 sic-

440 922 497 967 ut
536 910 592 965 in
639 905 796 961 nobis
839 902 984 956 aliud
1018 908 1103 955 est
1148 895 1486 959 substantia,
1534 891 1681 946 aliud
1709 890 1727 921 ²
1771 887 2023 944 accidens

436 999 794 1062 substantiae,
848 996 955 1051 hoc
1006 999 1090 1049 est
1140 989 1285 1045 actio
1326 995 1382 1042 et
1418 986 1622 1057 passio,
1645 984 1719 1038 ita
1753 982 1865 1053 ipsa
1889 980 2025 1034 inse

436 1094 553 1160 ipsa
594 1086 876 1159 cognoscit
912 1081 1360 1153 compositionem
1385 1080 1407 1109 ³
1460 1075 1732 1146 quandam
1764 1071 2021 1128 substan-

435 1183 546 1237 tiae
590 1189 649 1236 et
699 1174 1090 1234 accidentium.
1133 1171 1231 1226 liis
1276 1169 1421 1225 enim
1449 1168 1505 1222 in
1529 1166 1703 1236 seipse
1722 1170 1892 1227 caret,
1931 1174 2029 1215 nec

438 1270 622 1325 inesse
639 1266 745 1322 sibi
765 1262 1064 1334 cognoscit;
1082 1268 1167 1315 est
1179 1258 1324 1313 enim
1342 1253 1747 1325 simplicissima
1772 1251 2030 1321 omnique

444 1357 846 1429 compositione
894 1353 1089 1407 aliena.
1136 1349 1399 1404 Voluntas
1424 1344 1686 1415 siquidem
1712 1358 1806 1398 sua
1831 1383 1848 1406 ,
1890 1355 2033 1410 quae

439 1468 526 1515 ets
561 1462 680 1523 ipsa
728 1443 1171 1507 substantialiter,
1195 1447 1250 1494 et
1270 1439 1552 1510 plusquam
1575 1433 2029 1499 substantialiter,

446 1549 503 1595 et
526 1522 811 1610 plusquam
832 1535 1102 1596 voluntas,
1124 1530 1269 1585 actio
1296 1537 1350 1583 et
1376 1526 1555 1597 passio
1576 1526 1694 1595 ejus
1732 1532 1835 1580 est.
1859 1522 2032 1597 Agere

446 1630 590 1685 cutim
644 1626 863 1690 dicitur,
905 1624 1029 1692 quia
1059 1621 1174 1677 vult
1195 1620 1378 1675 omnia
1409 1618 1527 1673 ﬁeri
1563 1632 1707 1687 quae
1730 1624 1889 1679 sunt,
1919 1613 2033 1685 pati

451 1726 655 1781 autem,
681 1714 810 1783 quia
838 1712 953 1766 vult
973 1712 1041 1766 ab
1059 1711 1311 1766 omnibus
1336 1707 1532 1771 amari,
1553 1715 1609 1761 et
1629 1706 1863 1774 seipsam
1886 1710 2033 1758 amat

2124 546 2230 586 non
2284 537 2462 584 autem
2500 526 2553 580 in
2602 539 2662 579 se
2697 523 2829 594 ipsis
2863 522 3139 590 patiuntur
3169 539 3184 575 :
3215 522 3344 593 quid
3368 521 3396 553 ⁸
3446 521 3512 581 de
3543 521 3711 590 ipsius

2124 618 2382 675 inetl‘abili
2401 626 2590 670 natura
2610 611 3242 683 incomprehensibiliqne
3256 611 3711 667 existimandum?

2123 709 2254 776 Quis
2269 709 2322 762 in
2346 706 2445 762 co’
2461 702 2676 774 aliquod
2702 703 2911 757 ﬁnitum
2928 701 3180 767 termino,
3196 702 3490 756 distentum
3513 701 3710 771 spatio,

2124 797 2368 868 partibus
2430 795 2765 856 discretum,
2848 788 3165 845 substantiis
3237 788 3714 859 accidentibusqne

2126 884 2484 956 compositum
2508 879 2799 951 cogitarit?
2820 878 2939 947 ipsa
2968 879 3149 949 itaque
3170 878 3472 949 ignorantia
3500 893 3710 934 summa

2127 991 2193 1031 ac
2220 989 2349 1029 veta
2377 981 2459 1029 est
2486 969 2770 1041 sapientia.
2796 968 2926 1023 Tale
2950 976 3128 1023 autem
3154 978 3262 1033 est,
3290 968 3433 1036 quod
3456 968 3712 1034 dicimus,

2126 1063 2290 1120 veluti
2332 1063 2377 1119 si
2409 1062 2532 1130 quis
2557 1068 2800 1115 nostrum
2849 1058 2914 1113 de
2941 1059 3120 1127 seipse
3144 1058 3290 1113 dicat
3332 1057 3563 1128 lapidem
3621 1073 3710 1113 me

2128 1169 2249 1212 esse
2298 1155 2660 1227 insensatum,
2699 1150 2843 1205 omni
2871 1149 3019 1204 vitali
3041 1157 3186 1204 metu
3212 1158 3515 1216 carentem,
3541 1149 3716 1206 omni-

2140 1264 2212 1304 no
2258 1262 2361 1301 nen
2404 1244 2675 1315 intelligo,
2706 1244 2810 1297 hoc
2840 1250 2943 1305 est,
2974 1256 3063 1296 me
3089 1241 3315 1310 lapidem
3353 1242 3709 1307 insensatum,

2130 1339 2277 1395 vitali
2306 1345 2449 1392 metu
2470 1343 2743 1390 carentem
2770 1332 2991 1387 omnino
3018 1346 3222 1386 menon
3249 1330 3627 1401 esseintellige
3644 1329 3712 1387 "‘.

2131 1432 2264 1488 item
2334 1429 2500 1484 ullum
2567 1425 2838 1481 hominem
2907 1424 3085 1478 vivum
3150 1423 3203 1477 in
3249 1437 3436 1488 carne,
3458 1436 3620 1477 sensu
3648 1436 3716 1479 ac

2133 1525 2344 1580 ratione
2363 1532 2551 1577 carere
2572 1533 2678 1573 non
2709 1515 2968 1587 intelligo,
2985 1516 3107 1586 quia
3133 1529 3347 1572 omnem
3365 1516 3635 1571 hominem
3670 1513 3717 1549 “

2133 1616 2407 1672 viventem
2459 1612 2512 1666 in
2555 1624 2719 1666 carne
2764 1623 2927 1664 sensu
2988 1623 3053 1664 ac
3104 1610 3313 1664 ratione
3366 1624 3473 1663 non
3527 1614 3718 1665 carere

2135 1722 2423 1780 cognosco.
2449 1705 2581 1763 item
2613 1702 2779 1758 ullum
2804 1700 3225 1755 irrationabilem
3262 1709 3467 1754 motum
3490 1708 3715 1756 natura-

445 1809 499 1864 in
519 1804 791 1863 otllnibus-
820 1804 938 1875 Ipsa
952 1803 1097 1857 enim
1114 1797 1580 1856 θειειιὶιδιθηιίίιιίε
1606 1806 1836 1851 “venis
1856 1808 2033 1861 ωπον,
2064 1786 2112 1853 Β
2139 1802 2266 1856 liter
2288 1800 2341 1855 in
2389 1798 2570 1852 anima
2616 1810 2736 1850 mea
2783 1794 3080 1850 subsistere
3102 1809 3207 1847 non
3236 1792 3496 1861 intelligo,
3529 1791 3579 1846 id
3609 1800 3716 1855 est,

446 1908 503 1957 et
540 1900 827 1971 plusquam
861 1894 1234 1953 substantialis
1285 1908 1471 1958 amor;
1527 1900 1583 1948 et
1628 1906 1752 1947 eum
1803 1898 2030 1955 amant,

448 2004 804 2062 quaecunque
852 1996 1056 2050 amant,
1099 1986 1213 2041 sive
1267 1983 1443 2038 sciant
1484 1982 1609 2052 quia
1669 1988 1874 2043 amant,
1921 1979 2037 2034 sive

451 2083 727 2147 nesciant;
760 2082 861 2136 hoc
875 2089 977 2143 est,
1005 2078 1119 2133 sive
1140 2084 1287 2131 metu
1310 2074 1631 2144 intelligibili
1658 2070 2037 2126 rationabilive

451 2183 636 2230 amant
659 2173 699 2236 ⁸,
727 2173 957 2227 ducente
986 2169 1176 2239 gratia,
1203 2168 1317 2222 sive
1355 2164 1584 2235 simplici
1616 2164 1856 2235 appetitu
1881 2173 2038 2217 uatu-

448 2279 565 2320 rae.
612 2261 759 2319 Nihil
801 2260 944 2315 enim
985 2258 1054 2312 ab
1079 2273 1142 2312 ea
1166 2264 1249 2311 est
1287 2264 1551 2319 creatum,
1592 2253 1734 2323 quod
1767 2267 1873 2308 non
1920 2250 2038 2319 ejus

457 2355 659 2410 habeat
721 2350 1065 2417 desiderium.
1114 2347 1348 2403 Videsne
1394 2346 1580 2416 igitur,
1633 2343 1778 2414 quod
1821 2343 2036 2406 omnia,

459 2457 603 2514 quae
630 2443 772 2497 intra
796 2441 982 2494 decem
1011 2436 1402 2505 categoriarum
1436 2435 1702 2489 ternzines
1728 2430 2041 2500 amplexan-

457 2542 566 2600 tur,
593 2548 700 2587 nen
722 2529 997 2585 immerito
1016 2527 1157 2583 Deus
1183 2526 1382 2581 dicitur
1410 2523 1465 2579 in
1484 2538 1583 2578 sua
1614 2532 1806 2576 natura
1844 2520 2044 2574 subsis-

456 2635 575 2679 tere
597 2622 874 2692 ignorare,
897 2618 1111 2688 quando
1135 2616 1359 2672 omnino
1400 2629 1464 2671 ea
1505 2612 1788 2668 altitudine
1828 2610 2041 2666 virtutis

456 2727 589 2769 suae
617 2719 675 2766 et
709 2708 978 2764 inﬁnitate
1006 2692 1268 2777 probatur
1296 2705 1598 2761 excellere?
1618 2702 1769 2770 Quod
1792 2701 1932 2756 enim
1962 2700 2039 2755 in-

456 2801 670 2858 ﬁnitum
699 2805 783 2854 est
814 2797 960 2851 omni
997 2796 1206 2850 ratione
1233 2803 1290 2848 et
1318 2794 1497 2858 modo,
1538 2791 1805 2849 inﬁnitum
1834 2798 1918 2845 est
1942 2803 2043 2859 per

459 2890 888 2958 essentiam,per
904 2887 1185 2951 virtutem,
1207 2899 1305 2955 per
1333 2883 1723 2955 operationem,
1746 2895 1843 2951 per
1865 2890 2043 2936 utros-

461 2998 569 3053 que
605 2982 761 3046 lincs,
799 2993 1015 3035 sursum
1045 2978 1169 3032 dico
1194 2985 1250 3032 et
1282 2977 1556 3040 deorsum,
1585 2975 1686 3028 hoc
1715 2981 1819 3037 est,
1843 2986 2043 3027 secun-

464 3076 594 3129 dum
668 3071 992 3145 principium
1071 3078 1126 3125 et
1206 3069 1416 3136 ﬁnem;
1493 3065 2040 3137 incempreliensibiie

466 3163 615 3220 enim
690 3161 983 3219 secundum
1060 3162 1395 3224 essentiam,
1471 3168 1527 3214 et
1588 3155 1976 3227 inintelligibile
2018 3156 2042 3188 ⁸

467 3255 764 3310 secundum
808 3253 1085 3317 virtutem,
1135 3260 1193 3306 et
1237 3250 1531 3306 secundum
1570 3250 1939 3320 operationem
1967 3249 2049 3304 im

463 3344 956 3415 circumscriptum,
1003 3351 1059 3398 et
1103 3343 1220 3397 sine
1256 3342 1525 3412 principio
1581 3343 1647 3396 de
1695 3355 1930 3406 sursum,
1988 3348 2045 3396 et

462 3438 580 3492 sine
627 3436 737 3491 line
784 3436 1060 3500 deorsum,
1118 3443 1174 3489 et
1217 3434 1239 3467 ⁸
1286 3432 1576 3498 inﬁnitum,
1621 3442 1679 3487 et
1733 3432 2052 3504 simpliciter

462 3527 753 3584 dicendum
807 3540 872 3582 ac
916 3526 1119 3591 verius,
1171 3538 1269 3595 per
1308 3525 1492 3579 omnia
1544 3522 1835 3578 inﬁnitum.
1902 3523 2048 3577 Dtsc.

465 3613 633 3672 Plane
671 3613 850 3680 video,
894 3627 1193 3683 verumque
1236 3627 1376 3678 esse,
1433 3627 1499 3669 ac
1544 3627 1709 3668 verae
1757 3611 2050 3668 ratiocina-

466 3705 636 3761 tionis
715 3703 1154 3761 conclusionibus
1219 3703 1490 3758 munitum
1577 3701 1865 3772 perspicio.
1944 3700 2051 3756 Sed

468 3795 626 3850 valde
672 3808 761 3849 me
792 3801 997 3858 movet,
1048 3808 1156 3864 qua
1199 3793 1411 3848 ratione
1453 3792 1753 3864 ignorantia
1792 3792 1848 3848 in
1882 3791 2051 3846 Deum

471 3885 656 3951 cadat,
689 3900 848 3954 quem
867 3885 1000 3940 nihil
1031 3886 1163 3941 latet
1187 3894 1281 3940 aut
1304 3886 1358 3940 in
1378 3886 1577 3955 seipse,
1607 3894 1702 3938 aut
1722 3884 1774 3939 in
1796 3884 1884 3939 bis
1914 3897 2054 3953 quae

475 3991 507 4028 a
535 3989 596 4030 se
635 3983 780 4031 sunt.
818 3975 956 4032 Mtte.
988 3977 1117 4031 Este
1151 3977 1335 4047 itaque
1375 3976 1636 4044 intentus,
1686 3986 1742 4031 et
1782 3989 1865 4040 ea,
1915 3989 2054 4046 quae

471 4065 620 4120 dicta
667 4076 817 4132 sunt,
854 4067 1138 4139 diligenter
1181 4067 1408 4138 inspice.
1447 4066 1505 4122 Si
1530 4068 1675 4121 enim
1697 4081 1833 4137 puro
1855 4066 2053 4122 mentis

471 4156 717 4210 contuitu
755 4157 1011 4212 virtutem
1036 4171 1216 4212 rerum
1247 4166 1410 4227 atque
1437 4156 1725 4211 verborum
1751 4154 2054 4210 considera-

471 4249 640 4314 veris,
669 4248 1009 4319 apertissime
1055 4248 1315 4318 reperies,
1355 4247 1500 4302 nulla
1526 4249 1779 4302 obstante
1802 4243 2049 4314 caligine,

470 4341 676 4397 nullam
724 4341 778 4395 in
824 4341 997 4396 Deum
1045 4338 1405 4411 ignorantiam
1445 4340 1659 4395 cadere.
1695 4336 1869 4408 ipsius
1909 4335 2053 4393 enim

474 4430 780 4502 ignorantia
802 4431 1091 4487 ineﬁ‘abilis
1108 4440 1188 4487 est
1205 4430 1592 4502 iiutelligentia.
1617 4430 1687 4484 Et
1711 4438 1770 4483 ut
1798 4443 1865 4483 ex
1891 4440 2053 4497 prae-

2134 1890 2341 1946 nullum
2400 1884 2822 1942 irrationabilem
2873 1891 3077 1937 metum
3123 1880 3445 1945 naturaliter
3497 1880 3714 1935 animae

2136 1997 2296 2038 meae
2324 1982 2500 2035 inesse
2526 1975 2828 2032 certissime
2854 1974 3024 2043 sapio.
3055 1974 3123 2028 Et
3156 1974 3259 2028 huc
3298 1987 3327 2025 a
3371 1986 3524 2025 sacra
3563 1969 3715 2026 Scri-

2136 2082 2294 2144 ptura
2324 2083 2613 2142 possumus
2633 2064 2951 2134 approbare.
2991 2062 3125 2116 Nam
3153 2070 3208 2117 et
3235 2062 3288 2116 in
3309 2059 3598 2131 Evangelio
3637 2059 3719 2113 le-

2138 2165 2335 2234 gimus,
2385 2159 2670 2215 Dominum
2712 2158 2764 2211 in
2796 2154 2977 2210 futuro
2998 2153 3203 2222 judicio
3222 2153 3467 2222 reprobis
3498 2166 3721 2221 respon-

2124 2267 2365 2327 surum:
2408 2247 2530 2303 Non
2560 2246 2680 2300 novi
2708 2260 2820 2307 vos,
2854 2244 2955 2298 hoc
2992 2251 3096 2308 est,
3132 2256 3239 2296 non
3277 2240 3401 2295 novi
3432 2254 3525 2295 vos
3550 2240 3605 2294 in
3634 2254 3723 2292 ra-

2140 2343 2376 2399 tionibus
2396 2340 2635 2395 emninm
2674 2351 2878 2397 rerum,
2917 2349 3053 2403 quas
3072 2333 3235 2389 Pater
3264 2334 3316 2388 in
3340 2348 3427 2388 me
3455 2332 3720 2397 condidit,

2138 2433 2396 2504 quoniam
2433 2428 2694 2498 intelligo,
2720 2442 2825 2481 non
2853 2441 2973 2481 esse
2997 2441 3093 2480 vos
3129 2426 3170 2457 "
3203 2425 3255 2478 in
3277 2424 3409 2478 meis
3432 2424 3497 2489 ",
3528 2438 3631 2477 non
3666 2423 3720 2477 in

2141 2535 2402 2597 quantum
2451 2519 2775 2576 naturaliter
2817 2515 3067 2573 substitni
3099 2529 3217 2577 vos,
3247 2515 3340 2570 sed
3363 2521 3623 2583 quantum
3653 2526 3723 2567 ex

2143 2616 2350 2687 legibus
2378 2621 2612 2666 naturae
2632 2616 2844 2664 vestrae
2870 2606 2914 2638 ”
2937 2605 3243 2660 cecidistis:
3270 2602 3388 2656 novi
3414 2603 3556 2657 enim
3581 2602 3747 2680 quod.

2145 2707 2201 2764 in
2232 2706 2384 2761 vobis
2414 2701 2551 2768 feci;
2594 2715 2698 2754 non
2730 2697 2851 2752 novi
2877 2712 3006 2751 vere
3027 2695 3168 2765 quod
3192 2709 3296 2748 non
3320 2691 3423 2749 feci
3451 2712 3464 2748 :
3495 2674 3726 2762 ideoque

2145 2810 2252 2857 neu
2304 2794 2494 2867 punio,
2537 2806 2639 2846 nec
2680 2789 2933 2844 recedere
2981 2802 3010 2840 a
3060 2801 3147 2839 me
3168 2783 3354 2852 jubco,
3385 2782 3605 2852 quodin
3637 2797 3725 2836 me

2145 2888 2301 2953 novi;
2330 2886 2423 2942 sed
2452 2883 2591 2953 quod
2633 2882 2686 2950 in
2733 2896 2820 2935 me
2842 2894 2947 2933 non
2972 2879 3093 2933 nevi
3133 2877 3260 2932 illud
3291 2877 3474 2946 punio,
3505 2886 3559 2931 et
3578 2891 3609 2930 a
3640 2890 3727 2929 me

2146 2979 2403 3038 recedere
2440 2973 2733 3046 praecipio.
2780 2971 2999 3041 ignorat
3050 2970 3232 3037 itaque
3276 2968 3417 3023 Dens
3446 2967 3499 3022 in
3546 2966 3727 3036 impiis

2146 3065 2649 3139 peccatoribusque,
2701 3059 2843 3130 quod
2890 3073 2998 3113 non
3045 3057 3191 3122 fecit,
3222 3055 3436 3111 illorum
3480 3053 3727 3109 videlicet

2070 3150 2115 3213 C
2149 3158 2416 3229 umiignos
2465 3150 2972 3218 irrationabilesque
3006 3157 3204 3202 motus.
3257 3147 3352 3201 Est
3397 3145 3559 3200 etiam
3621 3145 3727 3200 alia

2153 3250 2362 3321 species
2410 3244 2745 3318 ignorantiae
2778 3241 2831 3297 in
2855 3240 2995 3306 Dee,
3033 3239 3247 3310 quando
3292 3252 3538 3307 ca,quae
3574 3250 3733 3309 prae-

2153 3339 2315 3396 scivit
2336 3347 2392 3392 et
2418 3332 2858 3406 praedestinavit,
2882 3331 3134 3401 ignorare
3163 3329 3380 3392 dicitur,
3409 3329 3534 3384 dum
3557 3329 3732 3384 adhuc

2154 3432 2207 3486 in
2236 3444 2419 3485 rerum
2449 3427 2713 3481 factarum
2753 3422 3002 3479 cursibus
3027 3420 3401 3489 experimento
3426 3434 3529 3474 non
3561 3434 3729 3488 appa-

2156 3528 2277 3576 rent
2306 3517 2370 3572 ¹⁸.
2403 3517 2533 3573 inde
2568 3517 2684 3586 ipse
2728 3514 2781 3569 in
2811 3511 3104 3582 Evangelie
3135 3528 3149 3565 :
3183 3509 3255 3564 De
3276 3508 3361 3563 die
3407 3519 3578 3564 autem
3602 3508 3730 3573 illa,

2154 3610 2351 3682 inquit,
2378 3618 2426 3664 et
2466 3608 2597 3663 hora
2633 3605 2729 3660 illa
2752 3620 2902 3659 nemo
2940 3603 3060 3667 scit,
3097 3616 3261 3670 neque
3285 3597 3455 3670 angeli
3481 3599 3536 3653 in
3563 3597 3730 3662 caelo,

2154 3717 2316 3770 neque
2347 3695 2521 3751 Filius
2543 3695 2787 3761 hominis,
2815 3693 2917 3748 nisi
2942 3690 3107 3745 Pater
3133 3689 3296 3744 solus.
3318 3689 3376 3744 in
3398 3687 3595 3758 quibus
3614 3702 3737 3764 vcr-

2153 3794 2239 3849 bis
2268 3790 2311 3824 “‘
2336 3805 2442 3846 non
2472 3797 2558 3844 est
2577 3785 2862 3851 mirum,si
2889 3782 3052 3837 futuri
3070 3781 3259 3852 judicii
3285 3779 3513 3836 scientia
3543 3779 3736 3835 huma-

2154 3898 2252 3939 nos
2271 3882 2482 3936 animos
2497 3875 2898 3934 adhucmertali
2918 3889 3083 3929 carne
3106 3874 3390 3943 depresses
3418 3871 3603 3927 lateat.
3633 3867 3739 3924 Ne-

2154 3991 2260 4047 que
2286 3973 2450 4028 etiam
2466 3970 2686 4026 omnino
2697 3968 2765 4023 de
2790 3966 2997 4037 angelis
3011 3965 3313 4034 negandum
3332 3962 3374 3994 "
3392 3962 3568 4016 adhuc
3588 3961 3740 4031 igno-

2153 4064 2366 4121 rantiae
2398 4075 2521 4118 esse
2548 4073 2796 4130 capaces,
2811 4071 2932 4111 cum
2948 4069 3101 4111 sacra
3118 4054 3399 4130 Scriptura
3413 4065 3508 4105 eos
3520 4063 3742 4121 semper

2153 4158 2362 4213 discere
2373 4126 2674 4224 perhibeat,
2698 4157 2836 4204 teste
2848 4154 3036 4203 sancto
3051 4144 3304 4213 Dionysio
3330 4126 3652 4211 hreepagita
3684 4141 3740 4195 in

2154 4246 2381 4318 septimo
2394 4241 2627 4312 capitulo
2639 4241 2705 4295 de
2718 4237 2932 4295 caelesti
2950 4237 3063 4292 lera
3071 4236 3240 4300 rchia,
3255 4234 3441 4289 dicens
3457 4250 3469 4286 :
3489 4231 3530 4285 Τ
3532 4230 3739 4301 Iteologi

2154 4346 2331 4408 aperte
2360 4332 2651 4395 declarant,
2679 4327 2971 4400 suppositas
2997 4323 3206 4395 quidem
3230 4320 3528 4375 caelestium
3558 4335 3735 4373 esseno

2157 4406 2352 4482 tierunt
2377 4420 2739 4492 dispositiones
2755 4432 2819 4471 ea:
2839 4411 3235 4485 superformatis
3262 4410 3306 4441 ¹⁸
3330 4417 3513 4463 ornate
3538 4406 3741 4462 erudiri

480 4520 646 4575 dictis
683 4518 785 4577 hoc
835 4536 1098 4578 conemur
1131 4498 1452 4592 approbare,
1480 4518 1767 4575 verberum
1802 4518 2058 4572 virtutem
2085 4500 2138 4560 Ῑ)
2163 4517 2382 4587 dciﬁcas
2403 4513 2672 4577 scientias,
2700 4509 2933 4563 omnium
2957 4519 3077 4559 vero
3109 4501 3320 4556 altiores
3360 4500 3423 4553 ab
3454 4501 3567 4569 ipsa
3594 4498 3739 4551 Diri-

472 4606 707 4664 intuere.
729 4607 868 4664 Num
886 4610 986 4665 tibi
1003 4609 1403 4671 videmur'aliad
1417 4610 1794 4674 suadere,dum
1810 4607 2060 4670 dicimus,

473 4699 648 4757 Deum
699 4700 957 4769 seipsum,
1004 4700 1136 4770 quid
1189 4700 1280 4765 sit,
1332 4700 1602 4771 ignorare,
1642 4715 1803 4770 qnam
1831 4700 1884 4754 in
1912 4697 2061 4752 nullo

474 4806 685 4855 eorum,
744 4806 882 4860 quae
933 4803 1083 4858 sunt,
1139 4805 1199 4847 se
1236 4806 1359 4847 esse
1400 4790 1737 4862 intelligere?
1777 4789 2058 4858 Quomodo

483 4883 625 4936 enim
673 4883 729 4937 in
782 4882 964 4952 seipse
993 4890 1168 4951 potest
1192 4896 1541 4952 cognoscere,
1570 4881 1712 4950 quod
1748 4895 1855 4935 non
1883 4887 2061 4949 potest

486 4972 541 5025 in
593 4973 771 5043 seipse
817 4974 980 5029 esse?
1009 4973 1066 5028 Si
1095 4973 1242 5029 enim
1278 4974 1519 5029 rationes
1555 4985 1755 5033 rerum,
1778 4986 1915 5041 quas
1945 4971 2059 5041 ipse

485 5061 542 5116 in
588 5064 794 5133 seipse,
841 5065 945 5119 hoc
971 5075 1077 5132 est,
1124 5065 1288 5121 Pater
1320 5066 1374 5121 in
1426 5064 1562 5119 Filio
1597 5064 1825 5128 creavit,
1863 5064 1917 5118 in
1941 5064 2059 5134 ipso

485 5168 653 5207 unum
696 5156 1031 5212 individuum
1089 5165 1243 5219 sunt,
1294 5156 1604 5224 nullamque
1636 5154 1661 5186 ⁸
1694 5154 2061 5210 deﬁnitionem

483 5245 737 5316 propriae
778 5248 1115 5304 substantiae
1150 5263 1248 5319 per
1272 5247 1294 5280 ⁷
1343 5247 1589 5317 proprias
1619 5244 1947 5302 dilierentias
1968 5261 2065 5301 seu

2164 4611 2346 4674 nitate,
2374 4613 2627 4678 quantum
2666 4601 2769 4670 fas,
2815 4596 3082 4653 doctrinas
3121 4593 3168 4627 ¹⁹
3194 4591 3524 4656 illuminari,
3578 4598 3628 4644 et
3652 4605 3742 4642 eos

2162 4703 2334 4771 ipsum
2390 4696 2570 4751 Jesum
2616 4690 2914 4747 immediate
2962 4688 3252 4751 docentem,
3302 4681 3657 4755 praelargiens
3696 4682 3743 4712 ‘°

2161 4769 2236 4846 eis
2276 4785 2611 4856 manifestam
2673 4796 2824 4836 suout
2869 4779 3153 4833 humanam
3201 4775 3590 4846 benignitatem.
3629 4769 3745 4841 Ego

2163 4882 2325 4945 enim,
2352 4877 2539 4945 inquit,
2590 4875 2795 4944 disputo
2812 4871 3075 4941 justitiam
3101 4879 3148 4922 et
3181 4867 3444 4938 judicium
3472 4863 3741 4918 salutaris.

2162 4972 2297 5028 Item
2330 4990 2348 5028 :
2382 4969 2568 5033 Miror,
2599 4968 2786 5038 inquit,
2826 4965 2950 5035 quia
2984 4972 3032 5016 et
3079 4960 3375 5015 caelestium
3401 4956 3745 5011 essentiarum

2166 5064 2388 5134 primae,
2424 5070 2470 5112 et
2493 5059 2651 5113 simul
2678 5072 2854 5111 omnes
2887 5051 3265 5125 supereminent
3295 5048 3500 5101 divinas
3536 5042 3745 5099 ordines

2170 5151 2430 5222 angelicas
2460 5147 2971 5209 illuminationes,et,
3011 5152 3068 5195 ut
3096 5139 3373 5198 mediatae,
3418 5134 3755 5204 quaestiones

2174 5252 2460 5298 reverenter
2477 5249 2677 5311 petunt.
2717 5236 2905 5291 Nonne
2932 5233 3051 5289 inde
3090 5232 3427 5299 interrogant,
3465 5237 3628 5293 quare
3652 5230 3753 5275 tua

1758 5374 2013 5434 VARIAE
2068 5370 2469 5433 LECTIONES.

560 5511 578 5544 ⁸
606 5510 651 5565 A
690 5511 839 5567 aliud
859 5522 955 5567 est.
1052 5514 1077 5547 θ
1098 5524 1148 5568 et
1191 5511 1532 5568 positionem.

490 5595 604 5681 que.
680 5584 701 5615 "
732 5598 828 5651 per
849 5597 958 5636 om.
989 5583 1059 5639 A.
1131 5584 1153 5616 ⁸

520 5650 537 5678 1
560 5649 648 5681 Εζη
670 5651 711 5681 Ρ
734 5668 745 5680 .
791 5653 819 5681 Α
853 5669 940 5681 ..ι-ι..
971 5670 1072 5681 ...ι-
1113 5671 1153 5681 η.

520 5650 537 5678 ’
560 5649 747 5717 SicC;
783 5653 828 5704 Α
853 5669 941 5706 ves
971 5670 1074 5708 non
1108 5649 1264 5708 βεδε(
1312 5653 1357 5686 ⁸³
1381 5652 1422 5705 C
1446 5652 1496 5706 in
1518 5653 1612 5705 eis.
1690 5652 1733 5684 "'
1774 5650 1815 5704 A
1852 5659 2046 5705 vestrae
2089 5662 2327 5704 naturae.

497 5732 689 5777 rarent.
766 5721 809 5754 “
840 5723 1004 5779 verbis
1028 5738 1136 5780 om.
1177 5724 1240 5779 A.
1315 5722 1694 5793 "Anegamus.
1775 5720 1817 5754 ’⁸
1842 5722 1887 5777 Α
1916 5719 2316 5791 superﬁrmatis.

1243 5511 1532 5568 isitionem.
1644 5510 1666 5543 ³
1693 5519 1870 5564 amant
1911 5525 2023 5565 om.
2050 5509 2116 5565 A.
2204 5509 2224 5541 ⁸
2245 5509 2427 5574 Corn,
2458 5509 2546 5564 AC
2576 5509 2916 5574 intelligibile.
2995 5509 3016 5534 '
3044 5509 3145 5554 l’ro
3174 5509 3219 5551 et
3250 5509 3292 5551 Α
3319 5509 3419 5552 est.
3494 5509 3516 5527 '
3547 5509 3589 5549 υ
3616 5512 3742 5550 nan-

1243 5582 1415 5653 quod.
1450 5581 1500 5653 γ’
1531 5581 1571 5635 Α
1613 5580 1665 5636 in
1689 5597 1799 5653 ea._
1849 5580 1891 5612 ¹⁰
1929 5583 2029 5634 hoc
2055 5591 2149 5645 est,
2178 5596 2257 5634 me
2278 5579 2587 5653 lapidem:—
2618 5577 2848 5653 intelligo
2884 5590 2985 5628 om.
3025 5571 3124 5653 (LL
3164 5569 3204 5601 “
3226 5568 3497 5653 ﬂaminem
3542 5565 3742 5653 aurati.

2204 5509 2224 5541 ⁸
2245 5508 2427 5574 Corn,
2458 5508 2546 5564 AC
2576 5505 2916 5574 intelligibile.
2995 5502 3017 5534 '
3037 5501 3145 5574 _l_’ro
3167 5508 3219 5574 _e_t
3319 5505 3419 5574 est.
3494 5495 3516 5527 ‘
3547 5494 3589 5549 C
3616 5512 3746 5574 nait-

2435 5650 2478 5680 “‘
2507 5648 2599 5702 Sic
2626 5645 2699 5709 C;
2744 5638 2805 5701 Κ
2825 5641 3126 5711 apparuerit
3153 5655 3183 5711 ;Δ
3223 5638 3374 5711 Gaio
3394 5653 3533 5711 eo".
3578 5650 3743 5703 appa-

2396 5719 2438 5752 ¹⁹
2482 5717 2562 5774 sic
2613 5706 2696 5782 C;
2726 5716 2772 5770 Α
2797 5706 3067 5769 doctrinis.
3142 5708 3189 5743 ”
3225 5710 3314 5775 Sig:
3343 5706 3451 5763 AC.
