4236 6274
430 344 539 403 5m

1256 325 1346 382 DE
1381 320 1722 380 DIVISIONE
1757 310 2108 375 NA‘I'UR‘AE.
2141 344 2217 359 --
2250 306 2451 371 LIBER
2491 317 2875 377 SECUNDUS.

3596 334 3704 393 598

432 457 559 528 quis
609 453 793 509 minus
835 443 1113 516 capacium
1156 438 1450 528 existimet,
1491 447 1671 488 rerum
1700 430 2012 525 diligentem
2043 428 2088 488 Α
2119 425 2419 493 intelligere
2443 430 2692 497 possunt,
2725 430 2820 485 sed
2844 411 3589 502 supra01mm““mnum”;II
3611 444 3704 506 eo;

438 518 841 615 iudagationem
887 538 1026 591 ultra
1063 524 1392 602 praedictam
1420 523 1819 594 categoriarum
1845 518 2021 587 quani-

441 612 651 696 titatem
692 648 796 688 non
836 643 994 698 posse
1021 621 1269 696 progredi
1304 620 1343 673 ³.
1374 613 1722 673 Generaliora
1755 612 1899 666 enim
1930 624 2022 677 ge-

441 744 571 787 nera
595 737 779 780 eorum
807 711 1219 787 comprehendit
1247 709 1414 773 ratio;
1446 703 1712 774 siquidem
1762 700 1818 754 in
1868 704 2019 752 motu

439 828 496 876 et
537 819 587 871 in
618 823 759 870 statu
801 818 946 865 sunt.
1000 805 1134 860 item
1182 809 1356 855 status
1401 806 1475 852 et'
1502 801 1680 850 motus
1725 787 2021 844 universali

439 906 668 963 essentia
720 900 1067 970 colliguntur,
1123 906 1263 962 quae
1317 889 1369 943 in
1402 884 1669 940 inﬁnitum
1699 879 2020 935 divisionem

378 1051 388 1060 κ
434 1000 517 1055 sui
549 997 773 1068 patitur.
911 978 1147 1056 namque
1171 978 1496 1042 substantia,
1528 974 1667 1047 quae
1686 973 1919 1044 primum
1966 969 2020 1023 in

434 1063 725 1160 cate-goriis
751 1083 960 1140 obtinet
996 1080 1193 1138 locum,
1227 1073 1373 1129 finita
1402 1079 1506 1135 est,
1557 1077 1612 1123 et
1655 1063 2022 1160 aeridentibus

434 1153 717 1249 subjecta;
773 1190 834 1230 ea
881 1180 1010 1225 vero
1039 1162 1360 1221 universalis
1380 1159 1612 1216 essentia
1642 1155 1846 1211 nullum
1887 1153 1939 1207 in
1964 1166 2023 1207 se

437 1246 694 1324 accidens
708 1262 928 1332 recipit;
962 1260 1013 1311 in
1036 1257 1149 1311 suis
1164 1252 1359 1322 quippe
1379 1246 1832 1306 subdivisionibus
1854 1256 2025 1312 usque

438 1361 508 1413 ad
532 1356 804 1412 imlividna
835 1346 1271 1421 pervenientibns
1319 1339 1675 1396 accidentium
1706 1351 1873 1405 capax
1915 1342 2021 1398 est,

439 1453 558 1522 ipsa
588 1462 714 1503 vero
740 1448 790 1500 in
816 1445 986 1513 seipsa
1004 1440 1226 1508 simplex
1243 1444 1349 1499 est,
1366 1433 1605 1502 nullique
1624 1431 1646 1460 ²
1662 1426 2022 1483 accidentium

441 1514 704 1611 subjecta.
732 1539 827 1594 Cui
884 1542 1061 1590 motus
1109 1530 1196 1585 ille
1241 1524 1684 1599 generalissimns
1735 1520 1972 1589 nullique
2002 1514 2024 1549 ⁸

438 1635 749 1707 catagoriae
776 1630 1064 1693 obnoxius,
1096 1641 1206 1696 quo
1229 1623 1253 1656 ⁵
1278 1621 1459 1678 omnia
1503 1622 1568 1675 de
1607 1610 1774 1673 nihilo
1812 1617 1864 1671 in
1906 1628 2026 1669 esse

436 1728 758 1801 procedunt,
799 1715 981 1778 status
1014 1733 1249 1789 quoque,
1283 1716 1335 1770 in
1366 1729 1526 1784 quem
1569 1711 1749 1766 omnia
1779 1717 2023 1764 motuum

434 1798 516 1875 sui
551 1817 837 1873 terminum
873 1812 1224 1875 constituent,
1247 1809 1338 1880 qui
1377 1807 1540 1862 etiam
1563 1799 1692 1858 nulli
1714 1798 2022 1871 categoriae

434 1906 763 1975 succumbit,
816 1904 1248 1961 subdividuntur.
1297 1898 1451 1967 Quod
1498 1907 1677 1951 autem
1720 1893 1916 1954 addidi,
1967 1891 2019 1944 in

437 2014 628 2060 natura
656 2016 837 2055 rerum
862 2012 981 2054 esse
1007 1994 1292 2066 quaedam,
1318 2005 1459 2062 quae
1487 2004 1584 2044 nec
1620 1989 1672 2041 in
1697 1982 2019 2047 substantia,

440 2110 539 2150 nec
567 2096 617 2147 in
639 2089 1003 2147 accidentibus
1037 2092 1457 2156 cognoscuntur,
1490 2080 1591 2135 hoc
1613 2089 1720 2140 est,
1756 2090 1893 2145 quae
1923 2088 2024 2128 nec

436 2184 765 2240 substantiae
791 2196 892 2237 nec
915 2178 1212 2236 accidentia
1242 2182 1395 2239 sunt,
1414 2173 1481 2228 de
1512 2168 1811 2225 rationibus
1843 2165 2020 2219 adhuc

435 2277 491 2331 in
519 2275 661 2331 nulla
716 2290 776 2329 re
822 2269 1204 2343 apparentibus
1251 2267 1371 2335 sive
1415 2258 1866 2341 substantialiter,
1906 2254 2022 2311 sive

439 2368 730 2424 secundum
761 2364 1033 2425 accidens,
1057 2358 1237 2415 sensui
1259 2355 1342 2411 vel
1365 2348 1674 2422 intellectui
1685 2346 1887 2405 dictum
1902 2360 2022 2402 esse

440 2444 697 2529 intellige.
726 2453 1006 2509 Possihilia
1037 2464 1249 2520 quoque
1277 2455 1331 2502 et
1354 2432 1776 2513 impossibiliain
1795 2451 2023 2493 numero

438 2564 621 2603 rerum
656 2542 961 2613 computari
1001 2556 1157 2595 nemo
1189 2548 1336 2592 recte
1373 2531 1867 2605 philosophantium
1896 2543 2023 2583 con-

439 2638 687 2707 tradicet.
728 2636 877 2703 Quae
902 2633 1045 2687 nulla
1078 2631 1180 2684 alia
1235 2627 1443 2682 ratione
1475 2638 1596 2679 esse
1623 2622 1889 2683 dicutttur,
1920 2617 2023 2674 nisi

436 2730 564 2799 quia
595 2726 866 2797 possibilia
897 2732 1124 2794 possunt
1152 2721 1206 2775 in
1237 2719 1415 2787 aliqua
1462 2732 1519 2771 re
1566 2715 1680 2769 ﬁeri
1704 2754 1720 2778 ,
1774 2711 1876 2767 etsi
1916 2725 2023 2765 non

436 2821 545 2878 sint
568 2821 626 2875 ἐ
655 2817 1004 2889 impossibilia
1055 2829 1187 2868 vero
1217 2813 1329 2867 sola
1358 2811 1555 2865 virtute
1576 2803 2023 2877 impossibilitatis

439 2913 817 2976 continentur;
878 2924 1066 2963 eorum
1112 2905 1256 2960 enim
1300 2918 1421 2957 esse
1450 2908 1533 2955 est
1579 2893 2023 2969 impossibilitas‘

442 3004 497 3057 in
542 3002 719 3071 aliqua
770 2992 835 3053 re
864 2995 1213 3052 intellectttali
1242 3009 1335 3048 seu
1366 2989 1604 3047 sensibili
1637 3001 1916 3058 apparere.
1956 2984 2037 3039 Et

444 3093 784 3165 possibilinm
832 3091 1050 3161 quidem
1099 3086 1400 3156 exemplum
1453 3083 1547 3137 ﬁat
1576 3100 1589 3135 :
1618 3081 1836 3151 quidam
1860 3078 2023 3133 homo

444 3192 623 3257 potest
652 3183 857 3255 prolem
888 3183 1127 3251 gignere,
1156 3180 1247 3234 sed
1276 3174 1458 3231 amore
1489 3172 1810 3243 virginitatis
1838 3170 2025 3224 deten-

442 3286 530 3331 tus
554 3275 760 3345 spernit
781 3273 983 3344 prolem
1003 3270 1219 3324 habere.
1247 3258 1833 3337 Ιιιιρρὲεέὺὶιίιιιιίνετο,
1860 3260 2029 3314 ratio—-

438 3367 622 3421 nubite
663 3364 860 3418 animal
891 3360 1216 3432 impossibile
1243 3370 1324 3414 est
1354 3350 1720 3411 irrationabile
1749 3369 1890 3418 esse,
1935 3362 2029 3407 aut

436 3455 740 3512 coxivet'sint
771 3455 814 3507 ⁷.
870 3452 945 3507 De
970 3453 1164 3521 quibus
1190 3450 1434 3519 quisquis
1460 3447 1615 3517 plene
1643 3446 1874 3515 voluerit
1899 3458 2027 3514 per-

436 3538 643 3619 cipere,
688 3547 833 3618 legat
871 3550 991 3623 rupi
1018 3547 1299 3620 ἑρμηνείας,
1330 3543 1432 3596 hoc
1463 3550 1568 3605 est,
1600 3539 1665 3593 de
1708 3540 2029 3607 interpreta-

437 3643 586 3697 tione
615 3640 995 3704 Aristotelem;
1039 3638 1090 3691 in
1118 3653 1222 3706 qua
1260 3644 1354 3690 aut
1397 3632 1575 3688 dehis
1606 3630 1756 3694 solis,
1803 3629 1905 3683 hoc
1945 3635 2031 3682 cst

434 3731 786 3803 possibilibus
810 3739 865 3783 et
885 3726 1328 3798 impossibilibus,
1370 3732 1464 3777 aut
1514 3721 1748 3776 maxime
1782 3734 1812 3773 a
1848 3716 2033 3772 Philo-

438 3812 615 3890 sopho
637 3820 972 3891 disputatum
1013 3815 1298 3872 est.‘Nune
1324 3815 1507 3883 itaque
1536 3810 1604 3865 ad
1635 3808 1739 3874 ea,’
1775 3825 1914 3879 quae
1943 3824 2030 3863 re-

437 3921 613 3974 stant,
647 3912 1035 3968 consideranda
1061 3920 1420 3972 transeamus,
1445 3907 1488 3961 si
1516 3905 1611 3960 tibi
1630 3904 1652 3936 ⁸
1668 3905 1735 3959 de
1747 3902 2031 3974 speciebus

439 4005 663 4059 divinae
694 4003 1046 4075 ignorantiae,
1088 4000 1286 4072 quibus
1327 3998 1526 4053 dicitur
1569 3995 1714 4051 Deus
1756 3997 2030 4066 ignorare,

436 4096 581 4167 satis
597 4095 808 4149 videtur
828 4093 1157 4148 discussum.
1175 4080 1320 4147 Dtsc.
1347 4089 1493 4145 Satis
1507 4088 1724 4158 quidem
1741 4102 2028 4157 superque,

432 4202 509 4241 ac
543 4185 747 4241 diutius
788 4185 843 4238 in
889 4185 970 4240 eis
1011 4183 1283 4237 immorari
1316 4197 1421 4236 non
1456 4179 1824 4235 necessarium
1852 4177 2028 4232 video.

434 4276 619 4331 Solari
678 4292 913 4345 namque
962 4275 1114 4329 radio
1163 4274 1388 4329 lucidius
1430 4270 1756 4342 patefactum
1784 4310 1799 4333 ,
1850 4268 2031 4322 divina

434 4367 750 4437 ignorantia
775 4365 847 4419 ttil
885 4364 1031 4418 aliud
1059 4364 1464 4435 intelligendum
1494 4376 1636 4425 esse,
1682 4358 1785 4412 nisi
1822 4356 2031 4410 incom-

2120 530 2421 589 gnoscttnt,
2462 536 2527 576 ac
2563 536 2661 593 per
2696 524 2797 579 hoc
2845 540 3033 582 eorum
3084 532 3387 602 ignorantia
3440 553 3569 593 vera
3620 553 3707 598 est

2121 611 2412 681 sapientia,
2447 622 2499 668 et
2539 615 2829 672 nesciendo
2857 632 2979 673 eum
3014 620 3069 674 in
3120 624 3206 677 his
3243 641 3382 694 quae
3408 638 3555 693 sunt,
3588 646 3706 685 tne-

2120 701 2375 758 lius‘eum
2396 705 2583 760 sciunt
2617 722 2780 776 super
2809 711 3006 773 omnia,
3042 728 3181 781 quae
3201 725 3326 770 sunt
3348 726 3405 773 et
3433 734 3573 787 quae
3595 737 3705 777 non

2121 801 2282 847 sunt:
2314 793 2387 847 ita
2417 795 2579 849 etiam
2603 796 2668 852 de
2697 800 2873 868 seipse
2897 803 3463 862 nonirrationabiliter
3479 809 3702 880 dicitur,

2123 886 2175 940 in
2203 896 2463 955 quantum
2492 890 2725 959 seipsnm
2754 892 2806 947 in
2839 895 2942 960 his,
2975 912 3113 965 quae
3138 897 3284 965 fecit,
3311 917 3417 957 non
3450 904 3705 977 intelligit

2122 977 2441 1042 subsistere,
2474 978 2527 1033 in
2554 990 2761 1037 tantum
2792 983 3039 1057 intelligit
3072 1002 3132 1043 se
3158 1005 3321 1063 super
3343 996 3522 1048 omnia
3544 1011 3703 1065 esse,

2124 1079 2189 1121 ac
2233 1084 2330 1137 per
2370 1068 2475 1123 hoc
2530 1071 2697 1141 ipsius
2726 1074 3027 1144 ignorantia
3058 1094 3181 1134 vera
3214 1092 3296 1136 est
3328 1082 3701 1157 intelligentia.

2122 1158 2191 1213 Et
2216 1160 2266 1213 iit
2294 1171 2555 1230 quantum
2598 1180 2656 1218 se
2690 1169 2863 1220 nescit
2896 1169 2947 1222 in
2980 1170 3081 1233 his,
3110 1188 3249 1241 quae
3278 1186 3420 1238 sunt,
3457 1193 3706 1248 compre-

2124 1248 2309 1341 hendi,
2343 1253 2395 1305 in
2422 1261 2627 1309 tantum
2657 1272 2716 1311 se
2736 1258 2838 1311 scit
2862 1258 2998 1314 ultra
3043 1264 3220 1317 omnia
3252 1266 3510 1334 exaltari;
3542 1280 3705 1341 atque

2125 1340 2245 1395 ideo
2276 1343 2566 1400 nesciendo
2597 1347 2856 1416 seipsum,
2882 1367 2910 1403 a
2938 1352 3117 1421 seipse
3148 1356 3340 1412 melius
3366 1359 3563 1425 scitur;
3593 1340 3706 1416 nte-

2123 1431 2227 1486 iius
2265 1443 2349 1489 est
2366 1435 2530 1499 enim,
2585 1453 2644 1492 se
2676 1440 2818 1495 scire
2863 1443 2930 1497 ab
2968 1446 3220 1502 omnibus
3254 1459 3517 1504 remotum
3560 1469 3703 1521 esse,

2125 1534 2285 1592 quam
2329 1526 2375 1580 si
2418 1529 2600 1591 sciret,
2642 1531 2698 1611 in
2751 1549 2977 1590 numero
3021 1539 3260 1595 omnium
3311 1558 3371 1597 se
3426 1547 3704 1604 constitui.

2127 1612 2267 1671 MAG.
2300 1617 2466 1673 Recte
2493 1620 2776 1693 intelligis;
2804 1623 3020 1696 etﬂquod
3046 1629 3111 1683 de
3131 1630 3325 1686 talibus
3338 1633 3476 1686 ratio
3490 1637 3706 1704 suadet,

2126 1722 2260 1778 pure
2284 1724 2349 1765 ac
2378 1710 2744 1768 indubitanter
2772 1726 2821 1771 te
2862 1720 3170 1787 perspicere
3206 1724 3398 1778 sentio.
3447 1725 3556 1781 Nec
3589 1726 3705 1794 jam

2126 1801 2329 1893 cernis,
2358 1810 2415 1854 ut
2439 1803 2650 1871 opinor,
2681 1806 2843 1860 ullam
2875 1808 3230 1867 tlill'erenliam
3265 1814 3305 1845 “
3353 1815 3602 1889 imaginis
3650 1827 3709 1875 et

2125 1891 2437 1960 principalis
2466 1892 2693 1961 formae,
2729 1909 2945 1964 praeter
2983 1904 3242 1960 rationem
3274 1907 3523 1976 subjecti.

2196 1982 2418 2036 Summa
2446 1984 2710 2053 siquidem
2739 1989 2977 2046 Trinitas
3005 1994 3434 2054 substantialiter
3454 2017 3550 2071 per
3564 2002 3707 2074 seip-

2124 2074 2578 2139 Sam"snbsistit,
2609 2086 2663 2132 et
2687 2092 2753 2132 ex
2778 2082 2921 2138 nulla
2960 2099 3119 2139 causa
3136 2098 3317 2142 creata
3339 2098 3455 2157 est;
3493 2092 3711 2151 trinitas

2126 2178 2256 2217 vero
2274 2175 2490 2267 nostrae
2505 2176 2740 2254 naturae
2769 2171 2835 2225 de
2861 2173 3028 2228 nihilo
3051 2176 3187 2230 facta
3215 2187 3298 2249 est
3320 2179 3389 2233 ab
3417 2179 3710 2251 ipsa,un

2125 2269 2220 2324 per
2247 2265 2478 2323 seipsam
2512 2267 2729 2337 aeterna
2753 2270 2854 2333 est,
2902 2265 2967 2318 ad
3000 2265 3285 2337 imaginem
3320 2279 3374 2324 et
3402 2271 3709 2328 similitudi-

2126 2361 2249 2437 nem
2303 2361 2485 2414 suam;
2530 2357 2585 2403 et
2635 2350 2679 2404 si
2727 2351 2903 2423 aliqua
2953 2356 3331 2414 dissimilitudo
3357 2373 3576 2431 praeter
3604 2364 3710 2423 hoc

2125 2436 2376 2507 itnaginis
2405 2448 2460 2492 et
2491 2440 2800 2511 principalis
2845 2447 3074 2519 exempli
3106 2461 3318 2519 reperta
3361 2452 3540 2519 fuerit,
3599 2471 3707 2509 non

2124 2544 2187 2584 ex
2219 2539 2407 2584 natura
2435 2532 2534 2587 hoc
2560 2536 2843 2602 processit,
2871 2539 2965 2607 sed
2986 2555 3049 2593 ex
3068 2540 3262 2596 delicto
3279 2559 3358 2599 ac.
3380 2544 3504 2611 idit,
3534 2560 3710 2616 neque

2126 2627 2188 2680 ex
2211 2625 2494 2681 creatricis
2526 2626 2811 2683 Trinitatis
2857 2630 3075 2696 invidia,
3117 2635 3210 2688 sed
3238 2652 3302 2690 ex
3334 2646 3549 2692 creatae
3583 2640 3710 2693 itna-

2125 2716 2267 2786 g’iuis
2296 2716 2472 2785 culpa.
2505 2715 2700 2771 Totum
2734 2735 2986 2789 namque,
3019 2725 3161 2791 qttod
3194 2725 3260 2779 de
3290 2725 3400 2780 Deo
3430 2727 3513 2780 vel
3552 2700 3710 2783 intel-

2127 2803 2314 2885 ligitur
2341 2808 2634 2861 secundum
2662 2810 2928 2865 essentiae
2964 2813 3238 2877 virtutem,
3271 2814 3337 2869 de
3362 2816 3479 2885 ejus
3521 2816 3711 2888 imagi-

2126 2913 2193 2951 ne
2226 2898 2277 2951 in
2308 2898 2413 2963 his,
2435 2900 2630 2969 quibus
2663 2899 2706 2932 ⁸³
2726 2911 3004 2971 purgatur,
3028 2903 3381 2970 illutninatttr,
3409 2905 3707 2977 perﬁcitur,

2128 2999 2183 3046 et
2211 2992 2341 3059 dici,
2371 3001 2427 3046 et
2455 2993 2679 3064 intelligi
2712 3003 2887 3063 potest
2912 2996 3205 3051 secundum
3248 2999 3540 3054 ereationis
3587 3014 3713 3071 gra-

2050 3121 2095 3182 C
2131 3083 2258 3137 tiam
2310 3099 2395 3149 eo,
2431 3093 2491 3138 ut
2540 3086 2926 3154 praediximus,
2954 3097 3202 3157 excepto,
3234 3090 3376 3159 quod
3403 3090 3581 3145 divina
3618 3106 3713 3146 na-

2134 3181 2252 3227 tura
2306 3174 2450 3228 Deus
2503 3186 2588 3231 est
2639 3177 2955 3232 excellentia
2976 3180 3263 3243 essentiae,
3312 3181 3545 3235 humana
3582 3197 3715 3237 vero

2130 3254 2272 3316 Deus
2300 3273 2383 3317 est
2411 3263 2624 3320 divinae
2653 3266 2859 3336 gratiae
2885 3267 3163 3338 largitate;
3191 3271 3407 3338 etquod
3437 3270 3526 3338 illa
3554 3285 3711 3339 creat

2131 3353 2234 3405 trix
2265 3352 2358 3417 sit,
2382 3361 2436 3407 et
2459 3371 2488 3407 a
2525 3354 2668 3408 ttullo
2688 3365 2893 3421 creata,
2923 3348 3185 3414 ista‘vero
3208 3359 3274 3413 ah
3294 3359 3383 3414 illa
3399 3368 3581 3425 creata
3601 3368 3717 3426 est,

2131 3436 2186 3499 et
2213 3461 2299 3517 ea,
2338 3462 2477 3517 quae
2510 3464 2640 3503 suae
2667 3458 2890 3505 naturae
2917 3450 3054 3515 inl‘ra
3080 3467 3138 3507 se
3178 3452 3508 3517 adhaerent,
3542 3462 3717 3518 creat,

2132 3531 2329 3614 corpus
2344 3538 2444 3592 hoc
2461 3538 2688 3593 mortale
2704 3539 2843 3606 dico,
2860 3548 2979 3609 post
2993 3550 3271 3610 peccatum
3290 3542 3507 3615 animae
3526 3542 3719 3611 adjun—

2133 3637 2299 3692 ctum,
2329 3629 2471 3697 quod
2504 3630 2666 3683 etiam
2696 3630 2872 3700 imago
2904 3628 3155 3702 imaginis
3190 3641 3440 3701 vocatur,
3466 3643 3527 3688 ut
3552 3616 3719 3704 saepe

2132 3725 2370 3778 diximus
2388 3724 2453 3779 ”.
2470 3725 2605 3780 Nam
2620 3726 3072 3796 quemadmodum
3090 3727 3326 3783 animam
3339 3728 3410 3784 ad
3424 3729 3723 3797 imaginem

2133 3830 2286 3870 suam
2322 3815 2464 3871 Deus
2498 3818 2732 3883 creavit;
2774 3818 2845 3873 ita
2877 3819 3058 3873 anima
3089 3834 3284 3889 corpus
3316 3820 3478 3874 veluti
3520 3820 3723 3875 instrue

2133 3912 2370 3958 mentmn
2387 3906 2655 3974 quoddam
2684 3908 3083 3976 quodammodo
3110 3909 3193 3963 sui
3236 3909 3415 3965 simile
3458 3908 3623 3964 etIicit
3648 3910 3720 3963 ⁸⁸.

2135 3996 2240 4053 Sed
2254 3997 2320 4051 ad
2336 3998 2549 4052 divinae
2567 3998 2989 4069 trinitatis,quae
3001 4013 3164 4054 causa
3184 3999 3425 4062 omnium
3445 4008 3550 4062 est,
3567 3998 3724 4055 theo-

2136 4088 2269 4163 riam
2300 4087 2653 4151 redeutulmn,
2683 4089 2725 4143 si
2757 4088 2874 4152 tibi,
2898 4103 3040 4157 quae
3068 4088 3134 4141 de
3166 4087 3361 4142 talibus
3391 4086 3535 4142 dicta
3565 4097 3717 4152 sunt,

2135 4179 2424 4252 snﬂieinnt.
2459 4179 2602 4234 Dtsc.
2633 4177 2920 4233 Snﬂieinnt
2944 4192 3095 4233 sane.
3128 4177 3271 4232 MAG.
3296 4177 3351 4232 ln
3381 4192 3593 4232 summa
3620 4177 3725 4237 ita-9

2135 4289 2239 4342 que
2269 4288 2332 4328 ac
2360 4271 2618 4341 singulari
2659 4271 3031 4325 universorum
3080 4285 3269 4333 causa,
3316 4284 3384 4322 ex
3423 4284 3530 4337 qua
3572 4277 3624 4322 et
3667 4269 3723 4324 in

2136 4381 2240 4436 qua
2273 4372 2328 4417 et
2357 4371 2483 4417 sunt
2519 4370 2574 4417 et
2612 4360 2827 4415 comlita
2856 4368 2983 4414 sunt
3011 4357 3176 4413 totius
3205 4366 3490 4412 creaturae
3521 4357 3731 4425 princi-

433 4454 861 4530 prchcnsibiiem
889 4455 1262 4522 inﬁnitamque
1303 4452 1539 4507 divinant
1570 4451 1872 4513 scientiam.
1898 4447 2030 4503 Nam
2064 4467 2112 4525 ι)
2140 4458 2247 4527 pia,
2281 4458 2381 4511 hoc
2425 4463 2528 4519 est,
2576 4451 2955 4525 primm-diales
3000 4466 3218 4509 causae,
3268 4449 3729 4505 considerandum

438 4548 588 4623 quod
613 4552 783 4604 sancti
831 4549 1041 4612 Patres,
1078 4548 1435 4618 Augustinum
1465 4546 1586 4600 dico
1613 4553 1666 4599 et
1691 4544 2031 4614 Dionysium,

439 4644 511 4698 de
540 4641 647 4696 Deo
692 4642 974 4696 verissime
1003 4642 1374 4710 pronuntiant,
1405 4640 1732 4709 Augustinus
1770 4639 1985 4706 Quidem
2014 4652 2029 4692 :

444 4731 553 4797 Qui
582 4732 770 4786 melius
804 4732 980 4800 inquit
1000 4732 1272 4785 nesciendo
1299 4731 1483 4795 scitur,
1505 4730 1791 4801 Dionysius
1818 4739 2028 4783 autem:

448 4821 613 4891 Cujus
631 4824 929 4893 ignorantia
956 4840 1077 4876 vera
1099 4833 1173 4877 est
1196 4824 1471 4890 sapientia,
1503 4838 1608 4876 non
1639 4822 1812 4877 soium
1848 4821 1915 4874 de
1952 4819 2035 4873 ir.-

452 4914 1018 4983 tellectibns,qniemn
1048 4914 1132 4983 pie
1158 4913 1504 4983 studioseque
1528 4921 1815 4981 quaerunt,
1842 4925 2031 4965 verum

451 5001 617 5054 etiam
646 5004 711 5057 de
742 5004 919 5073 seipse
949 5002 969 5033 ³
1000 5004 1412 5074 intelligemlmn
1434 5002 1644 5070 opinor.
1674 5001 1829 5055 Sicut
1866 5000 2034 5065 enim,

454 5091 550 5161 qui
593 5102 738 5147 recto
777 5095 818 5125 ¹⁰
843 5095 1196 5149 ratiocinandi
1223 5094 1413 5148 itinere
1436 5092 1785 5161 investigant,
1811 5092 1860 5145 itt
1892 5092 2038 5146 nullo

453 5191 664 5242 eorum,
712 5197 849 5251 quae
896 5183 950 5239 in
996 5193 1187 5238 natura
1235 5199 1416 5238 return
1443 5181 1813 5244 continentur,
1864 5181 2037 5251 ipsmn

2143 4546 2400 4627 arbitror,
2428 4555 2610 4600 utrum
2638 4543 2775 4612 ipsa,
2805 4542 2932 4596 dum
2962 4543 3034 4598 sit
3060 4541 3242 4596 unitas
3260 4539 3727 4599 ettrinitas—di—e

2143 4636 2265 4709 vina
2314 4636 2582 4706 siquidem
2610 4633 2825 4688 bonitas
2849 4641 2931 4688 est
2950 4648 3054 4688 una
3074 4632 3310 4686 essentia
3340 4631 3392 4685 itt
3419 4632 3589 4685 tribus
3600 4631 3727 4685 sub.

2142 4726 2376 4793 stantiis,
2404 4735 2460 4780 et
2487 4733 2594 4779 tres
2620 4724 2957 4780 substantiae
3003 4724 3054 4778 in
3086 4739 3191 4777 una
3218 4723 3454 4779 essentia
3486 4722 3553 4788 ¹⁶,
3573 4721 3655 4778 vel
3684 4719 3727 4755 ⁸⁷

2142 4817 2436 4872 secundum
2487 4831 2642 4870 usum
2685 4814 2960 4869 Romanae
3002 4813 3218 4885 linguae
3263 4814 3587 4878 dicendum,
3622 4827 3731 4868 una

2144 4907 2442 4975 substantia
2496 4905 2549 4959 in
2609 4906 2782 4961 tribus
2824 4905 3089 4975 personis,
3129 4912 3185 4959 et
3246 4912 3354 4959 tres
3380 4916 3643 4972 personae
3673 4900 3729 4959 in

2146 5016 2248 5057 ttna
2281 4998 2582 5054 substantia
2605 5027 2693 5053 -——.
2714 4997 2766 5051 in
2798 4998 2973 5066 seipsa
2994 5011 3185 5051 causas
3204 4991 3600 5064 quodammodo
3625 4988 3731 5044 dif-

2147 5091 2383 5145 ferentes
2428 5089 2571 5143 sicut
2612 5087 2945 5143 substantias
2971 5087 3069 5138 uia
3109 5098 3168 5139 se
3211 5083 3442 5137 invicem
3492 5079 3731 5155 habeat;

2150 5183 2252 5253 hoc
2282 5191 2384 5249 est,
2415 5192 2596 5236 utrum
2628 5180 2768 5235 sicut
2796 5179 2862 5239 de
2892 5178 3004 5247 ipsa
3026 5174 3385 5253 praedicatur
3413 5186 3518 5231 una
3546 5182 3733 5235 CW

1750 5334 2000 5405 VARIAE
2040 5336 2421 5395 LECTIONES

484 5484 545 5565 δέ
600 5493 642 5549 C
694 5495 991 5565 praegredi.
1069 5497 1091 5528 ’
1134 5494 1226 5551 Sic
1264 5492 1414 5565 ΑΒΕ.
1466 5494 1513 5565 ί³
1545 5492 1773 5565 SicC;BA
1791 5493 1988 5565 illique.
2066 5494 2087 5526 ’⁸
2116 5492 2588 5561 ϐοιϊγΒϐηᾳιιιιε.
2663 5494 2684 5525 ⁸
2710 5492 2751 5565 Α
2779 5499 2916 5565 sunt.

456 5558 927 5645 Animpos'silzilims
957 5583 1089 5645 rere.
1162 5568 1181 5598 ⁷
1211 5567 1300 5622 Sic
1461 5558 1620 5645 '_P.i_'o
1644 5566 1690 5619 si
1714 5563 1806 5645 ti_b_i
1824 5558 2059 5645 ῥ’ξὲευι.
2086 5635 2117 5645 __
2137 5566 2158 5596 °
2185 5565 2225 5619 (Σ
2254 5558 2401 5645 dense
2481 5567 2593 5635 ipso
2620 5563 2756 5645 otii.)
2856 5559 2897 5591 ¹⁰
2927 5559 2967 5614 C
3001 5570 3151 5645 recte.

461 5631 653 5712 dinem.
730 5636 774 5667 "
797 5637 837 5689 Α
871 5653 962 5712 per
981 5638 1206 5712 εείρδᾳῃι
1249 5635 1682 5712 subitantjah’ter.
1754 5634 1797 5712 ‘3_
1818 5634 1859 5689 C
1906 5636 1960 5689 in
1995 5635 2224 5712 quibus.
2292 5635 2349 5712 _“
2381 5631 2612 5712 ut‘saepe
2632 5631 2861 5712 diximus
2884 5646 2991 5687 Oltl.
3019 5631 3083 5685 Λ.

462 5703 621 5758 tribus
643 5735 714 5744 —
736 5706 961 5763 essentia
991 5703 1100 5762 om.
1125 5708 1185 5762 (5.
1267 5707 1305 5739 ¹⁷
1339 5706 1380 5763 C
1413 5706 1496 5762 vel
1521 5707 1566 5759 si
1602 5704 1914 5762 secundum.
1993 5703 2039 5738 ίέ
2061 5708 2193 5761 sicut
2220 5704 2542 5761 substantias
2578 5714 2687 5759 om.
2715 5705 2779 5759 Α.

3019 5490 3039 5520 ⁸
3084 5486 3189 5543 Pro
3233 5496 3308 5541 est
3338 5484 3733 5554 impossibilia“

3248 5558 3286 5589 “
3326 5560 3367 5613 A
3392 5559 3730 5614 dtSsintilitu-

3190 5627 3296 5706 "‘A
3314 5630 3507 5700 e/fecit.
3609 5629 3651 5659 "
3682 5628 3738 5684 in
