4236 6274
431 343 535 402 601

1270 340 1360 397 DE
1394 337 1734 395 DIVISIONE
1770 334 2119 395 NATURAE.
2158 365 2226 376 -—
2259 331 2461 389 LIBER
2499 327 2885 387 SECUNDUS.

3597 326 3702 384 69!

428 470 605 531 atque
634 457 955 522 altitudinis,
985 462 1181 511 neuter
1212 462 1393 510 tamen
1433 469 1464 507 a
1508 452 1775 507 catholica
1817 450 2024 522 profes-
2054 462 2096 516 Α
2127 461 2522 519 expavescere;
2550 459 2659 498 non
2685 443 2828 499 enim
2861 441 2973 527 ille,
2993 441 3083 512 qui
3113 440 3414 512 quaeritur,
3442 454 3713 511 qnaercu-
3746 470 3749 471 ν

430 553 595 608 sione
634 549 855 605 recedit.
890 547 1028 601 Mtte.
1072 544 1190 599 Non
1231 544 1284 598 id
1335 544 1510 614 ipsum
1542 543 1710 611 igitur
1727 541 1875 595 Patri
1903 538 2026 593 est‘

439 641 759 698 naturaliter
790 638 1103 701 subsistere,
1135 645 1184 691 et
1208 635 1330 691 Filii
1367 636 1450 690 sui
1479 649 1699 689 causam
1732 648 1873 688 esse.
1911 631 2027 686 Non

432 735 584 789 enim
621 740 813 786 natura
848 729 1024 783 Patris
1071 741 1236 782 causa
1266 734 1352 781 est
1397 724 1553 790 Filii;
1601 739 1707 777 una
1759 722 2026 792 siquidem

434 824 735 890 eosdemque
757 828 843 875 est
870 817 1049 873 Patris
1092 828 1149 873 et
1198 817 1316 873 Filii
1362 823 1581 879 natura,
1623 813 1748 884 quia
1787 826 1893 867 una
1931 827 2025 866 ea-

439 913 666 982 demque
695 912 715 943 ²
755 919 841 966 est
885 910 1167 964 amborum
1212 906 1470 962 essentia.
1528 905 1609 960 Ac
1664 918 1764 974 per
1822 902 1927 957 hoc
1975 902 2025 956 id

437 996 608 1073 ipsum
638 1011 727 1057 est
760 1001 910 1056 Patri
945 1000 1163 1055 Patrem
1208 1011 1329 1053 esse
1365 1004 1423 1051 et
1464 1009 1684 1051 causam
1713 993 1871 1058 Filii;
1901 1008 2024 1047 nam

434 1093 735 1149 secundum
781 1100 1055 1153 naturam,
1098 1103 1236 1160 quae
1276 1102 1381 1142 una
1431 1098 1594 1156 atque
1633 1086 1821 1141 eadem
1849 1095 1934 1140 est
1972 1086 2026 1139 in

426 1185 600 1240 Patre
626 1192 682 1238 ct
707 1183 865 1237 Filio.
897 1181 1014 1235 Non
1040 1182 1186 1236 enim
1202 1174 1370 1247 'juxta
1400 1188 1653 1231 naturam
1684 1177 1821 1232 haec
1844 1177 2026 1232 omnia
2072 1206 2075 1207 ν

436 1277 506 1331 de
570 1274 736 1329 Patre
795 1274 1180 1344 praedicantur
1251 1279 1308 1325 et
1373 1269 1510 1324 Filio
1549 1269 1604 1335 ³,
1670 1268 1764 1324 sed
1830 1283 2027 1323 secun-

427 1366 567 1421 dum
597 1366 841 1420 habitum
863 1363 1134 1434 gignentis
1153 1364 1217 1417 ad
1241 1363 1500 1431 genitum,
1524 1371 1788 1417 etcausae
1808 1366 2031 1432 praece-

440 1454 622 1511 dentis
674 1455 742 1510 ad
801 1468 1022 1508 causam
1060 1460 1523 1521 consequentem;
1576 1451 2028 1521 quemadmodum

432 1560 546 1601 non
601 1545 896 1600 secundum
960 1550 1205 1597 naturam
1248 1543 1315 1598 de
1381 1541 1521 1597 Filio
1585 1541 1786 1597 dicitur
1824 1541 2023 1606 Filius,

439 1643 532 1688 aut
587 1648 751 1688 causa
812 1633 1038 1703 genita,
1101 1633 1195 1687 sed
1260 1632 1559 1688 secundum
1610 1633 1854 1689 habitum
1905 1632 2029 1688 Filii

434 1724 506 1778 ad
559 1724 813 1788 Patrem,
861 1734 917 1778 et
984 1738 1182 1779 causae
1242 1724 1456 1796 genitae
1516 1724 1584 1779 ad
1656 1739 1876 1780 causam
1944 1726 2029 1796 gi-

2131 549 2211 594 tes
2238 551 2298 592 se
2339 537 2564 598 deserit,
2602 547 2705 588 nec
2745 533 3053 586 inveniendi
3096 546 3155 588 se
3191 533 3603 601 possibilitatem
3632 533 3719 599 pie

2126 642 2192 683 ac
2218 626 2497 687 humiliter
2522 622 2969 693 investigantibus
2993 621 3244 692 denegat.
3290 621 3406 690 Ipse
3450 620 3715 689 siquidem

2128 718 2242 772 ait:
2272 716 2459 780 Petile,
2507 724 2554 769 et
2600 715 2863 784 accipietis
2902 713 2981 779 '°;
3018 713 3272 783 quaerite,
3321 720 3368 765 et
3413 710 3716 773 invenietis;

2124 807 2352 879 pulsate,
2383 816 2431 861 et
2457 806 2720 875 aperieiur
2743 805 2907 859 vobis.
2939 802 3122 859 Omnis
3146 803 3305 867 enim,
3333 803 3424 873 qui
3447 803 3593 872 petit,
3620 817 3723 859 ασ-

2127 900 2283 969 cipit,
2318 908 2367 953 et
2403 900 2492 969 qui
2539 900 2763 968 quaerit,
2793 897 3019 960 invenit,
3065 904 3113 949 et
3152 892 3386 963 pulsanti
3428 896 3714 965 aperietur.
3752 924 3761 938 ι

2126 987 2270 1043 MAG.
2299 987 2486 1042 Primo
2533 987 2695 1056 igitur
2721 986 2787 1040 de
2826 985 2933 1049 bis,
2964 997 3102 1053 quae
3148 983 3200 1038 in
3250 983 3354 1038 bac
3397 982 3717 1053 quaestione

2132 1080 2355 1134 sibimet
2403 1079 2654 1133 videntur
2694 1076 3086 1139 contradicere,
3109 1074 3394 1130 dicendum
3460 1075 3714 1130 arbitrer.

2127 1168 2274 1224 Dtsc.
2299 1168 2409 1222 Nec
2430 1167 2535 1221 alia
2568 1168 2653 1221 via
2680 1167 2973 1236 quaerendi
2995 1172 3079 1221 est
3100 1182 3115 1231 ;
3140 1180 3299 1219 nemo
3317 1166 3465 1221 enim
3490 1179 3719 1221 concor-

2129 1260 2310 1314 dantia
2351 1259 2644 1328 eopulabit,
2681 1259 2785 1313 nisi
2837 1260 2986 1328 prius
3029 1256 3401 1312 discordantia.
3431 1257 3592 1312 dividi
3623 1274 3717 1313 ca-

2126 1348 2269 1405 verit
2300 1349 2362 1403 “.
2394 1348 2534 1403 Mac.
2578 1347 2694 1403 Non
2730 1348 2773 1380 ι’
2803 1348 2895 1404 tibi
2930 1347 3141 1402 videtur
3170 1356 3349 1403 rectae
3376 1346 3495 1403 ﬁdei
3525 1359 3722 1404 conve—

2129 1440 2285 1505 nire,
2333 1446 2394 1493 ut
2438 1439 2759 1504 credamus,
2802 1438 2998 1493 Filium
3047 1456 3116 1495 ex
3163 1454 3269 1494 una
3320 1453 3512 1499 causa,
3555 1438 3721 1497 Patre

2128 1531 2400 1595 videlicet,
2426 1532 2599 1597 nasci,
2639 1539 2887 1585 sanctum
2925 1546 3057 1586 vero
3100 1529 3361 1601 Spiritum
3392 1546 3456 1585 ex
3484 1531 3717 1596 dualms,

2129 1624 2290 1680 Patre
2310 1623 2518 1678 scilicet
2543 1639 2608 1679 ac
2635 1623 2773 1678 Filio
2794 1624 3129 1693 procedere?
3153 1623 3229 1678 Ex
3258 1622 3465 1679 duabus
3485 1638 3720 1693 namque

2130 1716 2309 1773 causis
2353 1731 2516 1771 unam
2555 1732 2775 1772 causam
2819 1716 3112 1784 conﬂuere,
3162 1719 3359 1774 rationi
3403 1734 3508 1773 non
3558 1719 3720 1775 facile

434 1823 708 1885 malum...
766 1815 911 1870 υιευ,
962 1814 1110 1871 Haec
1154 1815 1267 1885 jam
1323 1817 1487 1871 etiam
1538 1816 1593 1872 ίη
1653 1818 1821 1888 prim-5
1890 1817 2030 1873 mm,
2060 1800 2393 1873 Boccurrit,
2418 1808 2738 1877 praesertim
2782 1808 2834 1861 in
2857 1808 3085 1878 simplici
3115 1817 3325 1872 natura,
3355 1819 3409 1864 et
3436 1810 3716 1880 plusquam

424 1920 592 1960 suasa
647 1914 795 1971 sunt,
864 1914 920 1960 et
979 1922 1124 1961 nunc
1180 1907 1375 1962 iterum
1432 1923 1538 1963 non
1585 1908 2031 1964 irrationabiliter

438 1993 685 2061 repetita.
715 1993 854 2049 MAG.
886 1993 1061 2050 Causa
1089 1995 1272 2065 itaque
1301 1996 1423 2051 Filii
1472 1996 1634 2053 Pater
1670 2007 1771 2065 est,
1804 2009 1860 2053 et
1908 1998 2031 2068 Spi-

436 2083 576 2137 ritus
610 2084 814 2150 sancti;
854 2084 1025 2141 Filius
1059 2101 1189 2141 vero
1218 2101 1381 2141 causa
1411 2095 1494 2142 est
1525 2088 1852 2143 conditionis
1879 2090 2030 2158 prin-

437 2173 679 2243 cipaliter
730 2189 1062 2242 causarum;
1140 2178 1438 2232 earundem
1500 2187 1685 2234 autem
1735 2195 2026 2235 causarum

435 2262 835 2320 distributionis
864 2264 1098 2335 Spiritus
1123 2275 1347 2322 sanctus
1373 2282 1535 2323 causa
1560 2276 1664 2323 est.
1696 2267 1842 2324 Dtsc.
1891 2267 2028 2324 lllud

437 2354 600 2408 etiam
630 2354 814 2421 lateri,
840 2371 872 2410 a
900 2358 1127 2412 veritate
1154 2373 1260 2411 non
1290 2357 1587 2414 abhorrere
1612 2360 1896 2429 perspicio.

509 2442 600 2497 5|.
656 2443 762 2498 Sed
798 2445 929 2499 mihi
983 2445 1109 2500 talia
1156 2447 1411 2518 cogitanti
1459 2457 1622 2517 atque
1668 2449 1908 2504 credenti
1958 2449 2028 2505 de

440 2533 583 2588 trina
607 2535 849 2590 omnium
891 2551 1051 2591 causa
1092 2537 1196 2591 alia
1238 2538 1412 2609 caligo
1438 2539 1697 2594 occurrit.
1739 2539 1854 2594 Non
1881 2542 2026 2597 enim

434 2624 586 2680 clare
614 2626 919 2692 considero,
958 2638 1136 2682 utrum
1165 2628 1312 2683 solus
1335 2628 1499 2684 Pater
1521 2644 1683 2685 causa
1727 2640 1811 2685 est
1852 2632 2025 2701 Spiri-

430 2719 735 2783 tussaucti,
751 2729 818 2772 an
836 2719 995 2775 Pater
1006 2729 1061 2775 et
1081 2720 1273 2788 Filius,
1290 2730 1347 2776 ut
1361 2722 1403 2786 ⁵,
1428 2723 1876 2792 quemadmodum
1895 2725 2027 2781 ﬁdes

435 2800 635 2863 fatetur
680 2809 968 2875 catholica,
1015 2826 1045 2865 a
1076 2810 1240 2867 Patre
1283 2824 1339 2868 ct
1367 2813 1506 2869 Filio
1548 2831 1671 2870 eum
1710 2818 2022 2885 procedere,

430 2898 512 2952 ita
538 2899 703 2951 etiam
733 2901 1041 2966 credamus,
1068 2903 1205 2957 duas
1253 2917 1383 2959 suae
1407 2905 1808 2973 processionis'
1831 2924 2025 2964 causas

440 2988 738 3057 possidere.
761 2989 818 3044 Si
836 2990 979 3043 enim
1008 3006 1072 3045 ex
1099 2992 1306 3047 duabus
1332 2996 1602 3062 personis,
1618 3011 1731 3062 seu,
1750 3005 1809 3052 ut
1829 2997 2022 3056 Graeci

441 3077 648 3142 dicunt,
678 3094 746 3134 ex
776 3082 985 3136 duabus
1025 3084 1344 3140 substantiis
1375 3086 1607 3157 Spiritus
1650 3099 1867 3146 sanctus
1891 3107 2021 3163 pro-

2128 1897 2379 1967 simplici,
2421 1905 2477 1951 et
2519 1904 2580 1950 ut
2620 1897 2801 1952 verius
2837 1899 3078 1964 dicatur,
3124 1900 3176 1953 in
3215 1899 3329 1969 ipsa
3374 1900 3721 1969 simplicitate

2129 1987 2277 2042 omni
2304 1987 2566 2041 divisione
2586 1995 2643 2041 et
2672 1987 3060 2042 numerositate
3087 1998 3341 2054 carente;
3371 1989 3438 2042 ab
3481 2004 3585 2042 una
3623 2004 3721 2042 au-

2131 2086 2238 2132 tem
2262 2092 2427 2132 causa
2451 2077 2650 2132 multas
2687 2092 2881 2133 causas
2898 2094 3205 2148 erumpere,
3239 2080 3420 2135 multis
3458 2081 3721 2150 exemplis

2127 2175 2307 2245 potest
2338 2167 2651 2237 approbari.
2697 2167 2961 2224 Omnibus
3005 2184 3235 2240 namque
3286 2176 3434 2226 recte
3484 2170 3721 2240 philoso-

2129 2257 2422 2328 phantibus
2468 2259 2752 2329 perspicue
2796 2267 2982 2330 patet,
3034 2275 3103 2315 ex
3152 2276 3484 2330 unogenere
3523 2263 3720 2319 multas

2110 2351 2331 2406 ‘l'ormas
2359 2352 2541 2418 nasci;
2580 2367 2648 2407 ex
2695 2353 2925 2407 monade
2957 2353 3156 2408 multos
3175 2367 3462 2420 numeros;
3490 2370 3555 2410 ex
3582 2370 3721 2424 pun-

2126 2450 2217 2496 cto
2272 2441 2314 2473 ³³
2354 2441 2551 2497 multas
2595 2440 2786 2498 lineas.
2846 2442 3077 2497 Formae
3113 2444 3308 2498 iterum
3358 2444 3403 2475 “
3452 2444 3718 2510 diversae,

2125 2546 2268 2602 quae
2301 2546 2367 2587 ex
2417 2546 2526 2586 uno
2551 2546 2748 2603 genere
2777 2541 3091 2598 nascuntur,
3136 2549 3332 2589 causae
3354 2534 3399 2566 ⁸⁸
3429 2536 3566 2589 liunt
3593 2551 3718 2604 5pc-

2126 2625 2332 2681 cierum
2360 2625 2778 2690 individuarum,
2809 2640 2876 2680 ex
2906 2625 3102 2694 qui-ints
3138 2634 3193 2681 et
3215 2626 3266 2680 in
3300 2627 3497 2696 quibus
3531 2629 3719 2681 multi-

2125 2715 2362 2779 tudines,
2394 2713 2854 2784 quantitatesque,
2872 2715 3159 2783 qualitates
3184 2714 3250 2779 ³⁸,
3279 2715 3722 2786 diﬂ'erentiaequo

2126 2813 2449 2862 nascuntur.
2492 2805 2712 2861 Numeri
2752 2822 2817 2861 ex
2851 2807 3078 2861 monade
3106 2807 3456 2877 procedentes
3481 2808 3720 2863 diversa-

2124 2913 2246 2952 rum
2274 2899 2679 2968 proportionum
2707 2899 2750 2931 "’
2779 2913 2975 2953 causae
3003 2908 3157 2964 sunt;
3188 2901 3564 2970 proportiones
3594 2917 3721 2957 vero

2124 2990 2692 3061 proportionalitatum
2725 3030 2741 3056 ,
2812 2991 3345 3062 proportionalitates
3413 2993 3721 3049 harmonia-

2126 3098 2244 3138 rum
2264 3082 2330 3134 ⁸⁸.
2346 3081 2544 3138 Lineae
2568 3098 2634 3139 ex
2659 3091 2846 3138 centro
2876 3083 2918 3115 ¹⁹
2950 3086 3303 3154 procedentes
3329 3086 3644 3157 angulorum
3665 3097 3723 3144 et

434 3169 608 3234 cedit,
639 3171 766 3240 quid
804 3173 1023 3239 mirum,
1059 3182 1153 3228 aut,
1188 3191 1344 3230 verae
1371 3141 1614 3249 réiigioni
1655 3141 2010 3249 οοηιηιιηῶιη,
2045 3141 2092 3204 C
2122 3170 2688 3237 laterum,latitudinis
2709 3183 2764 3226 et
2784 3172 3082 3228 altitudinis
3098 3176 3719 3257 causaedignoscuntur,

436 3273 507 3313 ex
538 3259 744 3317 duabus
790 3264 969 3318 causis
1007 3264 1179 3334 ipsum
1222 3269 1514 3338 procedere
1543 3269 1738 3328 fateri?
1762 3274 1831 3330 Et
1874 3275 2015 3330 hanc

434 3347 726 3419 caliginem
770 3353 900 3406 mihi
946 3369 1180 3421 reseras,
1221 3356 1423 3428 ﬂagito.
1461 3360 1604 3417 MAG.
1645 3362 1786 3420 Vere
1815 3380 1944 3421 vere
1972 3367 2013 3421 '.

434 3436 770 3494 Densissima
794 3443 977 3514 caligo
1003 3453 1105 3511 est,
1135 3459 1190 3502 et
1216 3464 1321 3502 non
1360 3450 1535 3505 solum
1568 3460 1639 3518 te,
1669 3455 1764 3509 sed
1812 3464 1867 3510 et
1886 3457 1906 3488 ⁷
1933 3473 2020 3513 me

433 3526 612 3596 ipsum
640 3528 881 3586 involvit.
911 3534 979 3589 Et
999 3534 1099 3591 nisi
1130 3538 1241 3607 ipsa
1268 3539 1358 3594 lux
1385 3543 1649 3598 mentium
1676 3547 1833 3601 nobis
1863 3563 2019 3605 reve-

435 3615 652 3683 laverit,
693 3630 914 3678 nostrae
953 3627 1381 3686 ratiocinationis
1419 3634 1656 3689 studium
1686 3636 1751 3690 ad
1779 3654 1896 3692 eam
1933 3656 2021 3696 re-

435 3709 721 3767 velandam
752 3714 828 3768 nil
864 3716 1127 3786 proﬁciet.
1169 3719 1248 3774 Ad
1287 3723 1559 3795 cumulum
1590 3742 1804 3796 quoque
1832 3729 2025 3785 obscu-

435 3798 620 3857 ritatis
654 3813 899 3874 augetur,
926 3808 1067 3876 quod
1105 3812 1405 3881 symbolum
1439 3816 1735 3874 catholicae
1755 3819 1776 3851 ⁸
1801 3819 1919 3876 ﬁdei
1943 3837 2029 3877 se-

439 3894 681 3948 cundum
706 3895 1013 3965 Graecos,.a
1034 3900 1267 3957 Nicaena
1289 3906 1495 3975 synodo
1512 3909 1785 3974 traditum,
1810 3928 1842 3965 a
1868 3910 2029 3968 Patre

438 3983 785 4042 solummodo
825 3988 1078 4060 Spiritum
1105 4004 1345 4049 sanctum
1381 3999 1658 4067 procedere
1688 4001 2028 4072 profiteatur,

440 4083 585 4131 teste
612 4074 912 4146 Epiphanio
930 4080 1094 4153 Cypri
1116 4084 1371 4156 episeopo
1398 4088 1450 4141 in
1487 4089 1627 4145 libro
1656 4107 1753 4147 suo
1775 4093 1839 4147 de
1875 4092 2029 4159 Fide,

442 4164 595 4219 iuxta
636 4181 768 4222 vero
802 4167 1061 4249 Latinos,
1099 4189 1131 4226 a
1170 4172 1333 4229 Patre
1368 4185 1417 4230 et
1454 4176 1634 4244 Filio;
1682 4183 1930 4250 quamvis
1978 4183 2032 4238 iu

389 4272 397 4278 ·
438 4258 770 4326 quibusdam
797 4259 1128 4318 Graecorum
1156 4267 1586 4335 expositionibus
1611 4270 1838 4325 eundem
1865 4270 2034 4342 Spiri-

435 4351 559 4400 tum
591 4361 621 4400 a
651 4346 811 4403 Patre
835 4366 931 4419 per
960 4351 1153 4407 Filium
1183 4355 1475 4424 procedere
1504 4359 1861 4427 reperiamus.
1888 4360 2036 4416 Ideo-

441 4451 553 4506 quc
594 4442 896 4507 praesentis
942 4446 1275 4512 quaestionis
1326 4448 1643 4506 dillicultate
1691 4453 2031 4522 reperculsus

437 4533 739 4588 contrariis
788 4537 1172 4605 cogitationum
1222 4537 1472 4605 ﬂuctibus
1513 4542 1723 4598 allidor.
1786 4545 2031 4601 Delibero

439 4619 614 4687 enim,
647 4622 775 4691 quid
803 4624 933 4679 mihi
958 4626 1023 4680 dc
1053 4627 1155 4682 hac
1183 4627 1254 4683 sit
1274 4630 1546 4698 agendum
1569 4671 1583 4696 ,
1617 4641 1797 4686 utrum
1820 4633 2036 4687 silentio

443 4724 568 4765 eam
616 4713 1069 4782 honoriﬁcemus,
1117 4716 1246 4772 dum
1274 4719 1418 4774 vires
1464 4719 1778 4777 intentionis
1822 4731 2041 4779 nostrae

448 4810 687 4870 superat,
716 4817 785 4857 an
844 4804 1262 4872 quodammodo,
1290 4816 1449 4878 prout
1487 4808 1712 4866 divinus
1763 4811 1945 4866 radius
1985 4810 2039 4864 in

455 4891 634 4946 animo
662 4893 957 4961 rel'ulserit,
996 4897 1315 4951 conabimur
1338 4899 1610 4968 quippiam
1655 4900 1798 4954 inter
1839 4914 1938 4955 nos
1974 4900 2042 4955 de

454 4975 574 5048 ipsa
608 4980 631 5012 '
681 4998 789 5039 non
843 4993 1050 5042 temere
1092 4986 1375 5044 deﬁnitum
1431 4989 1671 5044 intueri?
1719 4989 1865 5045 Dtsc.
1922 4988 2041 5044 Noli

2119 3278 2257 3332 quae
2270 3263 2463 3317 iterum
2477 3265 2925 3333 geometricorum
2939 3279 3226 3334 corporum
3239 3268 3549 3323 occasiones
3563 3270 3720 3323 liunt-

2121 3353 2258 3421 Quid
2287 3355 2461 3409 dicam
2489 3354 2557 3408 de
2584 3354 2742 3425 igneo
2783 3354 3087 3410 elemento?
3110 3357 3263 3424 Quod
3294 3374 3415 3413 cum
3452 3358 3523 3421 sit
3556 3375 3722 3414 unum

2120 3450 2286 3514 atque
2325 3442 2573 3514 simplex,
2628 3444 2683 3498 in
2729 3443 2908 3514 seipse
2931 3456 2986 3501 et
3030 3461 3126 3516 per
3161 3448 3397 3518 seipsum
3417 3449 3724 3505 considera-

2125 3541 2257 3599 tum,
2289 3532 2485 3589 caloris
2507 3534 2666 3589 simul
2695 3544 2749 3589 et
2767 3534 2905 3591 lucis
2930 3551 3093 3592 causa
3116 3546 3233 3604 est;
3260 3538 3408 3594 calor
3432 3545 3612 3596 lutem
3637 3555 3723 3595 ar-

2123 3624 2375 3679 dentibus
2396 3626 2615 3680 ardendi
2638 3642 2798 3681 causa
2829 3627 3005 3694 est”;
3034 3627 3124 3682 lux
3141 3628 3390 3684 similiter
3401 3629 3725 3701 Splendenti‘

2125 3715 2226 3772 bus
2241 3731 2403 3771 causa
2420 3717 2732 3786 splendcndi
2745 3718 2790 3750 “
2807 3720 3185 3786 constituitur;
3203 3721 3457 3790 splendor
3481 3722 3725 3777 diversos

2126 3811 2299 3880 gignit
2338 3810 2564 3865 colores.
2603 3810 2760 3866 Aeris
2803 3810 3127 3866 elementum
3165 3814 3499 3869 diversarum
3528 3828 3725 3870 vocum

2134 3900 2382 3966 occasio;
2416 3901 2662 3956 diversae
2691 3917 2853 3957 voces
2891 3901 3227 3958 diversorum
3273 3912 3523 3958 tonorum
3552 3905 3724 3974 origi-

2131 4003 2230 4045 nes
2259 3988 2413 4044 ﬁunt.
2443 3990 2628 4059 Aquae
2655 3992 2984 4046 elementum
3006 4031 3021 4056 ,
3054 4008 3175 4047 cum
3204 3993 3276 4046 sit
3311 3994 3362 4046 in
3406 4008 3467 4048 se
3493 3994 3737 4064 simplex‘

2133 4091 2186 4136 et
2211 4094 2401 4143 unum,
2424 4081 2710 4134 humerum
2737 4082 3071 4135 diversorum
3094 4097 3254 4136 causa
3278 4093 3380 4145 est,
3405 4081 3497 4151 qui
3525 4083 3725 4137 iterum

2133 4186 2197 4224 ex
2220 4186 2278 4225 se
2299 4170 2538 4224 diversas
2558 4170 2844 4239 qualitates
2865 4172 3116 4235 odorum,
3144 4185 3397 4239 saporum
3415 4211 3430 4235 ,
3476 4171 3726 4226 viridita-

2138 4271 2248 4316 tnm
2268 4262 2544 4316 etnittunt.
2564 4262 2639 4315 Es
2659 4278 2761 4315 una
2781 4263 3005 4316 materia
3023 4264 3068 4294 ¹¹
3086 4264 3417 4317 diversorum
3437 4277 3727 4333 corporum

2137 4354 2380 4408 diversae
2426 4354 2758 4424 quantitates
2788 4363 3086 4408 nascuntur
3127 4373 3138 4407 :
3172 4355 3534 4424 quantitatem
3582 4371 3726 4412 nunc

2139 4447 2258 4502 dico
2313 4462 2417 4500 non
2467 4448 2636 4516 ipsam
2694 4446 3102 4515 incorpoream,
3145 4447 3238 4501 sed
3290 4447 3461 4517 ipsam
3504 4447 3719 4514 molem,

2139 4551 2301 4607 quam
2326 4536 2660 4591 diversarum
2691 4537 2924 4605 partium
2947 4537 3392 4606 compositionem
3415 4551 3539 4594 esse
3560 4553 3723 4595 nemo

2142 4628 2386 4697 ambigit,
2409 4634 2464 4680 ct
2490 4636 2671 4680 cetera
2700 4628 2750 4682 id
2775 4642 2965 4699 genus.
2990 4627 3190 4683 Eadem
3218 4630 3429 4686 ratione
3457 4630 3510 4685 in
3536 4638 3728 4686 natura

2143 4732 2324 4772 rerum
2352 4716 2466 4772 sive
2500 4717 2792 4772 visibilium
2825 4718 2939 4772 sive
2979 4718 3327 4775 invisibilium
3364 4721 3612 4792 exempla
3643 4737 3731 4783 re-

2140 4806 2308 4877 periri
2337 4815 2421 4862 est
2458 4805 2794 4863 facillimum.
2827 4809 2971 4864 Dtsc.
3000 4810 3194 4865 Filium
3221 4827 3289 4865 ex
3317 4828 3423 4867 una
3453 4828 3636 4876 causa,
3675 4813 3730 4869 id

2082 4937 2094 4951 .
2142 4902 2323 4949 estex
2355 4893 2517 4951 Patre
2552 4910 2651 4951 suo
2677 4896 2743 4960 ”,
2788 4898 2935 4953 nasci
2984 4899 3162 4955 nullus
3203 4902 3441 4956 ﬁdelium
3481 4901 3725 4968 dubitat;

2146 4984 2408 5057 Spiritum
2437 5002 2569 5043 vero
2607 4995 2857 5044 sanctum
2883 5000 3064 5045 utrum
3091 5006 3156 5046 ex
3204 5007 3309 5047 una
3340 5007 3524 5059 causa,
3569 4991 3731 5048 Patre

1746 5165 1833 5222 VA
1842 5164 2002 5221 ΜΔΕ
2018 5208 2021 5209 ν
2037 5163 2437 5221 LECTIONES.

530 5317 546 5349 ¹
570 5326 645 5371 εει
679 5332 788 5374 om.
814 5319 879 5378 C.
955 5324 977 5354 ¹
1003 5332 1078 5377 est
1098 5324 1265 5394 patris
1286 5334 1333 5379 et
1364 5323 1464 5393 ﬁlii
1486 5354 1556 5364 ——
1579 5323 1857 5395 eademque
1889 5338 1998 5395 om.
2028 5324 2105 5395 C.
2169 5323 2191 5355 ³
2223 5323 2316 5380 Sic
2335 5324 2411 5390 C;
2442 5326 2482 5379 Λ
2523 5343 2735 5380 causam
2763 5325 2909 5379 Filii.
2944 5326 3063 5379 Non
3089 5326 3225 5378 enim
3246 5323 3529 5377 secundum
3568 5334 3727 5378 natu-

455 5403 591 5452 ram,
640 5407 780 5465 quae
821 5409 930 5448 una
978 5392 1135 5465 atque
1180 5392 1371 5448 eadem
1400 5404 1473 5448 est
1525 5396 1580 5448 in
1636 5392 1783 5464 patre
1836 5402 1884 5446 et
1918 5392 2031 5461 [ilio
2085 5394 2212 5465 haec
2278 5398 2485 5449 nomine
2540 5398 2926 5462 praedicantur.

454 5470 574 5533 fam
610 5460 751 5533 duas
799 5479 929 5517 suae
970 5460 1316 5533 processioais
1362 5460 1645 5520 credamus
1679 5478 1872 5533 causas
1921 5460 2029 5517 eet.

455 5526 568 5600 {de
616 5529 730 5600 ipsa
773 5547 886 5597 om.
939 5526 1005 5587 Α.

462 5594 566 5669 ξῗιὶ
593 5594 658 5655 ei
684 5594 886 5655 centro.
998 5602 1042 5634 "'
1073 5603 1165 5660 Sic
1192 5604 1234 5658 Ο
1257 5621 1273 5669 ;
1302 5604 1349 5659 Α
1375 5622 1570 5659 rerum.
1684 5604 1729 5634 ¹⁸
1764 5604 1804 5658 Δ
1830 5620 2011 5657 causa.

459 5664 604 5721 lium.
684 5670 728 5700 “'
758 5664 1672 5741 proportioualitaterharmoniarum
1695 5689 1805 5729 om.
1838 5674 1899 5730 C.

463 5750 641 5795 causa.
714 5741 758 5773 "
789 5742 835 5795 A
862 5742 1170 5811 splendeadi
1193 5761 1373 5798 causa.
1450 5746 1494 5777 ”
1530 5746 1574 5798 A
1612 5755 1770 5799 terra.

1112 5533 1154 5565 ¹⁰
1178 5533 1350 5589 Petite
1411 5544 1459 5589 et
1522 5527 1737 5588 dabitur
1766 5533 2010 5588 rabiam
2063 5532 2105 5564 “
2137 5550 2285 5587 nemo
2311 5537 2446 5589 enim
2469 5565 2539 5573 -—
2564 5536 2754 5589 caverit
2785 5550 2911 5588 om:
2955 5536 3058 5588 BC.

1872 5674 1918 5776 ζ..
1955 5674 2048 5800 w';
2197 5673 2275 5797 C
2296 5671 2342 5729 'A
2379 5671 2667 5738 Lincae’ea:
2686 5690 2792 5730 uno
2811 5682 3004 5746 puncto
3034 5671 3406 5746 procedentes.

3427 5395 3449 5425 ⁸
3475 5395 3520 5448 Α
3575 5397 3642 5449 ita
3674 5406 3729 5450 rt

3130 5466 3152 5496 ⁸
3177 5463 3462 5518 catholicae
3511 5480 3620 5518 ιιιιι.
3645 5519 3656 5528 ,
3673 5472 3725 5519 δε.

3161 5537 3202 5565 ³³
3254 5533 3343 5589 Sic
3396 5534 3437 5590 C
3463 5553 3478 5601 ;
3506 5536 3546 5589 A
3580 5553 3738 5589 num.-

2796 5605 2837 5636 ¹⁷
2870 5605 2959 5659 Sic
2983 5606 3025 5659 C
3053 5621 3069 5672 ;
3109 5605 3149 5658 Α
3182 5620 3323 5659 corr.
3361 5608 3728 5678 proportionu-

2812 5682 3004 5729 nuncto
3034 5683 3406 5729 Drocedentcs.
3508 5676 3554 5706 “
3591 5676 3633 5729 0
3655 5682 3730 5726 cst

3655 5692 3704 5726 ιτ

3019 5396 3039 5426 ⁸
3079 5397 3118 5448 Α
3147 5397 3217 5449 ita
3250 5405 3326 5448 ut.

2142 5464 2164 5495 ⁸
2209 5481 2325 5519 vere
2380 5481 2490 5517 mn.
2531 5467 2597 5518 A.
2707 5466 2728 5497 ⁷
2760 5477 2808 5517 et
2850 5480 2960 5519 om.
2991 5466 3051 5519 A.

2125 5603 2169 5674 ξ’
2193 5603 2238 5674 Α
2283 5605 2679 5674 qualitatesque.
