4236 6274
489 317 601 375 603

1844 309 2125 369 ιοΑΝΝιε
2165 311 2360 368 SCOTI

3647 316 3753 371 ωι

490 429 760 493 videlicet,
786 441 854 481 an
884 442 953 482 ex
979 425 1206 488 duabus,
1238 424 1343 479 hoc
1380 434 1497 488 est.
1532 439 1598 479 ex
1628 423 1795 479 Patre
1834 433 1890 479 et
1932 422 2068 477 Filio
2094 425 2143 485 Α
2172 423 2439 477 lmmanae
2479 430 2705 476 naturae
2752 420 3041 491 superficie
3085 420 3336 479 refluunt.
3386 424 3581 482 Merito
3623 444 3755 499 ergo

488 521 740 591 procedat
773 519 814 583 ⁸,
843 515 1262 579 nec.allirmarc,
1286 532 1386 572 nec
1414 532 1612 584 negare
1638 526 1842 571 temere
1870 517 2063 591 ausim.

487 590 565 667 Ᾰο
591 627 689 679 per
710 611 812 663 hoc
842 616 1021 661 rectae
1043 607 1162 661 fidei
1194 606 1617 676 professionibus
1641 623 1751 662 non
1777 590 2067 661 convenire

488 717 594 756 non
626 698 989 762 satisvideo,
1029 712 1150 751 cum
1201 696 1462 765 Spiritum
1507 707 1754 752 sanctum
1802 698 1978 771 Patris
2010 707 2068 752 et

474 794 608 848 .Filii
658 791 918 859 Spiritum
974 790 1077 844 dici
1111 789 1545 857 frequentissime
1593 790 1912 843 invenerim.
1970 790 2066 844 Est

484 883 627 936 enim
662 882 896 950 Spiritus
921 880 1237 940 amborum,
1285 879 1540 947 quoniam
1562 894 1628 933 ex
1666 878 1826 933 Patre
1849 894 1947 947 per
1971 877 2067 932 Fi—

484 972 612 1025 lium
635 971 897 1040 procedit,
920 979 975 1024 et
1009 971 1030 1001 ³
1060 979 1141 1023 est
1170 970 1369 1022 donum
1395 969 1695 1037 utriusque,
1718 970 1972 1037 quoniam
1995 983 2064 1023 ex

483 1061 644 1115 Patre
673 1077 769 1132 per
805 1062 998 1115 Filium
1028 1062 1295 1122 donatur,
1350 1068 1408 1112 et
1447 1068 1526 1113 est
1571 1074 1726 1112 amor
1763 1058 2061 1127 utriusque,

448 1149 697 1218 iPatrem
745 1161 800 1206 et
844 1151 1037 1205 Filium
1077 1148 1387 1218 jungeus',
1438 1157 1497 1201 ut
1547 1158 1768 1202 sanctus
1814 1149 2003 1203 edocet
2038 1147 2063 1179 δ

483 1244 813 1312 Augustinus
840 1245 890 1296 in
925 1243 1097 1306 libris,
1120 1257 1256 1311 quos
1280 1240 1345 1294 de
1367 1255 1574 1294 summa
1611 1254 1675 1293 ac
1697 1247 1883 1293 sancta
1906 1237 1930 1270 ⁸
1948 1239 2065 1292 edi-

482 1334 561 1388 dit
592 1334 855 1387 Trinitalc
876 1334 920 1395 °,
947 1334 1114 1402 ipsius
1137 1332 1423 1403 imaginem
1450 1331 1500 1384 in
1547 1330 1776 1383 humana
1829 1337 2017 1381 natura
2036 1328 2059 1361 '

482 1425 715 1478 mirabili
772 1424 1114 1493 indagatione
1166 1436 1471 1492 quaerens,
1529 1418 2065 1487 luculentissimaque

486 1514 795 1569 inventione
843 1514 1137 1568 ostendens
1164 1552 1179 1576 ,
1224 1511 1500 1567 interioris
1540 1519 1763 1564 nostrae
1808 1518 2067 1573 naturae,

480 1606 584 1661 hoc
612 1617 691 1660 est
726 1606 1063 1660 rationabilis
1085 1605 1318 1669 animae,
1352 1602 1644 1658 trinitatem
1674 1601 1739 1655 ad
1768 1600 2057 1670 imaginem

479 1695 874 1749 Dchonditam
905 1693 1209 1763 approbans
1236 1706 1357 1747 esse
1389 1699 1623 1745 mentem
1651 1729 1665 1753 ,
1708 1688 2055 1758 principalem

477 1785 688 1837 scilicet
711 1782 926 1835 animae
955 1789 1263 1851 partcm,et
1288 1779 1534 1834 notitiam
1560 1778 1664 1841 sui,
1688 1793 1791 1845 qua
1823 1779 2057 1845 seipsam
2090 1765 2133 1823 Β

477 1872 776 1941 cognoscit,
802 1880 856 1933 ct
884 1886 1144 1933 amorem,
1172 1886 1280 1937 quo
1314 1869 1546 1938 scipsam
1592 1869 1782 1936 suique
1813 1868 2060 1921 notitiam

476 1959 773 2031 conjungit.
815 1960 1057 2013 Humana
1102 1959 1367 2028 siquidem
1406 1971 1555 2013 mens
1583 1956 1828 2010 notitiam
1871 1970 2056 2018 suam,

475 2066 591 2121 qua
624 2050 854 2118 scipsam
897 2048 1192 2119 cognoscit,
1230 2047 1391 2101 veluti
1421 2047 1689 2116 quandam
1731 2045 1935 2114 prolem
1975 2045 2057 2099 sui

474 2145 541 2195 de
589 2141 763 2210 scipsa
814 2140 1004 2209 gignit.
1045 2140 1110 2194 Et
1161 2148 1247 2193 cst
1299 2139 1381 2193 sui
1436 2137 1624 2195 notitia
1662 2136 1905 2205 aequalis
1933 2136 2055 2199 sibi,

472 2231 597 2298 quia
623 2231 643 2283 ⁸
671 2231 902 2298 seipsam
937 2239 1101 2283 totam
1135 2228 1283 2283 norit
1306 2227 1374 2282 ad
1407 2225 1814 2282 similitudinem
1844 2224 1934 2277 Dei
1963 2226 2056 2278 et’

473 2317 649 2372 Patris
668 2360 681 2382 ,
713 2320 801 2388 qui
833 2319 898 2373 de
928 2319 1105 2388 scipsu
1135 2318 1327 2372 Filium
1361 2333 1538 2380 suum,
1565 2316 1655 2386 qui
1684 2322 1770 2370 est
1797 2315 2056 2383 sapientia

476 2425 599 2474 sua,
630 2411 831 2480 gignit,
867 2426 971 2481 qua
1002 2411 1238 2477 seipsum
1284 2409 1451 2477 sapit;
1482 2416 1538 2461 et
1582 2406 1821 2476 aequalis
1869 2405 1918 2459 ei
1952 2413 2055 2468 est,

476 2499 601 2566 quia
630 2499 865 2568 scipsum
899 2508 1069 2557 totum
1099 2497 1368 2566 intelligit,
1395 2505 1452 2549 et
1476 2494 1844 2549 coesscntialis
1874 2494 1921 2548 ei
1951 2502 2056 2558 est,

473 2588 599 2657 quia
641 2590 707 2642 de
745 2590 922 2657 seipse
961 2587 1167 2659 gignit,
1210 2603 1369 2656 quem
1410 2586 1580 2659 gignit
1611 2586 1672 2640 ιο.
1713 2586 1788 2640 Ex
1824 2586 2057 2639 humana

474 2690 654 2734 mente
679 2680 923 2750 procedit
945 2680 1215 2749 appetitus
1237 2678 1479 2749 quidam,
1499 2692 1607 2747 quo
1633 2676 1864 2747 scipsam
1891 2689 2057 2744 quae-

473 2769 565 2835 rit,
590 2778 648 2845 ut
675 2785 827 2837 suam
855 2769 1100 2837 notitiam
1126 2767 1319 2837 pariat.
1346 2765 1445 2832 Qui
1476 2764 1743 2833 appetitus
1770 2762 1851 2817 vel
1880 2762 2054 2830 inqui-

471 2860 618 2922 sitio,
648 2862 773 2913 dum
799 2860 864 2913 ad
898 2859 1258 2913 inventionem
1289 2856 1512 2911 notitiae
1537 2856 1830 2925 perfectam
1862 2867 2051 2922 perre-

471 2952 569 3015 nit,
601 2966 752 3005 amor
773 2949 1018 3013 efﬁcitur,
1043 2949 1133 3020 qui
1168 2957 1401 3003 mentem
1432 2949 1787 3023 notitiamque
1816 2946 1898 3000 sui
1924 2940 2059 3001 con;

463 3040 658 3110 jnngJ.
711 3040 779 3096 Et
815 3052 898 3111 est
934 3040 1173 3109 aequalis
1218 3040 1412 3103 menti,
1459 3038 1760 3108 mentisque
1805 3037 2046 3102 notitiae,

469 3108 725 3201 quoniam
757 3108 923 3187 totam
963 3108 1031 3187 se
1066 3140 1251 3195 amat,
1295 3138 1566 3199 totamque
1597 3129 1841 3182 notitiam
1871 3143 2044 3181 suam.
2075 3108 2121 3171 (ἶ

473 3224 537 3278 Et
564 3235 647 3279 est
677 3224 1046 3279 coesseutialis
1086 3222 1251 3278 menti
1300 3231 1462 3290 atque
1501 3220 1758 3285 notitiae,
1794 3220 2081 3293 quoniam,

468 3317 584 3387 ipse
626 3333 810 3387 amor,
841 3316 931 3385 qui
966 3323 1199 3381 mentem
1230 3313 1586 3385 notitiamque
1611 3312 1727 3381 ejus
1751 3311 1791 3341 “
1816 3310 2049 3379 copulat,

472 3420 578 3458 non
605 3406 841 3467 aliunde,
869 3404 970 3458 nisi
1000 3404 1065 3458 de
1095 3402 1210 3472 ipsa
1240 3410 1421 3456 mente
1446 3410 1489 3442 η
1513 3398 1755 3469 procedit
1775 3398 1842 3452 ad
1863 3398 2053 3468 imagi-

467 3508 588 3546 nem
611 3495 784 3547 sancti
812 3492 1065 3562 Spiritus,
1091 3490 1200 3560 qui,
1226 3491 1289 3544 de
1313 3490 1474 3543 Patre
1498 3488 1813 3559 procedens,
1836 3488 2048 3542 Patrem

466 3596 522 3639 et
549 3584 740 3638 Filium
768 3582 1023 3637 ineﬂ'abili
1060 3581 1307 3635 caritatis
1336 3580 1547 3634 vinculo
1574 3577 1867 3648 coniungit.
1899 3577 2050 3644 Quod

466 3686 646 3730 autem
671 3674 878 3739 dixisti,
904 3690 971 3728 cx
1000 3674 1209 3728 duabus
1241 3673 1419 3727 causis
1448 3688 1609 3725 uuam
1642 3686 1859 3726 causam
1885 3670 2051 3725 linere

465 3766 548 3818 vel
580 3764 872 3833 procedere
908 3762 1104 3819 rationi
1152 3778 1257 3817 non
1300 3761 1459 3817 facile
1495 3762 1763 3827 occurrit,
1800 3776 1906 3817 non
1936 3762 2047 3830 jam

463 3860 621 3930 plane
655 3860 830 3913 video.
862 3857 1094 3913 Verbum
1140 3868 1319 3912 antem
1362 3856 1504 3927 quod
1537 3863 1622 3911 est
1652 3854 1853 3920 ﬂuere,
1882 3870 2050 3924 quare

463 3951 690 4021 posuisti
722 3966 820 4022 pro
845 3966 932 4017 eo,
963 3951 1105 4020 quod
1134 3957 1218 4005 est
1243 3949 1558 4019 procedere,
1588 3962 1721 4016 pure
1740 3985 1755 4010 ,
1785 3946 1838 3999 ni
1872 3944 2047 4008 fallor,

464 4044 754 4114 perspicio.
787 4042 920 4097 Nam
950 4052 1005 4096 et
1034 4041 1268 4110 Spiritus
1308 4049 1527 4093 sanctus
1569 4036 1765 4091 ﬂltlllcn
1796 4037 1848 4090 in
1879 4036 2050 4089 sacris

464 4132 764 4203 appellatur
789 4130 1085 4201 Scripturis
1109 4129 1175 4194 ¹³,
1203 4138 1258 4184 ct
1285 4144 1443 4197 aqua.
1474 4125 1625 4181 Unde
1652 4134 1707 4179 et
1734 4126 1845 4194 ipsc
1871 4124 2050 4178 Domi-

465 4241 567 4280 nus
594 4226 670 4279 ait
701 4246 713 4281 :
747 4226 849 4292 Qui
877 4225 1038 4280 credit
1078 4224 1130 4276 in
1161 4239 1275 4288 me,
1304 4223 1435 4276 sicut
1473 4220 1595 4273 dicit
1626 4216 1918 4287 Scriptura,
1943 4216 2045 4284 ﬂu-

462 4323 606 4376 mina
631 4322 694 4375 de
721 4329 890 4374 centre
924 4318 1038 4388 ejus
1069 4317 1229 4385 ﬂuent
1263 4330 1428 4384 aquae
1455 4313 1616 4377 vivae,
1644 4310 1707 4364 de
1735 4327 1838 4381 qua
1866 4309 1908 4363 si
1931 4309 2047 4378 quis

463 4412 644 4465 biberit
672 4411 737 4475 η,
771 4426 873 4464 non
909 4410 1044 4462 sitiet
1076 4407 1128 4459 in
1159 4416 1425 4460 aeternum
1447 4442 1462 4467 ,
1496 4402 1637 4456 sicut
1674 4399 2047 4454 Samaritanae

465 4501 675 4554 nnilieri
713 4501 913 4552 dictum
950 4507 1052 4550 est.
1100 4496 1215 4565 Ipse
1246 4508 1463 4563 quoque
1491 4491 1611 4546 fons
1645 4489 1923 4552 Paradisi,
1952 4488 2044 4556 qui

464 4590 519 4642 in
543 4596 798 4655 quattuor
820 4584 1137 4655 principalia
1160 4584 1379 4637 ﬂumina
1404 4582 1682 4645 dividitur,
1716 4581 1840 4635 dum
1872 4579 2046 4651 typice

464 4676 1175 4753 consideratanSpiritum
1232 4685 1478 4728 sauctmn
1532 4671 1838 4743 signiﬁcare
1887 4686 2044 4726 nemo

465 4770 766 4838 sapientum
826 4768 1076 4836 denegat.
1139 4766 1214 4819 Ex
1273 4781 1379 4835 quo
1434 4766 1597 4819 veluti
1654 4764 1935 4834 principali
1990 4771 2045 4817 et

467 4860 627 4913 amico
670 4868 726 4915 et
772 4860 815 4889 ¹⁸
864 4859 1184 4912 inexhausta
1233 4855 1380 4909 fonte
1423 4854 2045 4925 quattuorprincipales

464 4950 695 5004 virtutes
741 4947 795 5002 in
844 4945 1105 5002 Paradiso
1152 4943 1482 4999 rationabilis
1532 4943 1746 4997 animae
1798 4954 2041 5009 manant,

463 5041 802 5110 prudentiam
848 5040 1001 5105 dico,
1048 5037 1493 5108 temperantiam,
1546 5035 1935 5096 fortitudinem,
1987 5026 2042 5091 et

455 5129 741 5199 justitiam.
771 5133 846 5186 Ex
872 5132 1068 5201 quibus
1095 5130 1286 5184 iterum
1311 5128 1490 5181 outnia
1517 5127 1756 5181 omnium
1784 5127 2037 5182 virtutum

426 5222 660 5297 ,ﬂuenta
704 5222 975 5294 proﬂuunt
1006 5220 1069 5288 ’⁸,
1099 5231 1155 5276 et
1186 5221 1237 5276 in
1272 5222 1353 5274 eis
1396 5219 1615 5289 irrigata
1655 5228 1710 5276 et
1752 5218 2037 5274 fecuutlata

2076 4459 2124 4516 Ι.)

2171 512 2404 582 Spiritus
2451 522 2672 568 Sanetus
2715 528 2810 567 seu
2857 528 2886 565 a
2922 512 3081 567 Patre
3124 514 3265 577 solo,
3297 530 3390 568 seu
3428 533 3458 570 a
3496 517 3662 573 Patre
3700 530 3759 575 et

2169 601 2303 657 Filio
2332 600 2499 656 fluere
2526 602 2741 666 dicitur,
2788 602 2917 671 quia
2948 601 3066 656 fons
3106 611 3162 656 et
3198 604 3353 673 origo
3396 615 3483 659 est
3508 608 3753 663 omnium

2164 693 2457 756 virtutum,
2490 702 2545 746 et
2577 692 2631 746 in
2661 693 2832 761 ipsum
2878 691 3134 746 ineffabili
3181 703 3359 749 meatu
3393 710 3491 763 per
3509 699 3755 755 occultos

2163 790 2389 836 naturae
2417 791 2631 836 nostrae
2661 797 2824 851 peros
2851 782 3097 835 redeunt.
3125 781 3265 837 Mtte.
3294 782 3464 839 Recte
3495 786 3759 858 intelligis

2163 871 2229 926 de
2259 872 2628 941 spiritualihus
2666 871 2900 927 nitentis.
2947 871 3052 926 Sed
3096 872 3287 939 dicas,
3334 889 3575 943 quaeso,
3620 879 3750 947 quid

2164 964 2258 1018 tibi
2288 965 2501 1027 obstat,
2548 979 2617 1017 ne
2651 966 2933 1032 perspicue
2981 964 3282 1034 intelligas,
3328 968 3471 1035 quod
3517 985 3548 1021 a
3594 970 3750 1028 nobis

2162 1055 2362 1109 dictum
2388 1064 2491 1117 est,
2522 1054 2622 1109 hoc
2649 1065 2732 1110 est
2759 1057 2828 1119 ¹⁷,
2854 1072 3013 1110 unam
3044 1071 3263 1112 causam
3287 1074 3354 1112 ex
3385 1060 3594 1115 duabus
3621 1077 3746 1115 eau-

2161 1144 2237 1198 sis
2272 1143 2442 1199 ﬂuere
2485 1144 2677 1199 rationi
2725 1161 2831 1198 non
2885 1143 3046 1205 facile
3092 1146 3353 1200 occurrit.
3394 1147 3541 1203 Disc.
3583 1149 3742 1204 Multa

2160 1234 2405 1303 exempla
2439 1234 2565 1287 mihi
2599 1236 2819 1288 obstare
2843 1235 3021 1289 video.
3063 1234 3197 1290 Nam
3229 1246 3282 1292 et
3310 1239 3580 1308 exempla,
3605 1256 3745 1310 quae

2160 1344 2228 1385 ex
2259 1335 2515 1396 quattuor
2546 1328 2728 1380 mundi
2773 1328 3052 1382 elementis
3081 1328 3429 1385 introduxisti
3452 1372 3467 1393 ,
3497 1333 3655 1391 satis.
3685 1340 3757 1389 ut.
3834 1348 3851 1363 ί

2161 1419 2417 1482 arbitror,
2447 1418 2762 1483 edocent;“,
2793 1435 2950 1475 unam
2976 1435 3196 1477 causam
3227 1436 3297 1476 ex
3324 1422 3538 1481 duabus
3566 1426 3741 1480 causis

2161 1507 2279 1562 fieri
2302 1523 2480 1579 posse.
2512 1507 2655 1579 ignis
2679 1508 2942 1577 siquidem
2971 1510 3098 1564 dum
3126 1512 3198 1565 sit
3222 1512 3422 1567 caloris
3446 1522 3499 1568 et
3527 1514 3757 1568 luminis

2160 1598 2302 1663 fons,
2323 1615 2390 1655 ex
2412 1600 2619 1655 duabus
2639 1601 2817 1656 causis
2841 1602 2988 1655 nasci
3013 1601 3243 1661 videtur.
3266 1602 3485 1666 lgneum
3512 1620 3759 1673 namque.

2160 1689 2484 1744 elementum
2510 1705 2576 1745 ex
2606 1690 2880 1747 caliditate
2905 1699 2960 1745 et
2998 1690 3243 1746 siccitate
3269 1693 3573 1754 conﬁcitur,
3603 1708 3741 1762 quae

2161 1781 2297 1835 duae
2343 1779 2669 1850 qualitates,
2712 1774 2877 1836 veluti
2928 1781 3066 1835 duae
3109 1796 3328 1845 causae,
3359 1799 3521 1837 unam
3566 1798 3632 1837 ex
3683 1798 3742 1838 se

2160 1871 2405 1939 gignunt.
2440 1869 2704 1924 Similiter
2735 1878 2790 1933 et
2816 1871 2880 1925 de
2910 1872 3109 1927 ceteris
3131 1872 3415 1929 elementis
3448 1882 3535 1928 est
3561 1875 3743 1929 dicen-

2160 1961 2305 2016 dum.
2354 1959 2487 2014 Nam
2530 1961 2654 2015 dum
2701 1961 2810 2016 sint
2846 1978 3063 2015 suorum
3087 1961 3371 2017 effecturum
3402 1980 3635 2028 causae,
3672 1979 3741 2019 ex

2160 2050 2532 2120 superioribus
2580 2066 2639 2105 se
2685 2051 2865 2105 causis
2916 2052 3217 2121 duplicibus
3265 2054 3411 2108 nasci
3468 2056 3740 2123 sapientes
3814 2100 3817 2101 ν

2159 2147 2343 2200 nnnnli
2384 2147 2655 2201 dixerunt.
2707 2145 2859 2202 Sicut
2898 2147 3066 2211 enim,
3094 2155 3150 2199 nt
3177 2147 3559 2215 praediximus,
3598 2148 3735 2217 ignis

2157 2250 2226 2289 ex
2247 2235 2420 2290 calido
2442 2247 2498 2290 et
2526 2236 2706 2301 sicco;
2742 2237 2815 2291 ita
2846 2251 2941 2292 aer
2962 2251 3026 2290 ex
3051 2236 3223 2292 calido
3245 2246 3300 2291 et
3326 2236 3565 2302 humido,
3595 2252 3736 2305 aqua

2156 2352 2220 2390 ex
2272 2338 2491 2391 humido
2532 2348 2588 2392 et
2625 2337 2839 2409 frigido,
2891 2349 3035 2391 terra
3079 2353 3289 2408 quoque
3333 2353 3400 2393 ex
3448 2339 3643 2408 frigido
3683 2345 3759 2393 et.-

2158 2436 2305 2490 sicco
2329 2435 2692 2505 componitur.
2719 2437 2853 2501 Quid
2880 2437 3075 2507 igitur?
3097 2436 3210 2491 Non
3237 2437 3280 2468 ¹⁹
3308 2439 3609 2506 negandum
3633 2446 3736 2501 est,

2159 2552 2318 2589 unam
2342 2552 2560 2595 causam
2583 2551 2648 2590 ex
2676 2537 2881 2591 duabus
2907 2538 3088 2591 causis
3115 2536 3409 2601 conﬂuere,
3440 2538 3563 2591 dum
3587 2552 3739 2606 prae-

2158 2640 2300 2695 dicta
2345 2640 2613 2710 exempla,
2643 2650 2702 2695 ut
2737 2641 2802 2695 de
2832 2642 3026 2697 ceteris
3052 2642 3261 2706 sileam,
3292 2643 3359 2698 ad
3408 2644 3510 2698 hoc
3542 2659 3739 2714 appro-

2156 2742 2387 2797 baudum
2428 2741 2728 2798 suliiciuut?
2754 2744 2801 2775 ὀ
2833 2742 2971 2797 MAG.
3006 2743 3149 2798 Satis
3180 2743 3377 2806 miror,
3412 2754 3467 2798 et
3497 2744 3733 2797 admira-

2156 2845 2302 2899 tione
2328 2845 2568 2916 dignum,
2598 2863 2712 2911 cur,
2742 2863 2862 2900 cum
2898 2856 3076 2901 cetera
3108 2848 3153 2879 ²¹
3183 2857 3339 2903 acute
3365 2856 3419 2901 et
3446 2836 3739 2918 probabili?

2154 2955 2238 3002 ter
2265 2946 2470 3010 videas,
2503 2947 2555 3005 in
2598 2948 2681 3002 his
2714 2946 2913 3002 falleris
2950 2948 3228 3018 exemplis.
3277 2948 3422 3003 Dtsc.
3471 2948 3605 3009 Dic,
3645 2947 3739 3001 de-

2152 3061 2366 3115 precor,
2404 3048 2455 3099 in
2486 3062 2593 3116 quo
2618 3056 2673 3101 et
2697 3048 2968 3116 quomodo
2993 3047 3255 3116 decipior.
3294 3047 3433 3101 MAG.
3466 3044 3602 3101 Num
3641 3046 3738 3107 tibi

2153 3151 2184 3191 a
2234 3137 2832 3209 philosophissuasum
2874 3146 2993 3202 est,
3036 3138 3294 3191 nmndum
3346 3137 3506 3191 istum
3547 3136 3739 3190 visibi-

2154 3225 2258 3283 lem
2313 3226 2360 3259 ⁸¹
2418 3235 2677 3296 quattuor
2731 3227 3122 3282 universalibus
3183 3236 3343 3289 atque
3403 3225 3740 3296 simplicibus

2152 3326 2402 3372 constare
2447 3317 2752 3383 elementis,
2802 3318 2923 3390 igne
2970 3317 3243 3381 videlicet,
3291 3332 3434 3380 aere,
3484 3330 3643 3385 aqua,
3682 3322 3741 3370 et

2154 3417 2316 3473 terra,
2342 3424 2571 3479 quorum
2594 3409 3010 3479 unumquodque
3037 3409 3307 3478 propriam
3328 3417 3383 3463 et
3410 3407 3757 3477 singularem.

2152 3499 2233 3552 sui
2284 3499 2600 3570 qualitatem
2647 3498 2919 3569 possidet?
2964 3499 3059 3554 Est
3104 3500 3247 3553 enim
3300 3498 3436 3568 ignis
3470 3497 3735 3561 caliditas,

2152 3589 2294 3643 aeris
2349 3591 2671 3653 humiditas,
2723 3604 2895 3660 aquae
2939 3590 3228 3659 frigiditas,
3276 3598 3454 3643 terrae
3498 3588 3734 3643 siccitas.

2152 3682 2296 3736 Disc.
2347 3681 2491 3738 llaec
2541 3682 2670 3737 mihi
2720 3680 2835 3737 fere
2881 3683 2950 3736 ab
3000 3682 3225 3736 infantia
3248 3680 3542 3750 potissima
3590 3689 3735 3734 sunt.

2155 3770 2295 3827 MAG.
2328 3773 2425 3827 Dic
2471 3772 2686 3842 itaque,
2723 3773 2846 3841 quis
2871 3782 2953 3827 est
2996 3772 3083 3826 ille
3114 3771 3157 3803 “
3195 3772 3353 3843 ignis,
3392 3780 3452 3824 ut
3488 3785 3596 3825 uno
3621 3779 3741 3823 uta-

2151 3879 2273 3923 mur
2298 3864 2565 3933 cxemplo,
2598 3864 2687 3929 qui
2718 3862 2880 3918 veluti
2908 3879 3011 3916 una
3038 3878 3199 3918 causa
3228 3877 3297 3915 ex
3321 3859 3528 3916 duabus
3554 3860 3734 3913 causis

2151 3962 2356 4015 manat,
2397 3961 2453 4005 ut
2482 3952 2600 4006 ais?
2637 3951 2799 4007 lllene
2822 3991 2837 4016 ,
2880 3953 2969 4023 qui
3010 3949 3237 4021 simplex
3274 3959 3330 4005 et
3353 3949 3658 4013 invisibilis,
3685 3958 3741 4003 et

2149 4058 2245 4113 per
2277 4044 2509 4111 seipsmn
2542 4042 3103 4112 incomprehensibilis
3123 4083 3137 4104 ,
3170 4042 3349 4096 omnia
3376 4040 3607 4095 risibilia
3636 4055 3736 4109 pe-

2151 4140 2330 4185 netrat
2377 4140 2541 4201 atque
2587 4141 2801 4195 movet,
2830 4145 2897 4182 an
2930 4130 3018 4184 ille
3046 4130 3275 4184 visibilis
3320 4137 3374 4181 et
3420 4128 3736 4198 corporalis,

2151 4224 2553 4293 taugibilisque,
2593 4232 2646 4277 et
2686 4222 3039 4277 materialiter
3080 4221 3352 4275 nutritus?
3392 4221 3538 4274 DISC.
3584 4219 3736 4272 illum

2150 4315 2445 4386 simplicem
2473 4324 2528 4369 et
2565 4313 3162 4385 incomprehensibilem
3183 4353 3198 4377 ,
3226 4312 3406 4381 omnia
3436 4326 3663 4380 corpora
3690 4308 3736 4341 “

2153 4407 2462 4476 implentem
2500 4415 2557 4460 et
2602 4405 2959 4471 ciiicientem,
2990 4420 3094 4459 non
3136 4404 3385 4458 dixerim.
3427 4403 3561 4457 Nam
3606 4410 3663 4455 et
3688 4401 3735 4433 ”

2150 4495 2512 4565 primordialis
2540 4505 2626 4551 est
2649 4494 3003 4559 sensibilium,
3032 4503 3088 4549 et
3117 4503 3309 4561 quarta
3342 4492 3584 4548 onminm
3611 4506 3737 4545 cor-

2149 4600 2338 4654 porum
2368 4599 2565 4649 causa;
2602 4584 2701 4638 iste
2739 4597 2872 4639 vero
2914 4582 3189 4637 sensibilis
3234 4590 3290 4636 et
3334 4579 3630 4635 materialis
3666 4594 3734 4633 ex

2148 4674 2423 4730 caliditate
2467 4685 2525 4728 et
2567 4675 2812 4729 siccitate
2853 4677 3176 4744 procedere,
3203 4672 3368 4728 veluti
3416 4687 3484 4726 ex
3527 4672 3736 4726 duabus

2149 4765 2349 4828 causis,
2381 4764 2508 4818 mihi
2540 4764 2774 4839 videtur.
2808 4764 2947 4821 MAG.
2975 4764 3114 4820 Num
3144 4765 3195 4818 in
3220 4764 3491 4834 prioribus
3515 4763 3731 4824 dedisti,

2148 4854 2475 4911 caliditatem
2491 4869 2596 4908 non
2615 4853 2838 4909 alterius
2859 4855 3107 4909 clementi
3130 4854 3403 4931 propriam
3420 4852 3734 4922 qualitatem

2147 4959 2287 5009 esse,
2317 4945 2417 5000 nisi
2448 4944 2613 5000 solius
2662 4943 2799 5015 ignis
2825 4984 2841 5008 ,
2895 4944 3193 5000 siccitatem
3238 4960 3367 5000 vero
3388 4943 3606 5005 nullius,
3631 4940 3745 5011 nisi.

2152 5044 2326 5090 terrae
2367 5034 2572 5090 solius?
2615 5034 2836 5103 Singula
2881 5036 3023 5089 enim
3053 5034 3279 5105 singulis
3320 5034 3538 5097 dantur,
3567 5032 3620 5087 id
3653 5039 3737 5086 est

2146 5129 2396 5196 propriae
2425 5127 2712 5196 qualitates
2740 5128 2855 5181 suis
2894 5126 3123 5195 singulis
3151 5122 3598 5179 substantialibus
3628 5119 3736 5175 ele-

2148 5219 2361 5273 mentis.
2381 5219 2523 5272 DISC.
2539 5217 2658 5273 Jam
2673 5217 2791 5271 dedi
2810 5234 2824 5282 ;
2842 5216 2999 5271 aliter
3018 5231 3252 5285 namque
3264 5214 3310 5246 “
3329 5212 3632 5283 philosophi
3650 5226 3735 5266 me

1743 5331 1999 5389 VARIAE
2037 5331 2437 5387 LECTIONES.

534 5434 549 5459 ‘
590 5427 632 5482 C
662 5429 914 5497 procedit.
989 5430 1009 5457 '
1031 5427 1075 5481 Α
1101 5437 1176 5480 ut.
1272 5424 1293 5455 ³
1329 5421 1421 5478 Sic
1478 5424 1558 5488 (ῖς
1587 5423 1638 5497 ΔΑ
1676 5423 2015 5497 conjungens.

454 5495 476 5528 "
515 5497 556 5550 Α
595 5495 835 5551 mrturne.
937 5498 959 5529 ⁸
994 5497 1035 5551 (Σ
1071 5514 1195 5564 qua.

456 5565 501 5597 ⁸³
539 5567 580 5620 Α
618 5565 908 5636 scripturis
938 5563 1250 5636 appellatur.
1331 5564 1374 5636 ‘7‘
1408 5564 1447 5616 Λ
1488 5563 1632 5617 bibit.

454 5636 499 5668 ¹⁸
538 5638 628 5699 Sic
655 5635 729 5696 υς
768 5636 810 5688 Λ
838 5634 1015 5704 ιιιιηιρξ
1084 5635 1128 5667 ³⁸
1167 5634 1208 5686 Λ
1243 5635 1521 5704 sufficiunt.

450 5707 498 5738 ³⁵
534 5718 580 5758 et
620 5719 729 5759 om.
764 5706 828 5757 A.
906 5704 951 5734 "
993 5702 1036 5755 Α
1070 5706 1227 5757 enim.

1290 5497 1310 5527 ⁹
1345 5505 1392 5548 et
1425 5510 1535 5548 om.
1573 5494 1685 5555 Αη
1736 5492 1777 5521 ¹⁰
1816 5493 1856 5544 L‘
1894 5491 2063 5559 gignit
2099 5501 2146 5545 et
2182 5508 2339 5561 quem
2376 5492 2563 5562 gignit.

1331 5564 1374 5594 ιδ
1408 5564 1447 5612 Λ
1488 5563 1632 5612 bibit.
1711 5560 1757 5593 ³⁸
1787 5571 1833 5612 et
1868 5578 1975 5612 unt.
2016 5563 2079 5612 Α.
2160 5561 2206 5593 ¹⁶
2243 5561 2286 5612 Α
2323 5574 2370 5612 et
2408 5561 2559 5612 uroﬂt

1711 5571 1757 5593 "
1787 5571 1833 5612 et
1868 5578 1975 5613 mn.
2016 5571 2079 5613 Α.

1657 5631 1698 5663 ¹¹
1739 5629 1785 5683 Α
1820 5631 1870 5683 in
1902 5631 2100 5685 meris.

3077 5418 3100 5450 ⁸
3142 5416 3187 5471 Α
3239 5416 3494 5472 Trinitate
3549 5415 3733 5470 edidit.

2664 5492 2705 5521 “
2743 5490 2787 5544 A
2823 5493 2890 5545 ei.
2992 5489 3034 5520 “
3072 5488 3113 5543 C
3149 5489 3214 5541 (le
3259 5504 3314 5541 se
3365 5489 3480 5555 ipsa
3533 5495 3735 5540 mente.

2754 5561 2793 5593 "
2834 5561 2929 5614 hoc
2968 5569 3041 5614 est
3079 5573 3189 5613 om.
3229 5558 3289 5613 C.
3370 5557 3412 5587 "'
3447 5557 3489 5609 A
3524 5556 3736 5607 docent.

2795 5632 2840 5662 ²⁸
2880 5632 2919 5684 Λ
2962 5632 3074 5685 iste.
3181 5629 3227 5660 ²¹⁵
3262 5643 3482 5696 corpora
3515 5639 3624 5679 om.
3665 5622 3732 5676 Α.

2137 5422 2158 5452 ⁵
2211 5422 2252 5476 C
2308 5423 2479 5477 docet.
2595 5421 2618 5453 ⁸
2651 5419 2693 5475 C
2741 5436 2805 5475 ac
2839 5438 2980 5475 vera.

2160 5561 2206 5593 ¹⁶
2243 5561 2286 5615 Α
2323 5561 2386 5616 et
2408 5561 2679 5630 proﬂuunt

2230 5633 2273 5662 “
2309 5633 2353 5684 Α
2382 5632 2694 5686 sensibile)".
