4236 6274
512 277 626 341 607

1902 260 2183 320 JOANNIS
2219 259 2415 316 SCOTI

3672 262 3783 322 608

516 390 773 457 invicem,
820 395 1024 445 remota
1076 383 1222 439 omni
1272 380 1674 444 contrarietate,
1730 376 2092 434 consentiunt.
2126 380 2172 434 Α
2200 370 2358 423 unius
2379 369 2663 429 essentiae,
2703 377 2963 439 quantum
2993 370 3121 426 mihi
3152 372 3488 438 conceditur,
3518 373 3782 446 intelligo.

517 482 671 537 Dtsc.
720 479 834 534 Hac
861 477 1044 532 ultima
1077 474 1420 529 conclusione
1467 470 1705 540 nudique
1752 476 1961 536 septum
2007 478 2095 518 me

520 572 705 634 video,
738 567 1049 635 nullamque
1086 566 1226 618 viam
1268 561 1531 617 evadendi
1561 572 1859 620 remanere,
1888 570 1951 609 ac
2000 568 2097 624 per

521 661 626 716 hoc
641 658 808 730 priori
830 671 898 711 ex
920 664 971 709 te
986 654 1230 722 prolatae
1249 652 1552 707 sentcntiae
1578 648 1889 703 consentire
1910 660 2094 715 cogor,

521 759 662 804 utet
705 762 804 818 ego
845 746 1042 809 dicam,
1084 759 1247 798 unam
1293 758 1510 797 causam
1555 756 1623 795 ex
1671 740 1877 796 duabus
1922 736 2099 792 causis

523 840 691 894 ﬂuere
716 854 820 891 non
849 835 1008 890 facile
1036 834 1231 888 rationi
1254 831 1513 887 occurrit.
1537 830 1676 885 Mae.
1729 829 1866 896 Quid
1894 828 2057 898 igitur
2078 825 2096 857 ⁸

525 927 812 985 dicemus?
842 926 979 980 Num
1002 925 1265 993 Spiritum
1284 931 1548 984 sanctum,
1580 935 1739 989 quem
1765 915 2102 973 distributio-

526 1019 612 1074 nis
637 1020 899 1074 donorum
922 1015 1134 1069 divinae
1157 1012 1433 1075 bonitatis,
1463 1011 1580 1065 sive
1604 1025 1815 1070 eorum,
1838 1022 1977 1078 quae
2017 1023 2103 1062 se-

485 1169 490 1174 ,
526 1109 757 1164 cundum
788 1106 1146 1162 substantiam
1202 1111 1329 1158 sunt
1374 1103 1418 1168 ³,
1467 1102 1581 1156 sive
1631 1115 1769 1170 quae
1807 1102 2101 1155 secundum

490 1178 498 1193 ’
527 1200 780 1271 gratiam,
810 1198 1079 1252 inﬁnitam
1120 1206 1173 1249 et
1203 1195 1578 1250 inexhaustam
1633 1192 2106 1261 largissimumque

527 1298 584 1344 et
609 1291 892 1360 plusquam
916 1287 1271 1356 largissimum
1302 1296 1518 1337 causam
1549 1292 1669 1334 esse
1693 1278 1958 1334 catholice
1979 1293 2108 1333 con-

529 1376 747 1431 ﬁtentur
780 1377 823 1438 ',
863 1392 928 1430 ex
980 1391 1083 1428 una
1110 1388 1294 1435 causa,
1324 1373 1427 1425 hoc
1473 1377 1578 1434 est,
1623 1383 1691 1422 ex
1733 1368 1912 1428 Patre,
1944 1382 2011 1420 an
2041 1381 2108 1419 ex

530 1464 737 1522 duabus
761 1466 960 1530 causis,
984 1465 1145 1518 Patre
1166 1471 1219 1517 et
1250 1462 1403 1526 Filio,
1433 1458 1724 1529 procedere
1751 1455 1990 1526 profiteri
2019 1457 2099 1509 de-

529 1555 753 1611 bemus?
791 1554 937 1608 Dtsc.
966 1553 1055 1606 llla
1084 1550 1350 1619 exempla,
1394 1562 1533 1616 quae
1576 1561 1639 1602 ex
1691 1555 1882 1600 natura
1931 1557 2109 1597 rerum

530 1645 870 1715 protulimus,
902 1645 1012 1698 hoc‘
1036 1643 1216 1696 dicere
1242 1640 1462 1695 θητιιίηο
1493 1637 1799 1708 prohibent,
1852 1637 1955 1689 hoc
2007 1642 2109 1699 est,

2198 459 2473 528 Siquidem
2497 460 2823 530 impossibile
2852 469 2957 524 est,
2987 469 3046 515 ut
3077 470 3132 515 et
3169 463 3395 532 gignens
3419 473 3474 518 et
3495 466 3788 535 genituset

2197 551 2501 620 procedens
2527 567 2631 605 una
2662 552 2960 606 substantia
2988 553 3077 606 sit.
3110 552 3245 609 Tres
3270 564 3453 611 autem
3477 571 3601 612 esse
3626 568 3789 613 natu-

2197 640 2327 694 ralis
2339 640 2591 695 admonet
2610 641 2747 693 ratio
2760 642 3053 695 secundum
3075 644 3427 709 substantias,
3445 647 3573 700 dum
3590 657 3720 702 sunt
3739 646 3788 681 “
3867 708 3873 713 ,

2198 746 2361 786 unum
2382 731 2674 787 secundum
2696 733 3004 787 essentiam.
3030 733 3162 788 Nam
3188 737 3525 792 etAbraham
3551 748 3608 793 et
3638 740 3790 797 Isaac

2199 830 2255 875 et
2282 819 2448 879 lat-oh
2471 836 2632 875 unum
2680 830 2807 875 sunt
2834 820 2988 889 juxta
3019 822 3064 854 "
3094 822 3394 879 naturalem
3428 829 3788 885 essentialita-

2201 920 2331 977 tetu,
2390 921 2502 965 tres
2541 925 2669 965 vero
2719 914 3012 967 secundum
3081 916 3486 973 substantialem
3538 918 3790 975 differen-

2202 1002 2353 1056 tiam.
2387 1000 2452 1055 Et
2490 1001 2589 1056 hoc
2618 1003 2919 1072 exemplum
2951 1003 3003 1057 in
3031 1007 3282 1061 omnibus
3326 1009 3610 1076 generibus
3648 1021 3703 1065 et
3741 1012 3786 1043 ¹⁶

2204 1089 2395 1145 formis
2446 1099 2501 1145 et
2552 1090 2841 1145 individuis
2893 1090 3152 1149 facillime
3199 1097 3446 1152 veritatis
3501 1099 3789 1168 inquisitor

2207 1181 2463 1236 inveniet.
2514 1180 2655 1237 ὓπερ.
2692 1181 2829 1249 Quid
2861 1184 3039 1252 itaque
3069 1185 3134 1238 de
3177 1185 3280 1241 hac
3325 1189 3595 1255 praesenti
3625 1205 3791 1259 quae-

2206 1271 2382 1326 stione
2402 1271 2734 1341 multumque
2761 1272 2957 1327 didicili
2987 1284 3249 1345 conceptu
3273 1277 3325 1330 in
3361 1277 3544 1332 animo
3567 1279 3788 1345 habeas,

2209 1361 2421 1432 detege,
2442 1362 2486 1415 si
2513 1358 2707 1430 placet,
2739 1377 2806 1416 ne
2833 1371 2940 1415 tam
2968 1362 3056 1416 diu
3084 1363 3136 1417 in
3160 1364 3360 1418 eisdem
3392 1365 3524 1420 locis
3548 1366 3796 1422 demore-

2211 1469 2354 1518 mur,
2377 1454 2502 1506 dum
2525 1453 2591 1507 ad
2606 1462 2810 1520 cetera,
2833 1469 2971 1524 quae
3000 1463 3231 1524 restant,
3253 1458 3569 1527 exponenda
3599 1459 3798 1515 debea-

2212 1557 2335 1597 mus
2357 1543 2682 1598 accelerare.

2283 1634 2370 1687 32.
2408 1633 2546 1688 Msa.
2584 1634 2764 1698 Dicas,
2796 1643 2940 1705 peto.
2991 1632 3129 1689 Num
3173 1634 3269 1689 tibi
3310 1636 3524 1692 videtur
3561 1652 3627 1693 ex
3677 1638 3797 1709 igne

531 1751 639 1790 non
666 1750 733 1789 ex
761 1734 988 1796 duabus,
1013 1733 1108 1788 sed
1138 1748 1205 1786 ex
1235 1746 1337 1784 una
1366 1730 1678 1800 procedere,
1710 1728 1810 1782 nisi
1836 1728 1972 1782 forte
1994 1726 2114 1796 quis
2147 1743 2190 1803 Β
2218 1724 2427 1777 radium
2460 1722 2632 1787 nasci,
2681 1731 2737 1777 et
2785 1740 2853 1777 ex
2886 1723 3039 1777 radio
3078 1723 3419 1792 splendorem
3466 1725 3798 1794 procedere?

532 1828 698 1889 dicat,
726 1826 989 1880 rationem
1053 1840 1298 1880 summae
1339 1832 1501 1892 atque
1546 1820 1829 1876 inelfabilis
1854 1819 1876 1850 "
1906 1818 2118 1872 divinae

533 1915 815 1969 Trinitatis
851 1924 1078 1967 naturae
1110 1912 1360 1967 conditae
1396 1910 1641 1980 exempla
1669 1923 1944 1979 superare.
1976 1907 2114 1962 ΜΑο.

535 2002 592 2058 Si
623 2005 744 2073 quis
789 2004 890 2056 hoc
939 2001 1157 2066 dixerit,
1203 2000 1488 2056 confestim
1536 1997 1949 2067 interrogandus
1990 1994 2117 2060 erit,

539 2094 681 2146 unde
703 2106 833 2161 ergo
861 2090 1076 2144 divinae
1104 2091 1359 2144 bonitatis
1385 2090 1408 2121 ⁸
1434 2088 1753 2142 Trinitatem
1808 2088 1861 2141 in
1891 2087 2116 2151 unitate,

535 2189 593 2234 et
619 2180 881 2234 unitatem
916 2180 969 2234 in
995 2179 1257 2234 Trinitate
1282 2193 1544 2248 quaerere
1566 2187 1623 2231 et
1644 2177 1973 2245 investigare
1996 2191 2121 2244 pos-

536 2286 743 2334 sumus,
767 2280 825 2325 ut
854 2271 1054 2339 aliquid
1095 2272 1161 2325 de
1186 2286 1273 2335 ea,
1301 2286 1407 2340 quo
1444 2286 1566 2325 eam
1598 2268 1896 2329 laudemus,
1927 2267 2121 2321 verisi-

537 2361 665 2416 mile
690 2362 997 2426 credamus,
1047 2369 1104 2416 et
1142 2371 1404 2430 quantum
1437 2361 1615 2421 datur,
1649 2358 2033 2429 intelligamus,
2076 2358 2123 2413 si

539 2467 649 2506 non
679 2452 701 2482 ⁸
744 2452 895 2522 prius
937 2452 1088 2521 quasi
1137 2452 1457 2521 quibusdam
1513 2448 1816 2520 gradibus"
1864 2449 2125 2517 exetnplis

540 2554 770 2597 naturae
791 2546 857 2595 ab
878 2558 940 2597 ea
966 2541 1216 2597 conditae
1253 2543 1318 2594 ad
1346 2556 1465 2595 eam
1493 2541 1869 2603 ascendamus,
1901 2555 1964 2593 ea
1990 2541 2126 2594 duce

541 2640 705 2700 atque
751 2631 1159 2699 praecipiente:
1196 2629 1446 2694 Quaerite
1494 2639 1541 2682 et
1589 2629 1910 2682 invenietis?
1962 2627 2127 2684 Prae-

541 2722 729 2777 sertim
762 2722 953 2775 Divina
982 2720 1149 2775 Paulo
1179 2729 1412 2775 testante
1443 2738 1456 2774 :
1500 2719 1797 2774 Invisibilia
1828 2721 1965 2774 enim
1987 2721 2125 2791 ejus.

543 2813 741 2882 inquit,
766 2814 820 2865 id
842 2822 916 2866 est
968 2810 1170 2877 Patris,
1216 2829 1248 2865 a
1281 2823 1521 2866 creatura
1550 2812 1732 2867 mundi
1772 2829 1863 2882 per
1901 2829 1962 2866 ea
1994 2830 2128 2883 quae

545 2903 689 2973 facta
709 2913 829 2956 sunt
856 2901 1116 2956 intellecta
1141 2902 1550 2971 conspiciuntur,
1589 2902 1901 2971 sempiterna
1928 2918 2129 2971 quoque

452 3024 470 3039 .
544 2990 660 3059 ejus
684 2992 872 3055 uirtus,
897 2990 1001 3044 hoc
1027 2998 1109 3044 est
1136 2989 1326 3054 Filius,
1357 3000 1404 3044 et
1436 2990 1737 3054 aeternitas,
1762 2990 1866 3043 hoc
1896 2998 1979 3043 est
2009 2989 2129 3059 Spi-

2219 1813 2366 1868 Dtsc.
2393 1812 2647 1880 Quisquis
2689 1812 2792 1866 hoc
2837 1812 3055 1875 dixerit,
3089 1828 3158 1866 ex
3208 1822 3439 1867 naturae
3471 1830 3649 1869 rerum
3677 1815 3800 1869 dili-

2218 1904 2361 1972 genti
2382 1902 2812 1957 consideratione
2839 1918 2945 1956 non
2977 1903 3266 1971 discrepat,
3297 1911 3355 1957 ut
3382 1905 3634 1959 arbitror.
3660 1906 3803 1976 Ignis

2217 1993 2533 2067 enim,cum
2582 1991 2653 2046 sit
2694 2006 2790 2060 per
2832 2006 2890 2045 se
2916 1991 3218 2053 invisibilis,
3263 1992 3526 2047 visibilem
3561 1994 3601 2024 "
3647 1995 3713 2049 dc
3740 2008 3802 2048 se

2220 2082 2429 2136 radium
2459 2082 2647 2151 gignit,
2682 2081 2772 2149 qui
2803 2082 2966 2135 etiam
2994 2096 3092 2149 per
3129 2096 3187 2136 se
3218 2081 3499 2136 invisibilis
3524 2091 3672 2137 esset
3698 2099 3800 2137 na-

2221 2179 2375 2225 turae
2415 2185 2545 2225 suae
2589 2169 2935 2239 simplicitate
2990 2169 3307 2236 subsistens,
3366 2170 3412 2224 si
3470 2170 3801 2241 corpulentis

2220 2265 2527 2334 crassisque
2555 2265 2764 2318 naturis
2794 2280 2899 2318 non
2928 2264 3339 2319 immisceretur.
3370 2264 3537 2319 Aiunt
3580 2266 3624 2297 ίδ
3657 2267 3803 2321 enim

2229 2357 2553 2427 philosophi,
2582 2357 2791 2411 radium
2822 2355 2964 2411 Solis
2988 2355 3299 2410 animalium
3330 2357 3573 2411 sensibus
3597 2356 3806 2411 incom-

2223 2447 2641 2518 prehensibilem
2674 2462 2817 2511 esse,
2847 2455 3073 2501 naturae
3099 2446 3267 2516 ipsius
3312 2447 3661 2502 subtilitatem
3700 2463 3807 2501 non

2224 2539 2517 2592 valentium
2546 2536 2589 2568 ¹⁹
2617 2538 2853 2599 sentire;
2893 2536 3018 2590 dum
3061 2547 3239 2591 autem
3280 2537 3546 2607 gradatim
3579 2552 3610 2590 a
3644 2537 3808 2591 solari

2224 2645 2453 2700 corpore
2485 2631 2552 2685 ad
2580 2629 2836 2685 inferiora
2885 2629 3150 2684 elementa
3191 2629 3491 2694 descendit,
3546 2630 3803 2699 paulatim

2227 2722 2414 2791 incipit
2442 2736 2727 2792 apparere.
2774 2719 3012 2775 Primum
3044 2721 3260 2790 quidem
3289 2723 3343 2775 in
3388 2723 3605 2776 aethere
3634 2722 3810 2791 puris.

2226 2814 2367 2868 simo
2396 2813 2483 2867 vix
2534 2813 2716 2868 lucere
2759 2812 2998 2878 inchoat,
3049 2813 3305 2883 quoniam
3356 2813 3524 2883 ipsius
3569 2814 3809 2868 aetheris

2229 2913 2420 2956 natura
2440 2902 2538 2972 ipsi
2554 2902 2825 2957 simillima
2843 2910 2959 2969 est;
2990 2903 3341 2973 progrediens
3368 2918 3496 2958 vero
3515 2903 3724 2974 longius
3744 2904 3813 2958 ad

2229 2994 2523 3063 superioris
2550 2991 2708 3061 hujus
2734 2993 2875 3047 aeris
2897 3000 3098 3061 partes,
3132 2993 3388 3062 paulatim
3426 2992 3680 3048 clarescit
3706 3009 3720 3057 ;
3749 3007 3814 3046 ac

544 3081 686 3135 ritus
713 3087 955 3133 sanctus.
985 3077 1061 3131 lla
1093 3077 1237 3132 enim
1267 3078 1410 3133 hunc
1437 3077 1612 3132 locum
1650 3092 1840 3132 sacrae
1888 3077 2129 3147 δονίυιιι·
2156 3080 2201 3143 C
2232 3084 2446 3150 deinde,
2476 3085 2529 3138 in
2557 3095 2817 3154 quantum
2841 3084 3136 3139 crassiores
3158 3094 3378 3138 naturas
3399 3092 3647 3154 penetrat
3665 3084 3815 3138 deor-

550 3183 643 3223 rae
672 3170 863 3223 beatus
913 3168 1180 3222 Maximus
1230 3168 1472 3237 exponit.
1528 3167 1675 3222 DISC.
1709 3166 1870 3234 Quid,
1918 3168 1962 3222 si
2007 3167 2130 3236 quis

547 3260 766 3320 dixerit,
798 3259 1016 3313 Patrem
1050 3267 1105 3311 et
1131 3257 1324 3311 Filium
1355 3274 1460 3311 non
1486 3260 1621 3312 duas
1648 3272 1842 3313 causas
1860 3273 2003 3323 esse,
2035 3257 2130 3312 sed

550 3356 710 3400 suam
740 3356 796 3400 et
840 3344 1250 3415 inseparabilem
1286 3359 1526 3409 causam,
1553 3345 1668 3413 ipso
1700 3345 1836 3400 Filio
1876 3346 2128 3401 dicente:

549 3435 665 3505 Ego
685 3447 732 3490 et
756 3436 915 3488 Pater
928 3451 1088 3488 unum
1114 3437 1333 3488 sumus?
1363 3435 1500 3489 MAG.
1526 3435 1662 3489 lluic
1684 3450 1896 3506 quoque
1912 3452 2134 3507 respon-

458 3602 475 3611 ἡ
551 3528 782 3582 demtum
805 3535 910 3581 est.
937 3524 1279 3581 Trescausae
1309 3526 1522 3580 divinae
1546 3527 1825 3592 bonitatis,
1847 3528 1913 3582 de
1938 3529 2133 3597 quibus

553 3632 698 3672 nunc
741 3616 968 3685 agimus,
1003 3630 1109 3669 non
1139 3617 1191 3669 in
1230 3617 1340 3685 ipsa
1370 3615 1625 3679 essentia,
1657 3630 1795 3684 quae
1838 3632 1942 3670 una
1974 3628 2136 3686 atque

552 3706 741 3761 eadem
774 3713 876 3768 est,
924 3705 1017 3759 sed
1056 3705 1108 3758 iu
1149 3705 1261 3774 ipsa
1302 3706 1474 3775 ipsius
1507 3707 1776 3760 essentiae
1805 3707 2135 3762 substantia-

552 3811 675 3850 rnm
717 3795 849 3849 vel'
903 3810 1251 3865 personarum
1301 3797 1567 3851 Trinitate
1620 3806 1970 3866 quaeruntur.
2019 3796 2137 3853 Non

508 3938 515 3943 .
553 3889 698 3943 enim
720 3888 1330 3946 confunditdualitatem
1353 3891 1375 3923 '
1407 3906 1780 3961 personarum,
1811 3892 1937 3947 dum
1961 3892 2094 3948 dicit
2119 3908 2134 3947 :

553 3976 669 4050 Ego
691 3988 739 4032 et
764 3977 926 4032 Pater
944 3996 1105 4034 unum
1130 3997 1330 4035 sumus.
1357 3981 1491 4035 Nam
1512 3998 1617 4036 non
1647 3982 1750 4036 ait:
1770 3982 1880 4053 Ego
1903 3995 1949 4037 et
1981 3981 2140 4038 Pater

554 4085 717 4124 unum
747 4085 881 4132 sum,
912 4070 1007 4125 sed
1029 4086 1233 4148 sumus,
1260 4073 1548 4129 ostendens
1583 4083 1641 4128 et
1668 4075 1934 4130 essentiae
1959 4077 2139 4131 unita-

555 4169 663 4214 tem
695 4168 754 4214 ct
789 4160 1213 4216 substantiarqu
1245 4162 1602 4219 ditl‘erentiam
1648 4166 1713 4219 ⁸ο.
1761 4167 1826 4220 Et
1877 4167 2142 4236 siquidem

556 4251 764 4306 diceret
777 4268 790 4304 :
801 4249 911 4320 E99
924 4263 970 4304 et
986 4248 1207 4307 Patere!
1223 4251 1454 4323 Spiritus
1470 4267 1683 4310 sanctus
1702 4257 1742 4288 “
1760 4273 1923 4311 unum
1937 4274 2141 4323 smnus,

558 4360 664 4398 non
693 4343 853 4399 aliter
879 4344 1326 4413 intelligeremus,
1356 4348 1456 4402 nisi
1507 4349 1669 4403 trium
1721 4350 2141 4404 substantiarnm

2231 3188 2351 3228 sum
2384 3189 2592 3239 versus,
2624 3173 2677 3228 in
2702 3182 2911 3227 tantum
2959 3173 3189 3229 lucidius
3216 3173 3405 3235 elucet,
3462 3173 3815 3242 scnsibusque

2233 3265 2509 3335 corporeis
2539 3265 3079 3334 comprehensibilem
3109 3281 3168 3320 se
3206 3274 3462 3335 praestat.
3507 3264 3705 3320 Verum
3747 3279 3815 3317 ex

2235 3354 2351 3422 ipso
2377 3353 2530 3408 radio
2557 3352 2809 3422 splendor
2837 3352 3292 3409 luculentissimus
3331 3362 3500 3408 totum
3552 3351 3811 3406 mundum

2235 3441 2482 3511 impleas,
2506 3450 2559 3495 et
2582 3456 2649 3496 ex
2667 3440 2905 3496 omnium
2931 3458 3215 3512 corporum
3239 3442 3521 3513 superficie
3548 3440 3815 3507 resiliens,

2236 3530 2587 3600 diversasque
2608 3529 2851 3586 colorum
2881 3533 3090 3603 species
3110 3533 3368 3603 detegens
3387 3532 3675 3587 emittitur.
3701 3530 3816 3601 Ipse

2235 3639 2450 3694 quoque
2477 3624 2704 3678 naturali
2726 3639 2824 3679 sua
2855 3625 3115 3680 tenuitate
3143 3624 3450 3693 corporales
3471 3639 3663 3679 sensus
3684 3622 3821 3676 etfu-

2236 3725 2406 3786 geret,
2435 3717 2480 3771 si
2518 3732 2622 3772 non
2645 3732 2703 3772 se
2731 3717 3102 3788 corporalibus
3133 3717 3182 3749 "
3226 3717 3503 3772 elementis
3553 3724 3818 3784 tempera—

2239 3815 2340 3862 ret.
2369 3806 2512 3863 Mac.
2539 3807 2619 3862 lta
2640 3816 2745 3872 est,
2777 3816 2831 3863 et
2856 3817 3170 3862 naturarum
3217 3808 3491 3877 inquisitio
3521 3823 3626 3860 non
3667 3805 3821 3859 aliter

2242 3897 2358 3952 fleri
2399 3913 2557 3968 posse
2602 3899 2875 3968 perdocet.
2905 3895 3172 3968 Numquid
3203 3914 3331 3968 ergo
3375 3911 3630 3968 cogemur
3661 3895 3729 3961 η,
3765 3903 3823 3948 ιιι

2241 3988 2416 4059 ipsum
2461 3988 2823 4058 splendorem,
2868 3989 2960 4058 qui
3008 4004 3106 4059 per
3152 3995 3464 4043 nascentem
3495 3988 3704 4042 radium
3755 3984 3824 4038 ab

2243 4081 2367 4150 igne
2389 4080 2651 4148 procedit,
2670 4079 2803 4135 duas
2828 4094 3018 4134 causas
3044 4078 3244 4133 habere
3263 4077 3546 4133 dicamus?
3569 4076 3826 4144 Quamvis

2242 4174 2384 4228 enim
2413 4175 2481 4229 ab
2522 4174 2642 4242 igne
2683 4187 2779 4242 per
2819 4173 3027 4227 radium
3056 4171 3312 4241 procedat
3348 4170 3414 4236 ",
3461 4170 3598 4239 ignis
3645 4180 3824 4223 tamen

2243 4266 2579 4319 solummodo
2593 4279 2752 4319 causa
2772 4264 3177 4334 ipsiusest,non
3207 4263 3407 4319 radius.
3438 4263 3592 4317 Sicut
3611 4261 3657 4292 "
3681 4260 3823 4314 enim

2248 4358 2361 4428 ipse
2386 4357 2567 4411 radius
2610 4372 2704 4425 per
2732 4370 2791 4411 se
2819 4371 2924 4410 non
2967 4354 3312 4419 subsisteret,
3353 4354 3395 4408 si
3424 4354 3489 4408 de
3517 4367 3680 4406 causa
3706 4365 3824 4413 sua,

560 4435 858 4489 trinitatem
900 4435 955 4490 in
1005 4436 1247 4504 ejusdem
1278 4438 1551 4493 essentiae
1595 4437 1803 4491 unitate
1841 4438 2144 4494 subsistcn-
2177 4444 2225 4503 D
2248 4465 2386 4518 quae
2405 4459 2483 4503 es.
2514 4448 2671 4518 ignis,
2701 4464 2807 4504 non
2845 4456 3177 4513 nasceretur,
3208 4447 3282 4501 ita
3309 4445 3562 4516 splendor
3604 4460 3703 4514 per
3742 4458 3828 4497 ra-

563 4530 692 4574 tem.
723 4523 788 4574 Et
814 4523 1061 4589 quamvis
1089 4525 1168 4578 sic
1193 4525 1392 4580 dictum
1415 4543 1533 4583 esse
1556 4544 1663 4582 non
1689 4529 2041 4598 reperiamus,
2058 4545 2148 4584 ve-

564 4611 779 4663 rissime
803 4620 982 4665 tamen
1016 4613 1086 4666 ita
1114 4628 1234 4669 esse
1268 4615 1625 4689 intelligamus
1648 4621 1714 4673 “.
1740 4620 1902 4676 Pater
1930 4624 2071 4678 enim
2095 4631 2150 4676 et

587 4695 756 4750 Filius
776 4708 830 4750 et
851 4697 1086 4766 Spiritus
1104 4710 1323 4758 sanctus
1352 4721 1516 4759 unum
1530 4717 1657 4761 sunt
1677 4720 1732 4762 et
1752 4721 1861 4765 tres
1891 4727 2076 4767 uiuum.
2101 4711 2147 4766 Α

564 4785 728 4841 Patre
741 4787 1005 4856 siquidem
1022 4788 1189 4844 Filius
1209 4801 1293 4845 est
1309 4794 1538 4861 genitus,
1563 4805 1617 4848 et
1632 4797 1702 4849 ab
1716 4800 1903 4853 eodem
1921 4801 2079 4858 Patre
2105 4801 2149 4833 ¹²

565 4876 799 4948 Spiritus
820 4885 905 4931 est
934 4879 1250 4948 procedens.
1281 4882 1361 4936 Ac
1387 4896 1484 4951 per
1525 4884 1627 4937 hoc
1652 4884 1776 4938 dum
1804 4901 1959 4941 sacra
2000 4889 2151 4945 Scri-

561 4979 722 5042 ptura
744 4970 1093 5040 praedicante
1112 4981 1169 5027 et
1188 4975 1447 5030 suadente
1467 4977 1632 5031 audio
1646 4980 1949 5048 gignenteut
1973 4992 2027 5036 et.
2048 4998 2147 5053 ge-

565 5062 739 5119 nitum
766 5073 823 5121 et
841 5066 1243 5138 procedentem,
1266 5077 1377 5126 tres
1401 5071 1738 5129 substantias
1764 5090 1856 5131 seu
1887 5092 2147 5147 personas

2246 4540 2394 4595 dium
2426 4554 2529 4593 non
2555 4548 2716 4603 esset,
2752 4540 2854 4595 nisi
2877 4539 3027 4610 prius
3058 4554 3125 4593 ex
3165 4537 3331 4609 ipsius
3360 4537 3492 4592 radii
3515 4552 3676 4593 causa
3701 4550 3828 4605 pt‘O-

2248 4628 2482 4683 cederet.
2512 4628 2674 4683 Vides
2698 4630 2900 4699 itaque,
2929 4629 3129 4683 nullam
3174 4629 3439 4683 rationem
3482 4628 3722 4697 exigere,
3767 4633 3828 4678 ut

2250 4720 2506 4791 splendor
2523 4736 2587 4775 ex
2620 4721 2828 4777 duabus
2849 4723 3029 4777 causis
3055 4723 3332 4793 procedat,
3349 4720 3593 4791 quamvis
3612 4734 3677 4774 ex
3703 4718 3828 4787 igne

2247 4826 2346 4882 per
2372 4810 2580 4865 radium
2605 4825 2832 4867 manare
2881 4812 3231 4883 intelligatur,
3257 4827 3441 4867 verum
3484 4826 3551 4865 ex
3579 4824 3687 4864 una
3730 4822 3829 4862 ea—

2250 4900 2480 4972 demque
2508 4917 2670 4957 causa
2700 4912 2755 4957 et
2777 4903 2982 4959 radium
3020 4905 3189 4971 nasci,
3231 4912 3287 4959 et
3329 4902 3667 4972 splendorem
3706 4914 3833 4971 pro-

2250 4992 2466 5056 cedere,
2498 5009 2562 5048 ac
2592 5009 2688 5063 per
2733 4993 2833 5048 hcc
2861 5003 2916 5048 et
2943 4994 3282 5063 splendorem
3321 5008 3390 5048 ex
3424 4993 3545 5064 igne
3576 4991 3834 5060 radioque

2250 5085 2542 5154 procedere
2573 5084 2639 5152 “,
2672 5096 2861 5141 natura
2896 5087 3009 5157 ipsa
3045 5087 3091 5118 "
3114 5086 3371 5157 magistra
3416 5100 3525 5142 non
3566 5092 3727 5140 tacet.
3767 5081 3836 5138 Et

1845 5233 2099 5293 VARIAE
2135 5235 2541 5298 LECTIONES.

642 5353 731 5425 '_A
769 5371 912 5425 ergo.
1021 5358 1042 5389 ¹
1086 5367 1206 5413 sunt
1249 5373 1359 5414 om.
1392 5368 1459 5415 Α.

571 5422 900 5479 ὑοηὶιαεὶιἈ
945 5427 1193 5482 divinam.

572 5489 615 5521 “
643 5503 855 5545 sanctus
898 5510 1009 5548 om.
1040 5498 1104 5550 A.

1569 5362 1591 5394 ³
1617 5362 1679 5435 ῌᾹ
1734 5365 2062 5435 conﬁtemur.

1302 5430 1323 5461 ⁸
1353 5431 1444 5486 Sic
1472 5431 1549 5497 C;
1602 5433 1645 5486 A
1684 5435 1806 5487 nisi.

713 5503 855 5570 nctus
898 5500 1107 5570 ομιτΑἶ
1185 5501 1228 5570 ιξ
1257 5500 1301 5553 Α
1345 5501 1701 5570 intelligimus.

574 5558 617 5630 3?
670 5556 762 5630 Sic
801 5559 872 5625 c;
918 5566 963 5615 A
1003 5566 1330 5624 inuisibilem.
1440 5572 1482 5603 ια
1512 5556 1554 5626 Ἀ
1588 5572 1802 5630 Dicunt.

574 5627 619 5659 ⁸¹
647 5629 784 5685 duas
807 5647 994 5687 causas
1022 5636 1208 5693 habere
1227 5669 1297 5679 —
1332 5644 1560 5710 procedit
1586 5659 1697 5700 om.
1726 5627 1784 5703 C.

1898 5368 2488 5468 snittrL-M‘Jatque
2526 5376 2831 5468 confestim.
2858 5376 3166 5468 irnerffabilis.

1950 5439 1994 5490 Λ
2047 5441 2354 5507 grandibus.

1782 5503 1826 5535 ¹³
1854 5505 1897 5559 Α
1927 5517 1981 5560 ct
2017 5503 2084 5561 ab
2110 5524 2170 5562 eo
2196 5509 2381 5580 (Patre
2401 5514 2537 5583 om.)
2613 5517 2657 5547 "
2683 5517 2727 5570 A
2757 5503 2888 5572 sint.
2943 5503 2994 5551 ’⁸⁸
3025 5520 3066 5573 Α
3093 5503 3396 5574 secundum.
3445 5503 3517 5551 7“
3543 5503 3593 5572 ἕε
3630 5503 3740 5574 om.
3772 5503 3836 5571 A.

1787 5614 1802 5630 .
1904 5577 1947 5606 "
1992 5577 2033 5631 C
2061 5578 2307 5635 calentes.
2407 5586 2453 5615 ²⁰
2499 5585 2593 5635 Sic
2629 5584 2704 5635 C:
2758 5588 2800 5635 Α
2856 5589 3315 5635 cornnralinribus-
3416 5591 3459 5621 ¹¹
3499 5590 3538 5635 Α
3582 5589 3836 5635 caaimur.

1862 5646 1907 5680 "
1934 5647 1979 5703 Α
2004 5645 2115 5704 Sic.
2188 5649 2233 5681 “
2260 5669 2325 5707 ac
2348 5670 2439 5722 per
2459 5654 2556 5711 hoc
2578 5684 2648 5698 -
2684 5645 2959 5727 procedere
2988 5674 3094 5714 om.
3145 5659 3211 5714 Δ.

3269 5378 3291 5411 ⁸
3319 5377 3428 5450 Pro
3447 5448 3458 5450 ξ
3474 5395 3598 5450 ergo
3633 5377 3839 5434 diuinae

2466 5446 2489 5475 "
2514 5450 2560 5519 ᾼ
2589 5457 2707 5519 aut.
2794 5451 2831 5519 7’
2863 5447 2904 5504 C
2931 5450 3261 5519 qualitatem.
3360 5447 3399 5480 ¹⁹
3428 5448 3470 5504 C
3490 5446 3835 5519 differentiae.

2810 5451 2831 5482 ’
2863 5447 2904 5504 C
2931 5450 3261 5519 qualitatem.

2407 5585 2593 5659 '°_Sic
2629 5584 2704 5649 C;
2757 5588 2802 5640 A
2856 5589 3315 5659 corporalioribus.
3416 5591 3459 5621 “
3496 5590 3540 5642 A
3582 5589 3837 5659 cogimur.

3287 5659 3333 5693 ’⁸
3368 5660 3410 5715 C
3457 5660 3577 5714 ista.
