  <div class='ocr_page' id='page_1' title='image "/cluster/home/n/w/nwhite01/storage/ocr_20150623/122/pst.000018028355/342.png"; bbox 0 0 2118 3137; ppageno 0'>
   <div class='ocr_carea' id='block_1_1' title="bbox 210 173 264 202">
    <p class='ocr_par' dir='ltr' id='par_1_1' title="bbox 210 173 264 202">
     <span class='ocr_line' id='line_1_1' title="bbox 210 173 264 202; baseline 0 0"><span class='ocrx_word' id='word_1_1' title='bbox 210 173 264 202; x_wconf 73' lang='lat'><strong>609</strong></span> 
     </span>
    </p>
   </div>
   <div class='ocr_carea' id='block_1_2' title="bbox 624 167 1434 200">
    <p class='ocr_par' dir='ltr' id='par_1_2' title="bbox 624 167 1434 200">
     <span class='ocr_line' id='line_1_2' title="bbox 624 167 1434 200; baseline -0.002 -2"><span class='ocrx_word' id='word_1_2' title='bbox 624 171 669 200; x_wconf 84' lang='lat' dir='ltr'><strong>DE</strong></span> <span class='ocrx_word' id='word_1_3' title='bbox 689 171 858 199; x_wconf 84' lang='lat' dir='ltr'><strong>DIVISIONE</strong></span> <span class='ocrx_word' id='word_1_4' title='bbox 877 169 1051 198; x_wconf 73' lang='lat' dir='ltr'><strong>NATUIIAE.</strong></span> <span class='ocrx_word' id='word_1_5' title='bbox 1072 184 1106 190; x_wconf 82' lang='lat'><strong>--</strong></span> <span class='ocrx_word' id='word_1_6' title='bbox 1125 169 1224 197; x_wconf 81' lang='lat' dir='ltr'><strong>LIBER</strong></span> <span class='ocrx_word' id='word_1_7' title='bbox 1245 167 1434 197; x_wconf 83' lang='lat' dir='ltr'><strong>SECUNDUS.</strong></span> 
     </span>
    </p>
   </div>
   <div class='ocr_carea' id='block_1_3' title="bbox 1783 168 1836 197">
    <p class='ocr_par' dir='ltr' id='par_1_3' title="bbox 1783 168 1836 197">
     <span class='ocr_line' id='line_1_3' title="bbox 1783 168 1836 197; baseline 0.019 -1"><span class='ocrx_word' id='word_1_8' title='bbox 1783 168 1836 197; x_wconf 76' lang='lat'><strong>610</strong></span> 
     </span>
    </p>
   </div>
   <div class='ocr_carea' id='block_1_4' title="bbox 210 224 1850 263">
    <p class='ocr_par' dir='ltr' id='par_1_4' title="bbox 210 224 1850 263">
     <span class='ocr_line' id='line_1_4' title="bbox 210 224 1850 263; baseline -0.001 -9"><span class='ocrx_word' id='word_1_9' title='bbox 210 231 299 256; x_wconf 80' lang='lat' dir='ltr'><strong>adhuc</strong></span> <span class='ocrx_word' id='word_1_10' title='bbox 314 229 437 255; x_wconf 71' lang='lat' dir='ltr'><strong>virtutem</strong></span> <span class='ocrx_word' id='word_1_11' title='bbox 451 228 569 263; x_wconf 79' lang='lat' dir='ltr'><strong>ejusdem</strong></span> <span class='ocrx_word' id='word_1_12' title='bbox 590 228 703 261; x_wconf 82' lang='lat' dir='ltr'><strong>exentpli</strong></span> <span class='ocrx_word' id='word_1_13' title='bbox 727 230 844 254; x_wconf 85' lang='lat' dir='ltr'><strong>intentus</strong></span> <span class='ocrx_word' id='word_1_14' title='bbox 864 227 993 260; x_wconf 80' lang='lat' dir='ltr'><strong>perspice.</strong></span> <span class='ocrx_word' id='word_1_15' title='bbox 1011 230 1032 256; x_wconf 76' lang='grc' dir='ltr'>Α</span> <span class='ocrx_word' id='word_1_16' title='bbox 1047 225 1118 251; x_wconf 90' lang='lat' dir='ltr'><strong>sicut</strong></span> <span class='ocrx_word' id='word_1_17' title='bbox 1135 232 1186 260; x_wconf 80' lang='lat' dir='ltr'><strong>ego</strong></span> <span class='ocrx_word' id='word_1_18' title='bbox 1197 225 1222 250; x_wconf 90' lang='lat' dir='ltr'><strong>in</strong></span> <span class='ocrx_word' id='word_1_19' title='bbox 1239 224 1329 256; x_wconf 67' lang='lat' dir='ltr'><strong>Patre,</strong></span> <span class='ocrx_word' id='word_1_20' title='bbox 1340 230 1367 251; x_wconf 90' lang='lat' dir='ltr'><strong>et</strong></span> <span class='ocrx_word' id='word_1_21' title='bbox 1381 225 1460 251; x_wconf 84' lang='lat' dir='ltr'><strong>Pater</strong></span> <span class='ocrx_word' id='word_1_22' title='bbox 1475 224 1500 250; x_wconf 91' lang='lat' dir='ltr'><strong>in</strong></span> <span class='ocrx_word' id='word_1_23' title='bbox 1517 232 1560 251; x_wconf 88' lang='lat' dir='ltr'><strong>me</strong></span> <span class='ocrx_word' id='word_1_24' title='bbox 1578 225 1606 257; x_wconf 90' lang='lat'><strong>&quot;;</strong></span> <span class='ocrx_word' id='word_1_25' title='bbox 1631 224 1666 252; x_wconf 91' lang='lat' dir='ltr'><strong>ita</strong></span> <span class='ocrx_word' id='word_1_26' title='bbox 1691 228 1718 252; x_wconf 86' lang='lat' dir='ltr'><strong>ct</strong></span> <span class='ocrx_word' id='word_1_27' title='bbox 1740 233 1789 260; x_wconf 80' lang='lat' dir='ltr'><strong>ego</strong></span> <span class='ocrx_word' id='word_1_28' title='bbox 1806 224 1850 253; x_wconf 79' lang='lat' dir='ltr'><strong>et’</strong></span> 
     </span>
    </p>
   </div>
   <div class='ocr_carea' id='block_1_5' title="bbox 212 272 993 308">
    <p class='ocr_par' dir='ltr' id='par_1_5' title="bbox 212 272 993 308">
     <span class='ocr_line' id='line_1_5' title="bbox 212 272 993 308; baseline -0.004 -8"><span class='ocrx_word' id='word_1_29' title='bbox 212 275 314 301; x_wconf 69' lang='lat' dir='ltr'><strong>Itailius</strong></span> <span class='ocrx_word' id='word_1_30' title='bbox 328 275 384 308; x_wconf 85' lang='lat' dir='ltr'><strong>ipse</strong></span> <span class='ocrx_word' id='word_1_31' title='bbox 394 282 426 301; x_wconf 78' lang='lat' dir='ltr'><strong>ex</strong></span> <span class='ocrx_word' id='word_1_32' title='bbox 440 275 500 307; x_wconf 81' lang='lat' dir='ltr'><strong>igne</strong></span> <span class='ocrx_word' id='word_1_33' title='bbox 511 280 623 300; x_wconf 85' lang='lat' dir='ltr'><strong>nascens</strong></span> <span class='ocrx_word' id='word_1_34' title='bbox 635 281 685 299; x_wconf 87' lang='lat' dir='ltr'><strong>nott</strong></span> <span class='ocrx_word' id='word_1_35' title='bbox 700 274 736 298; x_wconf 88' lang='lat' dir='ltr'><strong>ita</strong></span> <span class='ocrx_word' id='word_1_36' title='bbox 751 273 879 302; x_wconf 86' lang='lat' dir='ltr'><strong>nascitur,</strong></span> <span class='ocrx_word' id='word_1_37' title='bbox 903 276 931 298; x_wconf 92' lang='lat' dir='ltr'><strong>ut</strong></span> <span class='ocrx_word' id='word_1_38' title='bbox 953 272 993 305; x_wconf 60' lang='lat' dir='ltr'><strong>5i-</strong></span> 
     </span>
    </p>
   </div>
   <div class='ocr_carea' id='block_1_6' title="bbox 211 318 991 354">
    <p class='ocr_par' dir='ltr' id='par_1_6' title="bbox 211 318 991 354">
     <span class='ocr_line' id='line_1_6' title="bbox 211 318 991 354; baseline -0.004 -8"><span class='ocrx_word' id='word_1_39' title='bbox 211 325 335 354; x_wconf 72' lang='lat' dir='ltr'><strong>gnentem</strong></span> <span class='ocrx_word' id='word_1_40' title='bbox 347 328 376 346; x_wconf 85' lang='lat' dir='ltr'><strong>se</strong></span> <span class='ocrx_word' id='word_1_41' title='bbox 389 320 475 354; x_wconf 87' lang='lat' dir='ltr'><strong>ignem</strong></span> <span class='ocrx_word' id='word_1_42' title='bbox 486 319 645 345; x_wconf 82' lang='lat' dir='ltr'><strong>deserataut</strong></span> <span class='ocrx_word' id='word_1_43' title='bbox 657 318 746 352; x_wconf 79' lang='lat' dir='ltr'><strong>aliquo</strong></span> <span class='ocrx_word' id='word_1_44' title='bbox 760 318 838 344; x_wconf 87' lang='lat' dir='ltr'><strong>modo</strong></span> <span class='ocrx_word' id='word_1_45' title='bbox 849 318 991 351; x_wconf 86' lang='lat' dir='ltr'><strong>relinquat;</strong></span> 
     </span>
    </p>
   </div>
   <div class='ocr_carea' id='block_1_7' title="bbox 211 363 992 399">
    <p class='ocr_par' dir='ltr' id='par_1_7' title="bbox 211 363 992 399">
     <span class='ocr_line' id='line_1_7' title="bbox 211 363 992 399; baseline -0.003 -8"><span class='ocrx_word' id='word_1_46' title='bbox 211 366 257 391; x_wconf 65' lang='lat' dir='ltr'><strong>sed</strong></span> <span class='ocrx_word' id='word_1_47' title='bbox 271 366 305 392; x_wconf 89' lang='lat' dir='ltr'><strong>ita</strong></span> <span class='ocrx_word' id='word_1_48' title='bbox 318 366 444 399; x_wconf 80' lang='lat' dir='ltr'><strong>gignitur.</strong></span> <span class='ocrx_word' id='word_1_49' title='bbox 460 369 487 390; x_wconf 88' lang='grc' dir='ltr'><strong>ιιι</strong></span> <span class='ocrx_word' id='word_1_50' title='bbox 505 365 590 391; x_wconf 77' lang='lat' dir='ltr'><strong>virttis</strong></span> <span class='ocrx_word' id='word_1_51' title='bbox 606 364 696 398; x_wconf 80' lang='lat' dir='ltr'><strong>ignea,</strong></span> <span class='ocrx_word' id='word_1_52' title='bbox 715 371 784 398; x_wconf 85' lang='lat' dir='ltr'><strong>quae</strong></span> <span class='ocrx_word' id='word_1_53' title='bbox 812 371 873 390; x_wconf 87' lang='lat' dir='ltr'><strong>eum</strong></span> <span class='ocrx_word' id='word_1_54' title='bbox 897 363 992 397; x_wconf 55' lang='lat' dir='ltr'><strong>gignit,</strong></span> 
     </span>
    </p>
   </div>
   <div class='ocr_carea' id='block_1_8' title="bbox 210 407 992 444">
    <p class='ocr_par' dir='ltr' id='par_1_8' title="bbox 210 407 992 444">
     <span class='ocr_line' id='line_1_8' title="bbox 210 407 992 444; baseline -0.003 -9"><span class='ocrx_word' id='word_1_55' title='bbox 210 417 314 444; x_wconf 68' lang='lat' dir='ltr'><strong>senttper</strong></span> <span class='ocrx_word' id='word_1_56' title='bbox 326 414 351 435; x_wconf 87' lang='lat' dir='ltr'><strong>et</strong></span> <span class='ocrx_word' id='word_1_57' title='bbox 368 409 464 442; x_wconf 79' lang='lat' dir='ltr'><strong>ultique</strong></span> <span class='ocrx_word' id='word_1_58' title='bbox 480 408 695 442; x_wconf 77' lang='lat' dir='ltr'><strong>inseparabiliter</strong></span> <span class='ocrx_word' id='word_1_59' title='bbox 709 412 737 434; x_wconf 88' lang='lat' dir='ltr'><strong>et</strong></span> <span class='ocrx_word' id='word_1_60' title='bbox 750 407 951 434; x_wconf 87' lang='lat' dir='ltr'><strong>immutabiliter</strong></span> <span class='ocrx_word' id='word_1_61' title='bbox 966 408 992 434; x_wconf 91' lang='lat' dir='ltr'><strong>in</strong></span> 
     </span>
    </p>
   </div>
   <div class='ocr_carea' id='block_1_9' title="bbox 209 455 992 490">
    <p class='ocr_par' dir='ltr' id='par_1_9' title="bbox 209 455 992 490">
     <span class='ocr_line' id='line_1_9' title="bbox 209 455 992 490; baseline 0 -10"><span class='ocrx_word' id='word_1_62' title='bbox 209 464 241 481; x_wconf 83' lang='lat' dir='ltr'><strong>co</strong></span> <span class='ocrx_word' id='word_1_63' title='bbox 253 461 417 490; x_wconf 82' lang='lat' dir='ltr'><strong>permaneat,</strong></span> <span class='ocrx_word' id='word_1_64' title='bbox 431 460 485 482; x_wconf 91' lang='lat' dir='ltr'><strong>tota</strong></span> <span class='ocrx_word' id='word_1_65' title='bbox 501 456 526 482; x_wconf 94' lang='lat' dir='ltr'><strong>in</strong></span> <span class='ocrx_word' id='word_1_66' title='bbox 542 461 608 485; x_wconf 86' lang='lat' dir='ltr'><strong>toto,</strong></span> <span class='ocrx_word' id='word_1_67' title='bbox 619 459 646 481; x_wconf 88' lang='lat' dir='ltr'><strong>et</strong></span> <span class='ocrx_word' id='word_1_68' title='bbox 659 459 730 481; x_wconf 89' lang='lat' dir='ltr'><strong>totus</strong></span> <span class='ocrx_word' id='word_1_69' title='bbox 741 455 766 481; x_wconf 92' lang='lat' dir='ltr'><strong>in</strong></span> <span class='ocrx_word' id='word_1_70' title='bbox 783 458 847 486; x_wconf 91' lang='lat' dir='ltr'><strong>tota,</strong></span> <span class='ocrx_word' id='word_1_71' title='bbox 862 458 890 480; x_wconf 88' lang='lat' dir='ltr'><strong>et</strong></span> <span class='ocrx_word' id='word_1_72' title='bbox 910 462 992 481; x_wconf 90' lang='lat' dir='ltr'><strong>unum</strong></span> 
     </span>
    </p>
   </div>
   <div class='ocr_carea' id='block_1_10' title="bbox 208 500 993 537">
    <p class='ocr_par' dir='ltr' id='par_1_10' title="bbox 208 500 993 537">
     <span class='ocr_line' id='line_1_10' title="bbox 208 500 993 537; baseline -0.001 -11"><span class='ocrx_word' id='word_1_73' title='bbox 208 503 268 532; x_wconf 77' lang='lat' dir='ltr'><strong>duo,</strong></span> <span class='ocrx_word' id='word_1_74' title='bbox 281 507 307 528; x_wconf 88' lang='lat' dir='ltr'><strong>et</strong></span> <span class='ocrx_word' id='word_1_75' title='bbox 321 502 373 529; x_wconf 89' lang='lat' dir='ltr'><strong>duo</strong></span> <span class='ocrx_word' id='word_1_76' title='bbox 385 511 478 529; x_wconf 90' lang='lat' dir='ltr'><strong>unttm.</strong></span> <span class='ocrx_word' id='word_1_77' title='bbox 500 503 534 530; x_wconf 84' lang='lat' dir='ltr'><strong>Et</strong></span> <span class='ocrx_word' id='word_1_78' title='bbox 553 503 676 537; x_wconf 76' lang='lat' dir='ltr'><strong>quamvis</strong></span> <span class='ocrx_word' id='word_1_79' title='bbox 687 503 808 530; x_wconf 88' lang='lat' dir='ltr'><strong>videatur</strong></span> <span class='ocrx_word' id='word_1_80' title='bbox 823 501 948 535; x_wconf 79' lang='lat' dir='ltr'><strong>splendor</strong></span> <span class='ocrx_word' id='word_1_81' title='bbox 960 500 993 526; x_wconf 89' lang='lat' dir='ltr'><strong>de</strong></span> 
     </span>
    </p>
   </div>
   <div class='ocr_carea' id='block_1_11' title="bbox 206 546 992 581">
    <p class='ocr_par' dir='ltr' id='par_1_11' title="bbox 206 546 992 581">
     <span class='ocr_line' id='line_1_11' title="bbox 206 546 992 581; baseline -0.001 -10"><span class='ocrx_word' id='word_1_82' title='bbox 206 546 282 572; x_wconf 82' lang='lat' dir='ltr'><strong>radio</strong></span> <span class='ocrx_word' id='word_1_83' title='bbox 294 547 378 577; x_wconf 77' lang='lat' dir='ltr'><strong>exire,</strong></span> <span class='ocrx_word' id='word_1_84' title='bbox 394 554 446 574; x_wconf 92' lang='lat' dir='ltr'><strong>non</strong></span> <span class='ocrx_word' id='word_1_85' title='bbox 465 552 555 574; x_wconf 87' lang='lat' dir='ltr'><strong>tatnett</strong></span> <span class='ocrx_word' id='word_1_86' title='bbox 577 555 609 574; x_wconf 85' lang='lat' dir='ltr'><strong>cx</strong></span> <span class='ocrx_word' id='word_1_87' title='bbox 634 547 692 581; x_wconf 85' lang='lat' dir='ltr'><strong>ipso</strong></span> <span class='ocrx_word' id='word_1_88' title='bbox 707 547 792 577; x_wconf 84' lang='lat' dir='ltr'><strong>radio,</strong></span> <span class='ocrx_word' id='word_1_89' title='bbox 816 546 842 572; x_wconf 92' lang='lat' dir='ltr'><strong>in</strong></span> <span class='ocrx_word' id='word_1_90' title='bbox 863 550 992 579; x_wconf 89' lang='lat' dir='ltr'><strong>quantum</strong></span> 
     </span>
    </p>
   </div>
   <div class='ocr_carea' id='block_1_12' title="bbox 206 591 992 626">
    <p class='ocr_par' dir='ltr' id='par_1_12' title="bbox 206 591 992 626">
     <span class='ocr_line' id='line_1_12' title="bbox 206 591 992 626; baseline 0.001 -11"><span class='ocrx_word' id='word_1_91' title='bbox 206 591 297 618; x_wconf 80' lang='lat' dir='ltr'><strong>radius</strong></span> <span class='ocrx_word' id='word_1_92' title='bbox 311 596 362 622; x_wconf 86' lang='lat' dir='ltr'><strong>est,</strong></span> <span class='ocrx_word' id='word_1_93' title='bbox 375 592 421 618; x_wconf 88' lang='lat' dir='ltr'><strong>sed</strong></span> <span class='ocrx_word' id='word_1_94' title='bbox 433 599 466 618; x_wconf 85' lang='lat' dir='ltr'><strong>ex</strong></span> <span class='ocrx_word' id='word_1_95' title='bbox 488 596 496 611; x_wconf 77' lang='grc' dir='ltr'><strong>ι</strong></span> <span class='ocrx_word' id='word_1_96' title='bbox 509 592 566 626; x_wconf 84' lang='lat' dir='ltr'><strong>ipsa</strong></span> <span class='ocrx_word' id='word_1_97' title='bbox 581 592 680 619; x_wconf 86' lang='lat' dir='ltr'><strong>virtute</strong></span> <span class='ocrx_word' id='word_1_98' title='bbox 691 591 820 626; x_wconf 81' lang='lat' dir='ltr'><strong>procedit,</strong></span> <span class='ocrx_word' id='word_1_99' title='bbox 835 599 867 617; x_wconf 80' lang='lat' dir='ltr'><strong>ex</strong></span> <span class='ocrx_word' id='word_1_100' title='bbox 882 598 932 624; x_wconf 90' lang='lat' dir='ltr'><strong>qua</strong></span> <span class='ocrx_word' id='word_1_101' title='bbox 949 598 992 616; x_wconf 91' lang='lat' dir='ltr'><strong>ra-</strong></span> 
     </span>
    </p>
   </div>
   <div class='ocr_carea' id='block_1_13' title="bbox 206 636 992 670">
    <p class='ocr_par' dir='ltr' id='par_1_13' title="bbox 206 636 992 670">
     <span class='ocr_line' id='line_1_13' title="bbox 206 636 992 670; baseline -0.001 -9"><span class='ocrx_word' id='word_1_102' title='bbox 206 636 267 662; x_wconf 85' lang='lat' dir='ltr'><strong>dius</strong></span> <span class='ocrx_word' id='word_1_103' title='bbox 283 636 413 668; x_wconf 80' lang='lat' dir='ltr'><strong>nascitur,</strong></span> <span class='ocrx_word' id='word_1_104' title='bbox 424 641 451 663; x_wconf 90' lang='lat' dir='ltr'><strong>et</strong></span> <span class='ocrx_word' id='word_1_105' title='bbox 463 644 532 670; x_wconf 85' lang='lat' dir='ltr'><strong>quae</strong></span> <span class='ocrx_word' id='word_1_106' title='bbox 547 641 599 664; x_wconf 89' lang='lat' dir='ltr'><strong>tota</strong></span> <span class='ocrx_word' id='word_1_107' title='bbox 612 641 638 663; x_wconf 92' lang='lat' dir='ltr'><strong>et</strong></span> <span class='ocrx_word' id='word_1_108' title='bbox 649 640 733 663; x_wconf 84' lang='lat' dir='ltr'><strong>totout</strong></span> <span class='ocrx_word' id='word_1_109' title='bbox 749 636 853 662; x_wconf 89' lang='lat' dir='ltr'><strong>radium</strong></span> <span class='ocrx_word' id='word_1_110' title='bbox 867 640 894 662; x_wconf 87' lang='lat' dir='ltr'><strong>et</strong></span> <span class='ocrx_word' id='word_1_111' title='bbox 908 639 992 661; x_wconf 88' lang='lat' dir='ltr'><strong>totum</strong></span> 
     </span>
    </p>
   </div>
   <div class='ocr_carea' id='block_1_14' title="bbox 206 680 993 715">
    <p class='ocr_par' dir='ltr' id='par_1_14' title="bbox 206 680 993 715">
     <span class='ocr_line' id='line_1_14' title="bbox 206 680 993 715; baseline -0.001 -10"><span class='ocrx_word' id='word_1_112' title='bbox 206 680 377 714; x_wconf 73' lang='lat' dir='ltr'><strong>splendorem</strong></span> <span class='ocrx_word' id='word_1_113' title='bbox 391 686 515 715; x_wconf 78' lang='lat' dir='ltr'><strong>penetrat</strong></span> <span class='ocrx_word' id='word_1_114' title='bbox 528 686 609 714; x_wconf 86' lang='lat' dir='ltr'><strong>atque</strong></span> <span class='ocrx_word' id='word_1_115' title='bbox 624 681 726 715; x_wconf 91' lang='lat' dir='ltr'><strong>implet.</strong></span> <span class='ocrx_word' id='word_1_116' title='bbox 741 680 779 707; x_wconf 84' lang='lat' dir='ltr'><strong>Ac</strong></span> <span class='ocrx_word' id='word_1_117' title='bbox 790 688 838 714; x_wconf 87' lang='lat' dir='ltr'><strong>per</strong></span> <span class='ocrx_word' id='word_1_118' title='bbox 851 680 901 706; x_wconf 88' lang='lat' dir='ltr'><strong>Itoc</strong></span> <span class='ocrx_word' id='word_1_119' title='bbox 917 683 993 706; x_wconf 88' lang='lat' dir='ltr'><strong>natu-</strong></span> 
     </span>
    </p>
   </div>
   <div class='ocr_carea' id='block_1_15' title="bbox 207 724 992 760">
    <p class='ocr_par' dir='ltr' id='par_1_15' title="bbox 207 724 992 760">
     <span class='ocr_line' id='line_1_15' title="bbox 207 724 992 760; baseline -0.003 -9"><span class='ocrx_word' id='word_1_120' title='bbox 207 727 264 751; x_wconf 84' lang='lat' dir='ltr'><strong>rale</strong></span> <span class='ocrx_word' id='word_1_121' title='bbox 284 726 433 760; x_wconf 78' lang='lat' dir='ltr'><strong>exemplum</strong></span> <span class='ocrx_word' id='word_1_122' title='bbox 455 727 488 753; x_wconf 87' lang='lat' dir='ltr'><strong>ad</strong></span> <span class='ocrx_word' id='word_1_123' title='bbox 507 735 614 753; x_wconf 79' lang='lat' dir='ltr'><strong>causam</strong></span> <span class='ocrx_word' id='word_1_124' title='bbox 630 726 761 758; x_wconf 90' lang='lat' dir='ltr'><strong>ontninm,</strong></span> <span class='ocrx_word' id='word_1_125' title='bbox 788 733 857 759; x_wconf 91' lang='lat' dir='ltr'><strong>quae</strong></span> <span class='ocrx_word' id='word_1_126' title='bbox 880 724 949 750; x_wconf 88' lang='lat' dir='ltr'><strong>trina</strong></span> <span class='ocrx_word' id='word_1_127' title='bbox 966 727 992 750; x_wconf 88' lang='lat' dir='ltr'><strong>et</strong></span> 
     </span>
    </p>
   </div>
   <div class='ocr_carea' id='block_1_16' title="bbox 207 768 993 803">
    <p class='ocr_par' dir='ltr' id='par_1_16' title="bbox 207 768 993 803">
     <span class='ocr_line' id='line_1_16' title="bbox 207 768 993 803; baseline -0.001 -9"><span class='ocrx_word' id='word_1_128' title='bbox 207 777 258 795; x_wconf 89' lang='lat' dir='ltr'><strong>una</strong></span> <span class='ocrx_word' id='word_1_129' title='bbox 275 775 326 800; x_wconf 80' lang='lat' dir='ltr'><strong>est,</strong></span> <span class='ocrx_word' id='word_1_130' title='bbox 343 770 468 803; x_wconf 87' lang='lat' dir='ltr'><strong>qnoniant</strong></span> <span class='ocrx_word' id='word_1_131' title='bbox 497 770 602 796; x_wconf 88' lang='lat' dir='ltr'><strong>trinitas</strong></span> <span class='ocrx_word' id='word_1_132' title='bbox 625 770 650 796; x_wconf 90' lang='lat' dir='ltr'><strong>in</strong></span> <span class='ocrx_word' id='word_1_133' title='bbox 671 770 773 796; x_wconf 85' lang='lat' dir='ltr'><strong>unitate</strong></span> <span class='ocrx_word' id='word_1_134' title='bbox 787 773 814 796; x_wconf 84' lang='lat' dir='ltr'><strong>et</strong></span> <span class='ocrx_word' id='word_1_135' title='bbox 836 768 955 795; x_wconf 82' lang='lat' dir='ltr'><strong>creditur</strong></span> <span class='ocrx_word' id='word_1_136' title='bbox 966 773 993 794; x_wconf 86' lang='lat' dir='ltr'><strong>et</strong></span> 
     </span>
    </p>
   </div>
   <div class='ocr_carea' id='block_1_17' title="bbox 206 814 993 848">
    <p class='ocr_par' dir='ltr' id='par_1_17' title="bbox 206 814 993 848">
     <span class='ocr_line' id='line_1_17' title="bbox 206 814 993 848; baseline 0 -9"><span class='ocrx_word' id='word_1_137' title='bbox 206 814 362 848; x_wconf 78' lang='lat' dir='ltr'><strong>intelligitur</strong></span> <span class='ocrx_word' id='word_1_138' title='bbox 376 822 445 845; x_wconf 83' lang='lat' dir='ltr'><strong>esse,</strong></span> <span class='ocrx_word' id='word_1_139' title='bbox 460 822 601 848; x_wconf 87' lang='lat' dir='ltr'><strong>possumus</strong></span> <span class='ocrx_word' id='word_1_140' title='bbox 614 815 772 845; x_wconf 85' lang='lat' dir='ltr'><strong>ascendere,</strong></span> <span class='ocrx_word' id='word_1_141' title='bbox 792 819 822 840; x_wconf 87' lang='lat' dir='ltr'><strong>ut</strong></span> <span class='ocrx_word' id='word_1_142' title='bbox 847 820 993 848; x_wconf 86' lang='lat' dir='ltr'><strong>cognosca-</strong></span> 
     </span>
    </p>
   </div>
   <div class='ocr_carea' id='block_1_18' title="bbox 205 858 993 892">
    <p class='ocr_par' dir='ltr' id='par_1_18' title="bbox 205 858 993 892">
     <span class='ocr_line' id='line_1_18' title="bbox 205 858 993 892; baseline 0.001 -10"><span class='ocrx_word' id='word_1_143' title='bbox 205 865 265 883; x_wconf 90' lang='lat' dir='ltr'><strong>tnus</strong></span> <span class='ocrx_word' id='word_1_144' title='bbox 284 858 390 884; x_wconf 83' lang='lat' dir='ltr'><strong>I&#39;atrcm</strong></span> <span class='ocrx_word' id='word_1_145' title='bbox 403 863 430 884; x_wconf 89' lang='lat' dir='ltr'><strong>et</strong></span> <span class='ocrx_word' id='word_1_146' title='bbox 443 858 538 884; x_wconf 87' lang='lat' dir='ltr'><strong>Filiunt</strong></span> <span class='ocrx_word' id='word_1_147' title='bbox 547 864 574 886; x_wconf 85' lang='lat' dir='ltr'><strong>et.</strong></span> <span class='ocrx_word' id='word_1_148' title='bbox 584 858 713 892; x_wconf 87' lang='lat' dir='ltr'><strong>Spiritum</strong></span> <span class='ocrx_word' id='word_1_149' title='bbox 725 862 846 885; x_wconf 84' lang='lat' dir='ltr'><strong>sanetum</strong></span> <span class='ocrx_word' id='word_1_150' title='bbox 861 862 916 884; x_wconf 89' lang='lat' dir='ltr'><strong>tres</strong></span> <span class='ocrx_word' id='word_1_151' title='bbox 928 865 993 884; x_wconf 86' lang='lat' dir='ltr'><strong>catt-</strong></span> 
     </span>
    </p>
   </div>
   <div class='ocr_carea' id='block_1_19' title="bbox 1047 270 1834 306">
    <p class='ocr_par' dir='ltr' id='par_1_19' title="bbox 1047 270 1834 306">
     <span class='ocr_line' id='line_1_19' title="bbox 1047 270 1834 306; baseline 0.001 -9"><span class='ocrx_word' id='word_1_152' title='bbox 1047 272 1125 298; x_wconf 87' lang='lat' dir='ltr'><strong>Patcr</strong></span> <span class='ocrx_word' id='word_1_153' title='bbox 1143 272 1168 297; x_wconf 94' lang='lat' dir='ltr'><strong>in</strong></span> <span class='ocrx_word' id='word_1_154' title='bbox 1187 270 1289 305; x_wconf 84' lang='lat' dir='ltr'><strong>Spiritu</strong></span> <span class='ocrx_word' id='word_1_155' title='bbox 1306 276 1399 297; x_wconf 88' lang='lat' dir='ltr'><strong>sancto</strong></span> <span class='ocrx_word' id='word_1_156' title='bbox 1420 278 1522 302; x_wconf 80' lang='lat' dir='ltr'><strong>sumus,</strong></span> <span class='ocrx_word' id='word_1_157' title='bbox 1535 275 1563 298; x_wconf 89' lang='lat' dir='ltr'><strong>et</strong></span> <span class='ocrx_word' id='word_1_158' title='bbox 1587 271 1704 306; x_wconf 88' lang='lat' dir='ltr'><strong>Spiritus</strong></span> <span class='ocrx_word' id='word_1_159' title='bbox 1723 276 1834 298; x_wconf 72' lang='lat' dir='ltr'><strong>sanctus</strong></span> 
     </span>
    </p>
   </div>
   <div class='ocr_carea' id='block_1_20' title="bbox 1046 315 1830 350">
    <p class='ocr_par' dir='ltr' id='par_1_20' title="bbox 1046 315 1830 350">
     <span class='ocr_line' id='line_1_20' title="bbox 1046 315 1830 350; baseline 0.001 -8"><span class='ocrx_word' id='word_1_160' title='bbox 1046 316 1072 342; x_wconf 94' lang='lat' dir='ltr'><strong>in</strong></span> <span class='ocrx_word' id='word_1_161' title='bbox 1088 315 1164 342; x_wconf 90' lang='lat' dir='ltr'><strong>nobis</strong></span> <span class='ocrx_word' id='word_1_162' title='bbox 1179 320 1229 346; x_wconf 85' lang='lat' dir='ltr'><strong>est,</strong></span> <span class='ocrx_word' id='word_1_163' title='bbox 1251 315 1312 348; x_wconf 88' lang='lat' dir='ltr'><strong>quia</strong></span> <span class='ocrx_word' id='word_1_164' title='bbox 1328 315 1404 341; x_wconf 81' lang='lat' dir='ltr'><strong>nobis</strong></span> <span class='ocrx_word' id='word_1_165' title='bbox 1417 316 1614 348; x_wconf 79' lang='lat' dir='ltr'><strong>cocssentialis,</strong></span> <span class='ocrx_word' id='word_1_166' title='bbox 1630 321 1656 343; x_wconf 88' lang='lat' dir='ltr'><strong>et</strong></span> <span class='ocrx_word' id='word_1_167' title='bbox 1671 317 1830 350; x_wconf 67' lang='lat' dir='ltr'><strong>coaequatis.</strong></span> 
     </span>
    </p>
   </div>
   <div class='ocr_carea' id='block_1_21' title="bbox 1045 360 1830 392">
    <p class='ocr_par' dir='ltr' id='par_1_21' title="bbox 1045 360 1830 392">
     <span class='ocr_line' id='line_1_21' title="bbox 1045 360 1830 392; baseline 0.003 -6"><span class='ocrx_word' id='word_1_168' title='bbox 1045 364 1071 386; x_wconf 89' lang='lat' dir='ltr'><strong>et</strong></span> <span class='ocrx_word' id='word_1_169' title='bbox 1086 364 1139 386; x_wconf 82' lang='lat' dir='ltr'><strong>tres</strong></span> <span class='ocrx_word' id='word_1_170' title='bbox 1160 367 1241 386; x_wconf 91' lang='lat' dir='ltr'><strong>unum</strong></span> <span class='ocrx_word' id='word_1_171' title='bbox 1257 367 1358 387; x_wconf 88' lang='lat' dir='ltr'><strong>sunms.</strong></span> <span class='ocrx_word' id='word_1_172' title='bbox 1383 364 1436 386; x_wconf 86' lang='lat' dir='ltr'><strong>tres</strong></span> <span class='ocrx_word' id='word_1_173' title='bbox 1460 360 1583 387; x_wconf 81' lang='lat' dir='ltr'><strong>videlicet</strong></span> <span class='ocrx_word' id='word_1_174' title='bbox 1606 361 1830 392; x_wconf 80' lang='lat' dir='ltr'><strong>substantialiter,</strong></span> 
     </span>
    </p>
   </div>
   <div class='ocr_carea' id='block_1_22' title="bbox 1044 401 1833 441">
    <p class='ocr_par' dir='ltr' id='par_1_22' title="bbox 1044 401 1833 441">
     <span class='ocr_line' id='line_1_22' title="bbox 1044 401 1833 441; baseline 0.003 -9"><span class='ocrx_word' id='word_1_175' title='bbox 1044 405 1223 432; x_wconf 83' lang='lat' dir='ltr'><strong>essentialiler</strong></span> <span class='ocrx_word' id='word_1_176' title='bbox 1237 413 1329 431; x_wconf 92' lang='lat' dir='ltr'><strong>unum.</strong></span> <span class='ocrx_word' id='word_1_177' title='bbox 1344 405 1452 436; x_wconf 77' lang='lat' dir='ltr'><strong>Etvide,</strong></span> <span class='ocrx_word' id='word_1_178' title='bbox 1465 401 1598 440; x_wconf 86' lang='lat' dir='ltr'><strong>quomodo</strong></span> <span class='ocrx_word' id='word_1_179' title='bbox 1611 406 1666 440; x_wconf 92' lang='lat' dir='ltr'><strong>ipse</strong></span> <span class='ocrx_word' id='word_1_180' title='bbox 1678 406 1760 434; x_wconf 82' lang='lat' dir='ltr'><strong>Filius</strong></span> <span class='ocrx_word' id='word_1_181' title='bbox 1772 405 1833 441; x_wconf 86' lang='lat' dir='ltr'><strong>Spi-</strong></span> 
     </span>
    </p>
   </div>
   <div class='ocr_carea' id='block_1_23' title="bbox 1044 449 1831 486">
    <p class='ocr_par' dir='ltr' id='par_1_23' title="bbox 1044 449 1831 486">
     <span class='ocr_line' id='line_1_23' title="bbox 1044 449 1831 486; baseline 0.005 -11"><span class='ocrx_word' id='word_1_182' title='bbox 1044 450 1124 476; x_wconf 88' lang='lat' dir='ltr'><strong>ritum</strong></span> <span class='ocrx_word' id='word_1_183' title='bbox 1141 454 1262 476; x_wconf 87' lang='lat' dir='ltr'><strong>sanctum</strong></span> <span class='ocrx_word' id='word_1_184' title='bbox 1279 450 1312 476; x_wconf 87' lang='lat' dir='ltr'><strong>ad</strong></span> <span class='ocrx_word' id='word_1_185' title='bbox 1326 449 1411 476; x_wconf 88' lang='lat' dir='ltr'><strong>solum</strong></span> <span class='ocrx_word' id='word_1_186' title='bbox 1423 449 1540 480; x_wconf 81' lang='lat' dir='ltr'><strong>Panem,</strong></span> <span class='ocrx_word' id='word_1_187' title='bbox 1553 450 1659 476; x_wconf 82' lang='lat' dir='ltr'><strong>unicam</strong></span> <span class='ocrx_word' id='word_1_188' title='bbox 1675 452 1772 486; x_wconf 79' lang='lat' dir='ltr'><strong>quippe</strong></span> <span class='ocrx_word' id='word_1_189' title='bbox 1789 451 1831 479; x_wconf 78' lang='lat' dir='ltr'><strong>sui</strong></span> 
     </span>
    </p>
   </div>
   <div class='ocr_carea' id='block_1_24' title="bbox 1043 493 1832 531">
    <p class='ocr_par' dir='ltr' id='par_1_24' title="bbox 1043 493 1832 531">
     <span class='ocr_line' id='line_1_24' title="bbox 1043 493 1832 531; baseline 0.003 -10"><span class='ocrx_word' id='word_1_190' title='bbox 1043 502 1151 521; x_wconf 90' lang='lat' dir='ltr'><strong>causam</strong></span> <span class='ocrx_word' id='word_1_191' title='bbox 1174 494 1264 526; x_wconf 76' lang='lat' dir='ltr'><strong>refert,</strong></span> <span class='ocrx_word' id='word_1_192' title='bbox 1278 495 1339 521; x_wconf 90' lang='lat' dir='ltr'><strong>dum</strong></span> <span class='ocrx_word' id='word_1_193' title='bbox 1354 494 1418 521; x_wconf 89' lang='lat' dir='ltr'><strong>dicit</strong></span> <span class='ocrx_word' id='word_1_194' title='bbox 1434 503 1440 521; x_wconf 89' lang='lat'>:</span> <span class='ocrx_word' id='word_1_195' title='bbox 1459 493 1612 521; x_wconf 77' lang='lat' dir='ltr'><strong>Pnrncletus</strong></span> <span class='ocrx_word' id='word_1_196' title='bbox 1630 500 1726 528; x_wconf 82' lang='lat' dir='ltr'><strong>autem,</strong></span> <span class='ocrx_word' id='word_1_197' title='bbox 1744 496 1832 531; x_wconf 76' lang='lat' dir='ltr'><strong>Spiri-</strong></span> 
     </span>
    </p>
   </div>
   <div class='ocr_carea' id='block_1_25' title="bbox 1044 537 1832 574">
    <p class='ocr_par' dir='ltr' id='par_1_25' title="bbox 1044 537 1832 574">
     <span class='ocr_line' id='line_1_25' title="bbox 1044 537 1832 574; baseline 0.004 -9"><span class='ocrx_word' id='word_1_198' title='bbox 1044 543 1085 565; x_wconf 83' lang='lat' dir='ltr'><strong>tus</strong></span> <span class='ocrx_word' id='word_1_199' title='bbox 1098 544 1214 570; x_wconf 75' lang='lat' dir='ltr'><strong>sanctus,</strong></span> <span class='ocrx_word' id='word_1_200' title='bbox 1232 547 1306 574; x_wconf 83' lang='lat' dir='ltr'><strong>quem</strong></span> <span class='ocrx_word' id='word_1_201' title='bbox 1325 539 1406 565; x_wconf 85' lang='lat' dir='ltr'><strong>mittet</strong></span> <span class='ocrx_word' id='word_1_202' title='bbox 1420 537 1501 565; x_wconf 81' lang='lat' dir='ltr'><strong>Pater</strong></span> <span class='ocrx_word' id='word_1_203' title='bbox 1513 539 1539 565; x_wconf 83' lang='lat' dir='ltr'><strong>in</strong></span> <span class='ocrx_word' id='word_1_204' title='bbox 1557 540 1659 566; x_wconf 85' lang='lat' dir='ltr'><strong>nomine</strong></span> <span class='ocrx_word' id='word_1_205' title='bbox 1681 548 1746 567; x_wconf 85' lang='lat' dir='ltr'><strong>meo.</strong></span> <span class='ocrx_word' id='word_1_206' title='bbox 1772 540 1832 568; x_wconf 79' lang='lat' dir='ltr'><strong>Non</strong></span> 
     </span>
    </p>
   </div>
   <div class='ocr_carea' id='block_1_26' title="bbox 1043 584 1832 621">
    <p class='ocr_par' dir='ltr' id='par_1_26' title="bbox 1043 584 1832 621">
     <span class='ocr_line' id='line_1_26' title="bbox 1043 584 1832 621; baseline 0.005 -11"><span class='ocrx_word' id='word_1_207' title='bbox 1043 584 1114 610; x_wconf 89' lang='lat' dir='ltr'><strong>enim</strong></span> <span class='ocrx_word' id='word_1_208' title='bbox 1129 584 1205 615; x_wconf 82' lang='lat' dir='ltr'><strong>dixit,</strong></span> <span class='ocrx_word' id='word_1_209' title='bbox 1220 592 1298 618; x_wconf 89' lang='lat' dir='ltr'><strong>quem</strong></span> <span class='ocrx_word' id='word_1_210' title='bbox 1316 585 1393 611; x_wconf 90' lang='lat' dir='ltr'><strong>mitto</strong></span> <span class='ocrx_word' id='word_1_211' title='bbox 1416 585 1442 611; x_wconf 93' lang='lat' dir='ltr'><strong>in</strong></span> <span class='ocrx_word' id='word_1_212' title='bbox 1469 585 1575 611; x_wconf 85' lang='lat' dir='ltr'><strong>nomine</strong></span> <span class='ocrx_word' id='word_1_213' title='bbox 1593 593 1661 617; x_wconf 90' lang='lat' dir='ltr'><strong>meo,</strong></span> <span class='ocrx_word' id='word_1_214' title='bbox 1684 587 1729 613; x_wconf 85' lang='lat' dir='ltr'><strong>sed</strong></span> <span class='ocrx_word' id='word_1_215' title='bbox 1750 594 1832 621; x_wconf 84' lang='lat' dir='ltr'><strong>quem</strong></span> 
     </span>
    </p>
   </div>
   <div class='ocr_carea' id='block_1_27' title="bbox 1045 629 1831 666">
    <p class='ocr_par' dir='ltr' id='par_1_27' title="bbox 1045 629 1831 666">
     <span class='ocr_line' id='line_1_27' title="bbox 1045 629 1831 666; baseline 0.004 -11"><span class='ocrx_word' id='word_1_216' title='bbox 1045 630 1129 656; x_wconf 86' lang='lat' dir='ltr'><strong>mittit</strong></span> <span class='ocrx_word' id='word_1_217' title='bbox 1142 629 1222 656; x_wconf 89' lang='lat' dir='ltr'><strong>Pater</strong></span> <span class='ocrx_word' id='word_1_218' title='bbox 1234 630 1258 655; x_wconf 94' lang='lat' dir='ltr'><strong>in</strong></span> <span class='ocrx_word' id='word_1_219' title='bbox 1272 630 1380 656; x_wconf 86' lang='lat' dir='ltr'><strong>nomine</strong></span> <span class='ocrx_word' id='word_1_220' title='bbox 1393 637 1632 664; x_wconf 84' lang='lat' dir='ltr'><strong>meo,quantquatn</strong></span> <span class='ocrx_word' id='word_1_221' title='bbox 1648 634 1675 657; x_wconf 90' lang='lat' dir='ltr'><strong>et</strong></span> <span class='ocrx_word' id='word_1_222' title='bbox 1690 630 1750 658; x_wconf 81' lang='lat' dir='ltr'><strong>alibi</strong></span> <span class='ocrx_word' id='word_1_223' title='bbox 1763 632 1831 666; x_wconf 87' lang='lat' dir='ltr'><strong>seip-</strong></span> 
     </span>
    </p>
   </div>
   <div class='ocr_carea' id='block_1_28' title="bbox 1044 672 1831 710">
    <p class='ocr_par' dir='ltr' id='par_1_28' title="bbox 1044 672 1831 710">
     <span class='ocr_line' id='line_1_28' title="bbox 1044 672 1831 710; baseline 0.003 -10"><span class='ocrx_word' id='word_1_224' title='bbox 1044 680 1102 700; x_wconf 90' lang='lat' dir='ltr'><strong>sum</strong></span> <span class='ocrx_word' id='word_1_225' title='bbox 1116 673 1222 700; x_wconf 85' lang='lat' dir='ltr'><strong>mittere</strong></span> <span class='ocrx_word' id='word_1_226' title='bbox 1236 672 1365 707; x_wconf 88' lang='lat' dir='ltr'><strong>Spiritum</strong></span> <span class='ocrx_word' id='word_1_227' title='bbox 1378 673 1458 702; x_wconf 88' lang='lat' dir='ltr'><strong>dicat.</strong></span> <span class='ocrx_word' id='word_1_228' title='bbox 1468 674 1529 700; x_wconf 90' lang='lat' dir='ltr'><strong>dum</strong></span> <span class='ocrx_word' id='word_1_229' title='bbox 1542 675 1595 701; x_wconf 86' lang='lat' dir='ltr'><strong>ait:</strong></span> <span class='ocrx_word' id='word_1_230' title='bbox 1610 675 1691 710; x_wconf 80' lang='lat' dir='ltr'><strong>Siego</strong></span> <span class='ocrx_word' id='word_1_231' title='bbox 1703 675 1789 702; x_wconf 81' lang='lat' dir='ltr'><strong>abiero</strong></span> <span class='ocrx_word' id='word_1_232' title='bbox 1808 677 1831 708; x_wconf 80' lang='grc'><strong>⁸,</strong></span> 
     </span>
    </p>
   </div>
   <div class='ocr_carea' id='block_1_29' title="bbox 1043 719 1830 757">
    <p class='ocr_par' dir='ltr' id='par_1_29' title="bbox 1043 719 1830 757">
     <span class='ocr_line' id='line_1_29' title="bbox 1043 719 1830 757; baseline 0.004 -11"><span class='ocrx_word' id='word_1_233' title='bbox 1043 721 1144 746; x_wconf 75' lang='lat' dir='ltr'><strong>utilium</strong></span> <span class='ocrx_word' id='word_1_234' title='bbox 1158 729 1215 746; x_wconf 89' lang='lat' dir='ltr'><strong>eum</strong></span> <span class='ocrx_word' id='word_1_235' title='bbox 1238 720 1272 746; x_wconf 80' lang='lat' dir='ltr'><strong>ad</strong></span> <span class='ocrx_word' id='word_1_236' title='bbox 1288 729 1340 746; x_wconf 76' lang='lat' dir='ltr'><strong>vos.</strong></span> <span class='ocrx_word' id='word_1_237' title='bbox 1356 719 1447 747; x_wconf 86' lang='lat' dir='ltr'><strong>Missio</strong></span> <span class='ocrx_word' id='word_1_238' title='bbox 1458 719 1516 755; x_wconf 85' lang='lat' dir='ltr'><strong>ejus</strong></span> <span class='ocrx_word' id='word_1_239' title='bbox 1538 722 1676 755; x_wconf 85' lang='lat' dir='ltr'><strong>processio</strong></span> <span class='ocrx_word' id='word_1_240' title='bbox 1697 722 1755 757; x_wconf 82' lang='lat' dir='ltr'><strong>ejus</strong></span> <span class='ocrx_word' id='word_1_241' title='bbox 1773 728 1830 754; x_wconf 81' lang='lat' dir='ltr'><strong>est;</strong></span> 
     </span>
    </p>
   </div>
   <div class='ocr_carea' id='block_1_30' title="bbox 1043 764 1832 800">
    <p class='ocr_par' dir='ltr' id='par_1_30' title="bbox 1043 764 1832 800">
     <span class='ocr_line' id='line_1_30' title="bbox 1043 764 1832 800; baseline 0.003 -8"><span class='ocrx_word' id='word_1_242' title='bbox 1043 766 1179 800; x_wconf 86' lang='lat' dir='ltr'><strong>processio</strong></span> <span class='ocrx_word' id='word_1_243' title='bbox 1194 771 1284 792; x_wconf 83' lang='lat' dir='ltr'><strong>autent</strong></span> <span class='ocrx_word' id='word_1_244' title='bbox 1300 766 1357 800; x_wconf 87' lang='lat' dir='ltr'><strong>cjus</strong></span> <span class='ocrx_word' id='word_1_245' title='bbox 1370 774 1384 792; x_wconf 90' lang='lat' dir='ltr'><strong>a</strong></span> <span class='ocrx_word' id='word_1_246' title='bbox 1400 764 1500 792; x_wconf 78' lang='lat' dir='ltr'><strong>Patre&#39;</strong></span> <span class='ocrx_word' id='word_1_247' title='bbox 1514 766 1680 794; x_wconf 88' lang='lat' dir='ltr'><strong>solummodo</strong></span> <span class='ocrx_word' id='word_1_248' title='bbox 1705 772 1747 794; x_wconf 86' lang='lat' dir='ltr'><strong>est</strong></span> <span class='ocrx_word' id='word_1_249' title='bbox 1770 768 1832 794; x_wconf 84' lang='lat' dir='ltr'><strong>sult-</strong></span> 
     </span>
    </p>
   </div>
   <div class='ocr_carea' id='block_1_31' title="bbox 1043 809 1832 845">
    <p class='ocr_par' dir='ltr' id='par_1_31' title="bbox 1043 809 1832 845">
     <span class='ocr_line' id='line_1_31' title="bbox 1043 809 1832 845; baseline 0.001 -8"><span class='ocrx_word' id='word_1_250' title='bbox 1043 811 1214 841; x_wconf 84' lang='lat' dir='ltr'><strong>stautialitcr,</strong></span> <span class='ocrx_word' id='word_1_251' title='bbox 1229 817 1280 836; x_wconf 88' lang='lat' dir='ltr'><strong>non</strong></span> <span class='ocrx_word' id='word_1_252' title='bbox 1294 809 1424 842; x_wconf 78' lang='lat' dir='ltr'><strong>localiter,</strong></span> <span class='ocrx_word' id='word_1_253' title='bbox 1433 818 1484 836; x_wconf 91' lang='lat' dir='ltr'><strong>non</strong></span> <span class='ocrx_word' id='word_1_254' title='bbox 1496 811 1677 845; x_wconf 84' lang='lat' dir='ltr'><strong>temporaliter</strong></span> <span class='ocrx_word' id='word_1_255' title='bbox 1685 811 1716 843; x_wconf 80' lang='grc'><strong>¹⁰;</strong></span> <span class='ocrx_word' id='word_1_256' title='bbox 1726 819 1832 838; x_wconf 77' lang='lat' dir='ltr'><strong>verum—</strong></span> 
     </span>
    </p>
   </div>
   <div class='ocr_carea' id='block_1_32' title="bbox 1043 853 1833 888">
    <p class='ocr_par' dir='ltr' id='par_1_32' title="bbox 1043 853 1833 888">
     <span class='ocr_line' id='line_1_32' title="bbox 1043 853 1833 888; baseline 0.003 -9"><span class='ocrx_word' id='word_1_257' title='bbox 1043 859 1131 881; x_wconf 90' lang='lat' dir='ltr'><strong>tamen</strong></span> <span class='ocrx_word' id='word_1_258' title='bbox 1144 854 1163 870; x_wconf 87' lang='lat'>“</span> <span class='ocrx_word' id='word_1_259' title='bbox 1182 854 1206 880; x_wconf 94' lang='lat' dir='ltr'><strong>in</strong></span> <span class='ocrx_word' id='word_1_260' title='bbox 1224 854 1331 880; x_wconf 81' lang='lat' dir='ltr'><strong>nomine</strong></span> <span class='ocrx_word' id='word_1_261' title='bbox 1345 853 1414 885; x_wconf 84' lang='lat' dir='ltr'><strong>Filii,</strong></span> <span class='ocrx_word' id='word_1_262' title='bbox 1427 854 1553 888; x_wconf 88' lang='lat' dir='ltr'><strong>quoniam</strong></span> <span class='ocrx_word' id='word_1_263' title='bbox 1577 854 1692 888; x_wconf 84' lang='lat' dir='ltr'><strong>Spiritus</strong></span> <span class='ocrx_word' id='word_1_264' title='bbox 1703 854 1790 882; x_wconf 84' lang='lat' dir='ltr'><strong>Patris</strong></span> <span class='ocrx_word' id='word_1_265' title='bbox 1805 858 1833 881; x_wconf 81' lang='lat' dir='ltr'><strong>et</strong></span> 
     </span>
    </p>
   </div>
   <div class='ocr_carea' id='block_1_33' title="bbox 202 891 1828 934">
    <p class='ocr_par' dir='ltr' id='par_1_33' title="bbox 202 891 1828 934">
     <span class='ocr_line' id='line_1_33' title="bbox 202 891 1828 934; baseline -0.001 -7"><span class='ocrx_word' id='word_1_266' title='bbox 202 910 246 928; x_wconf 80' lang='lat' dir='ltr'><strong>sas</strong></span> <span class='ocrx_word' id='word_1_267' title='bbox 258 907 284 928; x_wconf 84' lang='lat' dir='ltr'><strong>et</strong></span> <span class='ocrx_word' id='word_1_268' title='bbox 298 910 377 929; x_wconf 87' lang='lat' dir='ltr'><strong>unam</strong></span> <span class='ocrx_word' id='word_1_269' title='bbox 388 910 512 934; x_wconf 85' lang='lat' dir='ltr'><strong>causam;</strong></span> <span class='ocrx_word' id='word_1_270' title='bbox 530 908 585 930; x_wconf 88' lang='lat' dir='ltr'><strong>tres</strong></span> <span class='ocrx_word' id='word_1_271' title='bbox 599 891 670 930; x_wconf 79' lang='lat' dir='ltr'><strong>enim</strong></span> <span class='ocrx_word' id='word_1_272' title='bbox 694 911 775 930; x_wconf 91' lang='lat' dir='ltr'><strong>unum</strong></span> <span class='ocrx_word' id='word_1_273' title='bbox 790 908 866 930; x_wconf 87' lang='lat' dir='ltr'><strong>sunt:</strong></span> <span class='ocrx_word' id='word_1_274' title='bbox 883 902 990 929; x_wconf 78' lang='lat' dir='ltr'><strong>I’atrcnt</strong></span> <span class='ocrx_word' id='word_1_275' title='bbox 1007 891 1028 919; x_wconf 69' lang='grc' dir='ltr'><strong>Β</strong></span> <span class='ocrx_word' id='word_1_276' title='bbox 1043 898 1101 925; x_wconf 75' lang='lat' dir='ltr'><strong>Filii</strong></span> <span class='ocrx_word' id='word_1_277' title='bbox 1117 903 1167 926; x_wconf 85' lang='lat' dir='ltr'><strong>est.</strong></span> <span class='ocrx_word' id='word_1_278' title='bbox 1183 899 1246 925; x_wconf 90' lang='lat' dir='ltr'><strong>Item</strong></span> <span class='ocrx_word' id='word_1_279' title='bbox 1262 898 1324 925; x_wconf 89' lang='lat' dir='ltr'><strong>alibi</strong></span> <span class='ocrx_word' id='word_1_280' title='bbox 1340 899 1372 925; x_wconf 88' lang='lat' dir='ltr'><strong>ad</strong></span> <span class='ocrx_word' id='word_1_281' title='bbox 1391 899 1534 933; x_wconf 88' lang='lat' dir='ltr'><strong>discipulos</strong></span> <span class='ocrx_word' id='word_1_282' title='bbox 1550 899 1587 925; x_wconf 83' lang='lat' dir='ltr'><strong>ait</strong></span> <span class='ocrx_word' id='word_1_283' title='bbox 1601 906 1608 925; x_wconf 86' lang='lat'>:</span> <span class='ocrx_word' id='word_1_284' title='bbox 1631 898 1689 926; x_wconf 89' lang='lat' dir='ltr'><strong>Non</strong></span> <span class='ocrx_word' id='word_1_285' title='bbox 1703 909 1746 926; x_wconf 71' lang='lat' dir='ltr'><strong>vos</strong></span> <span class='ocrx_word' id='word_1_286' title='bbox 1758 901 1828 928; x_wconf 72' lang='lat' dir='ltr'><strong>estis.</strong></span> 
     </span>
    </p>
   </div>
   <div class='ocr_carea' id='block_1_34' title="bbox 203 945 992 981">
    <p class='ocr_par' dir='ltr' id='par_1_34' title="bbox 203 945 992 981">
     <span class='ocr_line' id='line_1_34' title="bbox 203 945 992 981; baseline 0 -10"><span class='ocrx_word' id='word_1_287' title='bbox 203 951 291 972; x_wconf 85' lang='lat' dir='ltr'><strong>autem</strong></span> <span class='ocrx_word' id='word_1_288' title='bbox 315 955 424 973; x_wconf 82' lang='lat' dir='ltr'><strong>causam</strong></span> <span class='ocrx_word' id='word_1_289' title='bbox 439 947 591 981; x_wconf 77' lang='lat' dir='ltr'><strong>gignentem</strong></span> <span class='ocrx_word' id='word_1_290' title='bbox 617 947 750 974; x_wconf 83' lang='lat' dir='ltr'><strong>nascentis</strong></span> <span class='ocrx_word' id='word_1_291' title='bbox 771 947 804 974; x_wconf 83' lang='lat' dir='ltr'><strong>de</strong></span> <span class='ocrx_word' id='word_1_292' title='bbox 819 955 848 974; x_wconf 87' lang='lat' dir='ltr'><strong>se</strong></span> <span class='ocrx_word' id='word_1_293' title='bbox 869 946 929 972; x_wconf 85' lang='lat' dir='ltr'><strong>Filii</strong></span> <span class='ocrx_word' id='word_1_294' title='bbox 951 945 992 972; x_wconf 91' lang='lat' dir='ltr'><strong>sui</strong></span> 
     </span>
    </p>
   </div>
   <div class='ocr_carea' id='block_1_35' title="bbox 204 991 993 1025">
    <p class='ocr_par' dir='ltr' id='par_1_35' title="bbox 204 991 993 1025">
     <span class='ocr_line' id='line_1_35' title="bbox 204 991 993 1025; baseline 0.001 -10"><span class='ocrx_word' id='word_1_295' title='bbox 204 991 341 1025; x_wconf 77' lang='lat' dir='ltr'><strong>unigeniti,</strong></span> <span class='ocrx_word' id='word_1_296' title='bbox 355 991 399 1025; x_wconf 92' lang='lat' dir='ltr'><strong>qui</strong></span> <span class='ocrx_word' id='word_1_297' title='bbox 415 999 494 1018; x_wconf 69' lang='lat' dir='ltr'><strong>causu</strong></span> <span class='ocrx_word' id='word_1_298' title='bbox 511 998 553 1018; x_wconf 88' lang='lat' dir='ltr'><strong>est</strong></span> <span class='ocrx_word' id='word_1_299' title='bbox 565 992 683 1018; x_wconf 91' lang='lat' dir='ltr'><strong>omnium</strong></span> <span class='ocrx_word' id='word_1_300' title='bbox 697 991 908 1025; x_wconf 86' lang='lat' dir='ltr'><strong>primordialium</strong></span> <span class='ocrx_word' id='word_1_301' title='bbox 929 997 993 1017; x_wconf 90' lang='lat' dir='ltr'><strong>cau-</strong></span> 
     </span>
    </p>
   </div>
   <div class='ocr_carea' id='block_1_36' title="bbox 204 1036 992 1071">
    <p class='ocr_par' dir='ltr' id='par_1_36' title="bbox 204 1036 992 1071">
     <span class='ocr_line' id='line_1_36' title="bbox 204 1036 992 1071; baseline 0.003 -11"><span class='ocrx_word' id='word_1_302' title='bbox 204 1043 294 1061; x_wconf 83' lang='lat' dir='ltr'><strong>sarum</strong></span> <span class='ocrx_word' id='word_1_303' title='bbox 309 1036 334 1062; x_wconf 94' lang='lat' dir='ltr'><strong>in</strong></span> <span class='ocrx_word' id='word_1_304' title='bbox 355 1036 443 1071; x_wconf 81' lang='lat' dir='ltr'><strong>seipse</strong></span> <span class='ocrx_word' id='word_1_305' title='bbox 463 1044 476 1062; x_wconf 89' lang='lat' dir='ltr'><strong>a</strong></span> <span class='ocrx_word' id='word_1_306' title='bbox 493 1036 572 1063; x_wconf 80' lang='lat' dir='ltr'><strong>Patre</strong></span> <span class='ocrx_word' id='word_1_307' title='bbox 592 1037 777 1067; x_wconf 80' lang='lat' dir='ltr'><strong>conditatmm;</strong></span> <span class='ocrx_word' id='word_1_308' title='bbox 799 1036 913 1063; x_wconf 89' lang='lat' dir='ltr'><strong>eundem</strong></span> <span class='ocrx_word' id='word_1_309' title='bbox 928 1043 992 1062; x_wconf 77' lang='lat' dir='ltr'><strong>vero</strong></span> 
     </span>
    </p>
   </div>
   <div class='ocr_carea' id='block_1_37' title="bbox 203 1079 991 1116">
    <p class='ocr_par' dir='ltr' id='par_1_37' title="bbox 203 1079 991 1116">
     <span class='ocr_line' id='line_1_37' title="bbox 203 1079 991 1116; baseline 0.003 -12"><span class='ocrx_word' id='word_1_310' title='bbox 203 1079 307 1106; x_wconf 65' lang='grc' dir='ltr'><strong>Μαι-ραι</strong></span> <span class='ocrx_word' id='word_1_311' title='bbox 324 1088 430 1107; x_wconf 83' lang='lat' dir='ltr'><strong>causam</strong></span> <span class='ocrx_word' id='word_1_312' title='bbox 447 1081 615 1115; x_wconf 82' lang='lat' dir='ltr'><strong>procedentis</strong></span> <span class='ocrx_word' id='word_1_313' title='bbox 629 1089 643 1107; x_wconf 88' lang='lat' dir='ltr'><strong>a</strong></span> <span class='ocrx_word' id='word_1_314' title='bbox 656 1089 685 1107; x_wconf 87' lang='lat' dir='ltr'><strong>sc</strong></span> <span class='ocrx_word' id='word_1_315' title='bbox 699 1088 747 1116; x_wconf 88' lang='lat' dir='ltr'><strong>per</strong></span> <span class='ocrx_word' id='word_1_316' title='bbox 760 1079 855 1107; x_wconf 83' lang='lat' dir='ltr'><strong>Filium</strong></span> <span class='ocrx_word' id='word_1_317' title='bbox 878 1081 888 1096; x_wconf 82' lang='lat'><strong>’</strong></span> <span class='ocrx_word' id='word_1_318' title='bbox 904 1079 991 1107; x_wconf 85' lang='lat' dir='ltr'><strong>sancti</strong></span> 
     </span>
    </p>
   </div>
   <div class='ocr_carea' id='block_1_38' title="bbox 203 1125 991 1160">
    <p class='ocr_par' dir='ltr' id='par_1_38' title="bbox 203 1125 991 1160">
     <span class='ocr_line' id='line_1_38' title="bbox 203 1125 991 1160; baseline 0.004 -12"><span class='ocrx_word' id='word_1_319' title='bbox 203 1125 507 1160; x_wconf 67' lang='lat' dir='ltr'><strong>Spiritus,quiSpirilus</strong></span> <span class='ocrx_word' id='word_1_320' title='bbox 521 1133 600 1152; x_wconf 90' lang='lat' dir='ltr'><strong>causa</strong></span> <span class='ocrx_word' id='word_1_321' title='bbox 613 1131 654 1152; x_wconf 81' lang='lat' dir='ltr'><strong>est</strong></span> <span class='ocrx_word' id='word_1_322' title='bbox 668 1125 807 1152; x_wconf 75' lang='lat' dir='ltr'><strong>divisionis</strong></span> <span class='ocrx_word' id='word_1_323' title='bbox 820 1130 847 1152; x_wconf 83' lang='lat' dir='ltr'><strong>et</strong></span> <span class='ocrx_word' id='word_1_324' title='bbox 863 1125 991 1159; x_wconf 88' lang='lat' dir='ltr'><strong>multipli-</strong></span> 
     </span>
    </p>
   </div>
   <div class='ocr_carea' id='block_1_39' title="bbox 205 1165 991 1204">
    <p class='ocr_par' dir='ltr' id='par_1_39' title="bbox 205 1165 991 1204">
     <span class='ocr_line' id='line_1_39' title="bbox 205 1165 991 1204; baseline 0 -9"><span class='ocrx_word' id='word_1_325' title='bbox 205 1169 320 1196; x_wconf 72' lang='lat' dir='ltr'><strong>cationis</strong></span> <span class='ocrx_word' id='word_1_326' title='bbox 338 1165 585 1204; x_wconf 80' lang='lat' dir='ltr'><strong>distributionisque</strong></span> <span class='ocrx_word' id='word_1_327' title='bbox 611 1177 752 1196; x_wconf 75' lang='lat' dir='ltr'><strong>causarum</strong></span> <span class='ocrx_word' id='word_1_328' title='bbox 775 1168 905 1199; x_wconf 84' lang='lat' dir='ltr'><strong>omnium,</strong></span> <span class='ocrx_word' id='word_1_329' title='bbox 922 1176 991 1203; x_wconf 92' lang='lat' dir='ltr'><strong>quac</strong></span> 
     </span>
    </p>
   </div>
   <div class='ocr_carea' id='block_1_40' title="bbox 207 1213 992 1248">
    <p class='ocr_par' dir='ltr' id='par_1_40' title="bbox 207 1213 992 1248">
     <span class='ocr_line' id='line_1_40' title="bbox 207 1213 992 1248; baseline 0.001 -9"><span class='ocrx_word' id='word_1_330' title='bbox 207 1213 234 1239; x_wconf 91' lang='lat' dir='ltr'><strong>in</strong></span> <span class='ocrx_word' id='word_1_331' title='bbox 250 1213 316 1240; x_wconf 80' lang='lat' dir='ltr'><strong>Filio</strong></span> <span class='ocrx_word' id='word_1_332' title='bbox 330 1222 344 1240; x_wconf 90' lang='lat' dir='ltr'><strong>a</strong></span> <span class='ocrx_word' id='word_1_333' title='bbox 360 1213 440 1241; x_wconf 84' lang='lat' dir='ltr'><strong>Patre</strong></span> <span class='ocrx_word' id='word_1_334' title='bbox 454 1213 539 1241; x_wconf 82' lang='lat' dir='ltr'><strong>factae</strong></span> <span class='ocrx_word' id='word_1_335' title='bbox 554 1219 626 1245; x_wconf 87' lang='lat' dir='ltr'><strong>sunt,</strong></span> <span class='ocrx_word' id='word_1_336' title='bbox 639 1215 665 1240; x_wconf 93' lang='lat' dir='ltr'><strong>in</strong></span> <span class='ocrx_word' id='word_1_337' title='bbox 677 1214 788 1241; x_wconf 83' lang='lat' dir='ltr'><strong>echctus</strong></span> <span class='ocrx_word' id='word_1_338' title='bbox 799 1222 861 1241; x_wconf 79' lang='lat' dir='ltr'><strong>suos</strong></span> <span class='ocrx_word' id='word_1_339' title='bbox 873 1219 899 1241; x_wconf 89' lang='lat' dir='ltr'><strong>et</strong></span> <span class='ocrx_word' id='word_1_340' title='bbox 913 1222 992 1248; x_wconf 85' lang='lat' dir='ltr'><strong>gene-</strong></span> 
     </span>
    </p>
   </div>
   <div class='ocr_carea' id='block_1_41' title="bbox 207 1257 989 1293">
    <p class='ocr_par' dir='ltr' id='par_1_41' title="bbox 207 1257 989 1293">
     <span class='ocr_line' id='line_1_41' title="bbox 207 1257 989 1293; baseline 0.005 -11"><span class='ocrx_word' id='word_1_341' title='bbox 207 1257 277 1283; x_wconf 89' lang='lat' dir='ltr'><strong>rales</strong></span> <span class='ocrx_word' id='word_1_342' title='bbox 287 1263 314 1284; x_wconf 90' lang='lat' dir='ltr'><strong>et</strong></span> <span class='ocrx_word' id='word_1_343' title='bbox 327 1258 458 1291; x_wconf 83' lang='lat' dir='ltr'><strong>speciales</strong></span> <span class='ocrx_word' id='word_1_344' title='bbox 470 1263 496 1285; x_wconf 91' lang='lat' dir='ltr'><strong>et</strong></span> <span class='ocrx_word' id='word_1_345' title='bbox 517 1260 639 1293; x_wconf 87' lang='lat' dir='ltr'><strong>proprios</strong></span> <span class='ocrx_word' id='word_1_346' title='bbox 660 1260 805 1286; x_wconf 85' lang='lat' dir='ltr'><strong>secundum</strong></span> <span class='ocrx_word' id='word_1_347' title='bbox 824 1263 948 1285; x_wconf 86' lang='lat' dir='ltr'><strong>naturam</strong></span> <span class='ocrx_word' id='word_1_348' title='bbox 962 1263 989 1286; x_wconf 84' lang='lat' dir='ltr'><strong>et</strong></span> 
     </span>
    </p>
   </div>
   <div class='ocr_carea' id='block_1_42' title="bbox 203 1302 992 1338">
    <p class='ocr_par' dir='ltr' id='par_1_42' title="bbox 203 1302 992 1338">
     <span class='ocr_line' id='line_1_42' title="bbox 203 1302 992 1338; baseline 0 -11"><span class='ocrx_word' id='word_1_349' title='bbox 203 1302 326 1334; x_wconf 79' lang='lat' dir='ltr'><strong>gratiam.</strong></span> <span class='ocrx_word' id='word_1_350' title='bbox 341 1302 373 1329; x_wconf 88' lang='lat' dir='ltr'><strong>Et</strong></span> <span class='ocrx_word' id='word_1_351' title='bbox 386 1303 507 1337; x_wconf 81' lang='lat' dir='ltr'><strong>quamvis</strong></span> <span class='ocrx_word' id='word_1_352' title='bbox 518 1308 639 1330; x_wconf 88' lang='lat' dir='ltr'><strong>sanctum</strong></span> <span class='ocrx_word' id='word_1_353' title='bbox 652 1302 780 1338; x_wconf 87' lang='lat' dir='ltr'><strong>Spiritum</strong></span> <span class='ocrx_word' id='word_1_354' title='bbox 796 1304 806 1318; x_wconf 87' lang='lat'><strong>&#39;</strong></span> <span class='ocrx_word' id='word_1_355' title='bbox 821 1311 835 1329; x_wconf 89' lang='lat' dir='ltr'><strong>a</strong></span> <span class='ocrx_word' id='word_1_356' title='bbox 853 1303 933 1330; x_wconf 83' lang='lat' dir='ltr'><strong>Patre</strong></span> <span class='ocrx_word' id='word_1_357' title='bbox 946 1308 992 1337; x_wconf 80' lang='lat' dir='ltr'><strong>per</strong></span> 
     </span>
    </p>
   </div>
   <div class='ocr_carea' id='block_1_43' title="bbox 202 1345 990 1383">
    <p class='ocr_par' dir='ltr' id='par_1_43' title="bbox 202 1345 990 1383">
     <span class='ocr_line' id='line_1_43' title="bbox 202 1345 990 1383; baseline 0.005 -12"><span class='ocrx_word' id='word_1_358' title='bbox 202 1345 297 1372; x_wconf 71' lang='lat' dir='ltr'><strong>Filium</strong></span> <span class='ocrx_word' id='word_1_359' title='bbox 310 1347 483 1374; x_wconf 82' lang='lat' dir='ltr'><strong>crcdamuset</strong></span> <span class='ocrx_word' id='word_1_360' title='bbox 491 1348 670 1382; x_wconf 84' lang='lat' dir='ltr'><strong>intelligamus</strong></span> <span class='ocrx_word' id='word_1_361' title='bbox 679 1349 830 1383; x_wconf 85' lang='lat' dir='ltr'><strong>procedere,</strong></span> <span class='ocrx_word' id='word_1_362' title='bbox 840 1357 892 1375; x_wconf 93' lang='lat' dir='ltr'><strong>non</strong></span> <span class='ocrx_word' id='word_1_363' title='bbox 903 1353 990 1375; x_wconf 85' lang='lat' dir='ltr'><strong>tanton</strong></span> 
     </span>
    </p>
   </div>
   <div class='ocr_carea' id='block_1_44' title="bbox 201 1393 991 1428">
    <p class='ocr_par' dir='ltr' id='par_1_44' title="bbox 201 1393 991 1428">
     <span class='ocr_line' id='line_1_44' title="bbox 201 1393 991 1428; baseline 0.004 -10"><span class='ocrx_word' id='word_1_364' title='bbox 201 1394 266 1419; x_wconf 88' lang='lat' dir='ltr'><strong>duas</strong></span> <span class='ocrx_word' id='word_1_365' title='bbox 277 1401 372 1420; x_wconf 84' lang='lat' dir='ltr'><strong>causas</strong></span> <span class='ocrx_word' id='word_1_366' title='bbox 383 1394 497 1420; x_wconf 81' lang='lat' dir='ltr'><strong>eundem</strong></span> <span class='ocrx_word' id='word_1_367' title='bbox 512 1393 641 1428; x_wconf 89' lang='lat' dir='ltr'><strong>Spiritum</strong></span> <span class='ocrx_word' id='word_1_368' title='bbox 658 1394 756 1421; x_wconf 85' lang='lat' dir='ltr'><strong>habere</strong></span> <span class='ocrx_word' id='word_1_369' title='bbox 779 1394 906 1421; x_wconf 81' lang='lat' dir='ltr'><strong>debemus</strong></span> <span class='ocrx_word' id='word_1_370' title='bbox 921 1394 991 1421; x_wconf 83' lang='lat' dir='ltr'><strong>acci-</strong></span> 
     </span>
    </p>
   </div>
   <div class='ocr_carea' id='block_1_45' title="bbox 200 1438 990 1473">
    <p class='ocr_par' dir='ltr' id='par_1_45' title="bbox 200 1438 990 1473">
     <span class='ocr_line' id='line_1_45' title="bbox 200 1438 990 1473; baseline 0.005 -11"><span class='ocrx_word' id='word_1_371' title='bbox 200 1445 275 1471; x_wconf 83' lang='lat' dir='ltr'><strong>perc,</strong></span> <span class='ocrx_word' id='word_1_372' title='bbox 288 1438 334 1464; x_wconf 86' lang='lat' dir='ltr'><strong>sed</strong></span> <span class='ocrx_word' id='word_1_373' title='bbox 348 1446 428 1465; x_wconf 90' lang='lat' dir='ltr'><strong>unam</strong></span> <span class='ocrx_word' id='word_1_374' title='bbox 451 1439 618 1473; x_wconf 88' lang='lat' dir='ltr'><strong>eandemque</strong></span> <span class='ocrx_word' id='word_1_375' title='bbox 642 1447 751 1466; x_wconf 85' lang='lat' dir='ltr'><strong>causam</strong></span> <span class='ocrx_word' id='word_1_376' title='bbox 764 1439 785 1470; x_wconf 70' lang='grc'><strong>⁸,</strong></span> <span class='ocrx_word' id='word_1_377' title='bbox 801 1438 907 1465; x_wconf 79' lang='lat' dir='ltr'><strong>Patrem</strong></span> <span class='ocrx_word' id='word_1_378' title='bbox 919 1439 990 1466; x_wconf 87' lang='lat' dir='ltr'><strong>scili-</strong></span> 
     </span>
    </p>
   </div>
   <div class='ocr_carea' id='block_1_46' title="bbox 201 1481 989 1518">
    <p class='ocr_par' dir='ltr' id='par_1_46' title="bbox 201 1481 989 1518">
     <span class='ocr_line' id='line_1_46' title="bbox 201 1481 989 1518; baseline 0.004 -11"><span class='ocrx_word' id='word_1_379' title='bbox 201 1488 254 1513; x_wconf 75' lang='lat' dir='ltr'><strong>cet,</strong></span> <span class='ocrx_word' id='word_1_380' title='bbox 267 1487 294 1509; x_wconf 85' lang='lat' dir='ltr'><strong>et</strong></span> <span class='ocrx_word' id='word_1_381' title='bbox 310 1484 446 1510; x_wconf 83' lang='lat' dir='ltr'><strong>nascentis</strong></span> <span class='ocrx_word' id='word_1_382' title='bbox 459 1484 492 1510; x_wconf 88' lang='lat' dir='ltr'><strong>de</strong></span> <span class='ocrx_word' id='word_1_383' title='bbox 506 1491 535 1510; x_wconf 86' lang='lat' dir='ltr'><strong>se</strong></span> <span class='ocrx_word' id='word_1_384' title='bbox 548 1481 618 1515; x_wconf 80' lang='lat' dir='ltr'><strong>Filii,</strong></span> <span class='ocrx_word' id='word_1_385' title='bbox 636 1489 664 1510; x_wconf 88' lang='lat' dir='ltr'><strong>et</strong></span> <span class='ocrx_word' id='word_1_386' title='bbox 674 1484 840 1518; x_wconf 88' lang='lat' dir='ltr'><strong>procedentis</strong></span> <span class='ocrx_word' id='word_1_387' title='bbox 854 1491 885 1510; x_wconf 79' lang='lat' dir='ltr'><strong>ex</strong></span> <span class='ocrx_word' id='word_1_388' title='bbox 899 1491 927 1510; x_wconf 86' lang='lat' dir='ltr'><strong>so</strong></span> <span class='ocrx_word' id='word_1_389' title='bbox 942 1491 989 1518; x_wconf 87' lang='lat' dir='ltr'><strong>per</strong></span> 
     </span>
    </p>
   </div>
   <div class='ocr_carea' id='block_1_47' title="bbox 199 1528 988 1564">
    <p class='ocr_par' dir='ltr' id='par_1_47' title="bbox 199 1528 988 1564">
     <span class='ocr_line' id='line_1_47' title="bbox 199 1528 988 1564; baseline 0.003 -10"><span class='ocrx_word' id='word_1_390' title='bbox 199 1528 297 1554; x_wconf 69' lang='lat' dir='ltr'><strong>Filium</strong></span> <span class='ocrx_word' id='word_1_391' title='bbox 311 1529 321 1543; x_wconf 84' lang='grc'><strong><em>⁵</em></strong></span> <span class='ocrx_word' id='word_1_392' title='bbox 337 1528 453 1563; x_wconf 86' lang='lat' dir='ltr'><strong>Spiritus</strong></span> <span class='ocrx_word' id='word_1_393' title='bbox 469 1530 563 1556; x_wconf 85' lang='lat' dir='ltr'><strong>sancti.</strong></span> <span class='ocrx_word' id='word_1_394' title='bbox 585 1529 698 1556; x_wconf 86' lang='lat' dir='ltr'><strong>Utenim</strong></span> <span class='ocrx_word' id='word_1_395' title='bbox 710 1535 848 1564; x_wconf 84' lang='lat' dir='ltr'><strong>propterea</strong></span> <span class='ocrx_word' id='word_1_396' title='bbox 866 1528 988 1564; x_wconf 86' lang='lat' dir='ltr'><strong>splendo-</strong></span> 
     </span>
    </p>
   </div>
   <div class='ocr_carea' id='block_1_48' title="bbox 203 1574 985 1609">
    <p class='ocr_par' dir='ltr' id='par_1_48' title="bbox 203 1574 985 1609">
     <span class='ocr_line' id='line_1_48' title="bbox 203 1574 985 1609; baseline 0.003 -10"><span class='ocrx_word' id='word_1_397' title='bbox 203 1582 259 1600; x_wconf 84' lang='lat' dir='ltr'><strong>rem</strong></span> <span class='ocrx_word' id='word_1_398' title='bbox 274 1582 305 1600; x_wconf 84' lang='lat' dir='ltr'><strong>ex</strong></span> <span class='ocrx_word' id='word_1_399' title='bbox 320 1574 380 1608; x_wconf 77' lang='lat' dir='ltr'><strong>igne</strong></span> <span class='ocrx_word' id='word_1_400' title='bbox 394 1582 441 1608; x_wconf 91' lang='lat' dir='ltr'><strong>per</strong></span> <span class='ocrx_word' id='word_1_401' title='bbox 453 1575 554 1601; x_wconf 87' lang='lat' dir='ltr'><strong>radium</strong></span> <span class='ocrx_word' id='word_1_402' title='bbox 569 1575 714 1609; x_wconf 86' lang='lat' dir='ltr'><strong>procedere</strong></span> <span class='ocrx_word' id='word_1_403' title='bbox 725 1575 846 1606; x_wconf 89' lang='lat' dir='ltr'><strong>dicimus,</strong></span> <span class='ocrx_word' id='word_1_404' title='bbox 861 1576 985 1609; x_wconf 88' lang='lat' dir='ltr'><strong>quoniam</strong></span> 
     </span>
    </p>
   </div>
   <div class='ocr_carea' id='block_1_49' title="bbox 202 1619 987 1655">
    <p class='ocr_par' dir='ltr' id='par_1_49' title="bbox 202 1619 987 1655">
     <span class='ocr_line' id='line_1_49' title="bbox 202 1619 987 1655; baseline 0.003 -10"><span class='ocrx_word' id='word_1_405' title='bbox 202 1619 270 1654; x_wconf 86' lang='lat' dir='ltr'><strong>ignis</strong></span> <span class='ocrx_word' id='word_1_406' title='bbox 289 1620 346 1654; x_wconf 88' lang='lat' dir='ltr'><strong>ipse</strong></span> <span class='ocrx_word' id='word_1_407' title='bbox 371 1625 441 1647; x_wconf 92' lang='lat' dir='ltr'><strong>totus</strong></span> <span class='ocrx_word' id='word_1_408' title='bbox 455 1620 481 1646; x_wconf 92' lang='lat' dir='ltr'><strong>in</strong></span> <span class='ocrx_word' id='word_1_409' title='bbox 497 1625 552 1647; x_wconf 92' lang='lat' dir='ltr'><strong>toto</strong></span> <span class='ocrx_word' id='word_1_410' title='bbox 571 1621 645 1647; x_wconf 89' lang='lat' dir='ltr'><strong>radio</strong></span> <span class='ocrx_word' id='word_1_411' title='bbox 659 1620 789 1651; x_wconf 79' lang='lat' dir='ltr'><strong>subsistit,</strong></span> <span class='ocrx_word' id='word_1_412' title='bbox 805 1628 836 1647; x_wconf 82' lang='lat' dir='ltr'><strong>cx</strong></span> <span class='ocrx_word' id='word_1_413' title='bbox 862 1628 915 1655; x_wconf 91' lang='lat' dir='ltr'><strong>quo</strong></span> <span class='ocrx_word' id='word_1_414' title='bbox 940 1629 987 1655; x_wconf 92' lang='lat' dir='ltr'><strong>per</strong></span> 
     </span>
    </p>
   </div>
   <div class='ocr_carea' id='block_1_50' title="bbox 201 1664 986 1699">
    <p class='ocr_par' dir='ltr' id='par_1_50' title="bbox 201 1664 986 1699">
     <span class='ocr_line' id='line_1_50' title="bbox 201 1664 986 1699; baseline 0.001 -9"><span class='ocrx_word' id='word_1_415' title='bbox 201 1665 303 1690; x_wconf 87' lang='lat' dir='ltr'><strong>radium</strong></span> <span class='ocrx_word' id='word_1_416' title='bbox 319 1664 445 1698; x_wconf 73' lang='lat' dir='ltr'><strong>splendor</strong></span> <span class='ocrx_word' id='word_1_417' title='bbox 458 1665 602 1696; x_wconf 86' lang='lat' dir='ltr'><strong>emittitur;</strong></span> <span class='ocrx_word' id='word_1_418' title='bbox 622 1665 657 1691; x_wconf 88' lang='lat' dir='ltr'><strong>ita</strong></span> <span class='ocrx_word' id='word_1_419' title='bbox 673 1669 697 1691; x_wconf 80' lang='lat' dir='ltr'><strong>et</strong></span> <span class='ocrx_word' id='word_1_420' title='bbox 715 1665 844 1699; x_wconf 84' lang='lat' dir='ltr'><strong>Spiritum</strong></span> <span class='ocrx_word' id='word_1_421' title='bbox 860 1670 986 1692; x_wconf 89' lang='lat' dir='ltr'><strong>sanctum</strong></span> 
     </span>
    </p>
   </div>
   <div class='ocr_carea' id='block_1_51' title="bbox 198 1709 987 1745">
    <p class='ocr_par' dir='ltr' id='par_1_51' title="bbox 198 1709 987 1745">
     <span class='ocr_line' id='line_1_51' title="bbox 198 1709 987 1745; baseline 0.001 -10"><span class='ocrx_word' id='word_1_422' title='bbox 198 1716 212 1735; x_wconf 86' lang='lat' dir='ltr'><strong>a</strong></span> <span class='ocrx_word' id='word_1_423' title='bbox 227 1709 305 1736; x_wconf 89' lang='lat' dir='ltr'><strong>Patre</strong></span> <span class='ocrx_word' id='word_1_424' title='bbox 320 1717 367 1744; x_wconf 87' lang='lat' dir='ltr'><strong>per</strong></span> <span class='ocrx_word' id='word_1_425' title='bbox 383 1710 478 1736; x_wconf 81' lang='lat' dir='ltr'><strong>Filium</strong></span> <span class='ocrx_word' id='word_1_426' title='bbox 496 1711 641 1745; x_wconf 86' lang='lat' dir='ltr'><strong>procedere</strong></span> <span class='ocrx_word' id='word_1_427' title='bbox 654 1710 784 1738; x_wconf 86' lang='lat' dir='ltr'><strong>catholica</strong></span> <span class='ocrx_word' id='word_1_428' title='bbox 804 1711 869 1737; x_wconf 86' lang='lat' dir='ltr'><strong>tidcs</strong></span> <span class='ocrx_word' id='word_1_429' title='bbox 882 1710 987 1745; x_wconf 89' lang='lat' dir='ltr'><strong>praedi-</strong></span> 
     </span>
    </p>
   </div>
   <div class='ocr_carea' id='block_1_52' title="bbox 200 1755 987 1790">
    <p class='ocr_par' dir='ltr' id='par_1_52' title="bbox 200 1755 987 1790">
     <span class='ocr_line' id='line_1_52' title="bbox 200 1755 987 1790; baseline 0.003 -11"><span class='ocrx_word' id='word_1_430' title='bbox 200 1758 253 1784; x_wconf 87' lang='lat' dir='ltr'><strong>cat,</strong></span> <span class='ocrx_word' id='word_1_431' title='bbox 266 1755 391 1788; x_wconf 88' lang='lat' dir='ltr'><strong>quoniatn</strong></span> <span class='ocrx_word' id='word_1_432' title='bbox 406 1755 461 1790; x_wconf 85' lang='lat' dir='ltr'><strong>ipse</strong></span> <span class='ocrx_word' id='word_1_433' title='bbox 474 1755 564 1786; x_wconf 84' lang='lat' dir='ltr'><strong>Pater,</strong></span> <span class='ocrx_word' id='word_1_434' title='bbox 577 1756 620 1790; x_wconf 93' lang='lat' dir='ltr'><strong>qui</strong></span> <span class='ocrx_word' id='word_1_435' title='bbox 634 1755 788 1790; x_wconf 86' lang='lat' dir='ltr'><strong>principalis</strong></span> <span class='ocrx_word' id='word_1_436' title='bbox 803 1763 883 1781; x_wconf 87' lang='lat' dir='ltr'><strong>causa</strong></span> <span class='ocrx_word' id='word_1_437' title='bbox 900 1760 940 1781; x_wconf 89' lang='lat' dir='ltr'><strong>est</strong></span> <span class='ocrx_word' id='word_1_438' title='bbox 960 1759 987 1782; x_wconf 91' lang='lat' dir='ltr'><strong>et</strong></span> 
     </span>
    </p>
   </div>
   <div class='ocr_carea' id='block_1_53' title="bbox 200 1799 987 1834">
    <p class='ocr_par' dir='ltr' id='par_1_53' title="bbox 200 1799 987 1834">
     <span class='ocr_line' id='line_1_53' title="bbox 200 1799 987 1834; baseline 0.003 -10"><span class='ocrx_word' id='word_1_439' title='bbox 200 1799 253 1824; x_wconf 70' lang='lat' dir='ltr'><strong>sola</strong></span> <span class='ocrx_word' id='word_1_440' title='bbox 269 1800 448 1833; x_wconf 85' lang='lat' dir='ltr'><strong>processiouis</strong></span> <span class='ocrx_word' id='word_1_441' title='bbox 462 1801 546 1827; x_wconf 83' lang='lat' dir='ltr'><strong>sancti</strong></span> <span class='ocrx_word' id='word_1_442' title='bbox 558 1801 684 1834; x_wconf 80' lang='lat' dir='ltr'><strong>Spiritus,</strong></span> <span class='ocrx_word' id='word_1_443' title='bbox 702 1805 773 1827; x_wconf 89' lang='lat' dir='ltr'><strong>lotus</strong></span> <span class='ocrx_word' id='word_1_444' title='bbox 797 1801 822 1827; x_wconf 93' lang='lat' dir='ltr'><strong>in</strong></span> <span class='ocrx_word' id='word_1_445' title='bbox 841 1805 897 1827; x_wconf 90' lang='lat' dir='ltr'><strong>toto</strong></span> <span class='ocrx_word' id='word_1_446' title='bbox 920 1801 987 1827; x_wconf 82' lang='lat' dir='ltr'><strong>Filio</strong></span> 
     </span>
    </p>
   </div>
   <div class='ocr_carea' id='block_1_54' title="bbox 198 1844 986 1880">
    <p class='ocr_par' dir='ltr' id='par_1_54' title="bbox 198 1844 986 1880">
     <span class='ocr_line' id='line_1_54' title="bbox 198 1844 986 1880; baseline 0.004 -11"><span class='ocrx_word' id='word_1_447' title='bbox 198 1848 250 1873; x_wconf 72' lang='lat' dir='ltr'><strong>est,</strong></span> <span class='ocrx_word' id='word_1_448' title='bbox 268 1844 373 1870; x_wconf 82' lang='lat' dir='ltr'><strong>sicntct</strong></span> <span class='ocrx_word' id='word_1_449' title='bbox 386 1850 458 1872; x_wconf 89' lang='lat' dir='ltr'><strong>totus</strong></span> <span class='ocrx_word' id='word_1_450' title='bbox 470 1845 553 1871; x_wconf 85' lang='lat' dir='ltr'><strong>Filius</strong></span> <span class='ocrx_word' id='word_1_451' title='bbox 571 1846 597 1872; x_wconf 95' lang='lat' dir='ltr'><strong>in</strong></span> <span class='ocrx_word' id='word_1_452' title='bbox 615 1850 670 1872; x_wconf 86' lang='lat' dir='ltr'><strong>toto</strong></span> <span class='ocrx_word' id='word_1_453' title='bbox 694 1845 783 1875; x_wconf 83' lang='lat' dir='ltr'><strong>Patre.</strong></span> <span class='ocrx_word' id='word_1_454' title='bbox 799 1854 832 1872; x_wconf 80' lang='lat' dir='ltr'><strong>ex</strong></span> <span class='ocrx_word' id='word_1_455' title='bbox 852 1854 905 1880; x_wconf 90' lang='lat' dir='ltr'><strong>quo</strong></span> <span class='ocrx_word' id='word_1_456' title='bbox 917 1846 986 1880; x_wconf 81' lang='lat' dir='ltr'><strong>‘pcr</strong></span> 
     </span>
    </p>
   </div>
   <div class='ocr_carea' id='block_1_55' title="bbox 199 1889 985 1926">
    <p class='ocr_par' dir='ltr' id='par_1_55' title="bbox 199 1889 985 1926">
     <span class='ocr_line' id='line_1_55' title="bbox 199 1889 985 1926; baseline 0.005 -12"><span class='ocrx_word' id='word_1_457' title='bbox 199 1889 294 1915; x_wconf 78' lang='lat' dir='ltr'><strong>I-‘ilium</strong></span> <span class='ocrx_word' id='word_1_458' title='bbox 312 1889 428 1924; x_wconf 86' lang='lat' dir='ltr'><strong>Spiritus</strong></span> <span class='ocrx_word' id='word_1_459' title='bbox 442 1896 551 1918; x_wconf 85' lang='lat' dir='ltr'><strong>sanctus</strong></span> <span class='ocrx_word' id='word_1_460' title='bbox 565 1891 695 1926; x_wconf 83' lang='lat' dir='ltr'><strong>procedit.</strong></span> <span class='ocrx_word' id='word_1_461' title='bbox 716 1891 749 1918; x_wconf 86' lang='lat' dir='ltr'><strong>Et</strong></span> <span class='ocrx_word' id='word_1_462' title='bbox 761 1893 985 1926; x_wconf 72' lang='lat' dir='ltr'><strong>quemadmodum</strong></span> 
     </span>
    </p>
   </div>
   <div class='ocr_carea' id='block_1_56' title="bbox 199 1935 986 1971">
    <p class='ocr_par' dir='ltr' id='par_1_56' title="bbox 199 1935 986 1971">
     <span class='ocr_line' id='line_1_56' title="bbox 199 1935 986 1971; baseline 0.006 -13"><span class='ocrx_word' id='word_1_463' title='bbox 199 1938 254 1960; x_wconf 80' lang='lat' dir='ltr'><strong>tota</strong></span> <span class='ocrx_word' id='word_1_464' title='bbox 272 1935 357 1961; x_wconf 76' lang='lat' dir='ltr'><strong>virtus</strong></span> <span class='ocrx_word' id='word_1_465' title='bbox 378 1935 453 1970; x_wconf 86' lang='lat' dir='ltr'><strong>ignea</strong></span> <span class='ocrx_word' id='word_1_466' title='bbox 471 1936 496 1962; x_wconf 94' lang='lat' dir='ltr'><strong>in</strong></span> <span class='ocrx_word' id='word_1_467' title='bbox 512 1941 567 1962; x_wconf 89' lang='lat' dir='ltr'><strong>toto</strong></span> <span class='ocrx_word' id='word_1_468' title='bbox 581 1937 656 1963; x_wconf 89' lang='lat' dir='ltr'><strong>radio</strong></span> <span class='ocrx_word' id='word_1_469' title='bbox 675 1938 707 1964; x_wconf 90' lang='lat' dir='ltr'><strong>de</strong></span> <span class='ocrx_word' id='word_1_470' title='bbox 727 1945 755 1963; x_wconf 86' lang='lat' dir='ltr'><strong>so</strong></span> <span class='ocrx_word' id='word_1_471' title='bbox 774 1938 864 1971; x_wconf 82' lang='lat' dir='ltr'><strong>genito</strong></span> <span class='ocrx_word' id='word_1_472' title='bbox 879 1945 986 1971; x_wconf 87' lang='lat' dir='ltr'><strong>perma-</strong></span> 
     </span>
    </p>
   </div>
   <div class='ocr_carea' id='block_1_57' title="bbox 198 1978 985 2015">
    <p class='ocr_par' dir='ltr' id='par_1_57' title="bbox 198 1978 985 2015">
     <span class='ocr_line' id='line_1_57' title="bbox 198 1978 985 2015; baseline 0.008 -12"><span class='ocrx_word' id='word_1_473' title='bbox 198 1983 254 2007; x_wconf 85' lang='lat' dir='ltr'><strong>net,</strong></span> <span class='ocrx_word' id='word_1_474' title='bbox 268 1982 294 2004; x_wconf 90' lang='lat' dir='ltr'><strong>et</strong></span> <span class='ocrx_word' id='word_1_475' title='bbox 306 1978 362 2012; x_wconf 87' lang='lat' dir='ltr'><strong>ipse</strong></span> <span class='ocrx_word' id='word_1_476' title='bbox 376 1979 465 2006; x_wconf 83' lang='lat' dir='ltr'><strong>radius</strong></span> <span class='ocrx_word' id='word_1_477' title='bbox 478 1984 548 2007; x_wconf 86' lang='lat' dir='ltr'><strong>totus</strong></span> <span class='ocrx_word' id='word_1_478' title='bbox 568 1985 594 2007; x_wconf 83' lang='lat' dir='ltr'><strong>et</strong></span> <span class='ocrx_word' id='word_1_479' title='bbox 616 1985 668 2007; x_wconf 88' lang='lat' dir='ltr'><strong>tota</strong></span> <span class='ocrx_word' id='word_1_480' title='bbox 682 1981 766 2007; x_wconf 86' lang='lat' dir='ltr'><strong>virtus</strong></span> <span class='ocrx_word' id='word_1_481' title='bbox 786 1981 872 2015; x_wconf 70' lang='lat' dir='ltr'><strong>ignea,</strong></span> <span class='ocrx_word' id='word_1_482' title='bbox 886 1982 917 2008; x_wconf 86' lang='lat' dir='ltr'><strong>de</strong></span> <span class='ocrx_word' id='word_1_483' title='bbox 933 1989 985 2015; x_wconf 90' lang='lat' dir='ltr'><strong>qna</strong></span> 
     </span>
    </p>
   </div>
   <div class='ocr_carea' id='block_1_58' title="bbox 198 2023 984 2060">
    <p class='ocr_par' dir='ltr' id='par_1_58' title="bbox 198 2023 984 2060">
     <span class='ocr_line' id='line_1_58' title="bbox 198 2023 984 2060; baseline 0.005 -12"><span class='ocrx_word' id='word_1_484' title='bbox 198 2023 328 2057; x_wconf 70' lang='lat' dir='ltr'><strong>gignitur,</strong></span> <span class='ocrx_word' id='word_1_485' title='bbox 342 2024 367 2050; x_wconf 88' lang='lat' dir='ltr'><strong>in</strong></span> <span class='ocrx_word' id='word_1_486' title='bbox 383 2029 440 2052; x_wconf 89' lang='lat' dir='ltr'><strong>toto</strong></span> <span class='ocrx_word' id='word_1_487' title='bbox 455 2025 605 2059; x_wconf 82' lang='lat' dir='ltr'><strong>splendore,</strong></span> <span class='ocrx_word' id='word_1_488' title='bbox 622 2031 648 2053; x_wconf 84' lang='lat' dir='ltr'><strong>et</strong></span> <span class='ocrx_word' id='word_1_489' title='bbox 663 2031 733 2052; x_wconf 82' lang='lat' dir='ltr'><strong>totus</strong></span> <span class='ocrx_word' id='word_1_490' title='bbox 747 2026 871 2060; x_wconf 82' lang='lat' dir='ltr'><strong>spicndor</strong></span> <span class='ocrx_word' id='word_1_491' title='bbox 881 2033 912 2052; x_wconf 80' lang='lat' dir='ltr'><strong>cx</strong></span> <span class='ocrx_word' id='word_1_492' title='bbox 930 2027 984 2053; x_wconf 80' lang='lat' dir='ltr'><strong>vir-</strong></span> 
     </span>
    </p>
   </div>
   <div class='ocr_carea' id='block_1_59' title="bbox 198 2069 985 2105">
    <p class='ocr_par' dir='ltr' id='par_1_59' title="bbox 198 2069 985 2105">
     <span class='ocr_line' id='line_1_59' title="bbox 198 2069 985 2105; baseline 0.005 -11"><span class='ocrx_word' id='word_1_493' title='bbox 198 2073 253 2094; x_wconf 86' lang='lat' dir='ltr'><strong>tutc</strong></span> <span class='ocrx_word' id='word_1_494' title='bbox 267 2069 343 2102; x_wconf 80' lang='lat' dir='ltr'><strong>ignea</strong></span> <span class='ocrx_word' id='word_1_495' title='bbox 357 2077 404 2103; x_wconf 87' lang='lat' dir='ltr'><strong>per</strong></span> <span class='ocrx_word' id='word_1_496' title='bbox 421 2071 524 2097; x_wconf 86' lang='lat' dir='ltr'><strong>radium</strong></span> <span class='ocrx_word' id='word_1_497' title='bbox 538 2072 686 2105; x_wconf 82' lang='lat' dir='ltr'><strong>procedens</strong></span> <span class='ocrx_word' id='word_1_498' title='bbox 713 2071 738 2097; x_wconf 93' lang='lat' dir='ltr'><strong>in</strong></span> <span class='ocrx_word' id='word_1_499' title='bbox 760 2076 814 2097; x_wconf 90' lang='lat' dir='ltr'><strong>toto</strong></span> <span class='ocrx_word' id='word_1_500' title='bbox 833 2072 889 2105; x_wconf 82' lang='lat' dir='ltr'><strong>ipso</strong></span> <span class='ocrx_word' id='word_1_501' title='bbox 912 2072 985 2098; x_wconf 87' lang='lat' dir='ltr'><strong>radio</strong></span> 
     </span>
    </p>
   </div>
   <div class='ocr_carea' id='block_1_60' title="bbox 196 2114 984 2150">
    <p class='ocr_par' dir='ltr' id='par_1_60' title="bbox 196 2114 984 2150">
     <span class='ocr_line' id='line_1_60' title="bbox 196 2114 984 2150; baseline 0.005 -12"><span class='ocrx_word' id='word_1_502' title='bbox 196 2116 306 2147; x_wconf 87' lang='lat' dir='ltr'><strong>totaque</strong></span> <span class='ocrx_word' id='word_1_503' title='bbox 328 2114 383 2147; x_wconf 87' lang='lat' dir='ltr'><strong>ipsa</strong></span> <span class='ocrx_word' id='word_1_504' title='bbox 400 2114 510 2146; x_wconf 79' lang='lat' dir='ltr'><strong>virtute,</strong></span> <span class='ocrx_word' id='word_1_505' title='bbox 535 2124 568 2142; x_wconf 77' lang='lat' dir='ltr'><strong>ex</strong></span> <span class='ocrx_word' id='word_1_506' title='bbox 593 2124 644 2150; x_wconf 90' lang='lat' dir='ltr'><strong>qua</strong></span> <span class='ocrx_word' id='word_1_507' title='bbox 667 2116 922 2150; x_wconf 67' lang='lat' dir='ltr'><strong>procudil,existit:</strong></span> <span class='ocrx_word' id='word_1_508' title='bbox 949 2116 984 2142; x_wconf 85' lang='lat' dir='ltr'><strong>ita</strong></span> 
     </span>
    </p>
   </div>
   <div class='ocr_carea' id='block_1_61' title="bbox 197 2157 985 2194">
    <p class='ocr_par' dir='ltr' id='par_1_61' title="bbox 197 2157 985 2194">
     <span class='ocr_line' id='line_1_61' title="bbox 197 2157 985 2194; baseline 0.008 -13"><span class='ocrx_word' id='word_1_509' title='bbox 197 2157 475 2193; x_wconf 80' lang='lat' dir='ltr'><strong>totusPatet-gigneus</strong></span> <span class='ocrx_word' id='word_1_510' title='bbox 490 2159 514 2185; x_wconf 94' lang='lat' dir='ltr'><strong>in</strong></span> <span class='ocrx_word' id='word_1_511' title='bbox 530 2164 584 2186; x_wconf 86' lang='lat' dir='ltr'><strong>toto</strong></span> <span class='ocrx_word' id='word_1_512' title='bbox 594 2159 660 2186; x_wconf 85' lang='lat' dir='ltr'><strong>Filio</strong></span> <span class='ocrx_word' id='word_1_513' title='bbox 671 2160 770 2194; x_wconf 81' lang='lat' dir='ltr'><strong>genito,</strong></span> <span class='ocrx_word' id='word_1_514' title='bbox 785 2165 811 2185; x_wconf 83' lang='lat' dir='ltr'><strong>et</strong></span> <span class='ocrx_word' id='word_1_515' title='bbox 824 2163 894 2185; x_wconf 84' lang='lat' dir='ltr'><strong>totus</strong></span> <span class='ocrx_word' id='word_1_516' title='bbox 903 2159 985 2187; x_wconf 80' lang='lat' dir='ltr'><strong>Filius</strong></span> 
     </span>
    </p>
   </div>
   <div class='ocr_carea' id='block_1_62' title="bbox 197 2202 985 2239">
    <p class='ocr_par' dir='ltr' id='par_1_62' title="bbox 197 2202 985 2239">
     <span class='ocr_line' id='line_1_62' title="bbox 197 2202 985 2239; baseline 0.005 -12"><span class='ocrx_word' id='word_1_517' title='bbox 197 2202 303 2234; x_wconf 70' lang='lat' dir='ltr'><strong>genitus</strong></span> <span class='ocrx_word' id='word_1_518' title='bbox 317 2203 342 2229; x_wconf 91' lang='lat' dir='ltr'><strong>in</strong></span> <span class='ocrx_word' id='word_1_519' title='bbox 357 2207 411 2230; x_wconf 87' lang='lat' dir='ltr'><strong>toto</strong></span> <span class='ocrx_word' id='word_1_520' title='bbox 420 2203 499 2230; x_wconf 86' lang='lat' dir='ltr'><strong>Patre</strong></span> <span class='ocrx_word' id='word_1_521' title='bbox 514 2205 650 2239; x_wconf 70' lang='lat' dir='ltr'><strong>gignente,</strong></span> <span class='ocrx_word' id='word_1_522' title='bbox 662 2210 688 2231; x_wconf 83' lang='lat' dir='ltr'><strong>et</strong></span> <span class='ocrx_word' id='word_1_523' title='bbox 699 2209 768 2231; x_wconf 88' lang='lat' dir='ltr'><strong>totus</strong></span> <span class='ocrx_word' id='word_1_524' title='bbox 782 2204 860 2231; x_wconf 84' lang='lat' dir='ltr'><strong>Pater</strong></span> <span class='ocrx_word' id='word_1_525' title='bbox 874 2204 985 2238; x_wconf 77' lang='lat' dir='ltr'><strong>gignens</strong></span> 
     </span>
    </p>
   </div>
   <div class='ocr_carea' id='block_1_63' title="bbox 1043 942 1831 979">
    <p class='ocr_par' dir='ltr' id='par_1_63' title="bbox 1043 942 1831 979">
     <span class='ocr_line' id='line_1_63' title="bbox 1043 942 1831 979; baseline 0.003 -10"><span class='ocrx_word' id='word_1_526' title='bbox 1043 944 1087 978; x_wconf 85' lang='lat' dir='ltr'><strong>qui</strong></span> <span class='ocrx_word' id='word_1_527' title='bbox 1098 943 1242 978; x_wconf 85' lang='lat' dir='ltr'><strong>loquimini,</strong></span> <span class='ocrx_word' id='word_1_528' title='bbox 1259 943 1303 969; x_wconf 83' lang='lat' dir='ltr'><strong>sed</strong></span> <span class='ocrx_word' id='word_1_529' title='bbox 1319 942 1430 977; x_wconf 77' lang='lat' dir='ltr'><strong>Spiritus</strong></span> <span class='ocrx_word' id='word_1_530' title='bbox 1446 942 1545 975; x_wconf 80' lang='lat' dir='ltr'><strong>Putris,</strong></span> <span class='ocrx_word' id='word_1_531' title='bbox 1560 944 1603 978; x_wconf 86' lang='lat' dir='ltr'><strong>qui</strong></span> <span class='ocrx_word' id='word_1_532' title='bbox 1622 944 1736 979; x_wconf 85' lang='lat' dir='ltr'><strong>loquitur</strong></span> <span class='ocrx_word' id='word_1_533' title='bbox 1748 944 1774 970; x_wconf 84' lang='lat' dir='ltr'><strong>in</strong></span> <span class='ocrx_word' id='word_1_534' title='bbox 1789 953 1831 971; x_wconf 89' lang='lat' dir='ltr'><strong>ra-</strong></span> 
     </span>
    </p>
   </div>
   <div class='ocr_carea' id='block_1_64' title="bbox 1044 988 1828 1023">
    <p class='ocr_par' dir='ltr' id='par_1_64' title="bbox 1044 988 1828 1023">
     <span class='ocr_line' id='line_1_64' title="bbox 1044 988 1828 1023; baseline 0 -8"><span class='ocrx_word' id='word_1_535' title='bbox 1044 989 1091 1015; x_wconf 76' lang='lat' dir='ltr'><strong>bis.</strong></span> <span class='ocrx_word' id='word_1_536' title='bbox 1105 988 1170 1015; x_wconf 87' lang='lat' dir='ltr'><strong>Item</strong></span> <span class='ocrx_word' id='word_1_537' title='bbox 1186 988 1327 1014; x_wconf 70' lang='lat' dir='ltr'><strong>I‘salmista</strong></span> <span class='ocrx_word' id='word_1_538' title='bbox 1341 988 1472 1022; x_wconf 89' lang='lat' dir='ltr'><strong>Spiritum</strong></span> <span class='ocrx_word' id='word_1_539' title='bbox 1491 993 1613 1015; x_wconf 87' lang='lat' dir='ltr'><strong>sanctunt</strong></span> <span class='ocrx_word' id='word_1_540' title='bbox 1631 996 1645 1015; x_wconf 87' lang='lat' dir='ltr'><strong>a</strong></span> <span class='ocrx_word' id='word_1_541' title='bbox 1662 988 1740 1016; x_wconf 80' lang='lat' dir='ltr'><strong>Patre</strong></span> <span class='ocrx_word' id='word_1_542' title='bbox 1749 989 1828 1023; x_wconf 87' lang='lat' dir='ltr'><strong>petit,</strong></span> 
     </span>
    </p>
   </div>
   <div class='ocr_carea' id='block_1_65' title="bbox 1043 1032 1826 1068">
    <p class='ocr_par' dir='ltr' id='par_1_65' title="bbox 1043 1032 1826 1068">
     <span class='ocr_line' id='line_1_65' title="bbox 1043 1032 1826 1068; baseline 0 -8"><span class='ocrx_word' id='word_1_543' title='bbox 1043 1034 1135 1060; x_wconf 87' lang='lat' dir='ltr'><strong>dicens</strong></span> <span class='ocrx_word' id='word_1_544' title='bbox 1149 1042 1154 1059; x_wconf 94' lang='lat'><strong>:</strong></span> <span class='ocrx_word' id='word_1_545' title='bbox 1173 1033 1204 1059; x_wconf 75' lang='lat' dir='ltr'><strong>Et</strong></span> <span class='ocrx_word' id='word_1_546' title='bbox 1220 1032 1346 1068; x_wconf 79' lang='lat' dir='ltr'><strong>Spiritum</strong></span> <span class='ocrx_word' id='word_1_547' title='bbox 1357 1038 1475 1059; x_wconf 79' lang='lat' dir='ltr'><strong>sanctum</strong></span> <span class='ocrx_word' id='word_1_548' title='bbox 1490 1039 1563 1059; x_wconf 85' lang='lat' dir='ltr'><strong>tuum</strong></span> <span class='ocrx_word' id='word_1_549' title='bbox 1579 1041 1609 1060; x_wconf 86' lang='lat' dir='ltr'><strong>ne</strong></span> <span class='ocrx_word' id='word_1_550' title='bbox 1623 1033 1728 1068; x_wconf 72' lang='lat' dir='ltr'><strong>auferas</strong></span> <span class='ocrx_word' id='word_1_551' title='bbox 1741 1042 1758 1060; x_wconf 88' lang='lat' dir='ltr'><strong>a</strong></span> <span class='ocrx_word' id='word_1_552' title='bbox 1777 1042 1826 1060; x_wconf 86' lang='lat' dir='ltr'><strong>me.</strong></span> 
     </span>
    </p>
   </div>
   <div class='ocr_carea' id='block_1_66' title="bbox 1043 1077 1827 1113">
    <p class='ocr_par' dir='ltr' id='par_1_66' title="bbox 1043 1077 1827 1113">
     <span class='ocr_line' id='line_1_66' title="bbox 1043 1077 1827 1113; baseline 0.003 -9"><span class='ocrx_word' id='word_1_553' title='bbox 1043 1077 1090 1105; x_wconf 91' lang='lat' dir='ltr'><strong>IIis</strong></span> <span class='ocrx_word' id='word_1_554' title='bbox 1102 1084 1127 1105; x_wconf 87' lang='lat' dir='ltr'><strong>et</strong></span> <span class='ocrx_word' id='word_1_555' title='bbox 1141 1078 1291 1112; x_wconf 83' lang='lat' dir='ltr'><strong>liujusmodi</strong></span> <span class='ocrx_word' id='word_1_556' title='bbox 1309 1078 1468 1105; x_wconf 87' lang='lat' dir='ltr'><strong>testimoniis</strong></span> <span class='ocrx_word' id='word_1_557' title='bbox 1482 1086 1558 1105; x_wconf 79' lang='lat' dir='ltr'><strong>sacra</strong></span> <span class='ocrx_word' id='word_1_558' title='bbox 1576 1079 1713 1113; x_wconf 85' lang='lat' dir='ltr'><strong>Scriptura</strong></span> <span class='ocrx_word' id='word_1_559' title='bbox 1728 1080 1827 1106; x_wconf 80' lang='lat' dir='ltr'><strong>referta</strong></span> 
     </span>
    </p>
   </div>
   <div class='ocr_carea' id='block_1_67' title="bbox 1041 1120 1829 1159">
    <p class='ocr_par' dir='ltr' id='par_1_67' title="bbox 1041 1120 1829 1159">
     <span class='ocr_line' id='line_1_67' title="bbox 1041 1120 1829 1159; baseline 0.003 -10"><span class='ocrx_word' id='word_1_560' title='bbox 1041 1128 1092 1149; x_wconf 84' lang='lat' dir='ltr'><strong>est.</strong></span> <span class='ocrx_word' id='word_1_561' title='bbox 1109 1122 1181 1149; x_wconf 85' lang='lat' dir='ltr'><strong>Dtsc.</strong></span> <span class='ocrx_word' id='word_1_562' title='bbox 1210 1120 1281 1149; x_wconf 83' lang='lat' dir='ltr'><strong>Haec</strong></span> <span class='ocrx_word' id='word_1_563' title='bbox 1299 1123 1388 1149; x_wconf 90' lang='lat' dir='ltr'><strong>omnia</strong></span> <span class='ocrx_word' id='word_1_564' title='bbox 1406 1123 1484 1157; x_wconf 87' lang='lat' dir='ltr'><strong>plane</strong></span> <span class='ocrx_word' id='word_1_565' title='bbox 1510 1127 1536 1149; x_wconf 85' lang='lat' dir='ltr'><strong>et</strong></span> <span class='ocrx_word' id='word_1_566' title='bbox 1560 1123 1672 1157; x_wconf 80' lang='lat' dir='ltr'><strong>pleniter</strong></span> <span class='ocrx_word' id='word_1_567' title='bbox 1685 1124 1829 1159; x_wconf 84' lang='lat' dir='ltr'><strong>perspicio,</strong></span> 
     </span>
    </p>
   </div>
   <div class='ocr_carea' id='block_1_68' title="bbox 1042 1169 1830 1204">
    <p class='ocr_par' dir='ltr' id='par_1_68' title="bbox 1042 1169 1830 1204">
     <span class='ocr_line' id='line_1_68' title="bbox 1042 1169 1830 1204; baseline 0.001 -8"><span class='ocrx_word' id='word_1_568' title='bbox 1042 1169 1208 1204; x_wconf 72' lang='lat' dir='ltr'><strong>fideliterque</strong></span> <span class='ocrx_word' id='word_1_569' title='bbox 1221 1169 1333 1203; x_wconf 88' lang='lat' dir='ltr'><strong>accipio,</strong></span> <span class='ocrx_word' id='word_1_570' title='bbox 1346 1169 1471 1203; x_wconf 90' lang='lat' dir='ltr'><strong>quoniam</strong></span> <span class='ocrx_word' id='word_1_571' title='bbox 1492 1169 1513 1184; x_wconf 86' lang='lat'><strong><em>“</em></strong></span> <span class='ocrx_word' id='word_1_572' title='bbox 1526 1169 1635 1196; x_wconf 88' lang='lat' dir='ltr'><strong>ontnino</strong></span> <span class='ocrx_word' id='word_1_573' title='bbox 1645 1169 1751 1196; x_wconf 81' lang='lat' dir='ltr'><strong>veritati</strong></span> <span class='ocrx_word' id='word_1_574' title='bbox 1764 1177 1830 1197; x_wconf 91' lang='lat' dir='ltr'><strong>con-</strong></span> 
     </span>
    </p>
   </div>
   <div class='ocr_carea' id='block_1_69' title="bbox 1041 1214 1828 1250">
    <p class='ocr_par' dir='ltr' id='par_1_69' title="bbox 1041 1214 1828 1250">
     <span class='ocr_line' id='line_1_69' title="bbox 1041 1214 1828 1250; baseline 0 -8"><span class='ocrx_word' id='word_1_575' title='bbox 1041 1216 1160 1242; x_wconf 90' lang='lat' dir='ltr'><strong>veniant.</strong></span> <span class='ocrx_word' id='word_1_576' title='bbox 1187 1214 1323 1249; x_wconf 70' lang='lat' dir='ltr'><strong>Valdeque</strong></span> <span class='ocrx_word' id='word_1_577' title='bbox 1347 1215 1439 1246; x_wconf 83' lang='lat' dir='ltr'><strong>miror,</strong></span> <span class='ocrx_word' id='word_1_578' title='bbox 1459 1215 1593 1248; x_wconf 84' lang='lat' dir='ltr'><strong>quomodo</strong></span> <span class='ocrx_word' id='word_1_579' title='bbox 1622 1214 1666 1242; x_wconf 84' lang='lat' dir='ltr'><strong>illa</strong></span> <span class='ocrx_word' id='word_1_580' title='bbox 1694 1216 1828 1250; x_wconf 85' lang='lat' dir='ltr'><strong>quaestio,</strong></span> 
     </span>
    </p>
   </div>
   <div class='ocr_carea' id='block_1_70' title="bbox 1041 1260 1829 1295">
    <p class='ocr_par' dir='ltr' id='par_1_70' title="bbox 1041 1260 1829 1295">
     <span class='ocr_line' id='line_1_70' title="bbox 1041 1260 1829 1295; baseline 0.001 -8"><span class='ocrx_word' id='word_1_581' title='bbox 1041 1268 1110 1295; x_wconf 90' lang='lat' dir='ltr'><strong>quae</strong></span> <span class='ocrx_word' id='word_1_582' title='bbox 1132 1261 1248 1295; x_wconf 87' lang='lat' dir='ltr'><strong>prinmtn</strong></span> <span class='ocrx_word' id='word_1_583' title='bbox 1279 1261 1359 1287; x_wconf 84' lang='lat' dir='ltr'><strong>veluti</strong></span> <span class='ocrx_word' id='word_1_584' title='bbox 1392 1260 1540 1287; x_wconf 89' lang='lat' dir='ltr'><strong>insolubilis</strong></span> <span class='ocrx_word' id='word_1_585' title='bbox 1571 1261 1646 1288; x_wconf 88' lang='lat' dir='ltr'><strong>nobis</strong></span> <span class='ocrx_word' id='word_1_586' title='bbox 1669 1261 1829 1292; x_wconf 78' lang='lat' dir='ltr'><strong>videbatur,</strong></span> 
     </span>
    </p>
   </div>
   <div class='ocr_carea' id='block_1_71' title="bbox 1043 1305 1832 1340">
    <p class='ocr_par' dir='ltr' id='par_1_71' title="bbox 1043 1305 1832 1340">
     <span class='ocr_line' id='line_1_71' title="bbox 1043 1305 1832 1340; baseline 0.001 -8"><span class='ocrx_word' id='word_1_587' title='bbox 1043 1306 1149 1332; x_wconf 89' lang='lat' dir='ltr'><strong>tandem</strong></span> <span class='ocrx_word' id='word_1_588' title='bbox 1161 1305 1337 1340; x_wconf 83' lang='lat' dir='ltr'><strong>apertissimis</strong></span> <span class='ocrx_word' id='word_1_589' title='bbox 1357 1305 1504 1331; x_wconf 87' lang='lat' dir='ltr'><strong>rationibus</strong></span> <span class='ocrx_word' id='word_1_590' title='bbox 1518 1306 1702 1340; x_wconf 76' lang='lat' dir='ltr'><strong>exemplorum</strong></span> <span class='ocrx_word' id='word_1_591' title='bbox 1716 1311 1742 1332; x_wconf 85' lang='lat' dir='ltr'><strong>et</strong></span> <span class='ocrx_word' id='word_1_592' title='bbox 1756 1308 1832 1334; x_wconf 87' lang='lat' dir='ltr'><strong>testi-</strong></span> 
     </span>
    </p>
   </div>
   <div class='ocr_carea' id='block_1_72' title="bbox 1042 1351 1830 1385">
    <p class='ocr_par' dir='ltr' id='par_1_72' title="bbox 1042 1351 1830 1385">
     <span class='ocr_line' id='line_1_72' title="bbox 1042 1351 1830 1385; baseline 0.001 -8"><span class='ocrx_word' id='word_1_593' title='bbox 1042 1352 1191 1378; x_wconf 81' lang='lat' dir='ltr'><strong>moniorum</strong></span> <span class='ocrx_word' id='word_1_594' title='bbox 1204 1351 1436 1385; x_wconf 78' lang='lat' dir='ltr'><strong>argumentatione</strong></span> <span class='ocrx_word' id='word_1_595' title='bbox 1456 1351 1616 1382; x_wconf 77' lang='lat' dir='ltr'><strong>introducta,</strong></span> <span class='ocrx_word' id='word_1_596' title='bbox 1634 1351 1719 1378; x_wconf 88' lang='lat' dir='ltr'><strong>soluta</strong></span> <span class='ocrx_word' id='word_1_597' title='bbox 1734 1357 1785 1383; x_wconf 84' lang='lat' dir='ltr'><strong>est,</strong></span> <span class='ocrx_word' id='word_1_598' title='bbox 1802 1357 1830 1378; x_wconf 88' lang='lat' dir='ltr'><strong>ct</strong></span> 
     </span>
    </p>
   </div>
   <div class='ocr_carea' id='block_1_73' title="bbox 1041 1393 1829 1429">
    <p class='ocr_par' dir='ltr' id='par_1_73' title="bbox 1041 1393 1829 1429">
     <span class='ocr_line' id='line_1_73' title="bbox 1041 1393 1829 1429; baseline 0 -7"><span class='ocrx_word' id='word_1_599' title='bbox 1041 1396 1074 1422; x_wconf 87' lang='lat' dir='ltr'><strong>ad</strong></span> <span class='ocrx_word' id='word_1_600' title='bbox 1090 1403 1202 1429; x_wconf 85' lang='lat' dir='ltr'><strong>purum,</strong></span> <span class='ocrx_word' id='word_1_601' title='bbox 1216 1396 1286 1429; x_wconf 91' lang='lat' dir='ltr'><strong>quod</strong></span> <span class='ocrx_word' id='word_1_602' title='bbox 1307 1402 1359 1421; x_wconf 90' lang='lat' dir='ltr'><strong>non</strong></span> <span class='ocrx_word' id='word_1_603' title='bbox 1376 1393 1454 1421; x_wconf 77' lang='lat' dir='ltr'><strong>facile</strong></span> <span class='ocrx_word' id='word_1_604' title='bbox 1467 1395 1640 1428; x_wconf 80' lang='lat' dir='ltr'><strong>sperabamus</strong></span> <span class='ocrx_word' id='word_1_605' title='bbox 1654 1396 1686 1427; x_wconf 75' lang='grc'><strong>’³,</strong></span> <span class='ocrx_word' id='word_1_606' title='bbox 1701 1396 1829 1422; x_wconf 81' lang='lat' dir='ltr'><strong>rcvclata.</strong></span> 
     </span>
    </p>
   </div>
   <div class='ocr_carea' id='block_1_74' title="bbox 1041 1438 1828 1472">
    <p class='ocr_par' dir='ltr' id='par_1_74' title="bbox 1041 1438 1828 1472">
     <span class='ocr_line' id='line_1_74' title="bbox 1041 1438 1828 1472; baseline 0 -6"><span class='ocrx_word' id='word_1_607' title='bbox 1041 1440 1084 1472; x_wconf 82' lang='lat' dir='ltr'><strong>Et,</strong></span> <span class='ocrx_word' id='word_1_608' title='bbox 1101 1445 1128 1466; x_wconf 91' lang='lat' dir='ltr'><strong>ut</strong></span> <span class='ocrx_word' id='word_1_609' title='bbox 1144 1438 1206 1466; x_wconf 82' lang='lat' dir='ltr'><strong>milii</strong></span> <span class='ocrx_word' id='word_1_610' title='bbox 1225 1440 1337 1470; x_wconf 82' lang='lat' dir='ltr'><strong>videtur,</strong></span> <span class='ocrx_word' id='word_1_611' title='bbox 1353 1439 1488 1465; x_wconf 88' lang='lat' dir='ltr'><strong>interioris</strong></span> <span class='ocrx_word' id='word_1_612' title='bbox 1502 1443 1609 1466; x_wconf 87' lang='lat' dir='ltr'><strong>nostrae</strong></span> <span class='ocrx_word' id='word_1_613' title='bbox 1629 1445 1740 1467; x_wconf 85' lang='lat' dir='ltr'><strong>naturae</strong></span> <span class='ocrx_word' id='word_1_614' title='bbox 1754 1441 1828 1467; x_wconf 82' lang='lat' dir='ltr'><strong>tritti-</strong></span> 
     </span>
    </p>
   </div>
   <div class='ocr_carea' id='block_1_75' title="bbox 1041 1484 1828 1519">
    <p class='ocr_par' dir='ltr' id='par_1_75' title="bbox 1041 1484 1828 1519">
     <span class='ocr_line' id='line_1_75' title="bbox 1041 1484 1828 1519; baseline -0.003 -6"><span class='ocrx_word' id='word_1_615' title='bbox 1041 1486 1104 1513; x_wconf 87' lang='lat' dir='ltr'><strong>tatis</strong></span> <span class='ocrx_word' id='word_1_616' title='bbox 1127 1485 1301 1511; x_wconf 88' lang='lat' dir='ltr'><strong>similitudine</strong></span> <span class='ocrx_word' id='word_1_617' title='bbox 1325 1485 1375 1512; x_wconf 87' lang='lat' dir='ltr'><strong>hoc</strong></span> <span class='ocrx_word' id='word_1_618' title='bbox 1398 1484 1482 1518; x_wconf 84' lang='lat' dir='ltr'><strong>ipsum</strong></span> <span class='ocrx_word' id='word_1_619' title='bbox 1507 1492 1649 1519; x_wconf 84' lang='lat' dir='ltr'><strong>possumus</strong></span> <span class='ocrx_word' id='word_1_620' title='bbox 1669 1485 1828 1519; x_wconf 74' lang='lat' dir='ltr'><strong>approbare.</strong></span> 
     </span>
    </p>
   </div>
   <div class='ocr_carea' id='block_1_76' title="bbox 1041 1529 1831 1563">
    <p class='ocr_par' dir='ltr' id='par_1_76' title="bbox 1041 1529 1831 1563">
     <span class='ocr_line' id='line_1_76' title="bbox 1041 1529 1831 1563; baseline -0.003 -7"><span class='ocrx_word' id='word_1_621' title='bbox 1041 1529 1114 1556; x_wconf 83' lang='lat' dir='ltr'><strong>Mens</strong></span> <span class='ocrx_word' id='word_1_622' title='bbox 1126 1530 1225 1555; x_wconf 89' lang='lat' dir='ltr'><strong>etenim</strong></span> <span class='ocrx_word' id='word_1_623' title='bbox 1241 1534 1268 1555; x_wconf 81' lang='lat' dir='ltr'><strong>et</strong></span> <span class='ocrx_word' id='word_1_624' title='bbox 1283 1529 1405 1555; x_wconf 87' lang='lat' dir='ltr'><strong>notitiam</strong></span> <span class='ocrx_word' id='word_1_625' title='bbox 1420 1529 1461 1555; x_wconf 87' lang='lat' dir='ltr'><strong>sui</strong></span> <span class='ocrx_word' id='word_1_626' title='bbox 1476 1529 1571 1563; x_wconf 78' lang='lat' dir='ltr'><strong>gignit,</strong></span> <span class='ocrx_word' id='word_1_627' title='bbox 1585 1533 1612 1555; x_wconf 87' lang='lat' dir='ltr'><strong>et</strong></span> <span class='ocrx_word' id='word_1_628' title='bbox 1627 1536 1641 1555; x_wconf 89' lang='lat' dir='ltr'><strong>a</strong></span> <span class='ocrx_word' id='word_1_629' title='bbox 1653 1529 1740 1563; x_wconf 87' lang='lat' dir='ltr'><strong>seipsa</strong></span> <span class='ocrx_word' id='word_1_630' title='bbox 1753 1535 1831 1555; x_wconf 86' lang='lat' dir='ltr'><strong>amor</strong></span> 
     </span>
    </p>
   </div>
   <div class='ocr_carea' id='block_1_77' title="bbox 1017 1573 1828 1609">
    <p class='ocr_par' dir='ltr' id='par_1_77' title="bbox 1017 1573 1828 1609">
     <span class='ocr_line' id='line_1_77' title="bbox 1017 1573 1828 1609; baseline -0.002 -7"><span class='ocrx_word' id='word_1_631' title='bbox 1017 1573 1023 1594; x_wconf 66' lang='grc' dir='ltr'><strong><em>λ</em></strong></span> <span class='ocrx_word' id='word_1_632' title='bbox 1039 1576 1079 1602; x_wconf 85' lang='lat' dir='ltr'><strong>sui</strong></span> <span class='ocrx_word' id='word_1_633' title='bbox 1096 1581 1123 1602; x_wconf 88' lang='lat' dir='ltr'><strong>et</strong></span> <span class='ocrx_word' id='word_1_634' title='bbox 1139 1575 1251 1602; x_wconf 87' lang='lat' dir='ltr'><strong>notitiae</strong></span> <span class='ocrx_word' id='word_1_635' title='bbox 1274 1582 1338 1601; x_wconf 89' lang='lat' dir='ltr'><strong>suae</strong></span> <span class='ocrx_word' id='word_1_636' title='bbox 1353 1575 1490 1609; x_wconf 79' lang='lat' dir='ltr'><strong>procedit,</strong></span> <span class='ocrx_word' id='word_1_637' title='bbox 1506 1582 1559 1608; x_wconf 88' lang='lat' dir='ltr'><strong>quo</strong></span> <span class='ocrx_word' id='word_1_638' title='bbox 1577 1579 1604 1600; x_wconf 92' lang='lat' dir='ltr'><strong>et</strong></span> <span class='ocrx_word' id='word_1_639' title='bbox 1619 1574 1674 1608; x_wconf 90' lang='lat' dir='ltr'><strong>ipsa</strong></span> <span class='ocrx_word' id='word_1_640' title='bbox 1690 1578 1717 1600; x_wconf 87' lang='lat' dir='ltr'><strong>et</strong></span> <span class='ocrx_word' id='word_1_641' title='bbox 1735 1573 1828 1600; x_wconf 88' lang='lat' dir='ltr'><strong>notitia</strong></span> 
     </span>
    </p>
   </div>
   <div class='ocr_carea' id='block_1_78' title="bbox 1038 1621 1829 1656">
    <p class='ocr_par' dir='ltr' id='par_1_78' title="bbox 1038 1621 1829 1656">
     <span class='ocr_line' id='line_1_78' title="bbox 1038 1621 1829 1656; baseline -0.004 -8"><span class='ocrx_word' id='word_1_642' title='bbox 1038 1623 1078 1649; x_wconf 89' lang='lat' dir='ltr'><strong>sui</strong></span> <span class='ocrx_word' id='word_1_643' title='bbox 1099 1621 1308 1656; x_wconf 85' lang='lat' dir='ltr'><strong>conjunguutur,</strong></span> <span class='ocrx_word' id='word_1_644' title='bbox 1331 1626 1358 1648; x_wconf 81' lang='lat' dir='ltr'><strong>et</strong></span> <span class='ocrx_word' id='word_1_645' title='bbox 1379 1622 1502 1655; x_wconf 73' lang='lat' dir='ltr'><strong>quamvis</strong></span> <span class='ocrx_word' id='word_1_646' title='bbox 1526 1621 1582 1656; x_wconf 84' lang='lat' dir='ltr'><strong>ipse</strong></span> <span class='ocrx_word' id='word_1_647' title='bbox 1603 1629 1679 1648; x_wconf 89' lang='lat' dir='ltr'><strong>amor</strong></span> <span class='ocrx_word' id='word_1_648' title='bbox 1692 1629 1726 1648; x_wconf 80' lang='lat' dir='ltr'><strong>ex</strong></span> <span class='ocrx_word' id='word_1_649' title='bbox 1741 1626 1829 1647; x_wconf 64' lang='lat' dir='ltr'><strong>meatu,</strong></span> 
     </span>
    </p>
   </div>
   <div class='ocr_carea' id='block_1_79' title="bbox 1037 1666 1826 1701">
    <p class='ocr_par' dir='ltr' id='par_1_79' title="bbox 1037 1666 1826 1701">
     <span class='ocr_line' id='line_1_79' title="bbox 1037 1666 1826 1701; baseline 0 -8"><span class='ocrx_word' id='word_1_650' title='bbox 1037 1675 1085 1701; x_wconf 88' lang='lat' dir='ltr'><strong>per</strong></span> <span class='ocrx_word' id='word_1_651' title='bbox 1107 1667 1227 1694; x_wconf 88' lang='lat' dir='ltr'><strong>notitiam</strong></span> <span class='ocrx_word' id='word_1_652' title='bbox 1252 1667 1293 1693; x_wconf 86' lang='lat' dir='ltr'><strong>sui</strong></span> <span class='ocrx_word' id='word_1_653' title='bbox 1318 1666 1462 1701; x_wconf 85' lang='lat' dir='ltr'><strong>procedat,</strong></span> <span class='ocrx_word' id='word_1_654' title='bbox 1479 1674 1530 1692; x_wconf 93' lang='lat' dir='ltr'><strong>non</strong></span> <span class='ocrx_word' id='word_1_655' title='bbox 1547 1671 1635 1693; x_wconf 82' lang='lat' dir='ltr'><strong>tamen</strong></span> <span class='ocrx_word' id='word_1_656' title='bbox 1652 1667 1707 1701; x_wconf 85' lang='lat' dir='ltr'><strong>ipsa</strong></span> <span class='ocrx_word' id='word_1_657' title='bbox 1733 1667 1826 1693; x_wconf 88' lang='lat' dir='ltr'><strong>notitia</strong></span> 
     </span>
    </p>
   </div>
   <div class='ocr_carea' id='block_1_80' title="bbox 1038 1712 1829 1746">
    <p class='ocr_par' dir='ltr' id='par_1_80' title="bbox 1038 1712 1829 1746">
     <span class='ocr_line' id='line_1_80' title="bbox 1038 1712 1829 1746; baseline 0 -8"><span class='ocrx_word' id='word_1_658' title='bbox 1038 1720 1118 1739; x_wconf 82' lang='lat' dir='ltr'><strong>causa</strong></span> <span class='ocrx_word' id='word_1_659' title='bbox 1136 1712 1236 1738; x_wconf 88' lang='lat' dir='ltr'><strong>amoris</strong></span> <span class='ocrx_word' id='word_1_660' title='bbox 1254 1717 1310 1743; x_wconf 84' lang='lat' dir='ltr'><strong>est,</strong></span> <span class='ocrx_word' id='word_1_661' title='bbox 1328 1712 1374 1739; x_wconf 85' lang='lat' dir='ltr'><strong>sed</strong></span> <span class='ocrx_word' id='word_1_662' title='bbox 1392 1712 1446 1746; x_wconf 89' lang='lat' dir='ltr'><strong>ipsa</strong></span> <span class='ocrx_word' id='word_1_663' title='bbox 1463 1719 1554 1743; x_wconf 79' lang='lat' dir='ltr'><strong>mens,</strong></span> <span class='ocrx_word' id='word_1_664' title='bbox 1579 1720 1612 1738; x_wconf 79' lang='lat' dir='ltr'><strong>ex</strong></span> <span class='ocrx_word' id='word_1_665' title='bbox 1633 1720 1683 1746; x_wconf 90' lang='lat' dir='ltr'><strong>qua</strong></span> <span class='ocrx_word' id='word_1_666' title='bbox 1700 1720 1776 1739; x_wconf 87' lang='lat' dir='ltr'><strong>amor</strong></span> <span class='ocrx_word' id='word_1_667' title='bbox 1791 1712 1829 1738; x_wconf 84' lang='lat' dir='ltr'><strong>ia-</strong></span> 
     </span>
    </p>
   </div>
   <div class='ocr_carea' id='block_1_81' title="bbox 1037 1756 1827 1791">
    <p class='ocr_par' dir='ltr' id='par_1_81' title="bbox 1037 1756 1827 1791">
     <span class='ocr_line' id='line_1_81' title="bbox 1037 1756 1827 1791; baseline 0.001 -8"><span class='ocrx_word' id='word_1_668' title='bbox 1037 1758 1117 1783; x_wconf 83' lang='lat' dir='ltr'><strong>cltoat</strong></span> <span class='ocrx_word' id='word_1_669' title='bbox 1131 1763 1202 1788; x_wconf 79' lang='lat' dir='ltr'><strong>esse,</strong></span> <span class='ocrx_word' id='word_1_670' title='bbox 1217 1761 1242 1783; x_wconf 85' lang='lat' dir='ltr'><strong>ct</strong></span> <span class='ocrx_word' id='word_1_671' title='bbox 1258 1761 1400 1791; x_wconf 87' lang='lat' dir='ltr'><strong>antequam</strong></span> <span class='ocrx_word' id='word_1_672' title='bbox 1425 1757 1458 1782; x_wconf 85' lang='lat' dir='ltr'><strong>ad</strong></span> <span class='ocrx_word' id='word_1_673' title='bbox 1474 1756 1621 1790; x_wconf 82' lang='lat' dir='ltr'><strong>perfectam</strong></span> <span class='ocrx_word' id='word_1_674' title='bbox 1646 1757 1767 1784; x_wconf 90' lang='lat' dir='ltr'><strong>notitiam</strong></span> <span class='ocrx_word' id='word_1_675' title='bbox 1786 1757 1827 1784; x_wconf 76' lang='lat' dir='ltr'><strong>sui</strong></span> 
     </span>
    </p>
   </div>
   <div class='ocr_carea' id='block_1_82' title="bbox 1037 1801 1828 1837">
    <p class='ocr_par' dir='ltr' id='par_1_82' title="bbox 1037 1801 1828 1837">
     <span class='ocr_line' id='line_1_82' title="bbox 1037 1801 1828 1837; baseline 0.004 -10"><span class='ocrx_word' id='word_1_676' title='bbox 1037 1809 1112 1828; x_wconf 86' lang='lat' dir='ltr'><strong>mens</strong></span> <span class='ocrx_word' id='word_1_677' title='bbox 1128 1802 1183 1835; x_wconf 87' lang='lat' dir='ltr'><strong>ipsa</strong></span> <span class='ocrx_word' id='word_1_678' title='bbox 1198 1802 1346 1836; x_wconf 85' lang='lat' dir='ltr'><strong>perveniat.</strong></span> <span class='ocrx_word' id='word_1_679' title='bbox 1360 1801 1425 1828; x_wconf 70' lang='lat' dir='ltr'><strong>Nam</strong></span> <span class='ocrx_word' id='word_1_680' title='bbox 1441 1807 1467 1828; x_wconf 89' lang='lat' dir='ltr'><strong>et</strong></span> <span class='ocrx_word' id='word_1_681' title='bbox 1481 1809 1556 1828; x_wconf 88' lang='lat' dir='ltr'><strong>mens</strong></span> <span class='ocrx_word' id='word_1_682' title='bbox 1567 1807 1639 1828; x_wconf 89' lang='lat' dir='ltr'><strong>autat</strong></span> <span class='ocrx_word' id='word_1_683' title='bbox 1651 1802 1766 1837; x_wconf 86' lang='lat' dir='ltr'><strong>seipsam</strong></span> <span class='ocrx_word' id='word_1_684' title='bbox 1782 1810 1828 1830; x_wconf 88' lang='lat' dir='ltr'><strong>co-</strong></span> 
     </span>
    </p>
   </div>
   <div class='ocr_carea' id='block_1_83' title="bbox 1037 1846 1828 1882">
    <p class='ocr_par' dir='ltr' id='par_1_83' title="bbox 1037 1846 1828 1882">
     <span class='ocr_line' id='line_1_83' title="bbox 1037 1846 1828 1882; baseline 0.004 -11"><span class='ocrx_word' id='word_1_685' title='bbox 1037 1853 1182 1879; x_wconf 84' lang='lat' dir='ltr'><strong>gnoscere,</strong></span> <span class='ocrx_word' id='word_1_686' title='bbox 1198 1846 1353 1880; x_wconf 84' lang='lat' dir='ltr'><strong>priusquam</strong></span> <span class='ocrx_word' id='word_1_687' title='bbox 1369 1846 1546 1881; x_wconf 77' lang='lat' dir='ltr'><strong>cognitionem</strong></span> <span class='ocrx_word' id='word_1_688' title='bbox 1563 1855 1638 1873; x_wconf 83' lang='lat' dir='ltr'><strong>suam</strong></span> <span class='ocrx_word' id='word_1_689' title='bbox 1657 1847 1689 1874; x_wconf 87' lang='lat' dir='ltr'><strong>de</strong></span> <span class='ocrx_word' id='word_1_690' title='bbox 1703 1847 1789 1882; x_wconf 82' lang='lat' dir='ltr'><strong>seipsa</strong></span> <span class='ocrx_word' id='word_1_691' title='bbox 1805 1847 1828 1863; x_wconf 85' lang='lat'>“</span> 
     </span>
    </p>
   </div>
   <div class='ocr_carea' id='block_1_84' title="bbox 1037 1889 1826 1925">
    <p class='ocr_par' dir='ltr' id='par_1_84' title="bbox 1037 1889 1826 1925">
     <span class='ocr_line' id='line_1_84' title="bbox 1037 1889 1826 1925; baseline 0.004 -9"><span class='ocrx_word' id='word_1_692' title='bbox 1037 1890 1133 1924; x_wconf 89' lang='lat' dir='ltr'><strong>pariat,</strong></span> <span class='ocrx_word' id='word_1_693' title='bbox 1148 1889 1230 1916; x_wconf 70' lang='lat' dir='ltr'><strong>veluti</strong></span> <span class='ocrx_word' id='word_1_694' title='bbox 1243 1890 1346 1925; x_wconf 89' lang='lat' dir='ltr'><strong>prolem</strong></span> <span class='ocrx_word' id='word_1_695' title='bbox 1362 1898 1450 1916; x_wconf 90' lang='lat' dir='ltr'><strong>suam.</strong></span> <span class='ocrx_word' id='word_1_696' title='bbox 1462 1890 1519 1917; x_wconf 81' lang='lat' dir='ltr'><strong>Non</strong></span> <span class='ocrx_word' id='word_1_697' title='bbox 1537 1891 1606 1925; x_wconf 89' lang='lat' dir='ltr'><strong>quod</strong></span> <span class='ocrx_word' id='word_1_698' title='bbox 1625 1900 1700 1919; x_wconf 84' lang='lat' dir='ltr'><strong>mens</strong></span> <span class='ocrx_word' id='word_1_699' title='bbox 1711 1893 1826 1919; x_wconf 89' lang='lat' dir='ltr'><strong>lmmana</strong></span> 
     </span>
    </p>
   </div>
   <div class='ocr_carea' id='block_1_85' title="bbox 1037 1937 1825 1970">
    <p class='ocr_par' dir='ltr' id='par_1_85' title="bbox 1037 1937 1825 1970">
     <span class='ocr_line' id='line_1_85' title="bbox 1037 1937 1825 1970; baseline 0.006 -9"><span class='ocrx_word' id='word_1_700' title='bbox 1037 1944 1154 1970; x_wconf 88' lang='lat' dir='ltr'><strong>unquaut</strong></span> <span class='ocrx_word' id='word_1_701' title='bbox 1169 1945 1197 1963; x_wconf 88' lang='lat' dir='ltr'><strong>se</strong></span> <span class='ocrx_word' id='word_1_702' title='bbox 1212 1937 1252 1963; x_wconf 80' lang='lat' dir='ltr'><strong>vel</strong></span> <span class='ocrx_word' id='word_1_703' title='bbox 1268 1945 1319 1963; x_wconf 93' lang='lat' dir='ltr'><strong>non</strong></span> <span class='ocrx_word' id='word_1_704' title='bbox 1336 1942 1425 1963; x_wconf 77' lang='lat' dir='ltr'><strong>nosset</strong></span> <span class='ocrx_word' id='word_1_705' title='bbox 1438 1937 1478 1964; x_wconf 76' lang='lat' dir='ltr'><strong>vel</strong></span> <span class='ocrx_word' id='word_1_706' title='bbox 1494 1946 1544 1964; x_wconf 93' lang='lat' dir='ltr'><strong>non</strong></span> <span class='ocrx_word' id='word_1_707' title='bbox 1559 1943 1671 1968; x_wconf 87' lang='lat' dir='ltr'><strong>amaret.</strong></span> <span class='ocrx_word' id='word_1_708' title='bbox 1684 1940 1745 1965; x_wconf 91' lang='lat' dir='ltr'><strong>dum</strong></span> <span class='ocrx_word' id='word_1_709' title='bbox 1758 1940 1825 1966; x_wconf 82' lang='lat' dir='ltr'><strong>haec</strong></span> 
     </span>
    </p>
   </div>
   <div class='ocr_carea' id='block_1_86' title="bbox 1037 1982 1823 2011">
    <p class='ocr_par' dir='ltr' id='par_1_86' title="bbox 1037 1982 1823 2011">
     <span class='ocr_line' id='line_1_86' title="bbox 1037 1982 1823 2011; baseline 0.004 -3"><span class='ocrx_word' id='word_1_710' title='bbox 1037 1982 1088 2008; x_wconf 88' lang='lat' dir='ltr'><strong>tria</strong></span> <span class='ocrx_word' id='word_1_711' title='bbox 1101 1990 1180 2007; x_wconf 90' lang='lat' dir='ltr'><strong>unum</strong></span> <span class='ocrx_word' id='word_1_712' title='bbox 1197 1987 1259 2008; x_wconf 83' lang='lat' dir='ltr'><strong>sunt</strong></span> <span class='ocrx_word' id='word_1_713' title='bbox 1279 1983 1424 2009; x_wconf 81' lang='lat' dir='ltr'><strong>secundum</strong></span> <span class='ocrx_word' id='word_1_714' title='bbox 1441 1987 1561 2009; x_wconf 90' lang='lat' dir='ltr'><strong>naturam</strong></span> <span class='ocrx_word' id='word_1_715' title='bbox 1575 1983 1615 2009; x_wconf 84' lang='lat' dir='ltr'><strong>rel</strong></span> <span class='ocrx_word' id='word_1_716' title='bbox 1626 1984 1781 2011; x_wconf 87' lang='lat' dir='ltr'><strong>essentiam.</strong></span> <span class='ocrx_word' id='word_1_717' title='bbox 1796 1990 1823 2011; x_wconf 93' lang='lat' dir='ltr'><strong>ct</strong></span> 
     </span>
    </p>
   </div>
   <div class='ocr_carea' id='block_1_87' title="bbox 1037 2026 1824 2060">
    <p class='ocr_par' dir='ltr' id='par_1_87' title="bbox 1037 2026 1824 2060">
     <span class='ocr_line' id='line_1_87' title="bbox 1037 2026 1824 2060; baseline 0.003 -8"><span class='ocrx_word' id='word_1_718' title='bbox 1037 2034 1119 2053; x_wconf 89' lang='lat' dir='ltr'><strong>unum</strong></span> <span class='ocrx_word' id='word_1_719' title='bbox 1137 2026 1186 2052; x_wconf 88' lang='lat' dir='ltr'><strong>tria</strong></span> <span class='ocrx_word' id='word_1_720' title='bbox 1203 2027 1351 2052; x_wconf 86' lang='lat' dir='ltr'><strong>secundum</strong></span> <span class='ocrx_word' id='word_1_721' title='bbox 1370 2027 1480 2053; x_wconf 87' lang='lat' dir='ltr'><strong>rationis</strong></span> <span class='ocrx_word' id='word_1_722' title='bbox 1494 2027 1752 2060; x_wconf 87' lang='lat' dir='ltr'><strong>considerationem;</strong></span> <span class='ocrx_word' id='word_1_723' title='bbox 1773 2030 1824 2055; x_wconf 87' lang='lat' dir='ltr'><strong>tria</strong></span> 
     </span>
    </p>
   </div>
   <div class='ocr_carea' id='block_1_88' title="bbox 1037 2069 1825 2104">
    <p class='ocr_par' dir='ltr' id='par_1_88' title="bbox 1037 2069 1825 2104">
     <span class='ocr_line' id='line_1_88' title="bbox 1037 2069 1825 2104; baseline 0.004 -9"><span class='ocrx_word' id='word_1_724' title='bbox 1037 2070 1167 2104; x_wconf 87' lang='lat' dir='ltr'><strong>siquidem</strong></span> <span class='ocrx_word' id='word_1_725' title='bbox 1186 2070 1254 2095; x_wconf 90' lang='lat' dir='ltr'><strong>ratio</strong></span> <span class='ocrx_word' id='word_1_726' title='bbox 1270 2070 1422 2097; x_wconf 87' lang='lat' dir='ltr'><strong>considerat</strong></span> <span class='ocrx_word' id='word_1_727' title='bbox 1441 2071 1465 2096; x_wconf 92' lang='lat' dir='ltr'><strong>in</strong></span> <span class='ocrx_word' id='word_1_728' title='bbox 1485 2078 1536 2096; x_wconf 90' lang='lat' dir='ltr'><strong>una</strong></span> <span class='ocrx_word' id='word_1_729' title='bbox 1556 2075 1582 2096; x_wconf 88' lang='lat' dir='ltr'><strong>et</strong></span> <span class='ocrx_word' id='word_1_730' title='bbox 1598 2069 1711 2104; x_wconf 81' lang='lat' dir='ltr'><strong>simplici</strong></span> <span class='ocrx_word' id='word_1_731' title='bbox 1729 2076 1825 2098; x_wconf 86' lang='lat' dir='ltr'><strong>natura</strong></span> 
     </span>
    </p>
   </div>
   <div class='ocr_carea' id='block_1_89' title="bbox 1037 2114 1824 2150">
    <p class='ocr_par' dir='ltr' id='par_1_89' title="bbox 1037 2114 1824 2150">
     <span class='ocr_line' id='line_1_89' title="bbox 1037 2114 1824 2150; baseline 0.005 -11"><span class='ocrx_word' id='word_1_732' title='bbox 1037 2116 1143 2140; x_wconf 77' lang='lat' dir='ltr'><strong>animae</strong></span> <span class='ocrx_word' id='word_1_733' title='bbox 1155 2121 1162 2140; x_wconf 89' lang='lat'><strong>:</strong></span> <span class='ocrx_word' id='word_1_734' title='bbox 1174 2122 1242 2144; x_wconf 86' lang='lat' dir='ltr'><strong>csse,</strong></span> <span class='ocrx_word' id='word_1_735' title='bbox 1256 2122 1342 2144; x_wconf 82' lang='lat' dir='ltr'><strong>nosse,</strong></span> <span class='ocrx_word' id='word_1_736' title='bbox 1355 2121 1454 2140; x_wconf 88' lang='lat' dir='ltr'><strong>amare.</strong></span> <span class='ocrx_word' id='word_1_737' title='bbox 1467 2114 1570 2140; x_wconf 83' lang='lat' dir='ltr'><strong>Etenim</strong></span> <span class='ocrx_word' id='word_1_738' title='bbox 1585 2121 1660 2141; x_wconf 84' lang='lat' dir='ltr'><strong>tuens</strong></span> <span class='ocrx_word' id='word_1_739' title='bbox 1672 2120 1699 2142; x_wconf 89' lang='lat' dir='ltr'><strong>et</strong></span> <span class='ocrx_word' id='word_1_740' title='bbox 1709 2116 1824 2150; x_wconf 83' lang='lat' dir='ltr'><strong>seipsam</strong></span> 
     </span>
    </p>
   </div>
   <div class='ocr_carea' id='block_1_90' title="bbox 1037 2155 1824 2195">
    <p class='ocr_par' dir='ltr' id='par_1_90' title="bbox 1037 2155 1824 2195">
     <span class='ocr_line' id='line_1_90' title="bbox 1037 2155 1824 2195; baseline 0 -9"><span class='ocrx_word' id='word_1_741' title='bbox 1037 2160 1124 2191; x_wconf 85' lang='lat' dir='ltr'><strong>novit,</strong></span> <span class='ocrx_word' id='word_1_742' title='bbox 1141 2155 1167 2185; x_wconf 79' lang='lat' dir='ltr'><strong>et</strong></span> <span class='ocrx_word' id='word_1_743' title='bbox 1181 2165 1252 2186; x_wconf 87' lang='lat' dir='ltr'><strong>amat</strong></span> <span class='ocrx_word' id='word_1_744' title='bbox 1267 2160 1399 2194; x_wconf 78' lang='lat' dir='ltr'><strong>scipsnm,</strong></span> <span class='ocrx_word' id='word_1_745' title='bbox 1420 2164 1446 2185; x_wconf 83' lang='lat' dir='ltr'><strong>et</strong></span> <span class='ocrx_word' id='word_1_746' title='bbox 1471 2160 1510 2186; x_wconf 85' lang='lat' dir='ltr'><strong>sui</strong></span> <span class='ocrx_word' id='word_1_747' title='bbox 1537 2160 1676 2191; x_wconf 85' lang='lat' dir='ltr'><strong>notitiam;</strong></span> <span class='ocrx_word' id='word_1_748' title='bbox 1694 2161 1740 2187; x_wconf 86' lang='lat' dir='ltr'><strong>sed</strong></span> <span class='ocrx_word' id='word_1_749' title='bbox 1761 2162 1824 2195; x_wconf 77' lang='lat' dir='ltr'><strong>quia</strong></span> 
     </span>
    </p>
   </div>
   <div class='ocr_carea' id='block_1_91' title="bbox 1037 2204 1824 2239">
    <p class='ocr_par' dir='ltr' id='par_1_91' title="bbox 1037 2204 1824 2239">
     <span class='ocr_line' id='line_1_91' title="bbox 1037 2204 1824 2239; baseline 0.003 -9"><span class='ocrx_word' id='word_1_750' title='bbox 1037 2204 1133 2230; x_wconf 82' lang='lat' dir='ltr'><strong>ntcrito</strong></span> <span class='ocrx_word' id='word_1_751' title='bbox 1148 2204 1384 2238; x_wconf 78' lang='lat' dir='ltr'><strong>praevaricationis</strong></span> <span class='ocrx_word' id='word_1_752' title='bbox 1402 2209 1514 2230; x_wconf 88' lang='lat' dir='ltr'><strong>naturae</strong></span> <span class='ocrx_word' id='word_1_753' title='bbox 1536 2205 1668 2231; x_wconf 85' lang='lat' dir='ltr'><strong>humanae</strong></span> <span class='ocrx_word' id='word_1_754' title='bbox 1690 2205 1715 2232; x_wconf 87' lang='lat' dir='ltr'><strong>in</strong></span> <span class='ocrx_word' id='word_1_755' title='bbox 1737 2206 1824 2239; x_wconf 84' lang='lat' dir='ltr'><strong>primo</strong></span> 
     </span>
    </p>
   </div>
   <div class='ocr_carea' id='block_1_92' title="bbox 197 2241 1822 2285">
    <p class='ocr_par' dir='ltr' id='par_1_92' title="bbox 197 2241 1822 2285">
     <span class='ocr_line' id='line_1_92' title="bbox 197 2241 1822 2285; baseline 0.004 -14"><span class='ocrx_word' id='word_1_756' title='bbox 197 2251 225 2271; x_wconf 76' lang='lat' dir='ltr'><strong>ct</strong></span> <span class='ocrx_word' id='word_1_757' title='bbox 241 2251 311 2273; x_wconf 90' lang='lat' dir='ltr'><strong>totus</strong></span> <span class='ocrx_word' id='word_1_758' title='bbox 330 2247 410 2275; x_wconf 65' lang='lat' dir='ltr'><strong>I’ilius</strong></span> <span class='ocrx_word' id='word_1_759' title='bbox 421 2249 529 2283; x_wconf 81' lang='lat' dir='ltr'><strong>genitus</strong></span> <span class='ocrx_word' id='word_1_760' title='bbox 542 2250 567 2275; x_wconf 91' lang='lat' dir='ltr'><strong>in</strong></span> <span class='ocrx_word' id='word_1_761' title='bbox 581 2254 636 2277; x_wconf 90' lang='lat' dir='ltr'><strong>toto</strong></span> <span class='ocrx_word' id='word_1_762' title='bbox 653 2250 753 2284; x_wconf 85' lang='lat' dir='ltr'><strong>Spiritu</strong></span> <span class='ocrx_word' id='word_1_763' title='bbox 766 2254 859 2276; x_wconf 82' lang='lat' dir='ltr'><strong>sancto</strong></span> <span class='ocrx_word' id='word_1_764' title='bbox 874 2258 888 2275; x_wconf 91' lang='lat' dir='ltr'><strong>a</strong></span> <span class='ocrx_word' id='word_1_765' title='bbox 906 2249 984 2276; x_wconf 70' lang='lat' dir='ltr'><strong>I’atre</strong></span> <span class='ocrx_word' id='word_1_766' title='bbox 1001 2241 1023 2268; x_wconf 72' lang='grc' dir='ltr'><strong>ί)</strong></span> <span class='ocrx_word' id='word_1_767' title='bbox 1039 2251 1145 2277; x_wconf 87' lang='lat' dir='ltr'><strong>homine</strong></span> <span class='ocrx_word' id='word_1_768' title='bbox 1160 2251 1265 2280; x_wconf 85' lang='lat' dir='ltr'><strong>accidit,</strong></span> <span class='ocrx_word' id='word_1_769' title='bbox 1283 2254 1311 2276; x_wconf 89' lang='lat' dir='ltr'><strong>ut</strong></span> <span class='ocrx_word' id='word_1_770' title='bbox 1326 2257 1401 2276; x_wconf 85' lang='lat' dir='ltr'><strong>mcns</strong></span> <span class='ocrx_word' id='word_1_771' title='bbox 1412 2251 1514 2277; x_wconf 87' lang='lat' dir='ltr'><strong>nesciat</strong></span> <span class='ocrx_word' id='word_1_772' title='bbox 1528 2251 1643 2285; x_wconf 67' lang='lat' dir='ltr'><strong>seipsatn</strong></span> <span class='ocrx_word' id='word_1_773' title='bbox 1658 2258 1747 2283; x_wconf 78' lang='lat' dir='ltr'><strong>nosse,</strong></span> <span class='ocrx_word' id='word_1_774' title='bbox 1759 2251 1822 2278; x_wconf 79' lang='lat' dir='ltr'><strong>dum</strong></span> 
     </span>
    </p>
   </div>
   <div class='ocr_carea' id='block_1_93' title="bbox 198 2291 982 2328">
    <p class='ocr_par' dir='ltr' id='par_1_93' title="bbox 198 2291 982 2328">
     <span class='ocr_line' id='line_1_93' title="bbox 198 2291 982 2328; baseline 0.005 -12"><span class='ocrx_word' id='word_1_775' title='bbox 198 2299 247 2324; x_wconf 86' lang='lat' dir='ltr'><strong>per</strong></span> <span class='ocrx_word' id='word_1_776' title='bbox 262 2291 356 2318; x_wconf 84' lang='lat' dir='ltr'><strong>Filium</strong></span> <span class='ocrx_word' id='word_1_777' title='bbox 371 2294 541 2327; x_wconf 84' lang='lat' dir='ltr'><strong>procedente,</strong></span> <span class='ocrx_word' id='word_1_778' title='bbox 558 2299 586 2320; x_wconf 85' lang='lat' dir='ltr'><strong>et</strong></span> <span class='ocrx_word' id='word_1_779' title='bbox 606 2299 675 2321; x_wconf 90' lang='lat' dir='ltr'><strong>lotus</strong></span> <span class='ocrx_word' id='word_1_780' title='bbox 702 2294 818 2328; x_wconf 87' lang='lat' dir='ltr'><strong>Spiritus</strong></span> <span class='ocrx_word' id='word_1_781' title='bbox 836 2299 944 2321; x_wconf 85' lang='lat' dir='ltr'><strong>sanctus</strong></span> <span class='ocrx_word' id='word_1_782' title='bbox 968 2301 982 2320; x_wconf 82' lang='lat' dir='ltr'><strong>a</strong></span> 
     </span>
    </p>
   </div>
   <div class='ocr_carea' id='block_1_94' title="bbox 197 2334 982 2374">
    <p class='ocr_par' dir='ltr' id='par_1_94' title="bbox 197 2334 982 2374">
     <span class='ocr_line' id='line_1_94' title="bbox 197 2334 982 2374; baseline 0.006 -13"><span class='ocrx_word' id='word_1_783' title='bbox 197 2334 278 2362; x_wconf 83' lang='lat' dir='ltr'><strong>Patre</strong></span> <span class='ocrx_word' id='word_1_784' title='bbox 290 2343 337 2370; x_wconf 89' lang='lat' dir='ltr'><strong>per</strong></span> <span class='ocrx_word' id='word_1_785' title='bbox 351 2337 447 2364; x_wconf 80' lang='lat' dir='ltr'><strong>Filium</strong></span> <span class='ocrx_word' id='word_1_786' title='bbox 464 2339 610 2373; x_wconf 79' lang='lat' dir='ltr'><strong>procedens</strong></span> <span class='ocrx_word' id='word_1_787' title='bbox 625 2340 650 2366; x_wconf 96' lang='lat' dir='ltr'><strong>in</strong></span> <span class='ocrx_word' id='word_1_788' title='bbox 663 2339 774 2370; x_wconf 83' lang='lat' dir='ltr'><strong>Patrc,a</strong></span> <span class='ocrx_word' id='word_1_789' title='bbox 785 2348 838 2374; x_wconf 89' lang='lat' dir='ltr'><strong>quo</strong></span> <span class='ocrx_word' id='word_1_790' title='bbox 851 2340 982 2374; x_wconf 84' lang='lat' dir='ltr'><strong>procedit,</strong></span> 
     </span>
    </p>
   </div>
   <div class='ocr_carea' id='block_1_95' title="bbox 198 2379 985 2419">
    <p class='ocr_par' dir='ltr' id='par_1_95' title="bbox 198 2379 985 2419">
     <span class='ocr_line' id='line_1_95' title="bbox 198 2379 985 2419; baseline 0.006 -14"><span class='ocrx_word' id='word_1_791' title='bbox 198 2385 225 2406; x_wconf 91' lang='lat' dir='ltr'><strong>ct</strong></span> <span class='ocrx_word' id='word_1_792' title='bbox 239 2379 315 2411; x_wconf 79' lang='lat' dir='ltr'><strong>Filio.</strong></span> <span class='ocrx_word' id='word_1_793' title='bbox 329 2389 377 2416; x_wconf 91' lang='lat' dir='ltr'><strong>per</strong></span> <span class='ocrx_word' id='word_1_794' title='bbox 393 2390 472 2416; x_wconf 87' lang='lat' dir='ltr'><strong>quem</strong></span> <span class='ocrx_word' id='word_1_795' title='bbox 488 2384 618 2417; x_wconf 86' lang='lat' dir='ltr'><strong>procedit,</strong></span> <span class='ocrx_word' id='word_1_796' title='bbox 643 2389 669 2411; x_wconf 89' lang='lat' dir='ltr'><strong>et</strong></span> <span class='ocrx_word' id='word_1_797' title='bbox 685 2389 738 2411; x_wconf 89' lang='lat' dir='ltr'><strong>tres</strong></span> <span class='ocrx_word' id='word_1_798' title='bbox 752 2393 832 2411; x_wconf 89' lang='lat' dir='ltr'><strong>unum</strong></span> <span class='ocrx_word' id='word_1_799' title='bbox 851 2390 913 2412; x_wconf 83' lang='lat' dir='ltr'><strong>sunt</strong></span> <span class='ocrx_word' id='word_1_800' title='bbox 937 2393 985 2419; x_wconf 86' lang='lat' dir='ltr'><strong>per</strong></span> 
     </span>
    </p>
   </div>
   <div class='ocr_carea' id='block_1_96' title="bbox 200 2425 983 2464">
    <p class='ocr_par' dir='ltr' id='par_1_96' title="bbox 200 2425 983 2464">
     <span class='ocr_line' id='line_1_96' title="bbox 200 2425 983 2464; baseline 0.008 -14"><span class='ocrx_word' id='word_1_801' title='bbox 200 2425 362 2453; x_wconf 84' lang='lat' dir='ltr'><strong>intellectam</strong></span> <span class='ocrx_word' id='word_1_802' title='bbox 376 2427 522 2454; x_wconf 90' lang='lat' dir='ltr'><strong>trinitatem</strong></span> <span class='ocrx_word' id='word_1_803' title='bbox 538 2429 564 2454; x_wconf 94' lang='lat' dir='ltr'><strong>in</strong></span> <span class='ocrx_word' id='word_1_804' title='bbox 578 2429 689 2456; x_wconf 86' lang='lat' dir='ltr'><strong>unitate.</strong></span> <span class='ocrx_word' id='word_1_805' title='bbox 709 2429 741 2456; x_wconf 84' lang='lat' dir='ltr'><strong>Et</strong></span> <span class='ocrx_word' id='word_1_806' title='bbox 765 2430 814 2456; x_wconf 90' lang='lat' dir='ltr'><strong>ltoc</strong></span> <span class='ocrx_word' id='word_1_807' title='bbox 828 2434 911 2456; x_wconf 87' lang='lat' dir='ltr'><strong>totutn</strong></span> <span class='ocrx_word' id='word_1_808' title='bbox 928 2430 983 2464; x_wconf 88' lang='lat' dir='ltr'><strong>ipse</strong></span> 
     </span>
    </p>
   </div>
   <div class='ocr_carea' id='block_1_97' title="bbox 201 2469 985 2509">
    <p class='ocr_par' dir='ltr' id='par_1_97' title="bbox 201 2469 985 2509">
     <span class='ocr_line' id='line_1_97' title="bbox 201 2469 985 2509; baseline 0.005 -13"><span class='ocrx_word' id='word_1_809' title='bbox 201 2469 285 2498; x_wconf 78' lang='lat' dir='ltr'><strong>Filius</strong></span> <span class='ocrx_word' id='word_1_810' title='bbox 298 2471 377 2499; x_wconf 82' lang='lat' dir='ltr'><strong>homo</strong></span> <span class='ocrx_word' id='word_1_811' title='bbox 393 2472 479 2500; x_wconf 79' lang='lat' dir='ltr'><strong>factus</strong></span> <span class='ocrx_word' id='word_1_812' title='bbox 497 2478 524 2500; x_wconf 86' lang='lat' dir='ltr'><strong>et</strong></span> <span class='ocrx_word' id='word_1_813' title='bbox 548 2475 703 2502; x_wconf 88' lang='lat' dir='ltr'><strong>incarnatus</strong></span> <span class='ocrx_word' id='word_1_814' title='bbox 727 2475 894 2509; x_wconf 83' lang='lat' dir='ltr'><strong>apertissime</strong></span> <span class='ocrx_word' id='word_1_815' title='bbox 919 2476 985 2501; x_wconf 85' lang='lat' dir='ltr'><strong>insi-</strong></span> 
     </span>
    </p>
   </div>
   <div class='ocr_carea' id='block_1_98' title="bbox 201 2514 984 2552">
    <p class='ocr_par' dir='ltr' id='par_1_98' title="bbox 201 2514 984 2552">
     <span class='ocr_line' id='line_1_98' title="bbox 201 2514 984 2552; baseline 0.009 -14"><span class='ocrx_word' id='word_1_816' title='bbox 201 2518 268 2540; x_wconf 82' lang='lat' dir='ltr'><strong>nuat.</strong></span> <span class='ocrx_word' id='word_1_817' title='bbox 292 2514 399 2543; x_wconf 83' lang='lat' dir='ltr'><strong>dicens:</strong></span> <span class='ocrx_word' id='word_1_818' title='bbox 422 2517 477 2552; x_wconf 76' lang='lat' dir='ltr'><strong>Ego</strong></span> <span class='ocrx_word' id='word_1_819' title='bbox 498 2519 525 2545; x_wconf 79' lang='lat' dir='ltr'><strong>iit</strong></span> <span class='ocrx_word' id='word_1_820' title='bbox 541 2517 631 2550; x_wconf 82' lang='lat' dir='ltr'><strong>Patre,</strong></span> <span class='ocrx_word' id='word_1_821' title='bbox 657 2524 680 2545; x_wconf 84' lang='lat' dir='ltr'><strong>et</strong></span> <span class='ocrx_word' id='word_1_822' title='bbox 703 2518 784 2545; x_wconf 79' lang='lat' dir='ltr'><strong>Pater</strong></span> <span class='ocrx_word' id='word_1_823' title='bbox 808 2520 835 2545; x_wconf 84' lang='lat' dir='ltr'><strong>in</strong></span> <span class='ocrx_word' id='word_1_824' title='bbox 859 2528 908 2546; x_wconf 80' lang='lat' dir='ltr'><strong>me.</strong></span> <span class='ocrx_word' id='word_1_825' title='bbox 935 2520 984 2547; x_wconf 90' lang='lat' dir='ltr'><strong>Ubi</strong></span> 
     </span>
    </p>
   </div>
   <div class='ocr_carea' id='block_1_99' title="bbox 199 2558 985 2597">
    <p class='ocr_par' dir='ltr' id='par_1_99' title="bbox 199 2558 985 2597">
     <span class='ocr_line' id='line_1_99' title="bbox 199 2558 985 2597; baseline 0.01 -14"><span class='ocrx_word' id='word_1_826' title='bbox 199 2558 452 2595; x_wconf 74' lang='lat' dir='ltr'><strong>subintelligcndum</strong></span> <span class='ocrx_word' id='word_1_827' title='bbox 465 2562 582 2597; x_wconf 87' lang='lat' dir='ltr'><strong>reliquit,</strong></span> <span class='ocrx_word' id='word_1_828' title='bbox 608 2570 640 2590; x_wconf 86' lang='lat' dir='ltr'><strong>ac</strong></span> <span class='ocrx_word' id='word_1_829' title='bbox 656 2563 678 2590; x_wconf 92' lang='lat' dir='ltr'><strong>si</strong></span> <span class='ocrx_word' id='word_1_830' title='bbox 704 2567 794 2597; x_wconf 88' lang='lat' dir='ltr'><strong>aperte</strong></span> <span class='ocrx_word' id='word_1_831' title='bbox 818 2563 985 2592; x_wconf 78' lang='lat' dir='ltr'><strong>diceret:Et</strong></span> 
     </span>
    </p>
   </div>
   <div class='ocr_carea' id='block_1_100' title="bbox 1037 2294 1821 2329">
    <p class='ocr_par' dir='ltr' id='par_1_100' title="bbox 1037 2294 1821 2329">
     <span class='ocr_line' id='line_1_100' title="bbox 1037 2294 1821 2329; baseline 0 -8"><span class='ocrx_word' id='word_1_832' title='bbox 1037 2295 1197 2322; x_wconf 85' lang='lat' dir='ltr'><strong>naturaliter</strong></span> <span class='ocrx_word' id='word_1_833' title='bbox 1209 2295 1324 2328; x_wconf 88' lang='lat' dir='ltr'><strong>scipsam</strong></span> <span class='ocrx_word' id='word_1_834' title='bbox 1338 2294 1422 2325; x_wconf 77' lang='lat' dir='ltr'><strong>novit,</strong></span> <span class='ocrx_word' id='word_1_835' title='bbox 1440 2299 1465 2321; x_wconf 88' lang='lat' dir='ltr'><strong>et</strong></span> <span class='ocrx_word' id='word_1_836' title='bbox 1478 2294 1580 2321; x_wconf 85' lang='lat' dir='ltr'><strong>nesciat</strong></span> <span class='ocrx_word' id='word_1_837' title='bbox 1592 2295 1707 2329; x_wconf 79' lang='lat' dir='ltr'><strong>seipsam</strong></span> <span class='ocrx_word' id='word_1_838' title='bbox 1719 2303 1821 2326; x_wconf 82' lang='lat' dir='ltr'><strong>amare,</strong></span> 
     </span>
    </p>
   </div>
   <div class='ocr_carea' id='block_1_101' title="bbox 1037 2339 1821 2373">
    <p class='ocr_par' dir='ltr' id='par_1_101' title="bbox 1037 2339 1821 2373">
     <span class='ocr_line' id='line_1_101' title="bbox 1037 2339 1821 2373; baseline 0.001 -7"><span class='ocrx_word' id='word_1_839' title='bbox 1037 2341 1099 2366; x_wconf 88' lang='lat' dir='ltr'><strong>dum</strong></span> <span class='ocrx_word' id='word_1_840' title='bbox 1110 2340 1268 2366; x_wconf 87' lang='lat' dir='ltr'><strong>naturaliter</strong></span> <span class='ocrx_word' id='word_1_841' title='bbox 1277 2339 1298 2354; x_wconf 83' lang='lat'>”</span> <span class='ocrx_word' id='word_1_842' title='bbox 1307 2340 1421 2373; x_wconf 87' lang='lat' dir='ltr'><strong>seipsam</strong></span> <span class='ocrx_word' id='word_1_843' title='bbox 1434 2344 1460 2366; x_wconf 84' lang='lat' dir='ltr'><strong>et</strong></span> <span class='ocrx_word' id='word_1_844' title='bbox 1472 2339 1595 2366; x_wconf 85' lang='lat' dir='ltr'><strong>notitiam</strong></span> <span class='ocrx_word' id='word_1_845' title='bbox 1612 2341 1652 2367; x_wconf 90' lang='lat' dir='ltr'><strong>sui</strong></span> <span class='ocrx_word' id='word_1_846' title='bbox 1667 2341 1778 2372; x_wconf 84' lang='lat' dir='ltr'><strong>amat“,</strong></span> <span class='ocrx_word' id='word_1_847' title='bbox 1791 2349 1821 2368; x_wconf 82' lang='lat' dir='ltr'><strong>ar.</strong></span> 
     </span>
    </p>
   </div>
   <div class='ocr_carea' id='block_1_102' title="bbox 1036 2383 1823 2421">
    <p class='ocr_par' dir='ltr' id='par_1_102' title="bbox 1036 2383 1823 2421">
     <span class='ocr_line' id='line_1_102' title="bbox 1036 2383 1823 2421; baseline 0.001 -10"><span class='ocrx_word' id='word_1_848' title='bbox 1036 2385 1141 2419; x_wconf 86' lang='lat' dir='ltr'><strong>perboc</strong></span> <span class='ocrx_word' id='word_1_849' title='bbox 1150 2383 1369 2419; x_wconf 53' lang='lat' dir='ltr'><strong>I‘MIOIIISIVITIIIIIS</strong></span> <span class='ocrx_word' id='word_1_850' title='bbox 1378 2383 1614 2419; x_wconf 64' lang='lat' dir='ltr'><strong>nilaliudappetit,</strong></span> <span class='ocrx_word' id='word_1_851' title='bbox 1624 2386 1674 2412; x_wconf 88' lang='lat' dir='ltr'><strong>nisi</strong></span> <span class='ocrx_word' id='word_1_852' title='bbox 1684 2390 1711 2412; x_wconf 91' lang='lat' dir='ltr'><strong>ut</strong></span> <span class='ocrx_word' id='word_1_853' title='bbox 1723 2394 1823 2421; x_wconf 82' lang='lat' dir='ltr'><strong>cogno-</strong></span> 
     </span>
    </p>
   </div>
   <div class='ocr_carea' id='block_1_103' title="bbox 1037 2428 1821 2464">
    <p class='ocr_par' dir='ltr' id='par_1_103' title="bbox 1037 2428 1821 2464">
     <span class='ocr_line' id='line_1_103' title="bbox 1037 2428 1821 2464; baseline 0.001 -8"><span class='ocrx_word' id='word_1_854' title='bbox 1037 2434 1103 2459; x_wconf 83' lang='lat' dir='ltr'><strong>scat.</strong></span> <span class='ocrx_word' id='word_1_855' title='bbox 1116 2428 1230 2463; x_wconf 84' lang='lat' dir='ltr'><strong>qualiter</strong></span> <span class='ocrx_word' id='word_1_856' title='bbox 1244 2434 1271 2455; x_wconf 89' lang='lat' dir='ltr'><strong>et</strong></span> <span class='ocrx_word' id='word_1_857' title='bbox 1285 2433 1413 2463; x_wconf 87' lang='lat' dir='ltr'><strong>qnantutn</strong></span> <span class='ocrx_word' id='word_1_858' title='bbox 1430 2429 1544 2463; x_wconf 84' lang='lat' dir='ltr'><strong>scipsam</strong></span> <span class='ocrx_word' id='word_1_859' title='bbox 1560 2431 1650 2460; x_wconf 81' lang='lat' dir='ltr'><strong>norit,</strong></span> <span class='ocrx_word' id='word_1_860' title='bbox 1666 2435 1693 2456; x_wconf 83' lang='lat' dir='ltr'><strong>et</strong></span> <span class='ocrx_word' id='word_1_861' title='bbox 1706 2431 1821 2464; x_wconf 84' lang='lat' dir='ltr'><strong>seipsam</strong></span> 
     </span>
    </p>
   </div>
   <div class='ocr_carea' id='block_1_104' title="bbox 1037 2473 1822 2509">
    <p class='ocr_par' dir='ltr' id='par_1_104' title="bbox 1037 2473 1822 2509">
     <span class='ocr_line' id='line_1_104' title="bbox 1037 2473 1822 2509; baseline -0.001 -8"><span class='ocrx_word' id='word_1_862' title='bbox 1037 2480 1065 2501; x_wconf 82' lang='lat' dir='ltr'><strong>et</strong></span> <span class='ocrx_word' id='word_1_863' title='bbox 1082 2475 1203 2501; x_wconf 87' lang='lat' dir='ltr'><strong>notitiam</strong></span> <span class='ocrx_word' id='word_1_864' title='bbox 1219 2474 1260 2500; x_wconf 83' lang='lat' dir='ltr'><strong>sui</strong></span> <span class='ocrx_word' id='word_1_865' title='bbox 1275 2479 1350 2500; x_wconf 87' lang='lat' dir='ltr'><strong>amat</strong></span> <span class='ocrx_word' id='word_1_866' title='bbox 1362 2473 1392 2499; x_wconf 86' lang='lat'><strong>&quot;.</strong></span> <span class='ocrx_word' id='word_1_867' title='bbox 1407 2474 1439 2500; x_wconf 78' lang='lat' dir='ltr'><strong>Et</strong></span> <span class='ocrx_word' id='word_1_868' title='bbox 1450 2475 1511 2500; x_wconf 88' lang='lat' dir='ltr'><strong>dum</strong></span> <span class='ocrx_word' id='word_1_869' title='bbox 1525 2475 1575 2500; x_wconf 87' lang='lat' dir='ltr'><strong>hoc</strong></span> <span class='ocrx_word' id='word_1_870' title='bbox 1587 2480 1670 2501; x_wconf 89' lang='lat' dir='ltr'><strong>totum</strong></span> <span class='ocrx_word' id='word_1_871' title='bbox 1685 2476 1716 2501; x_wconf 92' lang='lat' dir='ltr'><strong>ad</strong></span> <span class='ocrx_word' id='word_1_872' title='bbox 1731 2476 1822 2509; x_wconf 80' lang='lat' dir='ltr'><strong>cogni-</strong></span> 
     </span>
    </p>
   </div>
   <div class='ocr_carea' id='block_1_105' title="bbox 1037 2519 1819 2554">
    <p class='ocr_par' dir='ltr' id='par_1_105' title="bbox 1037 2519 1819 2554">
     <span class='ocr_line' id='line_1_105' title="bbox 1037 2519 1819 2554; baseline -0.001 -8"><span class='ocrx_word' id='word_1_873' title='bbox 1037 2521 1136 2547; x_wconf 83' lang='lat' dir='ltr'><strong>tionem</strong></span> <span class='ocrx_word' id='word_1_874' title='bbox 1156 2524 1182 2545; x_wconf 76' lang='lat' dir='ltr'><strong>et</strong></span> <span class='ocrx_word' id='word_1_875' title='bbox 1205 2526 1323 2545; x_wconf 87' lang='lat' dir='ltr'><strong>amorem</strong></span> <span class='ocrx_word' id='word_1_876' title='bbox 1339 2519 1475 2545; x_wconf 70' lang='lat' dir='ltr'><strong>Creatoris</strong></span> <span class='ocrx_word' id='word_1_877' title='bbox 1497 2520 1537 2545; x_wconf 82' lang='lat' dir='ltr'><strong>sui</strong></span> <span class='ocrx_word' id='word_1_878' title='bbox 1563 2519 1695 2545; x_wconf 80' lang='lat' dir='ltr'><strong>convertit</strong></span> <span class='ocrx_word' id='word_1_879' title='bbox 1710 2519 1743 2549; x_wconf 80' lang='grc'><strong>’⁸,</strong></span> <span class='ocrx_word' id='word_1_880' title='bbox 1759 2528 1819 2554; x_wconf 86' lang='lat' dir='ltr'><strong>per-</strong></span> 
     </span>
    </p>
   </div>
   <div class='ocr_carea' id='block_1_106' title="bbox 1038 2564 1823 2599">
    <p class='ocr_par' dir='ltr' id='par_1_106' title="bbox 1038 2564 1823 2599">
     <span class='ocr_line' id='line_1_106' title="bbox 1038 2564 1823 2599; baseline -0.001 -7"><span class='ocrx_word' id='word_1_881' title='bbox 1038 2566 1180 2592; x_wconf 80' lang='lat' dir='ltr'><strong>fectissima</strong></span> <span class='ocrx_word' id='word_1_882' title='bbox 1195 2566 1283 2599; x_wconf 86' lang='lat' dir='ltr'><strong>imago</strong></span> <span class='ocrx_word' id='word_1_883' title='bbox 1303 2564 1360 2599; x_wconf 83' lang='lat' dir='ltr'><strong>ejus</strong></span> <span class='ocrx_word' id='word_1_884' title='bbox 1381 2564 1503 2591; x_wconf 72' lang='lat' dir='ltr'><strong>edicitur.</strong></span> <span class='ocrx_word' id='word_1_885' title='bbox 1517 2564 1549 2590; x_wconf 86' lang='lat' dir='ltr'><strong>Et</strong></span> <span class='ocrx_word' id='word_1_886' title='bbox 1565 2565 1607 2591; x_wconf 90' lang='lat' dir='ltr'><strong>hic</strong></span> <span class='ocrx_word' id='word_1_887' title='bbox 1621 2565 1642 2582; x_wconf 84' lang='lat'>&quot;</span> <span class='ocrx_word' id='word_1_888' title='bbox 1653 2566 1785 2592; x_wconf 75' lang='lat' dir='ltr'><strong>maximus</strong></span> <span class='ocrx_word' id='word_1_889' title='bbox 1795 2571 1823 2592; x_wconf 89' lang='lat' dir='ltr'><strong>et</strong></span> 
     </span>
    </p>
   </div>
   <div class='ocr_carea' id='block_1_107' title="bbox 841 2647 1182 2677">
    <p class='ocr_par' dir='ltr' id='par_1_107' title="bbox 841 2647 1182 2677">
     <span class='ocr_line' id='line_1_107' title="bbox 841 2647 1182 2677; baseline 0.009 -3"><span class='ocrx_word' id='word_1_890' title='bbox 841 2647 966 2676; x_wconf 77' lang='lat' dir='ltr'><strong>VAIUAE</strong></span> <span class='ocrx_word' id='word_1_891' title='bbox 984 2649 1182 2677; x_wconf 79' lang='lat' dir='ltr'><strong>LECTIONES.</strong></span> 
     </span>
    </p>
   </div>
   <div class='ocr_carea' id='block_1_108' title="bbox 235 2722 1818 2762">
    <p class='ocr_par' dir='ltr' id='par_1_108' title="bbox 235 2722 1818 2762">
     <span class='ocr_line' id='line_1_108' title="bbox 235 2722 1818 2762; baseline 0.001 -8"><span class='ocrx_word' id='word_1_892' title='bbox 235 2728 245 2744; x_wconf 76' lang='grc'><strong><em>⁸</em></strong></span> <span class='ocrx_word' id='word_1_893' title='bbox 257 2735 290 2754; x_wconf 66' lang='lat' dir='ltr'><strong>ex</strong></span> <span class='ocrx_word' id='word_1_894' title='bbox 306 2735 362 2755; x_wconf 91' lang='lat' dir='ltr'><strong>om.</strong></span> <span class='ocrx_word' id='word_1_895' title='bbox 377 2726 408 2754; x_wconf 89' lang='lat' dir='ltr'><strong>C.</strong></span> <span class='ocrx_word' id='word_1_896' title='bbox 445 2728 456 2743; x_wconf 86' lang='grc'>¹</span> <span class='ocrx_word' id='word_1_897' title='bbox 471 2726 523 2754; x_wconf 77' lang='lat' dir='ltr'><strong>Per</strong></span> <span class='ocrx_word' id='word_1_898' title='bbox 536 2728 636 2755; x_wconf 84' lang='lat' dir='ltr'><strong>Filium</strong></span> <span class='ocrx_word' id='word_1_899' title='bbox 659 2735 713 2755; x_wconf 91' lang='lat' dir='ltr'><strong>om.</strong></span> <span class='ocrx_word' id='word_1_900' title='bbox 727 2728 748 2755; x_wconf 87' lang='lat' dir='ltr'><strong>A</strong></span> <span class='ocrx_word' id='word_1_901' title='bbox 784 2727 795 2743; x_wconf 86' lang='grc'><strong><em>³</em></strong></span> <span class='ocrx_word' id='word_1_902' title='bbox 808 2727 830 2754; x_wconf 84' lang='grc' dir='ltr'><strong>Α</strong></span> <span class='ocrx_word' id='word_1_903' title='bbox 840 2727 969 2758; x_wconf 77' lang='lat' dir='ltr'><strong>Spiritum</strong></span> <span class='ocrx_word' id='word_1_904' title='bbox 984 2732 1112 2754; x_wconf 77' lang='lat' dir='ltr'><strong>sanctum.</strong></span> <span class='ocrx_word' id='word_1_905' title='bbox 1151 2726 1161 2762; x_wconf 60' lang='grc' dir='ltr'><strong><em>’ξ</em></strong></span> <span class='ocrx_word' id='word_1_906' title='bbox 1177 2726 1199 2753; x_wconf 84' lang='grc' dir='ltr'>Α</span> <span class='ocrx_word' id='word_1_907' title='bbox 1212 2735 1266 2753; x_wconf 71' lang='lat' dir='ltr'><strong>esse</strong></span> <span class='ocrx_word' id='word_1_908' title='bbox 1278 2734 1398 2755; x_wconf 80' lang='lat' dir='ltr'><strong>causam.</strong></span> <span class='ocrx_word' id='word_1_909' title='bbox 1424 2728 1435 2743; x_wconf 91' lang='lat'>&#39;</span> <span class='ocrx_word' id='word_1_910' title='bbox 1448 2737 1493 2762; x_wconf 82' lang='lat' dir='ltr'><strong>per</strong></span> <span class='ocrx_word' id='word_1_911' title='bbox 1509 2727 1620 2758; x_wconf 81' lang='lat' dir='ltr'><strong>Filium.</strong></span> <span class='ocrx_word' id='word_1_912' title='bbox 1639 2735 1694 2754; x_wconf 90' lang='lat' dir='ltr'><strong>om.</strong></span> <span class='ocrx_word' id='word_1_913' title='bbox 1709 2728 1741 2755; x_wconf 79' lang='grc' dir='ltr'><strong>Α.</strong></span> <span class='ocrx_word' id='word_1_914' title='bbox 1776 2730 1787 2746; x_wconf 79' lang='grc'><strong><em>⁸</em></strong></span> <span class='ocrx_word' id='word_1_915' title='bbox 1798 2722 1818 2756; x_wconf 71' lang='grc' dir='ltr'><strong>Ᾰ</strong></span> 
     </span>
    </p>
   </div>
   <div class='ocr_carea' id='block_1_109' title="bbox 199 2767 406 2797">
    <p class='ocr_par' dir='ltr' id='par_1_109' title="bbox 199 2767 406 2797">
     <span class='ocr_line' id='line_1_109' title="bbox 199 2767 406 2797; baseline -0.01 -7"><span class='ocrx_word' id='word_1_916' title='bbox 199 2771 231 2790; x_wconf 77' lang='lat' dir='ltr'><strong>ex</strong></span> <span class='ocrx_word' id='word_1_917' title='bbox 245 2770 298 2797; x_wconf 87' lang='lat' dir='ltr'><strong>quo</strong></span> <span class='ocrx_word' id='word_1_918' title='bbox 321 2767 406 2797; x_wconf 77' lang='lat' dir='ltr'><strong>patre.</strong></span> 
     </span>
    </p>
   </div>
   <div class='ocr_carea' id='block_1_110' title="bbox 199 2798 811 2831">
    <p class='ocr_par' dir='ltr' id='par_1_110' title="bbox 199 2798 811 2831">
     <span class='ocr_line' id='line_1_110' title="bbox 199 2798 811 2831; baseline 0.003 -9"><span class='ocrx_word' id='word_1_919' title='bbox 199 2798 377 2831; x_wconf 72' lang='lat' dir='ltr'><strong>trmpamlitcr</strong></span> <span class='ocrx_word' id='word_1_920' title='bbox 403 2805 458 2825; x_wconf 90' lang='lat' dir='ltr'><strong>om.</strong></span> <span class='ocrx_word' id='word_1_921' title='bbox 477 2799 509 2824; x_wconf 80' lang='grc' dir='ltr'><strong>Α.</strong></span> <span class='ocrx_word' id='word_1_922' title='bbox 546 2798 566 2813; x_wconf 87' lang='grc'>¹¹</span> <span class='ocrx_word' id='word_1_923' title='bbox 581 2798 699 2825; x_wconf 82' lang='lat' dir='ltr'><strong>Crerum</strong></span> <span class='ocrx_word' id='word_1_924' title='bbox 714 2803 811 2824; x_wconf 78' lang='lat' dir='ltr'><strong>autem.</strong></span> 
     </span>
    </p>
   </div>
   <div class='ocr_carea' id='block_1_111' title="bbox 200 2832 778 2860">
    <p class='ocr_par' dir='ltr' id='par_1_111' title="bbox 200 2832 778 2860">
     <span class='ocr_line' id='line_1_111' title="bbox 200 2832 778 2860; baseline 0.002 -3"><span class='ocrx_word' id='word_1_925' title='bbox 200 2832 473 2859; x_wconf 71' lang='lat' dir='ltr'><strong>noun—naturaliter</strong></span> <span class='ocrx_word' id='word_1_926' title='bbox 488 2840 544 2860; x_wconf 91' lang='lat' dir='ltr'><strong>om.</strong></span> <span class='ocrx_word' id='word_1_927' title='bbox 559 2833 589 2860; x_wconf 90' lang='lat' dir='ltr'><strong>C.</strong></span> <span class='ocrx_word' id='word_1_928' title='bbox 629 2833 651 2848; x_wconf 84' lang='lat'>“</span> <span class='ocrx_word' id='word_1_929' title='bbox 665 2834 687 2860; x_wconf 88' lang='grc' dir='ltr'><strong>Λ</strong></span> <span class='ocrx_word' id='word_1_930' title='bbox 700 2838 778 2859; x_wconf 81' lang='lat' dir='ltr'><strong>mnet.</strong></span> 
     </span>
    </p>
   </div>
   <div class='ocr_carea' id='block_1_112' title="bbox 360 2878 640 2921">
    <p class='ocr_par' dir='ltr' id='par_1_112' title="bbox 360 2878 640 2921">
     <span class='ocr_line' id='line_1_112' title="bbox 360 2878 640 2921; baseline 0.007 -14"><span class='ocrx_word' id='word_1_931' title='bbox 360 2879 496 2908; x_wconf 76' lang='grc' dir='ltr'>Ριιτιιοι..</span> <span class='ocrx_word' id='word_1_932' title='bbox 513 2878 640 2921; x_wconf 72' lang='lat' dir='ltr'><strong>CXXII.</strong></span> 
     </span>
    </p>
   </div>
   <div class='ocr_carea' id='block_1_113' title="bbox 815 2832 966 2859">
    <p class='ocr_par' dir='ltr' id='par_1_113' title="bbox 815 2832 966 2859">
     <span class='ocr_line' id='line_1_113' title="bbox 815 2832 966 2859; baseline -0.007 1"><span class='ocrx_word' id='word_1_933' title='bbox 815 2832 838 2849; x_wconf 85' lang='grc'><strong>¹⁷</strong></span> <span class='ocrx_word' id='word_1_934' title='bbox 852 2832 872 2859; x_wconf 78' lang='grc' dir='ltr'>Α</span> <span class='ocrx_word' id='word_1_935' title='bbox 889 2837 966 2859; x_wconf 81' lang='lat' dir='ltr'><strong>umet.</strong></span> 
     </span>
    </p>
   </div>
   <div class='ocr_carea' id='block_1_114' title="bbox 447 2761 1173 2823">
    <p class='ocr_par' dir='ltr' id='par_1_114' title="bbox 447 2761 1173 2823">
     <span class='ocr_line' id='line_1_114' title="bbox 447 2761 1173 2797; baseline -0.003 -8"><span class='ocrx_word' id='word_1_936' title='bbox 447 2763 457 2778; x_wconf 93' lang='lat'><strong><em>&quot;</em></strong></span> <span class='ocrx_word' id='word_1_937' title='bbox 475 2762 524 2790; x_wconf 78' lang='lat' dir='ltr'><strong>Ubi</strong></span> <span class='ocrx_word' id='word_1_938' title='bbox 547 2763 793 2797; x_wconf 68' lang='lat' dir='ltr'><strong>subintelligendum</strong></span> <span class='ocrx_word' id='word_1_939' title='bbox 807 2778 841 2782; x_wconf 98' lang='lat'><strong>—</strong></span> <span class='ocrx_word' id='word_1_940' title='bbox 855 2762 935 2788; x_wconf 76' lang='lat' dir='ltr'><strong>Pater</strong></span> <span class='ocrx_word' id='word_1_941' title='bbox 948 2761 974 2788; x_wconf 78' lang='lat' dir='ltr'><strong>in</strong></span> <span class='ocrx_word' id='word_1_942' title='bbox 1002 2770 1042 2788; x_wconf 83' lang='lat' dir='ltr'><strong>me</strong></span> <span class='ocrx_word' id='word_1_943' title='bbox 1071 2770 1126 2788; x_wconf 88' lang='lat' dir='ltr'><strong>om.</strong></span> <span class='ocrx_word' id='word_1_944' title='bbox 1142 2761 1173 2787; x_wconf 70' lang='grc' dir='ltr'><strong>(Σ.</strong></span> 
     </span>
     <span class='ocr_line' id='line_1_115' title="bbox 452 2796 1171 2823; baseline -0.001 0"><span class='ocrx_word' id='word_1_945' title='bbox 452 2817 458 2823; x_wconf 97' lang='grc'>.</span> <span class='ocrx_word' id='word_1_946' title='bbox 477 2799 509 2823; x_wconf 79' lang='grc' dir='ltr'><strong>Α.</strong></span> <span class='ocrx_word' id='word_1_947' title='bbox 546 2798 566 2813; x_wconf 87' lang='grc'>¹¹</span> <span class='ocrx_word' id='word_1_948' title='bbox 581 2798 602 2823; x_wconf 90' lang='lat' dir='ltr'><strong><em>C</em></strong></span> <span class='ocrx_word' id='word_1_949' title='bbox 613 2806 699 2823; x_wconf 81' lang='lat' dir='ltr'><strong>rerum</strong></span> <span class='ocrx_word' id='word_1_950' title='bbox 714 2803 811 2823; x_wconf 78' lang='lat' dir='ltr'><strong>autem.</strong></span> <span class='ocrx_word' id='word_1_951' title='bbox 850 2798 872 2812; x_wconf 86' lang='lat'>&quot;</span> <span class='ocrx_word' id='word_1_952' title='bbox 888 2797 977 2823; x_wconf 65' lang='lat' dir='ltr'><strong>Corn.</strong></span> <span class='ocrx_word' id='word_1_953' title='bbox 992 2797 1011 2823; x_wconf 84' lang='lat' dir='ltr'><strong>A</strong></span> <span class='ocrx_word' id='word_1_954' title='bbox 1024 2805 1112 2823; x_wconf 78' lang='lat' dir='ltr'><strong>riuum.</strong></span> <span class='ocrx_word' id='word_1_955' title='bbox 1150 2796 1171 2811; x_wconf 84' lang='grc'><strong>¹³</strong></span> 
     </span>
    </p>
   </div>
   <div class='ocr_carea' id='block_1_115' title="bbox 909 2804 1112 2823">
    <p class='ocr_par' dir='ltr' id='par_1_115' title="bbox 909 2804 1112 2823">
     <span class='ocr_line' id='line_1_116' title="bbox 909 2804 1112 2823; baseline 0 -1"><span class='ocrx_word' id='word_1_956' title='bbox 909 2804 962 2823; x_wconf 81' lang='grc' dir='ltr'><strong>ΟΓΓ.</strong></span> <span class='ocrx_word' id='word_1_957' title='bbox 970 2817 977 2823; x_wconf 91' lang='grc'>.</span> <span class='ocrx_word' id='word_1_958' title='bbox 992 2804 1011 2823; x_wconf 79' lang='grc' dir='ltr'>Λ</span> <span class='ocrx_word' id='word_1_959' title='bbox 1024 2805 1112 2823; x_wconf 78' lang='lat' dir='ltr'><strong>riuum.</strong></span> 
     </span>
    </p>
   </div>
   <div class='ocr_carea' id='block_1_116' title="bbox 970 2806 1242 2858">
    <p class='ocr_par' dir='ltr' id='par_1_116' title="bbox 970 2806 1242 2858">
     <span class='ocr_line' id='line_1_117' title="bbox 970 2806 1242 2830; baseline -0.011 -7"><span class='ocrx_word' id='word_1_960' title='bbox 970 2817 977 2828; x_wconf 83' lang='lat'><strong>,</strong></span> <span class='ocrx_word' id='word_1_961' title='bbox 992 2806 1011 2823; x_wconf 79' lang='grc' dir='ltr'><strong>ιι</strong></span> <span class='ocrx_word' id='word_1_962' title='bbox 1024 2806 1112 2830; x_wconf 82' lang='lat' dir='ltr'><strong>qutun.</strong></span> <span class='ocrx_word' id='word_1_963' title='bbox 1151 2806 1171 2811; x_wconf 67' lang='grc' dir='ltr'>η</span> <span class='ocrx_word' id='word_1_964' title='bbox 1187 2806 1207 2821; x_wconf 82' lang='grc' dir='ltr'>ι,</span> <span class='ocrx_word' id='word_1_965' title='bbox 1221 2806 1242 2829; x_wconf 68' lang='grc' dir='ltr'><strong>,τι</strong></span> 
     </span>
     <span class='ocr_line' id='line_1_118' title="bbox 1005 2831 1242 2858; baseline -0.013 1"><span class='ocrx_word' id='word_1_966' title='bbox 1005 2832 1026 2847; x_wconf 83' lang='grc'><strong>¹“”</strong></span> <span class='ocrx_word' id='word_1_967' title='bbox 1038 2832 1059 2858; x_wconf 78' lang='grc' dir='ltr'>Α</span> <span class='ocrx_word' id='word_1_968' title='bbox 1078 2831 1242 2858; x_wconf 64' lang='lat' dir='ltr'><strong>caitvsrtitttr.</strong></span> 
     </span>
    </p>
   </div>
   <div class='ocr_carea' id='block_1_117' title="bbox 1731 2765 1821 2792">
    <p class='ocr_par' dir='ltr' id='par_1_117' title="bbox 1731 2765 1821 2792">
     <span class='ocr_line' id='line_1_119' title="bbox 1731 2765 1821 2792; baseline 0 0"><span class='ocrx_word' id='word_1_969' title='bbox 1731 2765 1752 2781; x_wconf 84' lang='grc'><strong>¹⁰</strong></span> <span class='ocrx_word' id='word_1_970' title='bbox 1769 2774 1821 2792; x_wconf 77' lang='lat' dir='ltr'><strong>non</strong></span> 
     </span>
    </p>
   </div>
   <div class='ocr_carea' id='block_1_118' title="bbox 1675 2799 1820 2827">
    <p class='ocr_par' dir='ltr' id='par_1_118' title="bbox 1675 2799 1820 2827">
     <span class='ocr_line' id='line_1_120' title="bbox 1675 2799 1820 2827; baseline -0.014 -1"><span class='ocrx_word' id='word_1_971' title='bbox 1675 2799 1699 2815; x_wconf 84' lang='lat'>&quot;</span> <span class='ocrx_word' id='word_1_972' title='bbox 1710 2801 1820 2827; x_wconf 77' lang='lat' dir='ltr'><strong>seinsnm</strong></span> 
     </span>
    </p>
   </div>
   <div class='ocr_carea' id='block_1_119' title="bbox 1214 2762 1690 2790">
    <p class='ocr_par' dir='ltr' id='par_1_119' title="bbox 1214 2762 1690 2790">
     <span class='ocr_line' id='line_1_121' title="bbox 1214 2762 1690 2790; baseline 0 -2"><span class='ocrx_word' id='word_1_973' title='bbox 1214 2762 1224 2777; x_wconf 79' lang='grc'><strong><em>⁸</em></strong></span> <span class='ocrx_word' id='word_1_974' title='bbox 1241 2762 1261 2788; x_wconf 90' lang='lat' dir='ltr'>C</span> <span class='ocrx_word' id='word_1_975' title='bbox 1284 2763 1379 2788; x_wconf 70' lang='lat' dir='ltr'><strong>cariem.</strong></span> <span class='ocrx_word' id='word_1_976' title='bbox 1417 2763 1428 2778; x_wconf 86' lang='lat'><strong>’</strong></span> <span class='ocrx_word' id='word_1_977' title='bbox 1446 2771 1462 2789; x_wconf 83' lang='grc' dir='ltr'><em>α</em></span> <span class='ocrx_word' id='word_1_978' title='bbox 1485 2763 1564 2789; x_wconf 82' lang='lat' dir='ltr'><strong>Putre</strong></span> <span class='ocrx_word' id='word_1_979' title='bbox 1584 2771 1638 2790; x_wconf 84' lang='lat' dir='ltr'><strong>out.</strong></span> <span class='ocrx_word' id='word_1_980' title='bbox 1660 2763 1690 2790; x_wconf 89' lang='lat' dir='ltr'><strong>C.</strong></span> 
     </span>
    </p>
   </div>
   <div class='ocr_carea' id='block_1_120' title="bbox 1150 2796 1637 2859">
    <p class='ocr_par' dir='ltr' id='par_1_120' title="bbox 1150 2796 1637 2859">
     <span class='ocr_line' id='line_1_122' title="bbox 1150 2796 1637 2832; baseline 0.008 -11"><span class='ocrx_word' id='word_1_981' title='bbox 1150 2796 1171 2811; x_wconf 83' lang='grc'><strong>¹³</strong></span> <span class='ocrx_word' id='word_1_982' title='bbox 1187 2796 1207 2821; x_wconf 83' lang='lat' dir='ltr'><strong>C</strong></span> <span class='ocrx_word' id='word_1_983' title='bbox 1221 2800 1410 2829; x_wconf 69' lang='lat' dir='ltr'><strong>spectnlmmus.</strong></span> <span class='ocrx_word' id='word_1_984' title='bbox 1450 2797 1472 2812; x_wconf 77' lang='lat'>“</span> <span class='ocrx_word' id='word_1_985' title='bbox 1487 2798 1507 2823; x_wconf 73' lang='grc' dir='ltr'><strong>Α</strong></span> <span class='ocrx_word' id='word_1_986' title='bbox 1523 2798 1555 2824; x_wconf 89' lang='lat' dir='ltr'><strong>dc</strong></span> <span class='ocrx_word' id='word_1_987' title='bbox 1569 2798 1637 2832; x_wconf 71' lang='lat' dir='ltr'><strong>ipsa.</strong></span> 
     </span>
     <span class='ocr_line' id='line_1_123' title="bbox 1150 2831 1467 2859; baseline 0.003 -3"><span class='ocrx_word' id='word_1_988' title='bbox 1150 2831 1242 2858; x_wconf 68' lang='grc' dir='ltr'><strong>τι-ζίίιιν.</strong></span> <span class='ocrx_word' id='word_1_989' title='bbox 1280 2832 1301 2848; x_wconf 82' lang='grc'><strong>¹⁹</strong></span> <span class='ocrx_word' id='word_1_990' title='bbox 1315 2831 1334 2858; x_wconf 85' lang='lat' dir='ltr'>C</span> <span class='ocrx_word' id='word_1_991' title='bbox 1347 2832 1407 2858; x_wconf 80' lang='lat' dir='ltr'><strong>hinc</strong></span> <span class='ocrx_word' id='word_1_992' title='bbox 1421 2837 1467 2859; x_wconf 71' lang='lat' dir='ltr'><strong>est.</strong></span> 
     </span>
    </p>
   </div>
   <div class='ocr_carea' id='block_1_121' title="bbox 1605 2878 1644 2908">
    <p class='ocr_par' dir='ltr' id='par_1_121' title="bbox 1605 2878 1644 2908">
     <span class='ocr_line' id='line_1_124' title="bbox 1605 2878 1644 2908; baseline 0.026 -1"><span class='ocrx_word' id='word_1_993' title='bbox 1605 2878 1644 2908; x_wconf 70' lang='grc' dir='ltr'><strong>Ξῖ)</strong></span> 
     </span>
    </p>
   </div>
  </div>
