4236 6274
608 384 708 441 6η

611 513 749 571 pene
791 497 938 554 solus
976 492 1174 564 gradus
1201 497 1287 543 est
1309 488 1325 519 ¹
1359 486 1426 541 ad
1454 501 1482 540 c

606 570 696 644 est
720 589 1012 641 humanam
1044 589 1314 641 naturam,
1339 575 1569 644 scipsam
1602 571 1749 641 prius
1773 576 2104 637 cognoscere
2132 570 2189 615 et

602 690 817 739 amare,
849 688 915 727 ac
949 670 1141 725 deinde
1173 676 1339 721 totam
1366 662 1729 732 cognitionem
1771 670 1920 711 suam
1940 694 1955 718 ,
1991 660 2190 705 totum-

599 781 715 834 que
749 779 990 819 amorem
1015 762 1081 814 ad
1109 759 1323 812 laudem
1348 753 1626 809 Creatoris
1661 759 1717 805 et
1747 746 2107 817 cognitionem
2136 746 2191 795 et

608 832 959 909 dilectionem
1006 847 1209 904 referre
1232 847 1274 899 ¹.
1307 843 1363 898 Si
1397 843 1574 907 enim,
1606 840 1747 910 quod
1780 839 1834 893 in
1869 836 2043 904 seipsa
2083 832 2193 904 agi-

610 953 722 1006 tur,
751 941 946 1005 nescit,
973 936 1243 1008 quomodo
1265 948 1353 998 ea,
1375 948 1520 1002 quae
1555 944 1721 1006 supra
1749 943 1808 981 sc
1838 934 2000 990 sunt,
2032 935 2191 977 nosse

613 1031 922 1089 desiderat?
958 1028 1066 1084 Sed
1095 1027 1221 1082 dum
1254 1026 1319 1078 de
1352 1024 1454 1077 hac
1499 1018 1817 1089 quaestione
1860 1022 2189 1075 tractamus,

616 1122 724 1177 alia
763 1122 893 1177 mihi
939 1134 1047 1174 non
1079 1113 1381 1186 spernenda
1403 1152 1418 1177 ,
1453 1119 1512 1165 ut
1544 1109 1755 1180 opinor,
1796 1105 1850 1159 in
1881 1113 2061 1159 mente
2096 1117 2192 1157 su-

606 1211 880 1284 spervenit.
905 1210 1044 1264 Illac.
1066 1208 1213 1273 Quae
1236 1211 1319 1258 est
1340 1202 1461 1255 illa?

684 1300 774 1355 55.
796 1299 938 1353 Disc.
962 1295 1173 1357 Utrum,
1191 1286 1643 1360 quemadmodum
1663 1284 1924 1354 Spiritum
1943 1288 2191 1337 sanctum

620 1406 651 1449 a
674 1393 839 1448 Patre
865 1403 963 1460 per
984 1386 1178 1441 Filium
1210 1380 1505 1453 procedere
1545 1378 1847 1439 credimus,
1885 1371 2191 1443 symbolum

615 1484 894 1538 Romanae
941 1478 1153 1547 linguae
1199 1480 1525 1541 sequentes,
1557 1468 1632 1522 ita
1676 1465 1871 1519 Filium
1919 1479 1985 1517 ex
2034 1462 2195 1516 Patre

617 1572 766 1628 nasci
798 1585 895 1641 per
920 1566 1180 1636 Spiritum
1206 1560 1447 1632 profiteri
1475 1558 1778 1620 valeamus,
1816 1553 2063 1625 quamvis
2092 1551 2196 1605 hoc

603 1663 673 1716 .in
704 1663 822 1730 ipso
866 1654 1108 1727 symbolo
1144 1667 1242 1706 nec
1284 1648 1578 1705 secundum
1604 1646 1871 1709 Graecos,
1902 1657 2004 1698 nec
2050 1641 2072 1672 ³
2109 1654 2195 1694 se-

601 1751 851 1806 tcnndum
878 1746 1097 1802 Latinos
1145 1742 1406 1811 scriptum
1438 1737 1790 1808 reperiamus,
1814 1750 1914 1789 nec
1939 1733 1992 1786 in
2013 1730 2193 1785 divina

1986 355 2269 416 JOANNIS
2296 352 2503 411 'SCOTI

1485 483 1811 554 ognitionem
1836 476 2103 539 veritatis,
2136 473 2190 527 id
2220 478 2263 536 Α
2293 471 2416 524 dem
2446 465 2709 522 sollicitus
2755 477 2945 518 sacrae
2989 460 3292 531 tlieologiae
3314 457 3592 531 Spiritum
3625 466 3872 515 sanctum

3751 345 3871 402 '612

2290 578 2320 616 a
2345 562 2505 615 Patre
2549 575 2646 630 per
2680 559 2877 613 Filium
2923 556 3148 610 audiens
3179 553 3505 624 procedere,
3534 568 3662 608 mox
3691 553 3875 609 divino

2288 652 2470 708 studio
2494 650 2800 705 admonitus
2822 688 2838 713 ,
2867 646 3079 716 quaerit
3102 654 3158 700 et
3190 644 3359 700 dicit:
3388 643 3445 698 Si
3480 658 3611 713 ergo
3639 641 3874 713 Spiritus

2294 750 2519 797 sanctus
2541 756 2571 794 a
2592 740 2751 794 Patre
2767 754 2864 809 per
2876 737 3071 792 Filium
3094 734 3359 806 procedit,
3382 749 3481 788 cur
3502 732 3875 788 non.'similiter

2289 830 2460 887 Filius
2480 846 2510 885 a
2536 830 2696 886 Patre
2739 845 2837 900 per
2881 829 3141 899 Spiritum
3172 835 3419 881 sanctum
3450 827 3494 858 ³⁸
3521 824 3795 881 nascitur?
3817 822 3872 880 Si

2292 932 2474 977 autem
2504 920 2674 975 Filius
2697 935 2729 974 a
2754 918 2919 974 Patre
2948 932 3045 988 per
3074 915 3340 986 Spiritum
3361 924 3605 970 sanctum
3640 929 3748 969 non
3779 930 3875 968 na-

2289 1018 2480 1080 scitur,
2504 1031 2602 1069 cur
2620 1013 2855 1083 Spiritus
2877 1018 3097 1066 sanctus
3123 1024 3154 1064 a
3173 1007 3334 1063 Patre
3352 1022 3448 1077 per
3466 1004 3662 1061 Filium
3682 1019 3877 1076 proce-

2291 1106 2419 1161 dere
2439 1105 2746 1161 diceretur?
2763 1102 2897 1156 Nam
2921 1100 3063 1171 quod
3086 1101 3152 1155 de
3175 1098 3379 1169 Spiritu
3400 1104 3589 1153 sancto
3611 1094 3877 1152 catholiee

2291 1196 2553 1262 creditur,
2573 1210 2671 1251 cur
2689 1210 2795 1250 non
2822 1194 2985 1247 etiam
3008 1191 3072 1247 de
3096 1191 3233 1246 Filio
3258 1189 3509 1247 similiter
3529 1189 3875 1245 crederetur!

2293 1285 2407 1341 Nisi
2435 1283 2573 1340 forte
2604 1285 2726 1355 quis
2752 1283 2970 1348 dixerit,
3003 1282 3404 1352 praedictarum
3439 1278 3767 1334 naturalium
3797 1279 3871 1333 si-

2294 1373 2657 1428 militudinum
2671 1374 2924 1427 virtutem
2944 1370 3314 1434 considerans,
3329 1369 3398 1424 ab
3413 1369 3533 1437 igne
3556 1383 3652 1437 per
3665 1367 3872 1422 radium

2297 1464 2635 1534 splendorem
2662 1460 2958 1532 procedere
2993 1460 3238 1515 videmus
3258 1499 3273 1524 ,
3301 1474 3409 1512 non
3436 1466 3621 1512 autem
3655 1457 3725 1512 ab
3751 1457 3873 1527 igne

2293 1564 2391 1621 per
2435 1550 2774 1621 splendorem
2817 1548 3025 1603 radium
3071 1546 3241 1601 nasci.
3282 1543 3546 1601 Similiter
3590 1544 3660 1599 ab
3692 1544 3872 1598 animo

2294 1658 2391 1712 per
2426 1642 2688 1697 rationem
2736 1654 2955 1696 sensum
2999 1637 3312 1692 interiorem
3344 1635 3517 1701 mitti,
3547 1650 3653 1689 non
3688 1643 3866 1689 autem

2295 1749 2392 1803 per
2416 1733 2586 1803 ipsmn
2617 1747 2834 1787 sensum
2871 1730 3133 1784 rationem
3161 1729 3228 1783 ab
3252 1728 3434 1782 animo
3458 1727 3625 1797 gigni,
3653 1733 3872 1780 natura-

602 1841 901 1910 .Scriptnra
936 1844 1122 1906 aperte
1143 1809 1565 1902 promulgatum,
1594 1836 1652 1881 ut
1677 1823 1939 1880 aestimo?
1971 1819 2188 1875 Mtan
2220 1809 2264 1868 Β
2294 1824 2356 1878 lis
2397 1822 2638 1876 theoriae
2678 1820 2868 1875 edocet
2889 1819 2937 1851 ”
2971 1818 3123 1873 ordo.
3152 1817 3260 1872 Sed
3298 1817 3366 1871 de
3410 1817 3707 1872 divinarum
3752 1818 3873 1873 sub-

612 1933 744 2001 ipsa
795 1925 1049 1983 ineﬂ‘abili
1090 1939 1162 1978 ac
1200 1922 1221 1953 ⁴
1255 1917 1651 1989 supernaturali
1686 1916 1899 1970 divinae
1938 1911 2196 1970 bonitatis

614 2017 976 2079 fecumiitate,
1000 2028 1105 2082 qua
1125 2027 1192 2065 ex
1223 2009 1406 2073 corde,
1432 2009 1537 2061 hoc
1562 2014 1645 2059 est
1663 2044 1679 2070 ,
1707 2019 1772 2059 ex
1802 2002 2025 2058 secretis
2062 2001 2195 2056 sini-

617 2102 962 2160 .busDciet'
989 2100 1172 2154 Patris
1197 2097 1366 2152 Filius
1393 2096 1635 2150 nascitur
1648 2103 1702 2147 et.
1721 2091 1955 2162 Spiritus
1981 2100 2199 2146 sanctus

617 2194 908 2265 qiroeedit,
939 2191 1181 2246 eundem
1235 2187 1497 2259 Spiritum
1540 2182 1912 2240 sanctum‘ex
1953 2181 2113 2236 Patre
2143 2187 2199 2236 et

620 2287 782 2352 Filio,
812 2285 895 2340 vel
916 2283 1169 2339 efoatre
1190 2295 1294 2351 per
1318 2279 1512 2333 Filium
1537 2275 1828 2347 procedere
1857 2274 1990 2328 fides
2011 2271 2200 2328 catho-

614 2377 724 2439 tira
755 2390 852 2430 nos
873 2372 1136 2445 praecipit
1165 2369 1444 2432 confiteri;
1471 2366 1673 2422 Filium
1702 2379 1832 2420 vero
1855 2380 1887 2418 a
1922 2363 2082 2418 Patre
2103 2377 2200 2433 per

613 2465 889 2534 Spiritum
906 2462 1075 2524 nasci,
1092 2474 1190 2515 nec
1213 2459 1264 2512 in
1293 2458 1381 2512 illo
1403 2455 1646 2528 symbolo
1669 2455 1947 2522 utriusque
1962 2453 2198 2523 linguae,

624 2570 734 2608 :noe
765 2550 1246 2620 inaliascriptura
1276 2548 1473 2617 reperi.
1498 2546 1677 2599 Etcur
1694 2545 1822 2608 hoc,
1841 2558 1941 2598 nec
1977 2559 2074 2612 per
2095 2556 2202 2596 me-

645 2659 801 2714 psum
835 2644 1011 2697 adhuc
1029 2641 1293 2711 quaesivi,
1312 2654 1412 2693 nec
1431 2639 1498 2694 ab
1523 2636 1629 2693 alio
1647 2638 1667 2669 ⁷
1692 2636 1994 2706 quaesitum
2013 2635 2105 2689 etﬁ
2120 2634 2200 2688 in-

618 2744 837 2791 ventum
866 2733 987 2805 legi.
1014 2732 1151 2787 Dum
1179 2740 1360 2785 autem
1383 2730 1450 2784 de
1475 2726 1913 2782 inhumanatione
1930 2724 2053 2779 Filii
2070 2723 2160 2779 Dei
2182 2763 2197 2788 ,

618 2832 726 2886 hoc
752 2836 861 2891 est,
888 2826 955 2881 de
978 2824 1343 2880 incarnatione
1363 2819 1549 2885 Verbi,
1579 2828 1635 2874 et
1665 2818 1943 2889 Scriptura
1970 2829 2125 2871 sacra
2147 2827 2203 2870 et

618 2918 919 2990 symbolum
946 2930 975 2969 a
1000 2930 1153 2972 sacra
1174 2914 1369 2968 Nieeae
1387 2911 1535 2966 urbis
1556 2909 1840 2981 Bithyniae
1859 2907 2062 2978 synodo
2078 2915 2198 2959 tra-

614 3011 812 3070 ditum,
828 3016 883 3063 et
908 3015 1097 3061 contra
1122 3003 1581 3059 omncs‘haereses
1595 2999 1859 3054 munitum
1881 2995 2198 3062 consulitur,

616 3097 1063 3154 manifestissime
1096 3095 1251 3151 nobis
1278 3093 1539 3162 aperitur,
1568 3105 1634 3145 ac
1655 3089 1773 3144 sine
1799 3088 1903 3142 ulla
1938 3084 2202 3157 ambigui-

2295 1914 2617 1970 stantiarum
2646 1911 2991 1980 generatione
3024 1917 3078 1965 et
3111 1908 3459 1979 processione
3487 1907 3758 1962 suadenda
3778 1922 3873 1962 seu

2297 2003 2610 2058 ail'irmanda
2631 2000 2878 2056 fortassis
2891 1999 3134 2067 exempla
3157 2007 3380 2053 naturae
3395 2013 3499 2051 non
3516 2004 3642 2050 sunt
3663 1997 3871 2051 idonea.

2295 2093 2375 2149 Ac
2416 2107 2513 2162 per
2555 2092 2694 2159 hoc,
2724 2091 2867 2160 quod
2911 2090 2968 2144 in
3015 2097 3202 2144 sancto
3245 2086 3487 2159 symbolo
3513 2086 3557 2119 ¹⁶
3578 2088 3872 2142 secundum

2296 2186 2535 2242 Graecos
2561 2185 2799 2248 canitur,
2822 2183 2924 2237 hac
2946 2181 3259 2251 quaestione
3286 2180 3512 2235 liberum
3534 2179 3757 2234 omnino
3785 2188 3873 2232 est

2297 2288 2459 2346 atque
2505 2275 2826 2330 absolutum.
2872 2273 3013 2328 Dicit
3054 2272 3198 2326 enim
3226 2268 3420 2324 Filium
3460 2270 3515 2325 εκ
3549 2275 3641 2324 τοῦ
3667 2269 3871 2343 πατρὸς

2298 2367 2617 2438 γεννηθέντα,
2645 2364 2747 2419 hoc
2776 2370 2879 2427 est,
2906 2377 2974 2415 ex
2999 2359 3162 2415 Patre
3182 2358 3438 2430 genitum,
3467 2356 3726 2427 Spiritum
3747 2371 3875 2410 vero

2300 2460 2351 2513 ἐκ
2378 2465 2469 2515 τοῦ
2492 2457 2688 2530 πατρὸς
2710 2454 3062 2530 πορευόμενον,
3093 2452 3145 2506 id
3170 2459 3274 2516 est,
3300 2465 3370 2505 ex
3395 2449 3559 2503 Patre
3586 2448 3874 2519 proceden-

2301 2557 2429 2602 tem.
2461 2545 2568 2600 Sed
2594 2546 2639 2600 si
2666 2546 2785 2615 quis
2811 2554 3026 2599 sanctos
3075 2542 3287 2607 Patres,
3319 2540 3411 2610 qui
3445 2540 3497 2594 in
3530 2537 3694 2593 latino
3727 2554 3871 2607 sym-

2300 2641 2422 2697 bolo
2451 2639 2771 2694 addiderunt
2815 2638 2881 2691 de
2921 2635 3165 2705 Spiritu:
3195 2651 3214 2684 t
3248 2633 3337 2702 qui
3362 2646 3426 2688 ex
3460 2631 3621 2685 Patre
3639 2628 3877 2698 Filioque

2301 2732 2548 2802 procedit
2565 2750 2584 2783 ι
2601 2769 2616 2795 ,
2629 2726 2952 2789 consuleret,
2968 2724 3381 2788 rationabiliter,
3396 2728 3455 2776 ut
3466 2719 3646 2785 credo,
3661 2733 3876 2788 respon-

2301 2825 2507 2882 derent.
2534 2828 2589 2875 et
2615 2833 2833 2875 causam
2876 2817 3044 2886 ipsius
3070 2813 3360 2868 additionis
3387 2827 3489 2866 non
3518 2817 3777 2865 tacerent.
3807 2808 3873 2860 Et

2303 2910 2557 2965 fortassis
2590 2907 2820 2963 consulti
2864 2914 2990 2961 sunt
3034 2913 3090 2959 et
3143 2902 3566 2972 responderunt;
3611 2897 3707 2953 sed
3751 2895 3876 2966 quid

2302 3001 2382 3056 eis
2405 3001 2445 3032 ¹⁷
2472 3000 2643 3053 visum
2671 3007 2755 3052 est
2781 2997 2848 3051 de
2873 2996 2976 3050 hac
2999 3010 3080 3061 re,
3106 2993 3341 3047 nondum
3363 2991 3417 3045 in
3445 3002 3642 3042 manus
3669 2994 3880 3040 nostras

2305 3090 2571 3160 pervenit.
2606 3089 2783 3158 Atque
2829 3086 2950 3140 ideo
2979 3085 3045 3138 de
3094 3080 3395 3150 huiusmodi
3442 3077 3759 3148 quaestione
3805 3074 3879 3128 nil

620 3200 735 3246 tate
761 3190 1006 3251 docetur,
1034 3185 1160 3255 quia
1193 3183 1422 3241 Verbum
1442 3182 1506 3235 de
1528 3179 1733 3249 Spiritu
1762 3185 1953 3234 sancto
1971 3184 2055 3232 est
2076 3191 2203 3230 con-
2229 3150 2275 3214 ο
2306 3150 2510 3235 iemere
2545 3150 2807 3234 conamur
2831 3175 3055 3231 defiuire
3077 3214 3092 3238 ,
3123 3173 3225 3228 nisi
3256 3172 3393 3227 forte
3425 3171 3547 3240 quis
3570 3170 3746 3231 dicat,
3776 3183 3877 3222 non

622 3287 860 3349 ceptum.
893 3274 1126 3345 Angelus
1171 3284 1385 3342 quoque
1423 3269 1491 3322 ad
1529 3266 1792 3321 Mariam:
1829 3264 2055 3335 Spiritus
2082 3281 2202 3319 san-

623 3379 759 3430 ctus,
812 3365 988 3433 inquit
1019 3365 1064 3426 ’,
1093 3360 1410 3431 superveniet
1452 3359 1509 3412 in
1560 3368 1642 3421 te,
1672 3364 1725 3410 et
1761 3356 1922 3410 virtus
1950 3353 2205 3407 Altissimi

616 3454 949 3509 obumbrabit
972 3451 1083 3504 tibi.
1114 3449 1260 3502 Idem
1281 3448 1346 3502 ad
1374 3446 1571 3515 Ioseph
1599 3463 1611 3497 :
1644 3445 1859 3513 Ioseph,
1904 3443 1982 3512 ﬁli
2012 3443 2203 3506 David,

623 3542 733 3594 noti
756 3539 1015 3592 dimittere
1046 3536 1477 3605 conjugemtuam
1494 3550 1513 3598 ;
1538 3533 1674 3603 quod
1705 3533 1840 3586 enim
1870 3531 2002 3584 inea
2026 3540 2206 3583 natum

624 3642 699 3685 est
726 3669 742 3695 ,
789 3631 854 3682 de
899 3627 1102 3698 Spiritu
1149 3634 1329 3679 sancto
1358 3634 1452 3678 est.
1488 3623 1567 3677 Ex
1613 3622 1697 3676 his
1740 3628 1899 3689 atque
1945 3618 2208 3674 similibus

630 3718 959 3775 testimoniis
984 3730 1159 3771 nonne
1184 3714 1406 3769 credere
1418 3722 1472 3767 et
1492 3710 1786 3780 intelligere
1810 3709 1984 3774 datur,
2011 3706 2207 3760 Filium

630 3812 928 3869 secundum
976 3822 1195 3863 carnem
1225 3807 1290 3861 de
1321 3804 1523 3873 Spiritu
1568 3810 1756 3858 sancto
1801 3800 1967 3853 fuisse
2010 3813 2207 3852 concc-

626 3914 781 3974 ptum
798 3910 860 3957 et
889 3899 1106 3954 natum?
1128 3897 1314 3967 Itaque
1330 3895 1379 3927 ‘°
1404 3894 1695 3949 secundmn
1720 3890 2102 3947 fecunditatem
2129 3888 2209 3942 di-

634 3997 817 4050 vinam
848 3993 1108 4063 Spiritum
1138 3998 1384 4044 sanctum
1418 4002 1448 4041 a
1479 3985 1639 4041 Patre
1668 4000 1764 4055 per
1788 3982 1986 4038 Filium
2012 3995 2210 4053 proce-

629 4087 784 4152 dere,
812 4082 1104 4140 secundum
1129 4093 1256 4134 vero
1276 4077 1455 4134 carnis
1483 4064 1905 4145 assumptiouem
1925 4072 2118 4127 Filium
2142 4070 2211 4125 de

630 4179 842 4250 Spiritu
870 4183 1055 4232 sancto
1079 4182 1395 4242 conceptum
1427 4169 1663 4236 fuissect
1684 4176 1886 4229 natum,
1921 4179 2024 4218 non
2051 4161 2207 4217 dubi-

634 4287 833 4330 tamus.
863 4270 1018 4337 Quod
1042 4267 1178 4322 enim
1210 4266 1266 4318 in
1294 4281 1355 4319 ea
1381 4272 1561 4316 natum
1584 4269 1688 4325 est,
1716 4259 1780 4312 de
1807 4255 2003 4328 Spiritu
2030 4264 2209 4309 sancto

633 4377 816 4422 natum
848 4372 922 4417 est
954 4363 1019 4414 η.
1048 4359 1153 4414 Sed
1185 4366 1239 4411 et
1261 4354 1410 4426 juxta
1441 4354 1598 4408 aliam
1628 4351 1889 4407 tbeoriam
1912 4347 2111 4401 Filium
2143 4345 2210 4399 de

635 4456 838 4524 Spiritu
887 4459 1077 4505 sancto
1120 4456 1178 4503 et
1219 4462 1316 4517 per
1352 4443 1609 4512 Spiritum
1646 4449 1890 4496 sanctum
1921 4435 2212 4505 concipiet

633 4543 785 4596 nasci
829 4539 1070 4593 invenies
1104 4539 1168 4588 ¹².
1200 4536 1335 4588 Dum
1377 4534 1520 4588 enim
1562 4529 1931 4598 unusquisque
1974 4526 2205 4581 fidelium

634 4628 983 4699 baptismatis
1024 4627 1169 4681 subit
1197 4634 1594 4679 sacramentum
1613 4663 1627 4689 ,
1657 4621 1785 4692 quid
1817 4619 1958 4673 aliud
1988 4617 2057 4672 ibi
2087 4631 2204 4685 per-

636 4721 837 4787 agitur,
864 4717 965 4771 nisi
998 4717 1090 4770 Dei
1117 4714 1278 4769 Verbi
1312 4714 1365 4767 in
1394 4729 1580 4768 eorum
1615 4714 1868 4769 cordibus
1909 4713 1975 4766 de
2002 4709 2205 4780 Spiritu

639 4816 828 4865 sancto
855 4814 909 4859 et
937 4820 1034 4873 per
1059 4803 1321 4872 Spiritum
1349 4812 1592 4856 sanctum
1622 4803 1903 4870 conceptio
1929 4811 2088 4869 atque
2113 4813 2207 4854 na-

640 4899 840 4954 tit'itas.
859 4892 1108 4960 Quotidie
1129 4890 1292 4960 igitur
1307 4888 1553 4942 Christus
1576 4889 1619 4919 ⁸³
1644 4890 1693 4940 in
1725 4898 1876 4941 utero
1905 4889 2024 4944 fidei
2048 4887 2207 4942 veluti

642 4989 978 5046 castissimae
1005 4983 1196 5038 matris
1225 4978 1519 5034 visceribus
1549 4986 1602 5033 et
1623 4978 1928 5046 concipitur
1953 4986 2007 5031 et
2030 4979 2208 5043 nasci:-

642 5095 734 5139 tur
775 5089 831 5136 et
859 5077 1116 5134 nutritur.
1144 5073 1217 5128 Et
1259 5071 1506 5126 fortassis
1548 5071 1668 5125 ideo
1711 5085 1740 5123 a
1776 5068 1972 5124 Nicena
2007 5068 2210 5140 synodo

642 5174 876 5247 Spiritus
900 5175 1120 5226 sanctus
1144 5179 1210 5219 ex
1237 5164 1395 5218 Patre
1420 5161 1755 5216 solummodo
1784 5161 2076 5230 procedere
2099 5168 2211 5213 tra-

641 5268 808 5329 ditur,
830 5277 898 5318 ne
918 5258 1044 5316 talis
1068 5254 1312 5328 quaestio
1334 5252 1707 5307 ventilaretur.
1731 5250 2022 5319 inquisitor
2040 5250 2210 5318 siqui-

2305 3269 2576 3322 immerito
2623 3267 2726 3320 hoc
2767 3263 3009 3319 additum
3050 3269 3167 3326 est,
3193 3259 3448 3330 quoniam
3474 3256 3658 3312 multis
3694 3269 3880 3310 sacrae

2306 3358 2618 3429 Scripturae
2640 3356 2775 3411 locis
2799 3353 3145 3425 approbatur.
3175 3351 3308 3406 Nam
3336 3359 3390 3406 et
3413 3350 3527 3419 ipse
3559 3348 3814 3403 Dominus
3836 3347 3878 3378 "

2304 3449 2467 3503 dicit:
2494 3447 2658 3514 Quem
2682 3446 2844 3501 Pater
2863 3446 3018 3499 mittit
3045 3444 3099 3496 iu
3121 3443 3327 3496 nomine
3352 3457 3484 3495 meo.
3501 3439 3725 3495 Videtur
3738 3439 3877 3493 enim

2307 3539 2477 3594 Filius
2499 3538 2712 3591 mittere
2736 3535 3021 3604 Spiritum,
3045 3548 3204 3603 quem
3218 3532 3381 3587 Pater
3402 3530 3567 3585 mittit
3587 3529 3640 3583 in
3666 3529 3878 3584 nomine

2306 3628 2453 3699 ejus;
2496 3627 2609 3695 ipse
2651 3639 2867 3695 quoque
2910 3622 3076 3677 Filius
3120 3620 3378 3690 Spiritmn
3425 3617 3671 3672 veritatis
3712 3614 3880 3685 Spiri-

2308 3725 2421 3770 tum
2446 3713 2488 3744 ¹⁹
2511 3721 2756 3768 sanctum
2782 3719 2968 3775 vocat;
3000 3709 3170 3763 Filius
3199 3716 3378 3761 autem
3406 3706 3608 3760 veritas
3638 3711 3737 3764 est,
3766 3704 3879 3772 ipso

2308 3815 2577 3862 testante:
2610 3804 2722 3875 Ego
2768 3820 2885 3857 sum
2932 3803 3047 3867 eia,
3090 3811 3139 3855 et
3173 3802 3383 3865 ueritas,
3433 3808 3480 3852 et
3510 3799 3635 3853 vita.
3670 3796 3727 3851 Si
3752 3810 3879 3866 ergo

2309 3899 2544 3968 Spiritus
2569 3896 2816 3951 veritatis
2840 3902 2955 3961 est,
2986 3892 3226 3962 profecto
3251 3890 3486 3960 Spiritus
3519 3896 3735 3944 sanctus
3775 3886 3880 3955 spi'

2309 3989 2448 4043 ritus
2468 3985 2590 4040 Filii
2615 3994 2717 4039 est.
2750 3983 3026 4038 Mulierem
3053 3996 3267 4051 quoque
3288 3981 3650 4057 αεμορῥσῦσαν,
3677 3979 3780 4033 hoc
3801 3984 3882 4031 est

2308 4079 2509 4134 ﬂuxum
2552 4077 2828 4148 sanguinis
2854 4075 3143 4147 patientem
3171 4113 3185 4138 ,
3218 4086 3455 4127 sanans:
3478 4067 3650 4133 Sensi,
3678 4064 3881 4137 inquit.

2308 4167 2475 4227 exisse
2498 4172 2562 4225 de
2587 4187 2667 4224 me
2689 4169 2733 4201 ²⁰
2756 4169 3015 4223 virtutem.
3042 4167 3107 4222 Et
3132 4166 3273 4236 quod
3300 4162 3458 4233 paulo
3476 4171 3603 4217 ante
3619 4160 3878 4216 diximus:

2311 4262 2374 4319 Si
2401 4280 2492 4331 ego
2518 4262 2716 4324 abiero,
2746 4261 2951 4313 mittam
2979 4275 3095 4312 eum
3128 4258 3199 4312 ad
3237 4273 3349 4311 eos.
3384 4256 3517 4310 Item
3553 4249 3839 4321 Apostolus
3864 4264 3879 4301 :

2313 4352 2455 4405 Misit
2489 4351 2627 4405 Deus
2659 4350 2913 4419 Spiritum
2951 4346 3076 4401 Filii
3100 4347 3185 4401 sui
3211 4348 3266 4399 in
3296 4344 3454 4399 corda
3482 4352 3684 4406 nostra,
3705 4341 3758 4392 in
3777 4353 3880 4408 quo

2309 4443 2631 4506 clamamus,
2677 4440 2820 4493 Abba
2862 4449 3029 4510 pater.
3058 4438 3188 4493 Item
3226 4435 3509 4491 Psalmista
3536 4449 3551 4486 :
3584 4431 3750 4487 Verbo
3776 4429 3882 4481 Do-

2312 4532 2438 4584 mini
2468 4531 2599 4583 cneli
2628 4530 2826 4598 ﬁrmati
2855 4539 2996 4593 sunt,
3026 4537 3073 4582 et
3099 4528 3284 4598 spiritu
3313 4526 3419 4579 oris
3439 4526 3555 4594 ejus
3586 4521 3753 4575 omnis
3778 4520 3881 4572 vir-

2312 4632 2394 4675 tus
2434 4639 2637 4675 eorum.
2683 4621 2777 4674 llis
2819 4621 3001 4690 itaque
3028 4629 3187 4689 atque
3228 4615 3529 4685 hujusntodi
3564 4611 3884 4667 testimoniis

2312 4712 2434 4782 quis
2476 4710 2864 4764 catholicorum
2904 4725 3008 4764 non
3052 4708 3221 4780 possit
3263 4705 3590 4777 approbare,
3622 4700 3882 4770 Spiritmn

2312 4811 2555 4857 sanciunt
2582 4816 2611 4852 a
2638 4799 2797 4853 Patre
2825 4808 2879 4853 et
2906 4799 3045 4853 Filio
3074 4795 3402 4867 procedere?

2383 4891 2470 4942 54.
2515 4889 2653 4943 DISC.
2681 4887 2755 4941 De
2785 4888 2886 4941 hac
2914 4887 3229 4956 quaestione
3257 4900 3361 4938 non
3394 4879 3616 4935 nimium
3642 4874 3875 4930 haesito.

2316 4980 2540 5049 Quoquo
2568 4979 2712 5032 enim
2754 4978 2910 5031 modo
2949 4976 3070 5045 quis
3117 4972 3540 5030 ecclesiasticum
3583 4965 3883 5039 symbolum

2315 5067 2744 5138 pronunciaverit
2765 5108 2780 5129 ,
2809 5066 2925 5120 sine
2957 5064 3233 5133 naufragio
3266 5075 3433 5116 sanae
3481 5059 3605 5112 fidei
3654 5053 3881 5124 recipio,

2317 5158 2418 5212 hoc
2440 5166 2542 5222 est,
2571 5158 2685 5213 sive
2713 5156 2973 5227 Spiritum
3014 5165 3258 5210 sanctum
3301 5169 3331 5206 a
3364 5150 3525 5205 Patre
3555 5145 3885 5205 solummodo

2319 5250 2611 5320 procedere
2652 5249 2867 5312 dixerit,
2912 5249 3028 5302 sive
3078 5263 3109 5300 a
3156 5246 3319 5302 Patre
3353 5253 3409 5299 et
3431 5242 3601 5308 Filio,
3628 5240 3775 5296 salva
3802 5237 3882 5290 illa

1911 5380 2157 5434 VAIUAE
2195 5378 2592 5435 LECTIONES.

725 5494 831 5539 test
868 5498 978 5537 om.
1003 5481 1065 5536 C.
1140 5481 1161 5511 ¹
1191 5478 1232 5534 C
1260 5477 1511 5547 referret.
1550 5474 1597 5547 fg
1619 5474 1838 5547 C_non.__
1886 5471 1998 5547 [με
2021 5486 2130 5547 om.
2298 5470 2395 5547 lfet
2425 5484 2534 5523 om.
2574 5468 2637 5521 A.

937 5533 1156 5616 6inquit
1198 5533 1404 5601 om.'A.
1478 5546 1517 5576 ‘°
1545 5545 1638 5616 Sic
1665 5543 1727 5616 [1.
1778 5541 1857 5616 λ¹¹ι
1884 5539 1998 5616 Sic__
2021 5541 2121 5593 BC.
2181 5540 2261 5591 Em
2299 5540 2378 5590 his
2409 5550 2561 5616 atque
2603 5537 2954 5616 liminibus-.—
2981 5547 3160 5616 nutum
3195 5545 3269 5616 est
3305 5550 3427 5616 ριν.
3460 5533 3521 5584 Α.

1967 5610 2009 5639 ¹⁸
2038 5619 2273 5662 smmum
2317 5625 2423 5660 0m.
2464 5608 2523 5659 C.

617 5535 863 5607 inmiti.

645 5625 685 5673 Α
740 5619 974 5675 inveniet.
1061 5611 1105 5649 ⁵³
1127 5616 1301 5683 Contj.,
1333 5617 1375 5667 A
1397 5633 1427 5668 α
1452 5616 1570 5682 piis,
1601 5614 1641 5667 (Ζ
1664 5611 1877 5683 Christi.

3367 5465 3389 5497 "
3425 5463 3464 5515 Α
3514 5462 3716 5530 aliqua.
3790 5456 3887 5530 [τι

3605 5525 3646 5561 ίί
3680 5530 3772 5580 Sic
3811 5525 3883 5587 C;

3672 5600 3712 5628 ³⁷
3745 5598 3785 5650 C
3821 5599 3886 5647 ei.

2717 5469 2736 5498 ‘
2784 5477 3023 5521 sanctum
3064 5482 3172 5521 om.
3211 5464 3277 5520 Α.

2603 5606 2645 5636 ’⁵
2674 5608 2763 5660 Sic
2806 5607 2872 5668 (ἐς
2900 5607 2944 5660 Λ
2984 5607 3151 5659 docet.
3228 5604 3271 5635 ¹⁶
3300 5603 3340 5658 C
3375 5601 3590 5672 synodo.

649 5691 694 5721 "‘
714 5695 755 5744 Λ
797 5690 955 5741 Deus.
1033 5685 1076 5715 "
1107 5679 1330 5738 veritatis
1355 5679 1590 5751 spiritum
1625 5699 1730 5735 om.
1765 5682 1830 5733 Α.
1907 5679 1949 5717 ιθ
1977 5680 2016 5731 Α
2049 5679 2111 5731 dc
2143 5695 2221 5731 mc
2250 5680 2416 5730 exisse
