4236 6274
401 381 502 436 613

1217 371 1303 425 DE
1339 367 1675 424 DIVISIONE
1712 365 2062 422 NATUIlAl-I.
2099 396 2167 405 ~—
2203 361 2402 418 LIBER
2441 361 2824 419 SECUNDUS.

3539 367 3647 424 6M

401 493 636 556 ratione,
659 503 763 558 qua
785 495 838 543 et
853 486 1122 542 credinms
1139 485 1578 552 etintelligintus,
1602 483 1829 534 curulem
1854 479 1974 548 Spi-
2003 488 2050 542 Λ
2081 481 2151 532 tia
2211 478 2388 532 Patris
2425 478 2510 532 vel
2547 491 2795 546 persona.
2847 478 3092 534 Essentia
3134 479 3398 550 siquidem
3437 480 3652 538 divinae

403 587 569 640 ritum
596 599 658 636 ex
691 597 796 634 una
823 595 1005 642 causa,
1038 577 1088 630 id
1118 585 1220 640 est,
1251 591 1314 628 ex
1359 575 1516 628 Patre
1548 572 1975 628 substantialiter

404 675 716 745 procedere.
747 672 842 725 Est
869 669 1012 722 enim
1057 668 1219 722 Pater
1263 679 1427 719 causa
1479 663 1752 718 nascentis
1793 665 1866 718 de
1917 675 1975 715 se

407 765 571 830 Filii,
598 773 654 820 et
677 761 1014 834 procedentis
1047 773 1114 811 ex
1147 773 1206 812 se
1229 757 1487 827 Spiritus.
1515 755 1618 810 Sed
1669 755 1844 808 adhuc
1885 769 1977 807 ve—

409 856 502 910 lim
534 871 565 909 a
596 863 648 908 te
671 867 962 924 quaerere,
1015 865 1080 904 ex
1110 849 1418 903 essentiane
1462 849 1481 880 ί
1509 845 1684 899 Patris
1707 884 1722 908 ,
1751 860 1818 898 an
1847 844 1976 926 sub-

407 943 604 999 stantia
633 941 656 973 ³
683 951 739 998 et
789 941 958 994 Filius
985 949 1146 993 natus
1181 947 1234 992 et
1265 938 1500 1005 Spiritus
1528 945 1746 989 sanctus
1783 949 1978 1003 prece-

406 1035 538 1088 dens
565 1041 650 1087 est
665 1032 722 1086 "t
743 1031 882 1085 illac.
905 1029 982 1084 De
1005 1030 1108 1083 hoc
1122 1029 1369 1096 ambiguo
1397 1026 1552 1079 facile
1575 1024 1908 1094 purgaberis,
1933 1023 1979 1077 si

403 1121 554 1191 prius
584 1135 720 1192 pure
749 1133 1080 1185 cognoscas,
1116 1116 1246 1184 quid
1295 1115 1364 1168 sit
1411 1115 1549 1167 inter
1593 1114 1881 1166 essentiam
1927 1121 1982 1164 et

406 1210 770 1266 substantiam
806 1207 1022 1261 divinae
1063 1205 1341 1260 bonitatis.
1388 1203 1530 1258 DISC.
1565 1203 1640 1256 De
1680 1201 1982 1256 differentia

409 1300 626 1354 divinae
650 1295 920 1351 essentiae
947 1303 1108 1362 atque
1133 1293 1464 1347 substantiae
1497 1291 1678 1344 docuit
1715 1304 1801 1344 me
1827 1291 1983 1343 theo-

411 1389 551 1459 logia
577 1403 640 1441 ex
658 1387 862 1441 sanctis
885 1385 1134 1438 Patribus
1181 1383 1462 1452 utriusque
1491 1383 1726 1453 linguae,
1759 1395 1985 1451 graecae

415 1481 670 1536 videlicet
716 1489 876 1547 atque
921 1477 1138 1541 latinae,
1168 1475 1384 1528 tradita.
1415 1475 1690 1543 Siquidem
1725 1474 1983 1528 sanctus"

413 1573 702 1643 Dionysius
725 1569 1074 1638 Areopagita,
1113 1578 1166 1622 et
1195 1567 1488 1635 Gregorius
1527 1567 1570 1620 Τ
1576 1567 1859 1634 heologus,
1891 1579 1984 1618 eo-

411 1678 638 1732 rumque
663 1661 1092 1732 elegantissimus
1122 1660 1398 1727 expositor
1419 1657 1703 1720 Maximus,
1735 1655 1988 1710 dili‘ereu-

410 1755 538 1806 tiam
567 1767 692 1806 esse
719 1752 903 1806 dicunt
944 1751 1086 1804 inter
1120 1751 1330 1814 οὐσίαν,
1367 1750 1416 1803 id
1457 1759 1542 1803 est
1569 1750 1859 1802 essentiam
1887 1788 1903 1812 ,
1933 1757 1990 1802 et

2079 568 2334 622 bonitatis
2357 581 2532 635 neque
2555 568 2772 637 propria
2798 567 3099 621 substantia
3125 579 3206 622 est
3231 569 3440 634 Patris,
3475 587 3650 640 neque

2078 656 2224 720 Filii,
2253 671 2426 724 neque
2457 655 2692 724 Spiritus
2717 655 2924 720 sancti,
2955 659 3049 710 sed
3081 673 3184 710 uita
3215 669 3377 728 atque
3418 677 3653 712 connnn-

2079 746 2164 799 nis
2191 745 2610 800 substantiarum
2645 747 2804 800 trium
2834 755 3058 810 natura;
3099 745 3262 799 Pater
3291 757 3468 801 autem
3501 764 3654 802 suam

2081 836 2352 902 propriam
2383 835 2546 888 habet
2567 835 2946 900 substantiam,
2979 835 3227 890 similiter
3265 847 3319 890 et
3357 837 3555 902 Filius,
3585 839 3658 893 si-

2083 927 2284 982 militer
2309 936 2363 982 ct
2387 927 2621 996 Spiritus
2650 939 2872 982 sanctus
2905 943 3029 984 snas
3077 927 3354 998 possident
3404 931 3662 984 substan-

2083 1019 2206 1071 tias.
2234 1017 2288 1072 Si
2319 1019 2482 1088 igitur
2511 1018 2688 1072 divina
2723 1019 2990 1082 essentia,
3039 1020 3162 1087 quia
3212 1035 3317 1073 una
3363 1030 3450 1076 est
3495 1029 3660 1092 atque

2082 1110 2292 1170 eadem,
2320 1124 2494 1176 neque
2522 1109 2682 1162 Pater
2707 1119 2820 1172 est,
2851 1125 3024 1178 neque
3061 1111 3257 1171 Filius,
3285 1127 3460 1182 neque
3481 1112 3658 1183 Spiri-

2087 1208 2169 1252 tus
2189 1207 2428 1260 sanctus,
2459 1199 2554 1252 sed
2583 1199 2884 1252 communis
2911 1215 3098 1252 eorum
3131 1211 3322 1254 natura
3345 1243 3358 1266 ,
3392 1205 3656 1270 sequitur,

2085 1303 2192 1340 non
2241 1287 2309 1340 ab
2347 1303 2409 1340 ea
2445 1287 2592 1341 nasci
2623 1287 2838 1350 Filium,
2887 1303 3060 1356 neque
3105 1289 3365 1357 Spiritum
3409 1303 3658 1348 sanctum

2085 1377 2397 1446 procedere.
2423 1376 2556 1429 Nam
2591 1377 2636 1430 si
2663 1392 2728 1430 ex
2756 1392 2819 1430 ea
2849 1377 3014 1432 Filius
3053 1381 3314 1444 nascitur,
3339 1397 3444 1436 non
3475 1399 3541 1436 ex
3563 1383 3664 1437 Pa-

2089 1477 2172 1520 tre
2199 1468 2468 1532 uascitnr;
2503 1469 2617 1536 ipsa
2647 1469 2810 1530 enim,
2841 1479 2898 1522 ut
2929 1470 3184 1535 diximus,
3213 1473 3376 1526 Pater
3397 1489 3502 1526 non
3531 1483 3616 1530 est
3643 1493 3656 1526 :

2089 1557 2338 1610 similiter
2369 1558 2414 1611 si
2445 1573 2512 1611 ex
2535 1559 2723 1612 eadem
2755 1557 2988 1626 Spiritus
3017 1573 3236 1616 sanctus
3261 1564 3519 1630 procedit,
3553 1581 3663 1618 non

2087 1663 2152 1702 ex
2185 1649 2344 1701 Patre
2375 1649 2637 1715 procedit.
2671 1649 2728 1704 Si
2760 1659 2941 1705 autem
2981 1653 3248 1707 catholica
3291 1655 3424 1708 lides
3464 1655 3662 1710 ﬁrmis-

2091 1740 2228 1794 sime
2262 1751 2424 1807 atque
2456 1742 2740 1797 sanissimo
2765 1752 2818 1796 et
2865 1745 3038 1798 credit
3079 1756 3134 1799 et
3165 1749 3320 1802 docet
3364 1748 3558 1802 Filium
3591 1763 3662 1804 ex

406 1842 714 1905 ὑπόστασιν,
758 1841 811 1895 id
837 1849 920 1894 est
949 1841 1337 1904 substantiam;
1369 1841 1544 1894 οὐσίαν
1575 1839 1794 1908 quidem
1827 1838 1982 1892 intel-
2017 1830 2056 1888 Β

2017 1830 2056 1888 Β
2085 1827 2244 1882 Patre
2272 1839 2476 1892 natum,
2508 1829 2766 1898 Spiritum
2797 1847 2926 1888 vero
2947 1845 3192 1889 sancttun
3223 1851 3292 1890 ex
3335 1839 3526 1892 eodem
3551 1837 3660 1896 Pa-

405 1931 636 2002 ligentes
655 1929 870 1985 unicam
901 1929 1046 1983 illam
1072 1945 1136 1984 ac
1161 1929 1458 1998 simplicem
1487 1929 1702 1983 divinae
1725 1929 1984 1983 bonitatis

407 2031 690 2084 naturam,
735 2019 1020 2076 ὑπόστασιν
1065 2035 1195 2073 vero
1245 2019 1579 2088 singularum
1627 2034 1980 2088 personarum

408 2111 678 2181 propriam
703 2118 758 2164 et
791 2110 1118 2164 individuam
1149 2109 1526 2163 substantiam.
1562 2109 1758 2163 Dicunt
1785 2109 1808 2139 ⁸
1837 2109 1980 2162 enim

405 2204 526 2272 μίαν
567 2203 742 2256 οὐσίαν
803 2204 854 2254 ἓν
918 2203 1082 2278 τρίτην
1127 2201 1498 2264 ὑποστάσεσιν,
1533 2200 1638 2254 hoc
1669 2209 1785 2264 est,
1817 2215 1982 2254 unam

409 2293 704 2348 essentiam
737 2293 788 2346 in
821 2293 991 2348 tribus
1023 2293 1361 2348 substantiis.
1388 2293 1622 2348 Sanetus
1647 2309 1862 2364 quoque
1877 2294 1986 2348 Au-

407 2384 677 2450 gustinus,
705 2385 978 2452 ceterique
1001 2384 1173 2438 saneti
1221 2383 1414 2438 Patres
1466 2383 1722 2438 latialiter
1746 2385 1986 2439 scriben-

411 2481 514 2536 tes,
563 2471 721 2525 tidem
764 2481 984 2527 sanctae
1019 2473 1302 2527 Trinitatis
1353 2474 1698 2541 exprimunt,
1749 2475 1987 2530 dicentes

407 2574 574 2612 unum
612 2559 970 2614 substantiam
1002 2561 1056 2614 in
1087 2562 1256 2616 tribus
1299 2563 1546 2630 personis
1567 2603 1582 2627 ,
1628 2562 1988 2633 signiﬁcantes

405 2651 674 2704 unitatem
705 2650 918 2705 divinae
945 2663 1168 2705 naturae
1191 2667 1256 2708 eo
1283 2653 1534 2717 nomine,
1579 2653 1722 2722 quod
1749 2665 1834 2709 est
1865 2655 1988 2709 sub—

405 2738 640 2804 stantia,
696 2739 894 2793 trinam
943 2755 1070 2794 vero
1125 2741 1550 2794 substautiarum
1605 2743 1984 2812 proprietatem

411 2831 572 2884 trium
615 2843 969 2900 personarum
1013 2830 1308 2884 vocabulis.
1353 2830 1504 2897 Quini
1540 2833 1702 2886 etiam
1745 2833 1985 2888 moderni

409 2917 743 2972 Graecorum
769 2919 1064 2987 recipiunt;
1108 2919 1292 2974 dicunt
1323 2919 1468 2974 enim
1495 2923 1614 2990 μίαν
1639 2921 1922 2978 ὑπόστασιν
1943 2923 1985 2986 ⁸,

411 3009 468 3064 id
495 3017 580 3063 est
619 3023 784 3062 unam
827 3010 1184 3064 substantiam
1204 3049 1220 3074 ,
1243 3017 1302 3064 et
1325 3012 1446 3084 τρία
1477 3011 1738 3084 πρόσωπα
1757 3051 1771 3076 ,
1817 3011 1868 3064 id
1902 3022 1986 3066 est

415 3106 528 3150 tres
555 3111 832 3166 personas.
867 3095 982 3152 Una
1013 3098 1308 3168 eademque
1335 3099 1470 3154 ﬁdes
1493 3107 1580 3154 est
1613 3099 1664 3152 in
1695 3101 1982 3164 omnibus,

2085 1927 2164 1973 tre
2195 1923 2606 1988 procedentem,
2639 1937 2818 1976 nonne
2843 1939 3179 1993 conserit-iens
3207 1937 3290 1980 est
3313 1967 3328 1990 ,
3361 1935 3420 1980 ut
3465 1927 3662 1984 creda-

2081 2025 2202 2064 mus
2247 2021 2304 2065 et
2352 2012 2731 2080 intelligamus,
2761 2029 2829 2068 ex
2859 2015 3160 2068 substantia
3201 2015 3376 2070 Patris
3411 2025 3468 2070 et
3511 2019 3664 2076 nasci

2083 2100 2297 2162 Filium,
2329 2110 2384 2154 et
2413 2104 2702 2171 procedere
2731 2105 2990 2172 Spiritum
3039 2108 3316 2160 sanctum?
3345 2107 3458 2160 Non
3499 2109 3664 2178 igitur

2083 2207 2148 2246 ex
2177 2192 2433 2253 essentia,
2467 2194 2560 2246 sed
2593 2209 2658 2248 ex
2687 2195 2986 2248 substantia
3009 2195 3182 2250 Patris
3217 2206 3272 2250 et
3319 2196 3338 2226 °
3368 2197 3534 2251 Filius
3562 2213 3660 2251 ua-

2085 2284 2275 2347 scitur,
2310 2293 2366 2336 et
2404 2283 2636 2353 Spiritus
2679 2295 2900 2340 sanctus
2935 2288 3197 2356 procedit.
3249 2286 3382 2342 Nam
3425 2298 3481 2341 et
3522 2289 3663 2358 apud

2085 2375 2334 2429 homines
2381 2391 2486 2429 non
2517 2376 2746 2430 dicimus
2793 2393 2860 2431 ex
2906 2379 3174 2432 communi
3207 2389 3426 2441 natura,
3461 2382 3556 2432 sed
3594 2393 3663 2432 ex

2086 2466 2298 2534 propria
2329 2475 2520 2519 natura
2556 2467 2704 2520 nasci
2735 2467 2871 2521 ﬁlios
2893 2467 2968 2531 ¹⁰;
2999 2469 3272 2536 propriam
3303 2476 3484 2522 autem
3506 2477 3662 2522 natu-

2087 2570 2202 2609 ram
2247 2555 2366 2610 dico
2405 2557 2826 2626 tntiusmtjusque
2869 2571 3130 2625 personae
3173 2558 3502 2610 individuam
3535 2557 3663 2612 sub-

2085 2646 2360 2700 stantiam.
2383 2645 2516 2700 Nam
2544 2647 2588 2700 si
2609 2661 2674 2699 ex
2697 2649 2968 2700 communi
2995 2659 3182 2701 natura
3209 2650 3454 2702 homines
3467 2649 3663 2702 'nasec-

2089 2747 2296 2800 rentur,
2321 2737 2496 2790 nullus
2522 2747 2674 2805 pater
2697 2739 2972 2804 proprium
2995 2739 3188 2802 lilium,
3211 2740 3290 2794 sic
3318 2737 3498 2792 nullus
3521 2739 3664 2792 lilins

2087 2825 2364 2894 proprium
2397 2836 2606 2894 patrem
2639 2827 2964 2895 possideret.

2155 2917 2246 2972 55.
2289 2917 2394 2970 Sed
2441 2918 2574 2972 haec
2604 2918 2764 2972 altius
2803 2933 2868 2972 ac
2909 2919 3086 2972 verius
3116 2918 3446 2988 cogitantur,
3496 2933 3660 2987 quam

2087 3021 2336 3062 sermone
2364 3007 2730 3076 proferuntur,
2773 3018 2829 3064 et
2867 3009 3030 3064 altius
3056 3025 3122 3062 ac
3152 3009 3327 3062 verius
3363 3009 3666 3078 intelligun-

2089 3105 2177 3148 tur
2205 3095 2268 3158 “,
2293 3111 2452 3162 quam
2479 3097 2802 3165 cogitantur,
2835 3098 2994 3152 altius
3013 3107 3192 3152 autem
3223 3114 3286 3152 ac
3307 3098 3486 3152 verius
3517 3109 3663 3162 sunt,

413 3186 660 3254 quamvis
705 3185 1154 3255 signiﬁcationum
1193 3187 1478 3244 diversitas
1503 3189 1982 3258 νίαθαιυτ,.ιι;ημιο
2011 3169 2054 3228 C
2087 3200 2250 3254 quam
2280 3185 2676 3256 intelliguntur;
2705 3203 2918 3244 onlnem
2937 3189 3202 3258 siquidem
3225 3190 3552 3244 intellectum
3577 3207 3666 3246 su—

413 3277 705 3331 sceundnm
728 3277 964 3334 Graecos
983 3279 1228 3344 dicimus,
1255 3295 1359 3334 una
1388 3281 1686 3351 eademque
1709 3291 1794 3336 est
1833 3280 1985 3338 οὗσία

409 3371 588 3425 Patris
617 3381 672 3426 et
697 3371 818 3426 Filii
847 3379 904 3426 ct
923 3372 1153 3443 Spiritus
1179 3374 1374 3438 sancti,
1397 3375 1488 3429 sed
1513 3389 1618 3429 non
1643 3389 1747 3428 una
1769 3377 1984 3428 eadem-

411 3476 516 3529 que
543 3469 626 3514 est
655 3462 970 3525 ὑπόστασις.
997 3463 1168 3518 Habet
1193 3465 1338 3518 enim
1358 3465 1518 3519 Pater
1538 3479 1690 3518 suam
1715 3466 1984 3534 propriam

407 3551 716 3614 ὑπόστασιν,
731 3565 872 3620 quae
893 3567 1068 3621 neque
1089 3551 1210 3606 Filii
1233 3567 1406 3622 neque
1429 3553 1663 3623 Spiritus
1686 3556 1856 3608 sancti
1881 3564 1983 3618 est,

409 3646 502 3699 sed
551 3645 719 3700 solius
759 3645 971 3712 Patris;
1005 3647 1258 3702 similiter
1297 3648 1468 3703 Filius
1515 3664 1666 3703 suam
1711 3650 1985 3718 propriam

407 3735 724 3799 ὑπόστασιν,
753 3749 892 3804 quae
933 3751 1110 3806 neque
1146 3737 1325 3792 Patris
1361 3753 1535 3808 neque
1574 3737 1806 3808 Spiritus
1856 3755 1986 3793 san-

411 3821 482 3874 cti
525 3831 637 3888 est,
685 3826 780 3878 sed
834 3825 1000 3880 solius
1041 3826 1182 3881 Filii.
1233 3828 1432 3882 Eodem
1467 3830 1628 3884 modo
1669 3829 1736 3883 de
1781 3829 1986 3897 Spiritu

411 3918 606 3964 saneto
632 3911 938 3980 dicendum,
971 3917 1244 3985 propriam
1269 3917 1561 3974 ὑπόστασιν
1585 3917 1784 3971 habere
1805 3958 1818 3980 ,
1849 3931 1987 3986 quae

413 4015 594 4070 neque
638 3999 816 4056 Patris
843 4013 944 4063 est,
995 4021 1168 4073 neque
1209 4005 1368 4070 Filii,
1409 4008 1504 4060 sed
1545 4007 1710 4061 solius
1754 4006 1986 4074 Spiritus

409 4093 606 4148 sancti.
645 4091 832 4163 Neque
868 4095 1010 4150 aliud
1059 4105 1276 4165 praeter
1313 4099 1414 4152 hoc
1447 4098 1610 4152 latina
1641 4113 1744 4152 vox
1773 4100 1984 4163 edocet,

411 4191 524 4236 tres
557 4195 822 4250 personas
865 4184 918 4238 in
957 4199 1060 4240 una
1093 4188 1392 4242 substantia
1433 4189 1804 4256 pronuntians.
1849 4189 1987 4243 Sub-

409 4281 520 4326 stat
555 4273 574 4304 '
617 4289 748 4344 ergo
790 4273 956 4330 Pater
1003 4293 1100 4345 per
1140 4279 1244 4332 se'
1279 4319 1296 4344 ,
1343 4279 1556 4332 substat
1619 4277 1816 4342 Filius,
1863 4278 1986 4332 sub-

410 4372 520 4418 stat
549 4365 784 4434 Spiritus
803 4379 1050 4430 sanctus,
1083 4377 1137 4423 et
1167 4379 1276 4424 tres
1317 4368 1650 4424 substantiae
1693 4370 1748 4422 in
1775 4385 1877 4422 una
1906 4383 1987 4422 cs—

411 4453 590 4509 sentia
611 4455 1144 4526 substant,quoniam
1191 4470 1298 4515 tres
1325 4475 1488 4513 unum
1519 4468 1663 4514 sunt.
1691 4459 1986 4514 MaeJnter

409 4543 746 4599 orthodoxae
767 4547 886 4602 ﬁdei
911 4549 1201 4618 participes
1225 4551 1363 4604 hanc
1389 4553 1546 4604 [idem
1576 4552 1986 4621 computandum

412 4633 668 4689 arbitror.
689 4631 810 4690 Jam
837 4636 998 4706 igitur
1020 4637 1318 4693 luculenter
1344 4649 1496 4708 potes
1523 4642 1835 4710 dignoscere
1865 4657 1989 4712 pro-

411 4725 642 4792 positam
665 4729 1058 4796 quaestionem.
1091 4729 1281 4784 Dixisti
1311 4733 1454 4784 enim
1477 4773 1492 4795 ,
1525 4741 1576 4786 te
1611 4734 1890 4796 dubitare,
1917 4748 1985 4786 ex

412 4815 718 4872 essentiane
743 4831 810 4872 an
837 4831 908 4872 ex
935 4819 1238 4874 substantia
1269 4821 1444 4876 Patris
1472 4831 1528 4876 et
1557 4835 1716 4878 natus
1739 4823 1907 4878 Filius
1931 4831 1986 4877 et

415 4905 710 4970 procedens
749 4905 986 4978 Spiritus
1025 4919 1266 4967 sanctus.
1305 4913 1384 4968 Ac
1429 4914 1474 4967 si
1525 4923 1710 4984 aperte
1743 4915 1982 4977 diceres,

417 4999 600 5046 utrum
641 5011 710 5051 ex
749 5013 854 5052 una
901 5007 1062 5069 atque
1099 5005 1370 5058 communi
1419 5006 1654 5059 essentia
1683 5005 1762 5057 vel
1793 5013 1984 5058 natura

416 5081 586 5136 trium
605 5086 1022 5144 substantiarum
1047 5093 1132 5146 vel
1161 5109 1514 5162 personarum
1545 5096 1782 5150 nascitur
1796 5096 1984 5161 Filius,

411 5178 474 5224 et
495 5173 742 5242 procedit
767 5175 995 5246 Spiritus
1023 5191 1264 5248 sanctus,
1289 5199 1358 5237 an
1386 5199 1452 5238 ex
1495 5186 1708 5254 propria
1735 5185 1988 5238 substan-

2090 3288 2298 3347 perant.
2323 3277 2458 3334 Nam
2485 3294 2838 3348 quaecunque
2869 3282 2934 3336 de
2955 3281 3387 3350 simplicissimae
3411 3283 3666 3336 bonitatis

2093 3372 2336 3426 trinitate
2357 3373 2628 3436 dicuntur,
2665 3390 2758 3428 seu
2789 3377 3116 3444 cogitantur,
3147 3392 3240 3431 seu
3270 3377 3663 3446 intelliguntur,

2089 3461 2310 3530 vestigia
2337 3464 2600 3530 quaedam
2632 3471 2758 3518 sunt
2803 3473 2966 3532 atque
2999 3465 3358 3534 theophauiac
3387 3467 3662 3522 veritatis.

2089 3567 2196 3606 non
2225 3561 2404 3606 autem
2441 3553 2552 3622 ipsa
2579 3555 2776 3608 veritas
2795 3594 2810 3618 ,
2840 3570 2979 3622 quae
3007 3565 3229 3624 superat
3253 3570 3468 3610 onmem
3517 3557 3668 3618 theo-

2089 3643 2226 3696 riam
2249 3659 2352 3696 non
2375 3643 2546 3696 solum
2573 3644 2870 3708 rationalis,
2893 3659 3078 3698 verum
3103 3646 3266 3700 etiam
3291 3645 3668 3700 intellectualis

2087 3743 2387 3789 creaturae.
2419 3734 2603 3804 Neque
2621 3736 2766 3790 enim
2791 3737 2910 3790 talis
2933 3737 3110 3790 unitas
3127 3746 3212 3790 est
3235 3751 3330 3792 seu
3353 3738 3567 3792 trinitas
3593 3739 3662 3800 ”,

2088 3826 2264 3892 qualis
2286 3826 2354 3879 ab
2381 3825 2486 3878 ulla
2509 3835 2756 3880 creatura
2777 3835 2954 3894 potest
2977 3828 3272 3896 excogitari
3299 3843 3394 3883 seu
3415 3829 3662 3898 intelligi,

2089 3927 2184 3966 seu
2213 3913 2388 3981 aliqua
2417 3914 2722 3981 phantasia,
2749 3914 2996 3981 quamvis
3033 3916 3364 3970 lucidissima
3393 3926 3449 3970 et
3473 3919 3634 3972 verisi
3652 3949 3664 3958 -

2089 4002 2332 4066 utillima,
2360 4001 2601 4056 formari.
2638 4004 2782 4058 Haec
2811 4005 2956 4057 enim
2983 4006 3164 4058 ontnia
3201 4005 3408 4070 fallunt,
3447 4009 3572 4060 dum
3611 4009 3667 4062 in

2088 4096 2168 4150 eis
2199 4095 2318 4148 ﬁlliS
2337 4094 2802 4162 contemplationis
2821 4095 3056 4162 ponitur.
3081 4095 3356 4162 Siquidem
3383 4095 3666 4165 plusquam

2091 4188 2266 4242 unitas
2293 4197 2396 4252 est,
2423 4195 2478 4241 et
2503 4185 2786 4256 plusquam
2810 4187 3040 4252 trinitas,
3066 4189 3274 4242 habens
3299 4189 3342 4220 ³³
3371 4198 3546 4244 tamen
3569 4191 3667 4243 ali-

2087 4276 2216 4346 quid
2247 4278 2313 4332 de
2331 4291 2394 4331 ea
2423 4276 2601 4331 dicere
2629 4283 2684 4330 et
2704 4277 2941 4346 cogitare
2967 4285 3022 4331 et
3051 4276 3370 4346 intelligere,
3399 4287 3664 4346 quantum

2089 4366 2390 4420 intellectus
2425 4381 2542 4420 eam
2571 4365 2816 4434 attingit,
2851 4379 3002 4420 sacra
3037 4365 3300 4436 theologia
3329 4367 3465 4421 duce
3499 4376 3665 4436 atque

2094 4457 2370 4526 magistra,
2397 4465 2456 4510 ut
2473 4457 2708 4524 quodam
2735 4456 2894 4508 modo
2921 4455 3201 4510 materiam
3229 4457 3523 4512 habeamus
3551 4458 3666 4512 lau-

2093 4547 2250 4601 dandi
2278 4562 2397 4601 eam
2427 4557 2588 4615 atque
2611 4543 2980 4600 benedicendi.
3005 4545 3137 4600 Nam
3159 4555 3214 4600 et
3239 4563 3480 4604 summos
3501 4565 3667 4618 ange-

2091 4639 2170 4694 los
2192 4641 2570 4708 proximasque
2593 4640 2642 4693 ei
2675 4638 2902 4692 virtutes
2921 4638 3082 4692 veluti
3104 4641 3264 4708 pedes
3286 4649 3342 4696 et
3371 4643 3536 4697 iacies
3565 4644 3668 4698 alis

2089 4733 2202 4785 suis
2221 4730 2419 4793 velare,
2451 4745 2604 4784 sacra
2630 4731 2918 4784 continuat
2941 4731 2984 4760 η
3015 4731 3281 4802 theologia
3300 4773 3316 4796 ,
3349 4735 3502 4789 nobis
3531 4735 3664 4790 insi~

2089 4835 2262 4874 nnans
2301 4821 2346 4850 ³⁵
2371 4819 2632 4874 caelestes
2661 4819 2906 4882 virtutes,
2941 4835 3182 4876 summae
3234 4823 3456 4878 trinitati
3505 4835 3666 4894 atque

2087 4911 2278 4964 unitati
2313 4925 2526 4979 semper
2556 4921 2611 4966 et
2635 4912 3038 4966 immutabiliter
3067 4913 3444 4978 adhaerentes,
3474 4916 3665 4969 timere

2092 5015 2176 5064 ea,
2208 5017 2346 5070 quae
2371 5017 2532 5071 supra
2576 5015 2634 5054 se
2677 5013 2819 5060 sunt,
2852 5018 2914 5056 ac
2949 5013 3259 5058 reverenter
3288 5004 3660 5071 contemplari.

2091 5094 2222 5148 Alae
2250 5094 2514 5161 siquidem
2549 5107 2734 5146 earum
2764 5094 2808 5123 ¹⁶
2837 5093 3077 5146 theoriae
3099 5102 3246 5154 sunt,
3283 5094 3476 5160 quibus
3501 5095 3664 5160 pedes

2093 5197 2218 5237 suos
2243 5183 2418 5236 velare
2441 5181 2776 5236 allirmantur
2809 5182 2873 5246 ",
2897 5191 2952 5236 et
2981 5180 3145 5235 facies
3173 5181 3420 5234 timentes
3441 5181 3660 5245 intueri,

1689 5313 1938 5368 VARIAE
1977 5314 2373 5370 LECTIONES.

481 5441 498 5472 ι
533 5435 626 5490 Sic
647 5437 718 5504 C;
747 5441 788 5494 Α
821 5459 890 5495 an
911 5462 976 5500 ex
1000 5450 1245 5502 essentia.

413 5521 458 5560 Α
487 5509 699 5585 οὐσίαν..
751 5512 772 5542 ⁷
806 5513 898 5566 Sic
945 5517 1015 5577 C;
1057 5517 1102 5570 Α
1132 5519 1384 5572 subsistit.

416 5581 580 5651 nasci,
611 5581 699 5631 sed
722 5599 787 5634 ca:
811 5587 1024 5651 propria
1057 5597 1269 5640 mltum.

413 5647 456 5696 Α
493 5661 672 5727 serrae
695 5647 967 5708 trinitatis.
1049 5656 1090 5686 ¹³
1117 5657 1180 5727 Α,
1209 5657 1366 5713 lubet.

1449 5659 1492 5689 ”
1525 5661 1566 5714 Α
1623 5661 1904 5728 confertae.

412 5723 638 5768 tuantur.

1319 5449 1394 5502 Ἀ
1423 5465 1488 5502 an
1515 5464 1580 5502 ea:
1607 5450 1926 5504 substantia.
1997 5450 2018 5480 ³
2045 5459 2117 5502 est
2141 5464 2249 5502 om.
2278 5447 2338 5502 C.

1463 5521 1484 5548 "
1515 5519 1604 5572 Sic
1633 5519 1703 5584 C;
1757 5520 1941 5589 Aipse.
2013 5521 2034 5550 ⁹
2065 5519 2209 5572 nasci
2235 5519 2404 5584 [ilium
2431 5529 2475 5570 et
2516 5520 2786 5589 procedere
2806 5548 2874 5555 —
2894 5529 2938 5568 et
2963 5533 3069 5589 out.
3111 5516 3172 5589 (Σ,

1352 5591 1393 5620 ¹¹
1425 5599 1470 5642 et
1501 5589 1657 5642 altius
1709 5605 1768 5642 ac
1821 5587 1990 5642 uerius
2021 5589 2461 5656 intelligmitur—
2483 5587 2842 5656 intelliguntur
2871 5601 2980 5638 om.
3011 5587 3076 5638 C.

1985 5658 2030 5694 ¹³
2083 5661 2173 5715 Sic
2232 5657 2301 5724 (1;
2355 5659 2400 5709 A
2445 5657 2730 5709 insinuant.

3091 5449 3110 5478 ⁸
3137 5447 3180 5499 Α
3209 5447 3353 5500 dit-tt.
3425 5449 3448 5479 '
3477 5449 3565 5504 Sic
3589 5451 3661 5514 C;

3251 5517 3290 5546 ‘°
3315 5529 3503 5572 natura
3524 5522 3662 5588 ﬁ/ios

3155 5587 3198 5615 ”
3227 5585 3329 5640 Pro
3343 5605 3430 5641 seu
3457 5585 3663 5641 trinitas

2812 5656 2854 5686 ¹⁶
2899 5672 3078 5709 eurum
3113 5671 3222 5710 om.
3271 5657 3332 5712 C.
3413 5659 3450 5690 "
3483 5659 3523 5712 Ο
3551 5659 3662 5725 for-

2419 5447 2442 5479 ‘
2470 5448 2510 5500 C
2537 5447 2759 5502 Sanctus
2783 5447 3010 5516 quidem.
