  <div class='ocr_page' id='page_1' title='image "/cluster/home/n/w/nwhite01/storage/ocr_20150623/122/pst.000018028355/345.png"; bbox 0 0 4236 6274; ppageno 0'>
   <div class='ocr_carea' id='block_1_1' title="bbox 521 5642 935 5696">
    <p class='ocr_par' dir='ltr' id='par_1_1' title="bbox 521 5642 935 5696">
     <span class='ocr_line' id='line_1_1' title="bbox 521 5642 935 5696; baseline -0.005 0"><span class='ocrx_word' id='word_1_1' title='bbox 521 5676 531 5685; x_wconf 92' lang='lat'><strong><em>-</em></strong></span> <span class='ocrx_word' id='word_1_2' title='bbox 593 5644 638 5676; x_wconf 82' lang='grc'>⁸⁸</span> <span class='ocrx_word' id='word_1_3' title='bbox 661 5655 706 5696; x_wconf 80' lang='lat' dir='ltr'><strong>c:</strong></span> <span class='ocrx_word' id='word_1_4' title='bbox 736 5658 838 5696; x_wconf 87' lang='lat' dir='ltr'><strong>om.</strong></span> <span class='ocrx_word' id='word_1_5' title='bbox 870 5642 935 5696; x_wconf 78' lang='grc' dir='ltr'><strong>Δ.</strong></span> 
     </span>
    </p>
   </div>
   <div class='ocr_carea' id='block_1_2' title="bbox 619 331 724 389">
    <p class='ocr_par' dir='ltr' id='par_1_2' title="bbox 619 331 724 389">
     <span class='ocr_line' id='line_1_2' title="bbox 619 331 724 389; baseline -0.019 0"><span class='ocrx_word' id='word_1_6' title='bbox 619 331 724 389; x_wconf 80' lang='grc'><strong>615</strong></span> 
     </span>
    </p>
   </div>
   <div class='ocr_carea' id='block_1_3' title="bbox 1949 316 2465 374">
    <p class='ocr_par' dir='ltr' id='par_1_3' title="bbox 1949 316 2465 374">
     <span class='ocr_line' id='line_1_3' title="bbox 1949 316 2465 374; baseline -0.01 0"><span class='ocrx_word' id='word_1_7' title='bbox 1949 317 2228 374; x_wconf 75' lang='lat' dir='ltr'><strong>JOANNIS</strong></span> <span class='ocrx_word' id='word_1_8' title='bbox 2268 316 2465 371; x_wconf 78' lang='lat' dir='ltr'><strong>SCO&#39;l&#39;l</strong></span> 
     </span>
    </p>
   </div>
   <div class='ocr_carea' id='block_1_4' title="bbox 3781 310 3888 367">
    <p class='ocr_par' dir='ltr' id='par_1_4' title="bbox 3781 310 3888 367">
     <span class='ocr_line' id='line_1_4' title="bbox 3781 310 3888 367; baseline 0 -1"><span class='ocrx_word' id='word_1_9' title='bbox 3781 310 3888 367; x_wconf 77' lang='lat' dir='ltr'><strong>6l6</strong></span> 
     </span>
    </p>
   </div>
   <div class='ocr_carea' id='block_1_5' title="bbox 618 416 3887 517">
    <p class='ocr_par' dir='ltr' id='par_1_5' title="bbox 618 416 3887 517">
     <span class='ocr_line' id='line_1_5' title="bbox 618 416 3887 517; baseline -0.007 -18"><span class='ocrx_word' id='word_1_10' title='bbox 618 443 891 517; x_wconf 57' lang='lat' dir='ltr'><strong>quomodo</strong></span> <span class='ocrx_word' id='word_1_11' title='bbox 931 448 1115 495; x_wconf 70' lang='lat' dir='ltr'><strong>sancta</strong></span> <span class='ocrx_word' id='word_1_12' title='bbox 1165 439 1376 494; x_wconf 80' lang='lat' dir='ltr'><strong>trinitas</strong></span> <span class='ocrx_word' id='word_1_13' title='bbox 1417 447 1473 493; x_wconf 90' lang='lat' dir='ltr'><strong>et</strong></span> <span class='ocrx_word' id='word_1_14' title='bbox 1518 434 1892 506; x_wconf 80' lang='lat' dir='ltr'><strong>inseparabilis</strong></span> <span class='ocrx_word' id='word_1_15' title='bbox 1936 435 2115 488; x_wconf 85' lang='lat' dir='ltr'><strong>unitas</strong></span> <span class='ocrx_word' id='word_1_16' title='bbox 2163 448 2194 485; x_wconf 88' lang='lat' dir='ltr'><strong>a</strong></span> <span class='ocrx_word' id='word_1_17' title='bbox 2227 438 2272 495; x_wconf 81' lang='grc' dir='ltr'><strong>Α</strong></span> <span class='ocrx_word' id='word_1_18' title='bbox 2303 429 2525 484; x_wconf 76' lang='lat' dir='ltr'><strong>visibilis</strong></span> <span class='ocrx_word' id='word_1_19' title='bbox 2568 435 2625 481; x_wconf 88' lang='lat' dir='ltr'><strong>et</strong></span> <span class='ocrx_word' id='word_1_20' title='bbox 2659 423 2939 481; x_wconf 79' lang='lat' dir='ltr'><strong>invisibilis</strong></span> <span class='ocrx_word' id='word_1_21' title='bbox 2983 420 3517 517; x_wconf 63' lang='lat' dir='ltr'><strong>munduslormatur</strong></span> <span class='ocrx_word' id='word_1_22' title='bbox 3562 429 3618 477; x_wconf 86' lang='lat' dir='ltr'><strong>et</strong></span> <span class='ocrx_word' id='word_1_23' title='bbox 3658 416 3887 492; x_wconf 74' lang='lat' dir='ltr'><strong>regitur.</strong></span> 
     </span>
    </p>
   </div>
   <div class='ocr_carea' id='block_1_6' title="bbox 620 526 2200 603">
    <p class='ocr_par' dir='ltr' id='par_1_6' title="bbox 620 526 2200 603">
     <span class='ocr_line' id='line_1_6' title="bbox 620 526 2200 603; baseline -0.009 -10"><span class='ocrx_word' id='word_1_24' title='bbox 620 551 831 593; x_wconf 79' lang='lat' dir='ltr'><strong>summo</strong></span> <span class='ocrx_word' id='word_1_25' title='bbox 866 549 1035 603; x_wconf 90' lang='lat' dir='ltr'><strong>usque</strong></span> <span class='ocrx_word' id='word_1_26' title='bbox 1065 533 1313 587; x_wconf 88' lang='lat' dir='ltr'><strong>deorsum</strong></span> <span class='ocrx_word' id='word_1_27' title='bbox 1356 547 1452 601; x_wconf 87' lang='lat' dir='ltr'><strong>per</strong></span> <span class='ocrx_word' id='word_1_28' title='bbox 1489 531 1668 585; x_wconf 85' lang='lat' dir='ltr'><strong>omnia</strong></span> <span class='ocrx_word' id='word_1_29' title='bbox 1707 526 2022 583; x_wconf 83' lang='lat' dir='ltr'><strong>diffunditur</strong></span> <span class='ocrx_word' id='word_1_30' title='bbox 2049 528 2090 590; x_wconf 79' lang='lat'><strong>‘,</strong></span> <span class='ocrx_word' id='word_1_31' title='bbox 2144 533 2200 580; x_wconf 80' lang='lat' dir='ltr'><strong>et</strong></span> 
     </span>
    </p>
   </div>
   <div class='ocr_carea' id='block_1_7' title="bbox 618 616 2196 697">
    <p class='ocr_par' dir='ltr' id='par_1_7' title="bbox 618 616 2196 697">
     <span class='ocr_line' id='line_1_7' title="bbox 618 616 2196 697; baseline -0.007 -17"><span class='ocrx_word' id='word_1_32' title='bbox 618 644 726 697; x_wconf 74' lang='lat' dir='ltr'><strong>quo</strong></span> <span class='ocrx_word' id='word_1_33' title='bbox 757 626 914 680; x_wconf 80' lang='lat' dir='ltr'><strong>nme</strong></span> <span class='ocrx_word' id='word_1_34' title='bbox 942 639 1157 679; x_wconf 90' lang='lat' dir='ltr'><strong>omnem</strong></span> <span class='ocrx_word' id='word_1_35' title='bbox 1201 632 1420 692; x_wconf 87' lang='lat' dir='ltr'><strong>superat</strong></span> <span class='ocrx_word' id='word_1_36' title='bbox 1460 620 1810 683; x_wconf 88' lang='lat' dir='ltr'><strong>intellectum,</strong></span> <span class='ocrx_word' id='word_1_37' title='bbox 1843 626 1897 673; x_wconf 89' lang='lat' dir='ltr'><strong>et</strong></span> <span class='ocrx_word' id='word_1_38' title='bbox 1937 617 2005 671; x_wconf 89' lang='lat' dir='ltr'><strong>ab</strong></span> <span class='ocrx_word' id='word_1_39' title='bbox 2049 616 2196 671; x_wconf 89' lang='lat' dir='ltr'><strong>oumi</strong></span> 
     </span>
    </p>
   </div>
   <div class='ocr_carea' id='block_1_8' title="bbox 617 708 2200 773">
    <p class='ocr_par' dir='ltr' id='par_1_8' title="bbox 617 708 2200 773">
     <span class='ocr_line' id='line_1_8' title="bbox 617 708 2200 773; baseline -0.008 0"><span class='ocrx_word' id='word_1_40' title='bbox 617 720 687 773; x_wconf 66' lang='lat' dir='ltr'><strong>sit</strong></span> <span class='ocrx_word' id='word_1_41' title='bbox 714 719 1000 772; x_wconf 78' lang='lat' dir='ltr'><strong>&#39;creatura</strong></span> <span class='ocrx_word' id='word_1_42' title='bbox 1027 715 1221 769; x_wconf 90' lang='lat' dir='ltr'><strong>visibili</strong></span> <span class='ocrx_word' id='word_1_43' title='bbox 1269 723 1325 767; x_wconf 89' lang='lat' dir='ltr'><strong>et</strong></span> <span class='ocrx_word' id='word_1_44' title='bbox 1363 711 1614 765; x_wconf 82' lang='lat' dir='ltr'><strong>invisibili</strong></span> <span class='ocrx_word' id='word_1_45' title='bbox 1648 711 1700 764; x_wconf 91' lang='lat' dir='ltr'><strong>in</strong></span> <span class='ocrx_word' id='word_1_46' title='bbox 1748 710 2009 763; x_wconf 82' lang='lat' dir='ltr'><strong>inﬁnitam</strong></span> <span class='ocrx_word' id='word_1_47' title='bbox 2052 708 2073 739; x_wconf 89' lang='grc'>³</span> <span class='ocrx_word' id='word_1_48' title='bbox 2104 724 2200 762; x_wconf 85' lang='lat' dir='ltr'><strong>na-</strong></span> 
     </span>
    </p>
   </div>
   <div class='ocr_carea' id='block_1_9' title="bbox 623 796 2199 862">
    <p class='ocr_par' dir='ltr' id='par_1_9' title="bbox 623 796 2199 862">
     <span class='ocr_line' id='line_1_9' title="bbox 623 796 2199 862; baseline -0.007 0"><span class='ocrx_word' id='word_1_49' title='bbox 623 819 778 862; x_wconf 87' lang='lat' dir='ltr'><strong>turae</strong></span> <span class='ocrx_word' id='word_1_50' title='bbox 807 821 935 860; x_wconf 89' lang='lat' dir='ltr'><strong>suae</strong></span> <span class='ocrx_word' id='word_1_51' title='bbox 967 803 1303 858; x_wconf 86' lang='lat' dir='ltr'><strong>altitudinem</strong></span> <span class='ocrx_word' id='word_1_52' title='bbox 1336 810 1560 855; x_wconf 88' lang='lat' dir='ltr'><strong>remota.</strong></span> <span class='ocrx_word' id='word_1_53' title='bbox 1600 796 1975 854; x_wconf 77' lang='lat' dir='ltr'><strong>Verumtamen</strong></span> <span class='ocrx_word' id='word_1_54' title='bbox 2014 807 2069 852; x_wconf 90' lang='lat' dir='ltr'><strong>et</strong></span> <span class='ocrx_word' id='word_1_55' title='bbox 2102 799 2199 851; x_wconf 83' lang='lat' dir='ltr'><strong>lto-</strong></span> 
     </span>
    </p>
   </div>
   <div class='ocr_carea' id='block_1_10' title="bbox 619 889 2195 963">
    <p class='ocr_par' dir='ltr' id='par_1_10' title="bbox 619 889 2195 963">
     <span class='ocr_line' id='line_1_10' title="bbox 619 889 2195 963; baseline -0.007 -12"><span class='ocrx_word' id='word_1_56' title='bbox 619 899 794 951; x_wconf 88' lang='lat' dir='ltr'><strong>mines</strong></span> <span class='ocrx_word' id='word_1_57' title='bbox 848 894 967 963; x_wconf 90' lang='lat' dir='ltr'><strong>puri</strong></span> <span class='ocrx_word' id='word_1_58' title='bbox 1020 903 1075 947; x_wconf 91' lang='lat' dir='ltr'><strong>et</strong></span> <span class='ocrx_word' id='word_1_59' title='bbox 1119 890 1291 961; x_wconf 86' lang='lat' dir='ltr'><strong>angeli</strong></span> <span class='ocrx_word' id='word_1_60' title='bbox 1346 904 1562 958; x_wconf 82' lang='lat' dir='ltr'><strong>semper</strong></span> <span class='ocrx_word' id='word_1_61' title='bbox 1600 898 1656 942; x_wconf 91' lang='lat' dir='ltr'><strong>et</strong></span> <span class='ocrx_word' id='word_1_62' title='bbox 1696 889 2026 942; x_wconf 90' lang='lat' dir='ltr'><strong>incessanter</strong></span> <span class='ocrx_word' id='word_1_63' title='bbox 2077 902 2195 940; x_wconf 86' lang='lat' dir='ltr'><strong>eam</strong></span> 
     </span>
    </p>
   </div>
   <div class='ocr_carea' id='block_1_11' title="bbox 614 979 2198 1055">
    <p class='ocr_par' dir='ltr' id='par_1_11' title="bbox 614 979 2198 1055">
     <span class='ocr_line' id='line_1_11' title="bbox 614 979 2198 1055; baseline -0.006 -13"><span class='ocrx_word' id='word_1_64' title='bbox 614 988 933 1055; x_wconf 84' lang='lat' dir='ltr'><strong>conspicere</strong></span> <span class='ocrx_word' id='word_1_65' title='bbox 972 990 1259 1052; x_wconf 84' lang='lat' dir='ltr'><strong>appetunt,</strong></span> <span class='ocrx_word' id='word_1_66' title='bbox 1310 981 1451 1050; x_wconf 91' lang='lat' dir='ltr'><strong>quod</strong></span> <span class='ocrx_word' id='word_1_67' title='bbox 1515 979 1537 1010; x_wconf 70' lang='lat'><strong>‘</strong></span> <span class='ocrx_word' id='word_1_68' title='bbox 1579 979 1929 1046; x_wconf 87' lang='lat' dir='ltr'><strong>contemplari</strong></span> <span class='ocrx_word' id='word_1_69' title='bbox 1975 994 2069 1047; x_wconf 88' lang='lat' dir='ltr'><strong>per</strong></span> <span class='ocrx_word' id='word_1_70' title='bbox 2113 992 2198 1032; x_wconf 85' lang='lat' dir='ltr'><strong>se-</strong></span> 
     </span>
    </p>
   </div>
   <div class='ocr_carea' id='block_1_12' title="bbox 617 1069 2193 1147">
    <p class='ocr_par' dir='ltr' id='par_1_12' title="bbox 617 1069 2193 1147">
     <span class='ocr_line' id='line_1_12' title="bbox 617 1069 2193 1147; baseline -0.008 -16"><span class='ocrx_word' id='word_1_71' title='bbox 617 1081 791 1147; x_wconf 84' lang='lat' dir='ltr'><strong>ipsum</strong></span> <span class='ocrx_word' id='word_1_72' title='bbox 845 1077 866 1108; x_wconf 81' lang='grc'><strong><em>⁵</em></strong></span> <span class='ocrx_word' id='word_1_73' title='bbox 915 1083 1209 1144; x_wconf 90' lang='lat' dir='ltr'><strong>nequeunt,</strong></span> <span class='ocrx_word' id='word_1_74' title='bbox 1257 1082 1313 1127; x_wconf 91' lang='lat' dir='ltr'><strong>et</strong></span> <span class='ocrx_word' id='word_1_75' title='bbox 1357 1072 1461 1125; x_wconf 89' lang='lat' dir='ltr'><strong>hoc</strong></span> <span class='ocrx_word' id='word_1_76' title='bbox 1495 1085 1592 1139; x_wconf 89' lang='lat' dir='ltr'><strong>per</strong></span> <span class='ocrx_word' id='word_1_77' title='bbox 1639 1070 1938 1123; x_wconf 89' lang='lat' dir='ltr'><strong>mediarum</strong></span> <span class='ocrx_word' id='word_1_78' title='bbox 1987 1069 2193 1122; x_wconf 89' lang='lat' dir='ltr'><strong>alarmn</strong></span> 
     </span>
    </p>
   </div>
   <div class='ocr_carea' id='block_1_13' title="bbox 614 1157 2195 1233">
    <p class='ocr_par' dir='ltr' id='par_1_13' title="bbox 614 1157 2195 1233">
     <span class='ocr_line' id='line_1_13' title="bbox 614 1157 2195 1233; baseline -0.004 -18"><span class='ocrx_word' id='word_1_79' title='bbox 614 1167 850 1220; x_wconf 82' lang='lat' dir='ltr'><strong>volatum</strong></span> <span class='ocrx_word' id='word_1_80' title='bbox 875 1163 1228 1233; x_wconf 75' lang='lat' dir='ltr'><strong>significatur.</strong></span> <span class='ocrx_word' id='word_1_81' title='bbox 1268 1159 1403 1214; x_wconf 89' lang='lat' dir='ltr'><strong>lline</strong></span> <span class='ocrx_word' id='word_1_82' title='bbox 1433 1158 1712 1225; x_wconf 80' lang='lat' dir='ltr'><strong>Scriptura</strong></span> <span class='ocrx_word' id='word_1_83' title='bbox 1742 1157 1873 1210; x_wconf 83' lang='lat' dir='ltr'><strong>dicit</strong></span> <span class='ocrx_word' id='word_1_84' title='bbox 1901 1174 1913 1209; x_wconf 93' lang='lat'><strong>:</strong></span> <span class='ocrx_word' id='word_1_85' title='bbox 1943 1157 2010 1211; x_wconf 85' lang='lat' dir='ltr'><strong>In</strong></span> <span class='ocrx_word' id='word_1_86' title='bbox 2043 1172 2195 1227; x_wconf 85' lang='lat' dir='ltr'><strong>quem</strong></span> 
     </span>
    </p>
   </div>
   <div class='ocr_carea' id='block_1_14' title="bbox 614 1247 2194 1324">
    <p class='ocr_par' dir='ltr' id='par_1_14' title="bbox 614 1247 2194 1324">
     <span class='ocr_line' id='line_1_14' title="bbox 614 1247 2194 1324; baseline -0.005 -17"><span class='ocrx_word' id='word_1_87' title='bbox 614 1255 984 1324; x_wconf 78' lang='lat' dir='ltr'><strong>concupiscunt</strong></span> <span class='ocrx_word' id='word_1_88' title='bbox 1032 1251 1053 1282; x_wconf 87' lang='grc'><strong>⁶</strong></span> <span class='ocrx_word' id='word_1_89' title='bbox 1077 1250 1247 1320; x_wconf 79' lang='lat' dir='ltr'><strong>angeli</strong></span> <span class='ocrx_word' id='word_1_90' title='bbox 1275 1250 1584 1319; x_wconf 76' lang='lat' dir='ltr'><strong>prospicere.</strong></span> <span class='ocrx_word' id='word_1_91' title='bbox 1613 1248 1707 1301; x_wconf 85' lang='lat' dir='ltr'><strong>Est</strong></span> <span class='ocrx_word' id='word_1_92' title='bbox 1735 1247 1878 1301; x_wconf 87' lang='lat' dir='ltr'><strong>enim</strong></span> <span class='ocrx_word' id='word_1_93' title='bbox 1905 1247 2194 1306; x_wconf 82' lang='lat' dir='ltr'><strong>inﬁnitum.</strong></span> 
     </span>
    </p>
   </div>
   <div class='ocr_carea' id='block_1_15' title="bbox 614 1337 2194 1411">
    <p class='ocr_par' dir='ltr' id='par_1_15' title="bbox 614 1337 2194 1411">
     <span class='ocr_line' id='line_1_15' title="bbox 614 1337 2194 1411; baseline -0.002 -19"><span class='ocrx_word' id='word_1_94' title='bbox 614 1344 756 1410; x_wconf 86' lang='lat' dir='ltr'><strong>quod</strong></span> <span class='ocrx_word' id='word_1_95' title='bbox 770 1342 1080 1411; x_wconf 88' lang='lat' dir='ltr'><strong>quaerunt&quot;,</strong></span> <span class='ocrx_word' id='word_1_96' title='bbox 1095 1349 1147 1394; x_wconf 91' lang='lat' dir='ltr'><strong>et</strong></span> <span class='ocrx_word' id='word_1_97' title='bbox 1162 1337 1719 1408; x_wconf 86' lang='lat' dir='ltr'><strong>incomprehensibile,</strong></span> <span class='ocrx_word' id='word_1_98' title='bbox 1734 1337 1875 1406; x_wconf 87' lang='lat' dir='ltr'><strong>quod</strong></span> <span class='ocrx_word' id='word_1_99' title='bbox 1891 1337 2194 1406; x_wconf 64' lang='lat' dir='ltr'><strong>appetunt“,</strong></span> 
     </span>
    </p>
   </div>
   <div class='ocr_carea' id='block_1_16' title="bbox 611 1429 2192 1509">
    <p class='ocr_par' dir='ltr' id='par_1_16' title="bbox 611 1429 2192 1509">
     <span class='ocr_line' id='line_1_16' title="bbox 611 1429 2192 1509; baseline -0.006 -19"><span class='ocrx_word' id='word_1_100' title='bbox 611 1447 669 1490; x_wconf 88' lang='lat' dir='ltr'><strong>et</strong></span> <span class='ocrx_word' id='word_1_101' title='bbox 693 1451 853 1509; x_wconf 81' lang='lat' dir='ltr'><strong>super</strong></span> <span class='ocrx_word' id='word_1_102' title='bbox 877 1435 897 1467; x_wconf 83' lang='grc'><strong>⁹</strong></span> <span class='ocrx_word' id='word_1_103' title='bbox 913 1450 1126 1489; x_wconf 89' lang='lat' dir='ltr'><strong>omnem</strong></span> <span class='ocrx_word' id='word_1_104' title='bbox 1152 1432 1510 1492; x_wconf 83' lang='lat' dir='ltr'><strong>intellectum,</strong></span> <span class='ocrx_word' id='word_1_105' title='bbox 1533 1431 1675 1499; x_wconf 87' lang='lat' dir='ltr'><strong>quod</strong></span> <span class='ocrx_word' id='word_1_106' title='bbox 1702 1430 2089 1498; x_wconf 88' lang='lat' dir='ltr'><strong>concupiscunt</strong></span> <span class='ocrx_word' id='word_1_107' title='bbox 2118 1429 2160 1459; x_wconf 86' lang='grc'><strong>¹⁰</strong></span> <span class='ocrx_word' id='word_1_108' title='bbox 2176 1469 2192 1495; x_wconf 85' lang='grc'><em>,</em></span> 
     </span>
    </p>
   </div>
   <div class='ocr_carea' id='block_1_17' title="bbox 612 1519 2194 1579">
    <p class='ocr_par' dir='ltr' id='par_1_17' title="bbox 612 1519 2194 1579">
     <span class='ocr_line' id='line_1_17' title="bbox 612 1519 2194 1579; baseline -0.004 -1"><span class='ocrx_word' id='word_1_109' title='bbox 612 1536 666 1579; x_wconf 82' lang='lat' dir='ltr'><strong>ct</strong></span> <span class='ocrx_word' id='word_1_110' title='bbox 682 1527 748 1579; x_wconf 85' lang='lat' dir='ltr'><strong>ab</strong></span> <span class='ocrx_word' id='word_1_111' title='bbox 760 1525 903 1579; x_wconf 89' lang='lat' dir='ltr'><strong>omni</strong></span> <span class='ocrx_word' id='word_1_112' title='bbox 923 1532 1168 1577; x_wconf 80' lang='lat' dir='ltr'><strong>creatura</strong></span> <span class='ocrx_word' id='word_1_113' title='bbox 1181 1521 1493 1576; x_wconf 79' lang='lat' dir='ltr'><strong>exaltatum.</strong></span> <span class='ocrx_word' id='word_1_114' title='bbox 1510 1519 1760 1573; x_wconf 82' lang='lat' dir='ltr'><strong>Attamen</strong></span> <span class='ocrx_word' id='word_1_115' title='bbox 1774 1519 1839 1571; x_wconf 90' lang='lat' dir='ltr'><strong>ad</strong></span> <span class='ocrx_word' id='word_1_116' title='bbox 1864 1519 1964 1572; x_wconf 88' lang='lat' dir='ltr'><strong>hoc</strong></span> <span class='ocrx_word' id='word_1_117' title='bbox 1984 1533 2194 1572; x_wconf 86' lang='lat' dir='ltr'><strong>summa</strong></span> 
     </span>
    </p>
   </div>
   <div class='ocr_carea' id='block_1_18' title="bbox 614 1608 2195 1683">
    <p class='ocr_par' dir='ltr' id='par_1_18' title="bbox 614 1608 2195 1683">
     <span class='ocr_line' id='line_1_18' title="bbox 614 1608 2195 1683; baseline -0.003 -16"><span class='ocrx_word' id='word_1_118' title='bbox 614 1627 777 1683; x_wconf 75' lang='lat' dir='ltr'><strong>atque</strong></span> <span class='ocrx_word' id='word_1_119' title='bbox 806 1615 985 1667; x_wconf 88' lang='lat' dir='ltr'><strong>divina</strong></span> <span class='ocrx_word' id='word_1_120' title='bbox 1015 1613 1193 1666; x_wconf 87' lang='lat' dir='ltr'><strong>unitas</strong></span> <span class='ocrx_word' id='word_1_121' title='bbox 1215 1619 1392 1664; x_wconf 89' lang='lat' dir='ltr'><strong>movet</strong></span> <span class='ocrx_word' id='word_1_122' title='bbox 1420 1610 1652 1678; x_wconf 89' lang='lat' dir='ltr'><strong>seipsam</strong></span> <span class='ocrx_word' id='word_1_123' title='bbox 1681 1609 1733 1662; x_wconf 88' lang='lat' dir='ltr'><strong>in</strong></span> <span class='ocrx_word' id='word_1_124' title='bbox 1762 1612 1804 1646; x_wconf 76' lang='grc' dir='ltr'>ιι</span> <span class='ocrx_word' id='word_1_125' title='bbox 1834 1608 2195 1663; x_wconf 72' lang='lat' dir='ltr'><strong>intellectlius</strong></span> 
     </span>
    </p>
   </div>
   <div class='ocr_carea' id='block_1_19' title="bbox 612 1698 2191 1774">
    <p class='ocr_par' dir='ltr' id='par_1_19' title="bbox 612 1698 2191 1774">
     <span class='ocr_line' id='line_1_19' title="bbox 612 1698 2191 1774; baseline -0.003 -16"><span class='ocrx_word' id='word_1_126' title='bbox 612 1705 870 1774; x_wconf 78' lang='lat' dir='ltr'><strong>angelicis</strong></span> <span class='ocrx_word' id='word_1_127' title='bbox 918 1719 1010 1757; x_wconf 90' lang='lat' dir='ltr'><strong>seu</strong></span> <span class='ocrx_word' id='word_1_128' title='bbox 1048 1701 1316 1763; x_wconf 86' lang='lat' dir='ltr'><strong>humanis,</strong></span> <span class='ocrx_word' id='word_1_129' title='bbox 1368 1708 1426 1754; x_wconf 92' lang='lat' dir='ltr'><strong>ut</strong></span> <span class='ocrx_word' id='word_1_130' title='bbox 1472 1702 1538 1753; x_wconf 86' lang='lat' dir='ltr'><strong>de</strong></span> <span class='ocrx_word' id='word_1_131' title='bbox 1574 1716 1638 1754; x_wconf 90' lang='lat' dir='ltr'><strong>ea</strong></span> <span class='ocrx_word' id='word_1_132' title='bbox 1686 1698 1969 1753; x_wconf 85' lang='lat' dir='ltr'><strong>materiam</strong></span> <span class='ocrx_word' id='word_1_133' title='bbox 2017 1699 2191 1753; x_wconf 84' lang='lat' dir='ltr'><strong>laudis</strong></span> 
     </span>
    </p>
   </div>
   <div class='ocr_carea' id='block_1_20' title="bbox 2304 513 3887 588">
    <p class='ocr_par' dir='ltr' id='par_1_20' title="bbox 2304 513 3887 588">
     <span class='ocr_line' id='line_1_20' title="bbox 2304 513 3887 588; baseline -0.004 -15"><span class='ocrx_word' id='word_1_134' title='bbox 2304 519 2536 588; x_wconf 70' lang='lat' dir='ltr'><strong>lleoque</strong></span> <span class='ocrx_word' id='word_1_135' title='bbox 2557 533 2588 570; x_wconf 89' lang='lat' dir='ltr'><strong>a</strong></span> <span class='ocrx_word' id='word_1_136' title='bbox 2616 517 2944 573; x_wconf 88' lang='lat' dir='ltr'><strong>Graecorum</strong></span> <span class='ocrx_word' id='word_1_137' title='bbox 2995 513 3327 582; x_wconf 86' lang='lat' dir='ltr'><strong>sapientibus</strong></span> <span class='ocrx_word' id='word_1_138' title='bbox 3353 514 3672 585; x_wconf 80' lang='grc' dir='ltr'><strong>πρωτὸτυπα</strong></span> <span class='ocrx_word' id='word_1_139' title='bbox 3707 514 3887 583; x_wconf 87' lang='lat' dir='ltr'><strong>appel-</strong></span> 
     </span>
    </p>
   </div>
   <div class='ocr_carea' id='block_1_21' title="bbox 2302 597 3884 676">
    <p class='ocr_par' dir='ltr' id='par_1_21' title="bbox 2302 597 3884 676">
     <span class='ocr_line' id='line_1_21' title="bbox 2302 597 3884 676; baseline 0 -14"><span class='ocrx_word' id='word_1_140' title='bbox 2302 610 2400 664; x_wconf 88' lang='lat' dir='ltr'><strong>lari</strong></span> <span class='ocrx_word' id='word_1_141' title='bbox 2431 618 2780 672; x_wconf 88' lang='lat' dir='ltr'><strong>meruerunt,</strong></span> <span class='ocrx_word' id='word_1_142' title='bbox 2810 608 2912 662; x_wconf 86' lang='lat' dir='ltr'><strong>hoc</strong></span> <span class='ocrx_word' id='word_1_143' title='bbox 2935 597 3048 673; x_wconf 83' lang='lat' dir='ltr'><strong>est,</strong></span> <span class='ocrx_word' id='word_1_144' title='bbox 3078 605 3393 675; x_wconf 86' lang='lat' dir='ltr'><strong>principalia</strong></span> <span class='ocrx_word' id='word_1_145' title='bbox 3421 607 3710 675; x_wconf 81' lang='lat' dir='ltr'><strong>exempla,</strong></span> <span class='ocrx_word' id='word_1_146' title='bbox 3745 622 3884 676; x_wconf 77' lang='lat' dir='ltr'><strong>quae</strong></span> 
     </span>
    </p>
   </div>
   <div class='ocr_carea' id='block_1_22' title="bbox 2302 695 3885 765">
    <p class='ocr_par' dir='ltr' id='par_1_22' title="bbox 2302 695 3885 765">
     <span class='ocr_line' id='line_1_22' title="bbox 2302 695 3885 765; baseline 0 -13"><span class='ocrx_word' id='word_1_147' title='bbox 2302 698 2465 754; x_wconf 84' lang='lat' dir='ltr'><strong>Pater</strong></span> <span class='ocrx_word' id='word_1_148' title='bbox 2491 700 2542 753; x_wconf 93' lang='lat' dir='ltr'><strong>in</strong></span> <span class='ocrx_word' id='word_1_149' title='bbox 2570 699 2707 753; x_wconf 84' lang='lat' dir='ltr'><strong>Filio</strong></span> <span class='ocrx_word' id='word_1_150' title='bbox 2734 696 2885 761; x_wconf 74' lang='lat' dir='ltr'><strong>fecit,</strong></span> <span class='ocrx_word' id='word_1_151' title='bbox 2916 705 2970 749; x_wconf 89' lang='lat' dir='ltr'><strong>et</strong></span> <span class='ocrx_word' id='word_1_152' title='bbox 2992 710 3089 765; x_wconf 86' lang='lat' dir='ltr'><strong>per</strong></span> <span class='ocrx_word' id='word_1_153' title='bbox 3115 695 3376 763; x_wconf 84' lang='lat' dir='ltr'><strong>Spiritum</strong></span> <span class='ocrx_word' id='word_1_154' title='bbox 3399 708 3649 751; x_wconf 86' lang='lat' dir='ltr'><strong>sanctum</strong></span> <span class='ocrx_word' id='word_1_155' title='bbox 3677 697 3728 750; x_wconf 84' lang='lat' dir='ltr'><strong>in</strong></span> <span class='ocrx_word' id='word_1_156' title='bbox 3755 698 3885 752; x_wconf 68' lang='lat' dir='ltr'><strong>elic-</strong></span> 
     </span>
    </p>
   </div>
   <div class='ocr_carea' id='block_1_23' title="bbox 2300 785 3884 864">
    <p class='ocr_par' dir='ltr' id='par_1_23' title="bbox 2300 785 3884 864">
     <span class='ocr_line' id='line_1_23' title="bbox 2300 785 3884 864; baseline -0.001 -20"><span class='ocrx_word' id='word_1_157' title='bbox 2300 800 2423 845; x_wconf 85' lang='lat' dir='ltr'><strong>ctus</strong></span> <span class='ocrx_word' id='word_1_158' title='bbox 2444 806 2571 844; x_wconf 91' lang='lat' dir='ltr'><strong>suos</strong></span> <span class='ocrx_word' id='word_1_159' title='bbox 2596 789 2786 843; x_wconf 85' lang='lat' dir='ltr'><strong>dividit</strong></span> <span class='ocrx_word' id='word_1_160' title='bbox 2807 798 2969 856; x_wconf 90' lang='lat' dir='ltr'><strong>atque</strong></span> <span class='ocrx_word' id='word_1_161' title='bbox 2996 785 3334 855; x_wconf 86' lang='lat' dir='ltr'><strong>multiplicat.</strong></span> <span class='ocrx_word' id='word_1_162' title='bbox 3365 791 3730 864; x_wconf 76' lang='grc' dir='ltr'><strong>Προορίσματα</strong></span> <span class='ocrx_word' id='word_1_163' title='bbox 3750 804 3884 857; x_wconf 84' lang='lat' dir='ltr'><strong>quo-</strong></span> 
     </span>
    </p>
   </div>
   <div class='ocr_carea' id='block_1_24' title="bbox 2300 879 3882 951">
    <p class='ocr_par' dir='ltr' id='par_1_24' title="bbox 2300 879 3882 951">
     <span class='ocr_line' id='line_1_24' title="bbox 2300 879 3882 951; baseline 0 -17"><span class='ocrx_word' id='word_1_164' title='bbox 2300 898 2405 951; x_wconf 90' lang='lat' dir='ltr'><strong>que</strong></span> <span class='ocrx_word' id='word_1_165' title='bbox 2426 890 2688 936; x_wconf 84' lang='lat' dir='ltr'><strong>vocantur</strong></span> <span class='ocrx_word' id='word_1_166' title='bbox 2717 880 2783 946; x_wconf 78' lang='grc'><strong>²¹⁶,</strong></span> <span class='ocrx_word' id='word_1_167' title='bbox 2809 880 2860 933; x_wconf 92' lang='lat' dir='ltr'><strong>id</strong></span> <span class='ocrx_word' id='word_1_168' title='bbox 2885 886 2970 933; x_wconf 91' lang='lat' dir='ltr'><strong>est</strong></span> <span class='ocrx_word' id='word_1_169' title='bbox 3011 879 3562 949; x_wconf 87' lang='lat' dir='ltr'><strong>praedestinationes;</strong></span> <span class='ocrx_word' id='word_1_170' title='bbox 3594 881 3647 933; x_wconf 92' lang='lat' dir='ltr'><strong>in</strong></span> <span class='ocrx_word' id='word_1_171' title='bbox 3679 881 3809 948; x_wconf 88' lang='lat' dir='ltr'><strong>ipsis</strong></span> <span class='ocrx_word' id='word_1_172' title='bbox 3832 880 3882 916; x_wconf 75' lang='lat'>&quot;</span> 
     </span>
    </p>
   </div>
   <div class='ocr_carea' id='block_1_25' title="bbox 2299 970 3878 1041">
    <p class='ocr_par' dir='ltr' id='par_1_25' title="bbox 2299 970 3878 1041">
     <span class='ocr_line' id='line_1_25' title="bbox 2299 970 3878 1041; baseline -0.001 -12"><span class='ocrx_word' id='word_1_173' title='bbox 2299 976 2464 1037; x_wconf 88' lang='lat' dir='ltr'><strong>enim,</strong></span> <span class='ocrx_word' id='word_1_174' title='bbox 2492 985 2846 1041; x_wconf 87' lang='lat' dir='ltr'><strong>quaecunque</strong></span> <span class='ocrx_word' id='word_1_175' title='bbox 2873 971 3054 1025; x_wconf 90' lang='lat' dir='ltr'><strong>divina</strong></span> <span class='ocrx_word' id='word_1_176' title='bbox 3097 971 3383 1039; x_wconf 85' lang='lat' dir='ltr'><strong>prudentia</strong></span> <span class='ocrx_word' id='word_1_177' title='bbox 3412 982 3467 1026; x_wconf 91' lang='lat' dir='ltr'><strong>et</strong></span> <span class='ocrx_word' id='word_1_178' title='bbox 3499 970 3635 1025; x_wconf 84' lang='lat' dir='ltr'><strong>ﬁunt</strong></span> <span class='ocrx_word' id='word_1_179' title='bbox 3662 982 3718 1027; x_wconf 90' lang='lat' dir='ltr'><strong>et</strong></span> <span class='ocrx_word' id='word_1_180' title='bbox 3740 971 3878 1028; x_wconf 80' lang='lat' dir='ltr'><strong>facta</strong></span> 
     </span>
    </p>
   </div>
   <div class='ocr_carea' id='block_1_26' title="bbox 2300 1060 3881 1124">
    <p class='ocr_par' dir='ltr' id='par_1_26' title="bbox 2300 1060 3881 1124">
     <span class='ocr_line' id='line_1_26' title="bbox 2300 1060 3881 1124; baseline 0 -7"><span class='ocrx_word' id='word_1_181' title='bbox 2300 1073 2424 1119; x_wconf 90' lang='lat' dir='ltr'><strong>sunt</strong></span> <span class='ocrx_word' id='word_1_182' title='bbox 2452 1073 2507 1117; x_wconf 91' lang='lat' dir='ltr'><strong>et</strong></span> <span class='ocrx_word' id='word_1_183' title='bbox 2540 1064 2717 1116; x_wconf 80' lang='lat' dir='ltr'><strong>futura</strong></span> <span class='ocrx_word' id='word_1_184' title='bbox 2749 1069 2892 1124; x_wconf 91' lang='lat' dir='ltr'><strong>sunt,</strong></span> <span class='ocrx_word' id='word_1_185' title='bbox 2921 1060 3078 1115; x_wconf 89' lang='lat' dir='ltr'><strong>simul</strong></span> <span class='ocrx_word' id='word_1_186' title='bbox 3105 1069 3161 1114; x_wconf 89' lang='lat' dir='ltr'><strong>et</strong></span> <span class='ocrx_word' id='word_1_187' title='bbox 3181 1061 3347 1115; x_wconf 90' lang='lat' dir='ltr'><strong>semel</strong></span> <span class='ocrx_word' id='word_1_188' title='bbox 3366 1070 3421 1116; x_wconf 89' lang='lat' dir='ltr'><strong>et</strong></span> <span class='ocrx_word' id='word_1_189' title='bbox 3444 1062 3491 1094; x_wconf 79' lang='lat'><strong><em>&quot;</em></strong></span> <span class='ocrx_word' id='word_1_190' title='bbox 3524 1063 3881 1118; x_wconf 80' lang='lat' dir='ltr'><strong>incommuta-</strong></span> 
     </span>
    </p>
   </div>
   <div class='ocr_carea' id='block_1_27' title="bbox 2298 1148 3879 1221">
    <p class='ocr_par' dir='ltr' id='par_1_27' title="bbox 2298 1148 3879 1221">
     <span class='ocr_line' id='line_1_27' title="bbox 2298 1148 3879 1221; baseline -0.001 -13"><span class='ocrx_word' id='word_1_191' title='bbox 2298 1154 2479 1208; x_wconf 87' lang='lat' dir='ltr'><strong>biliter</strong></span> <span class='ocrx_word' id='word_1_192' title='bbox 2509 1152 2908 1221; x_wconf 88' lang='lat' dir='ltr'><strong>praedestinata</strong></span> <span class='ocrx_word' id='word_1_193' title='bbox 2949 1158 3076 1204; x_wconf 86' lang='lat' dir='ltr'><strong>sunt</strong></span> <span class='ocrx_word' id='word_1_194' title='bbox 3101 1150 3168 1202; x_wconf 77' lang='grc'><strong>⁸⁷.</strong></span> <span class='ocrx_word' id='word_1_195' title='bbox 3198 1148 3285 1202; x_wconf 86' lang='lat' dir='ltr'><strong>Nil</strong></span> <span class='ocrx_word' id='word_1_196' title='bbox 3311 1150 3452 1204; x_wconf 89' lang='lat' dir='ltr'><strong>enim</strong></span> <span class='ocrx_word' id='word_1_197' title='bbox 3484 1151 3798 1206; x_wconf 88' lang='lat' dir='ltr'><strong>naturaliter</strong></span> <span class='ocrx_word' id='word_1_198' title='bbox 3824 1153 3879 1206; x_wconf 90' lang='lat' dir='ltr'><strong>in</strong></span> 
     </span>
    </p>
   </div>
   <div class='ocr_carea' id='block_1_28' title="bbox 2296 1240 3879 1309">
    <p class='ocr_par' dir='ltr' id='par_1_28' title="bbox 2296 1240 3879 1309">
     <span class='ocr_line' id='line_1_28' title="bbox 2296 1240 3879 1309; baseline -0.002 -11"><span class='ocrx_word' id='word_1_199' title='bbox 2296 1254 2542 1298; x_wconf 90' lang='lat' dir='ltr'><strong>creatura</strong></span> <span class='ocrx_word' id='word_1_200' title='bbox 2555 1240 3080 1296; x_wconf 87' lang='lat' dir='ltr'><strong>visibilietinvisihili</strong></span> <span class='ocrx_word' id='word_1_201' title='bbox 3096 1240 3292 1303; x_wconf 90' lang='lat' dir='ltr'><strong>oritur,</strong></span> <span class='ocrx_word' id='word_1_202' title='bbox 3320 1248 3534 1309; x_wconf 86' lang='lat' dir='ltr'><strong>praeter</strong></span> <span class='ocrx_word' id='word_1_203' title='bbox 3559 1241 3699 1308; x_wconf 87' lang='lat' dir='ltr'><strong>quod</strong></span> <span class='ocrx_word' id='word_1_204' title='bbox 3728 1242 3780 1294; x_wconf 90' lang='lat' dir='ltr'><strong>in</strong></span> <span class='ocrx_word' id='word_1_205' title='bbox 3802 1242 3879 1296; x_wconf 87' lang='lat' dir='ltr'><strong>eis</strong></span> 
     </span>
    </p>
   </div>
   <div class='ocr_carea' id='block_1_29' title="bbox 2295 1333 3880 1404">
    <p class='ocr_par' dir='ltr' id='par_1_29' title="bbox 2295 1333 3880 1404">
     <span class='ocr_line' id='line_1_29' title="bbox 2295 1333 3880 1404; baseline 0 -16"><span class='ocrx_word' id='word_1_206' title='bbox 2295 1334 2421 1388; x_wconf 83' lang='lat' dir='ltr'><strong>ante</strong></span> <span class='ocrx_word' id='word_1_207' title='bbox 2445 1335 2627 1389; x_wconf 89' lang='lat' dir='ltr'><strong>omnia</strong></span> <span class='ocrx_word' id='word_1_208' title='bbox 2649 1344 2889 1403; x_wconf 89' lang='lat' dir='ltr'><strong>tempora</strong></span> <span class='ocrx_word' id='word_1_209' title='bbox 2916 1343 2968 1387; x_wconf 89' lang='lat' dir='ltr'><strong>et</strong></span> <span class='ocrx_word' id='word_1_210' title='bbox 2997 1333 3111 1387; x_wconf 87' lang='lat' dir='ltr'><strong>loca</strong></span> <span class='ocrx_word' id='word_1_211' title='bbox 3135 1333 3546 1401; x_wconf 88' lang='lat' dir='ltr'><strong>praedelinitum</strong></span> <span class='ocrx_word' id='word_1_212' title='bbox 3570 1343 3627 1388; x_wconf 86' lang='lat' dir='ltr'><strong>et</strong></span> <span class='ocrx_word' id='word_1_213' title='bbox 3663 1349 3880 1404; x_wconf 76' lang='lat' dir='ltr'><strong>praeor-</strong></span> 
     </span>
    </p>
   </div>
   <div class='ocr_carea' id='block_1_30' title="bbox 2296 1428 3878 1500">
    <p class='ocr_par' dir='ltr' id='par_1_30' title="bbox 2296 1428 3878 1500">
     <span class='ocr_line' id='line_1_30' title="bbox 2296 1428 3878 1500; baseline -0.002 -14"><span class='ocrx_word' id='word_1_214' title='bbox 2296 1432 2539 1486; x_wconf 89' lang='lat' dir='ltr'><strong>dinatum</strong></span> <span class='ocrx_word' id='word_1_215' title='bbox 2577 1439 2679 1486; x_wconf 90' lang='lat' dir='ltr'><strong>est.</strong></span> <span class='ocrx_word' id='word_1_216' title='bbox 2725 1430 2858 1485; x_wconf 84' lang='lat' dir='ltr'><strong>Item</strong></span> <span class='ocrx_word' id='word_1_217' title='bbox 2892 1445 2922 1482; x_wconf 88' lang='lat' dir='ltr'><strong>a</strong></span> <span class='ocrx_word' id='word_1_218' title='bbox 2966 1428 3302 1498; x_wconf 82' lang='lat' dir='ltr'><strong>philosophis</strong></span> <span class='ocrx_word' id='word_1_219' title='bbox 3342 1430 3455 1484; x_wconf 75' lang='grc' dir='ltr'><strong>θεῖα</strong></span> <span class='ocrx_word' id='word_1_220' title='bbox 3502 1431 3780 1500; x_wconf 59' lang='lat' dir='ltr'><strong>Galam,</strong></span> <span class='ocrx_word' id='word_1_221' title='bbox 3826 1430 3878 1483; x_wconf 82' lang='lat' dir='ltr'><strong>id</strong></span> 
     </span>
    </p>
   </div>
   <div class='ocr_carea' id='block_1_31' title="bbox 2295 1518 3879 1587">
    <p class='ocr_par' dir='ltr' id='par_1_31' title="bbox 2295 1518 3879 1587">
     <span class='ocr_line' id='line_1_31' title="bbox 2295 1518 3879 1587; baseline -0.003 -11"><span class='ocrx_word' id='word_1_222' title='bbox 2295 1532 2395 1583; x_wconf 89' lang='lat' dir='ltr'><strong>est,</strong></span> <span class='ocrx_word' id='word_1_223' title='bbox 2424 1522 2640 1575; x_wconf 84' lang='lat' dir='ltr'><strong>divinae</strong></span> <span class='ocrx_word' id='word_1_224' title='bbox 2661 1520 2969 1575; x_wconf 84' lang='lat' dir='ltr'><strong>voluntates</strong></span> <span class='ocrx_word' id='word_1_225' title='bbox 2989 1518 3253 1573; x_wconf 84' lang='lat' dir='ltr'><strong>nominari</strong></span> <span class='ocrx_word' id='word_1_226' title='bbox 3275 1519 3472 1583; x_wconf 83' lang='lat' dir='ltr'><strong>solent,</strong></span> <span class='ocrx_word' id='word_1_227' title='bbox 3486 1520 3741 1587; x_wconf 87' lang='lat' dir='ltr'><strong>quoniam</strong></span> <span class='ocrx_word' id='word_1_228' title='bbox 3763 1536 3879 1575; x_wconf 85' lang='lat' dir='ltr'><strong>om-</strong></span> 
     </span>
    </p>
   </div>
   <div class='ocr_carea' id='block_1_32' title="bbox 2294 1607 3872 1681">
    <p class='ocr_par' dir='ltr' id='par_1_32' title="bbox 2294 1607 3872 1681">
     <span class='ocr_line' id='line_1_32' title="bbox 2294 1607 3872 1681; baseline -0.001 -16"><span class='ocrx_word' id='word_1_229' title='bbox 2294 1612 2405 1676; x_wconf 87' lang='lat' dir='ltr'><strong>nia,</strong></span> <span class='ocrx_word' id='word_1_230' title='bbox 2436 1624 2793 1681; x_wconf 81' lang='lat' dir='ltr'><strong>quaecunque</strong></span> <span class='ocrx_word' id='word_1_231' title='bbox 2816 1609 2984 1662; x_wconf 86' lang='lat' dir='ltr'><strong>voluit</strong></span> <span class='ocrx_word' id='word_1_232' title='bbox 3006 1608 3151 1662; x_wconf 76' lang='lat' dir='ltr'><strong>Deus</strong></span> <span class='ocrx_word' id='word_1_233' title='bbox 3176 1607 3375 1672; x_wconf 81' lang='lat' dir='ltr'><strong>facere,</strong></span> <span class='ocrx_word' id='word_1_234' title='bbox 3399 1611 3451 1661; x_wconf 93' lang='lat' dir='ltr'><strong>in</strong></span> <span class='ocrx_word' id='word_1_235' title='bbox 3486 1609 3617 1677; x_wconf 86' lang='lat' dir='ltr'><strong>ipsis</strong></span> <span class='ocrx_word' id='word_1_236' title='bbox 3644 1609 3872 1677; x_wconf 86' lang='lat' dir='ltr'><strong>primor-</strong></span> 
     </span>
    </p>
   </div>
   <div class='ocr_carea' id='block_1_33' title="bbox 2294 1698 3874 1768">
    <p class='ocr_par' dir='ltr' id='par_1_33' title="bbox 2294 1698 3874 1768">
     <span class='ocr_line' id='line_1_33' title="bbox 2294 1698 3874 1768; baseline -0.003 -11"><span class='ocrx_word' id='word_1_237' title='bbox 2294 1703 2508 1757; x_wconf 86' lang='lat' dir='ltr'><strong>dialiter</strong></span> <span class='ocrx_word' id='word_1_238' title='bbox 2555 1711 2609 1756; x_wconf 88' lang='lat' dir='ltr'><strong>et</strong></span> <span class='ocrx_word' id='word_1_239' title='bbox 2652 1700 2941 1756; x_wconf 83' lang='lat' dir='ltr'><strong>causaliter</strong></span> <span class='ocrx_word' id='word_1_240' title='bbox 2985 1700 3131 1764; x_wconf 77' lang='lat' dir='ltr'><strong>fecit,</strong></span> <span class='ocrx_word' id='word_1_241' title='bbox 3172 1709 3228 1753; x_wconf 90' lang='lat' dir='ltr'><strong>et</strong></span> <span class='ocrx_word' id='word_1_242' title='bbox 3261 1714 3399 1768; x_wconf 82' lang='lat' dir='ltr'><strong>quae</strong></span> <span class='ocrx_word' id='word_1_243' title='bbox 3435 1698 3610 1752; x_wconf 82' lang='lat' dir='ltr'><strong>futura</strong></span> <span class='ocrx_word' id='word_1_244' title='bbox 3637 1708 3781 1764; x_wconf 86' lang='lat' dir='ltr'><strong>sunt,</strong></span> <span class='ocrx_word' id='word_1_245' title='bbox 3819 1699 3874 1753; x_wconf 85' lang='lat' dir='ltr'><strong>in</strong></span> 
     </span>
    </p>
   </div>
   <div class='ocr_carea' id='block_1_34' title="bbox 612 1790 3867 1863">
    <p class='ocr_par' dir='ltr' id='par_1_34' title="bbox 612 1790 3867 1863">
     <span class='ocr_line' id='line_1_34' title="bbox 612 1790 3867 1863; baseline -0.002 -14"><span class='ocrx_word' id='word_1_246' title='bbox 612 1811 740 1849; x_wconf 76' lang='lat' dir='ltr'><strong>suae</strong></span> <span class='ocrx_word' id='word_1_247' title='bbox 767 1803 822 1848; x_wconf 89' lang='lat' dir='ltr'><strong>et</strong></span> <span class='ocrx_word' id='word_1_248' title='bbox 850 1792 1235 1863; x_wconf 79' lang='lat' dir='ltr'><strong>intelligentiae</strong></span> <span class='ocrx_word' id='word_1_249' title='bbox 1271 1805 1421 1853; x_wconf 88' lang='lat' dir='ltr'><strong>suae,</strong></span> <span class='ocrx_word' id='word_1_250' title='bbox 1463 1799 1724 1858; x_wconf 89' lang='lat' dir='ltr'><strong>quantum</strong></span> <span class='ocrx_word' id='word_1_251' title='bbox 1756 1797 2040 1843; x_wconf 87' lang='lat' dir='ltr'><strong>creaturae</strong></span> <span class='ocrx_word' id='word_1_252' title='bbox 2064 1804 2196 1842; x_wconf 86' lang='lat' dir='ltr'><strong>con-</strong></span> <span class='ocrx_word' id='word_1_253' title='bbox 2225 1794 2269 1853; x_wconf 84' lang='grc' dir='ltr'><strong><em>Β</em></strong></span> <span class='ocrx_word' id='word_1_254' title='bbox 2296 1792 2377 1846; x_wconf 90' lang='lat' dir='ltr'><strong>eis</strong></span> <span class='ocrx_word' id='word_1_255' title='bbox 2402 1802 2526 1847; x_wconf 89' lang='lat' dir='ltr'><strong>ante</strong></span> <span class='ocrx_word' id='word_1_256' title='bbox 2543 1792 2761 1847; x_wconf 89' lang='lat' dir='ltr'><strong>saecula</strong></span> <span class='ocrx_word' id='word_1_257' title='bbox 2785 1790 2926 1845; x_wconf 82' lang='lat' dir='ltr'><strong>facta</strong></span> <span class='ocrx_word' id='word_1_258' title='bbox 2954 1800 3096 1845; x_wconf 90' lang='lat' dir='ltr'><strong>sunt.</strong></span> <span class='ocrx_word' id='word_1_259' title='bbox 3123 1790 3201 1844; x_wconf 79' lang='lat' dir='ltr'><strong>Ac</strong></span> <span class='ocrx_word' id='word_1_260' title='bbox 3223 1805 3320 1858; x_wconf 88' lang='lat' dir='ltr'><strong>per</strong></span> <span class='ocrx_word' id='word_1_261' title='bbox 3345 1791 3445 1844; x_wconf 85' lang='lat' dir='ltr'><strong>hoc</strong></span> <span class='ocrx_word' id='word_1_262' title='bbox 3469 1790 3732 1859; x_wconf 88' lang='lat' dir='ltr'><strong>principia</strong></span> <span class='ocrx_word' id='word_1_263' title='bbox 3761 1806 3867 1845; x_wconf 86' lang='lat' dir='ltr'><strong>om-</strong></span> 
     </span>
    </p>
   </div>
   <div class='ocr_carea' id='block_1_35' title="bbox 611 1879 2186 1949">
    <p class='ocr_par' dir='ltr' id='par_1_35' title="bbox 611 1879 2186 1949">
     <span class='ocr_line' id='line_1_35' title="bbox 611 1879 2186 1949; baseline -0.004 -12"><span class='ocrx_word' id='word_1_264' title='bbox 611 1886 841 1949; x_wconf 75' lang='lat' dir='ltr'><strong>et-ditur,</strong></span> <span class='ocrx_word' id='word_1_265' title='bbox 868 1884 1163 1945; x_wconf 86' lang='lat' dir='ltr'><strong>inveniant,</strong></span> <span class='ocrx_word' id='word_1_266' title='bbox 1187 1882 1481 1934; x_wconf 88' lang='lat' dir='ltr'><strong>trinitatem</strong></span> <span class='ocrx_word' id='word_1_267' title='bbox 1506 1880 1557 1933; x_wconf 91' lang='lat' dir='ltr'><strong>in</strong></span> <span class='ocrx_word' id='word_1_268' title='bbox 1578 1881 1783 1933; x_wconf 85' lang='lat' dir='ltr'><strong>unitate</strong></span> <span class='ocrx_word' id='word_1_269' title='bbox 1810 1879 2186 1948; x_wconf 86' lang='lat' dir='ltr'><strong>perripicntes.</strong></span> 
     </span>
    </p>
   </div>
   <div class='ocr_carea' id='block_1_36' title="bbox 611 1967 2191 2037">
    <p class='ocr_par' dir='ltr' id='par_1_36' title="bbox 611 1967 2191 2037">
     <span class='ocr_line' id='line_1_36' title="bbox 611 1967 2191 2037; baseline -0.006 -9"><span class='ocrx_word' id='word_1_270' title='bbox 611 1976 766 2028; x_wconf 86' lang='lat' dir='ltr'><strong>Sicut</strong></span> <span class='ocrx_word' id='word_1_271' title='bbox 789 1973 863 2026; x_wconf 88' lang='lat' dir='ltr'><strong>ait</strong></span> <span class='ocrx_word' id='word_1_272' title='bbox 907 1980 1125 2024; x_wconf 86' lang='lat' dir='ltr'><strong>sanctus</strong></span> <span class='ocrx_word' id='word_1_273' title='bbox 1172 1969 1450 2037; x_wconf 77' lang='lat' dir='ltr'><strong>theologus</strong></span> <span class='ocrx_word' id='word_1_274' title='bbox 1478 1967 1769 2037; x_wconf 76' lang='lat' dir='ltr'><strong>Gregorius</strong></span> <span class='ocrx_word' id='word_1_275' title='bbox 1795 1968 1846 2021; x_wconf 91' lang='lat' dir='ltr'><strong>in</strong></span> <span class='ocrx_word' id='word_1_276' title='bbox 1872 1968 2047 2037; x_wconf 90' lang='lat' dir='ltr'><strong>primo</strong></span> <span class='ocrx_word' id='word_1_277' title='bbox 2076 1983 2191 2022; x_wconf 90' lang='lat' dir='ltr'><strong>ser-</strong></span> 
     </span>
    </p>
   </div>
   <div class='ocr_carea' id='block_1_37' title="bbox 610 2058 2190 2130">
    <p class='ocr_par' dir='ltr' id='par_1_37' title="bbox 610 2058 2190 2130">
     <span class='ocr_line' id='line_1_37' title="bbox 610 2058 2190 2130; baseline -0.004 -12"><span class='ocrx_word' id='word_1_278' title='bbox 610 2081 770 2119; x_wconf 86' lang='lat' dir='ltr'><strong>mone</strong></span> <span class='ocrx_word' id='word_1_279' title='bbox 794 2065 859 2117; x_wconf 89' lang='lat' dir='ltr'><strong>de</strong></span> <span class='ocrx_word' id='word_1_280' title='bbox 883 2062 1021 2115; x_wconf 85' lang='lat' dir='ltr'><strong>Filio</strong></span> <span class='ocrx_word' id='word_1_281' title='bbox 1052 2080 1064 2115; x_wconf 88' lang='lat'><strong>:</strong></span> <span class='ocrx_word' id='word_1_282' title='bbox 1099 2061 1413 2130; x_wconf 79' lang='lat' dir='ltr'><strong>Propterea,</strong></span> <span class='ocrx_word' id='word_1_283' title='bbox 1446 2060 1638 2126; x_wconf 84' lang='lat' dir='ltr'><strong>inquit,</strong></span> <span class='ocrx_word' id='word_1_284' title='bbox 1664 2074 1848 2111; x_wconf 86' lang='lat' dir='ltr'><strong>monas</strong></span> <span class='ocrx_word' id='word_1_285' title='bbox 1881 2076 1914 2111; x_wconf 91' lang='lat' dir='ltr'><strong>a</strong></span> <span class='ocrx_word' id='word_1_286' title='bbox 1935 2058 2190 2127; x_wconf 86' lang='lat' dir='ltr'><strong>principio</strong></span> 
     </span>
    </p>
   </div>
   <div class='ocr_carea' id='block_1_38' title="bbox 610 2149 2186 2225">
    <p class='ocr_par' dir='ltr' id='par_1_38' title="bbox 610 2149 2186 2225">
     <span class='ocr_line' id='line_1_38' title="bbox 610 2149 2186 2225; baseline -0.002 -21"><span class='ocrx_word' id='word_1_287' title='bbox 610 2158 664 2209; x_wconf 80' lang='lat' dir='ltr'><strong>in</strong></span> <span class='ocrx_word' id='word_1_288' title='bbox 692 2155 865 2225; x_wconf 80' lang='lat' dir='ltr'><strong>tlyada</strong></span> <span class='ocrx_word' id='word_1_289' title='bbox 898 2163 1037 2206; x_wconf 87' lang='lat' dir='ltr'><strong>mota</strong></span> <span class='ocrx_word' id='word_1_290' title='bbox 1076 2168 1234 2220; x_wconf 86' lang='lat' dir='ltr'><strong>usque</strong></span> <span class='ocrx_word' id='word_1_291' title='bbox 1266 2153 1321 2204; x_wconf 87' lang='lat' dir='ltr'><strong>in</strong></span> <span class='ocrx_word' id='word_1_292' title='bbox 1344 2152 1514 2203; x_wconf 84' lang='lat' dir='ltr'><strong>triade</strong></span> <span class='ocrx_word' id='word_1_293' title='bbox 1538 2150 1580 2180; x_wconf 79' lang='grc'>¹²</span> <span class='ocrx_word' id='word_1_294' title='bbox 1608 2160 1729 2202; x_wconf 86' lang='lat' dir='ltr'><strong>stat.</strong></span> <span class='ocrx_word' id='word_1_295' title='bbox 1771 2149 1943 2215; x_wconf 82' lang='lat' dir='ltr'><strong>Quam</strong></span> <span class='ocrx_word' id='word_1_296' title='bbox 1970 2159 2186 2204; x_wconf 87' lang='lat' dir='ltr'><strong>senten-</strong></span> 
     </span>
    </p>
   </div>
   <div class='ocr_carea' id='block_1_39' title="bbox 608 2238 2188 2310">
    <p class='ocr_par' dir='ltr' id='par_1_39' title="bbox 608 2238 2188 2310">
     <span class='ocr_line' id='line_1_39' title="bbox 608 2238 2188 2310; baseline -0.006 -11"><span class='ocrx_word' id='word_1_297' title='bbox 608 2250 739 2300; x_wconf 84' lang='lat' dir='ltr'><strong>tiam</strong></span> <span class='ocrx_word' id='word_1_298' title='bbox 784 2247 973 2299; x_wconf 88' lang='lat' dir='ltr'><strong>beatus</strong></span> <span class='ocrx_word' id='word_1_299' title='bbox 1014 2243 1278 2296; x_wconf 80' lang='lat' dir='ltr'><strong>Maximus</strong></span> <span class='ocrx_word' id='word_1_300' title='bbox 1325 2240 1562 2310; x_wconf 81' lang='lat' dir='ltr'><strong>exponit,</strong></span> <span class='ocrx_word' id='word_1_301' title='bbox 1609 2239 1834 2293; x_wconf 84' lang='lat' dir='ltr'><strong>dicens:</strong></span> <span class='ocrx_word' id='word_1_302' title='bbox 1876 2238 2113 2293; x_wconf 76' lang='lat' dir='ltr'><strong>Movetur</strong></span> <span class='ocrx_word' id='word_1_303' title='bbox 2145 2238 2188 2270; x_wconf 76' lang='lat'>&quot;</span> 
     </span>
    </p>
   </div>
   <div class='ocr_carea' id='block_1_40' title="bbox 610 2328 2189 2402">
    <p class='ocr_par' dir='ltr' id='par_1_40' title="bbox 610 2328 2189 2402">
     <span class='ocr_line' id='line_1_40' title="bbox 610 2328 2189 2402; baseline -0.004 -13"><span class='ocrx_word' id='word_1_304' title='bbox 610 2352 831 2402; x_wconf 78' lang='lat' dir='ltr'><strong>nutuque</strong></span> <span class='ocrx_word' id='word_1_305' title='bbox 855 2335 907 2386; x_wconf 90' lang='lat' dir='ltr'><strong>iu</strong></span> <span class='ocrx_word' id='word_1_306' title='bbox 935 2335 1188 2400; x_wconf 80' lang='lat' dir='ltr'><strong>acceptieo</strong></span> <span class='ocrx_word' id='word_1_307' title='bbox 1215 2332 1297 2384; x_wconf 87' lang='lat' dir='ltr'><strong>sui</strong></span> <span class='ocrx_word' id='word_1_308' title='bbox 1326 2328 1587 2383; x_wconf 88' lang='lat' dir='ltr'><strong>intellectu</strong></span> <span class='ocrx_word' id='word_1_309' title='bbox 1612 2331 1716 2381; x_wconf 84' lang='lat' dir='ltr'><strong>sive</strong></span> <span class='ocrx_word' id='word_1_310' title='bbox 1742 2328 1785 2359; x_wconf 55' lang='grc' dir='ltr'><strong>λδ</strong></span> <span class='ocrx_word' id='word_1_311' title='bbox 1816 2329 2049 2399; x_wconf 86' lang='lat' dir='ltr'><strong>angelico</strong></span> <span class='ocrx_word' id='word_1_312' title='bbox 2081 2328 2189 2382; x_wconf 91' lang='lat' dir='ltr'><strong>sive</strong></span> 
     </span>
    </p>
   </div>
   <div class='ocr_carea' id='block_1_41' title="bbox 606 2419 2189 2494">
    <p class='ocr_par' dir='ltr' id='par_1_41' title="bbox 606 2419 2189 2494">
     <span class='ocr_line' id='line_1_41' title="bbox 606 2419 2189 2494; baseline -0.005 -13"><span class='ocrx_word' id='word_1_313' title='bbox 606 2434 856 2489; x_wconf 78' lang='lat' dir='ltr'><strong>ttuntano,</strong></span> <span class='ocrx_word' id='word_1_314' title='bbox 878 2441 969 2494; x_wconf 82' lang='lat' dir='ltr'><strong>per</strong></span> <span class='ocrx_word' id='word_1_315' title='bbox 990 2425 1177 2493; x_wconf 80' lang='lat' dir='ltr'><strong>ipsam,</strong></span> <span class='ocrx_word' id='word_1_316' title='bbox 1210 2434 1256 2477; x_wconf 89' lang='lat' dir='ltr'><strong>et</strong></span> <span class='ocrx_word' id='word_1_317' title='bbox 1277 2425 1332 2476; x_wconf 88' lang='lat' dir='ltr'><strong>in</strong></span> <span class='ocrx_word' id='word_1_318' title='bbox 1359 2424 1471 2492; x_wconf 89' lang='lat' dir='ltr'><strong>ipsa</strong></span> <span class='ocrx_word' id='word_1_319' title='bbox 1500 2421 1858 2490; x_wconf 76' lang='lat' dir='ltr'><strong>inquisitiones</strong></span> <span class='ocrx_word' id='word_1_320' title='bbox 1880 2424 1942 2473; x_wconf 80' lang='lat' dir='ltr'><strong>de</strong></span> <span class='ocrx_word' id='word_1_321' title='bbox 1971 2421 2084 2489; x_wconf 87' lang='lat' dir='ltr'><strong>ipsa</strong></span> <span class='ocrx_word' id='word_1_322' title='bbox 2106 2419 2189 2488; x_wconf 78' lang='lat' dir='ltr'><strong>fa-</strong></span> 
     </span>
    </p>
   </div>
   <div class='ocr_carea' id='block_1_42' title="bbox 606 2516 2187 2586">
    <p class='ocr_par' dir='ltr' id='par_1_42' title="bbox 606 2516 2187 2586">
     <span class='ocr_line' id='line_1_42' title="bbox 606 2516 2187 2586; baseline -0.003 -12"><span class='ocrx_word' id='word_1_323' title='bbox 606 2523 791 2574; x_wconf 81' lang='lat' dir='ltr'><strong>ciente.</strong></span> <span class='ocrx_word' id='word_1_324' title='bbox 829 2518 897 2571; x_wconf 86' lang='lat' dir='ltr'><strong>Et</strong></span> <span class='ocrx_word' id='word_1_325' title='bbox 941 2518 1134 2571; x_wconf 86' lang='lat' dir='ltr'><strong>clarius</strong></span> <span class='ocrx_word' id='word_1_326' title='bbox 1174 2517 1498 2571; x_wconf 83' lang='lat' dir='ltr'><strong>dicendum:</strong></span> <span class='ocrx_word' id='word_1_327' title='bbox 1534 2517 1679 2570; x_wconf 87' lang='lat' dir='ltr'><strong>docet</strong></span> <span class='ocrx_word' id='word_1_328' title='bbox 1719 2517 1886 2586; x_wconf 88' lang='lat' dir='ltr'><strong>ipsam</strong></span> <span class='ocrx_word' id='word_1_329' title='bbox 1923 2517 1980 2569; x_wconf 88' lang='lat' dir='ltr'><strong>in</strong></span> <span class='ocrx_word' id='word_1_330' title='bbox 2017 2516 2187 2585; x_wconf 85' lang='lat' dir='ltr'><strong>prima</strong></span> 
     </span>
    </p>
   </div>
   <div class='ocr_carea' id='block_1_43' title="bbox 604 2609 2186 2681">
    <p class='ocr_par' dir='ltr' id='par_1_43' title="bbox 604 2609 2186 2681">
     <span class='ocr_line' id='line_1_43' title="bbox 604 2609 2186 2681; baseline -0.003 -16"><span class='ocrx_word' id='word_1_331' title='bbox 604 2614 717 2665; x_wconf 89' lang='lat' dir='ltr'><strong>acie</strong></span> <span class='ocrx_word' id='word_1_332' title='bbox 745 2611 1016 2681; x_wconf 89' lang='lat' dir='ltr'><strong>impartire</strong></span> <span class='ocrx_word' id='word_1_333' title='bbox 1043 2610 1107 2663; x_wconf 85' lang='lat' dir='ltr'><strong>de</strong></span> <span class='ocrx_word' id='word_1_334' title='bbox 1141 2610 1363 2663; x_wconf 84' lang='lat' dir='ltr'><strong>monade</strong></span> <span class='ocrx_word' id='word_1_335' title='bbox 1392 2611 1663 2671; x_wconf 89' lang='lat' dir='ltr'><strong>rationem,</strong></span> <span class='ocrx_word' id='word_1_336' title='bbox 1700 2620 1752 2661; x_wconf 91' lang='lat' dir='ltr'><strong>ut</strong></span> <span class='ocrx_word' id='word_1_337' title='bbox 1783 2624 1888 2661; x_wconf 88' lang='lat' dir='ltr'><strong>non</strong></span> <span class='ocrx_word' id='word_1_338' title='bbox 1925 2609 2186 2677; x_wconf 78' lang='lat' dir='ltr'><strong>separatio</strong></span> 
     </span>
    </p>
   </div>
   <div class='ocr_carea' id='block_1_44' title="bbox 605 2698 2186 2770">
    <p class='ocr_par' dir='ltr' id='par_1_44' title="bbox 605 2698 2186 2770">
     <span class='ocr_line' id='line_1_44' title="bbox 605 2698 2186 2770; baseline -0.001 -18"><span class='ocrx_word' id='word_1_339' title='bbox 605 2704 659 2753; x_wconf 83' lang='lat' dir='ltr'><strong>in</strong></span> <span class='ocrx_word' id='word_1_340' title='bbox 677 2717 728 2770; x_wconf 81' lang='lat' dir='ltr'><strong>pl</strong></span> <span class='ocrx_word' id='word_1_341' title='bbox 741 2701 847 2752; x_wconf 87' lang='lat' dir='ltr'><strong>ima</strong></span> <span class='ocrx_word' id='word_1_342' title='bbox 864 2698 908 2731; x_wconf 80' lang='lat'>&quot;</span> <span class='ocrx_word' id='word_1_343' title='bbox 921 2698 1123 2753; x_wconf 80' lang='lat' dir='ltr'><strong>causali</strong></span> <span class='ocrx_word' id='word_1_344' title='bbox 1135 2698 1498 2752; x_wconf 83' lang='lat' dir='ltr'><strong>introducatur</strong></span> <span class='ocrx_word' id='word_1_345' title='bbox 1514 2715 1532 2763; x_wconf 80' lang='lat'><strong>,°</strong></span> <span class='ocrx_word' id='word_1_346' title='bbox 1546 2709 1807 2768; x_wconf 77' lang='lat' dir='ltr'><strong>promovet</strong></span> <span class='ocrx_word' id='word_1_347' title='bbox 1824 2698 1868 2728; x_wconf 81' lang='lat'><strong>“</strong></span> <span class='ocrx_word' id='word_1_348' title='bbox 1888 2713 2006 2751; x_wconf 90' lang='lat' dir='ltr'><strong>vero</strong></span> <span class='ocrx_word' id='word_1_349' title='bbox 2019 2699 2186 2766; x_wconf 85' lang='lat' dir='ltr'><strong>ipsum</strong></span> 
     </span>
    </p>
   </div>
   <div class='ocr_carea' id='block_1_45' title="bbox 604 2786 2184 2856">
    <p class='ocr_par' dir='ltr' id='par_1_45' title="bbox 604 2786 2184 2856">
     <span class='ocr_line' id='line_1_45' title="bbox 604 2786 2184 2856; baseline -0.001 -14"><span class='ocrx_word' id='word_1_350' title='bbox 604 2790 862 2843; x_wconf 83' lang='lat' dir='ltr'><strong>rationem</strong></span> <span class='ocrx_word' id='word_1_351' title='bbox 889 2789 1046 2843; x_wconf 89' lang='lat' dir='ltr'><strong>etiam</strong></span> <span class='ocrx_word' id='word_1_352' title='bbox 1069 2789 1303 2841; x_wconf 81' lang='lat' dir='ltr'><strong>divinam</strong></span> <span class='ocrx_word' id='word_1_353' title='bbox 1331 2797 1378 2840; x_wconf 89' lang='lat' dir='ltr'><strong>et</strong></span> <span class='ocrx_word' id='word_1_354' title='bbox 1408 2786 1725 2855; x_wconf 76' lang='lat' dir='ltr'><strong>ine/fabilem</strong></span> <span class='ocrx_word' id='word_1_355' title='bbox 1756 2786 1921 2856; x_wconf 80' lang='lat' dir='ltr'><strong>ipsius</strong></span> <span class='ocrx_word' id='word_1_356' title='bbox 1957 2786 2184 2840; x_wconf 79' lang='lat' dir='ltr'><strong>causalis</strong></span> 
     </span>
    </p>
   </div>
   <div class='ocr_carea' id='block_1_46' title="bbox 603 2876 2186 2950">
    <p class='ocr_par' dir='ltr' id='par_1_46' title="bbox 603 2876 2186 2950">
     <span class='ocr_line' id='line_1_46' title="bbox 603 2876 2186 2950; baseline -0.002 -17"><span class='ocrx_word' id='word_1_357' title='bbox 603 2881 976 2950; x_wconf 73' lang='lat' dir='ltr'><strong>fecunditatem</strong></span> <span class='ocrx_word' id='word_1_358' title='bbox 1022 2881 1273 2948; x_wconf 84' lang='lat' dir='ltr'><strong>accipere,</strong></span> <span class='ocrx_word' id='word_1_359' title='bbox 1316 2878 1493 2931; x_wconf 85' lang='lat' dir='ltr'><strong>dicens</strong></span> <span class='ocrx_word' id='word_1_360' title='bbox 1535 2878 1748 2947; x_wconf 82' lang='lat' dir='ltr'><strong>mystice</strong></span> <span class='ocrx_word' id='word_1_361' title='bbox 1789 2889 1943 2946; x_wconf 83' lang='lat' dir='ltr'><strong>atque</strong></span> <span class='ocrx_word' id='word_1_362' title='bbox 1988 2876 2186 2930; x_wconf 83' lang='lat' dir='ltr'><strong>occulte</strong></span> 
     </span>
    </p>
   </div>
   <div class='ocr_carea' id='block_1_47' title="bbox 601 2968 2185 3042">
    <p class='ocr_par' dir='ltr' id='par_1_47' title="bbox 601 2968 2185 3042">
     <span class='ocr_line' id='line_1_47' title="bbox 601 2968 2185 3042; baseline -0.004 -18"><span class='ocrx_word' id='word_1_363' title='bbox 601 2974 702 3042; x_wconf 87' lang='lat' dir='ltr'><strong>ipsi</strong></span> <span class='ocrx_word' id='word_1_364' title='bbox 723 2971 1031 3035; x_wconf 79' lang='lat' dir='ltr'><strong>intellectui,</strong></span> <span class='ocrx_word' id='word_1_365' title='bbox 1064 2986 1168 3024; x_wconf 88' lang='lat' dir='ltr'><strong>non</strong></span> <span class='ocrx_word' id='word_1_366' title='bbox 1188 2979 1422 3039; x_wconf 88' lang='lat' dir='ltr'><strong>oportere</strong></span> <span class='ocrx_word' id='word_1_367' title='bbox 1434 2968 1776 3036; x_wconf 79' lang='lat' dir='ltr'><strong>infecundum</strong></span> <span class='ocrx_word' id='word_1_368' title='bbox 1802 2982 1931 3029; x_wconf 88' lang='lat' dir='ltr'><strong>esse,</strong></span> <span class='ocrx_word' id='word_1_369' title='bbox 1955 2982 2185 3035; x_wconf 81' lang='lat' dir='ltr'><strong>unquam</strong></span> 
     </span>
    </p>
   </div>
   <div class='ocr_carea' id='block_1_48' title="bbox 600 3057 2183 3133">
    <p class='ocr_par' dir='ltr' id='par_1_48' title="bbox 600 3057 2183 3133">
     <span class='ocr_line' id='line_1_48' title="bbox 600 3057 2183 3133; baseline -0.006 -16"><span class='ocrx_word' id='word_1_370' title='bbox 600 3065 833 3133; x_wconf 77' lang='lat' dir='ltr'><strong>sapere&quot;</strong></span> <span class='ocrx_word' id='word_1_371' title='bbox 852 3063 984 3117; x_wconf 82' lang='lat' dir='ltr'><strong>illud</strong></span> <span class='ocrx_word' id='word_1_372' title='bbox 1013 3064 1264 3131; x_wconf 82' lang='lat' dir='ltr'><strong>optimum</strong></span> <span class='ocrx_word' id='word_1_373' title='bbox 1286 3058 1438 3114; x_wconf 82' lang='lat' dir='ltr'><strong>Verbi</strong></span> <span class='ocrx_word' id='word_1_374' title='bbox 1456 3076 1517 3112; x_wconf 89' lang='lat' dir='ltr'><strong>ac</strong></span> <span class='ocrx_word' id='word_1_375' title='bbox 1531 3060 1817 3128; x_wconf 78' lang='lat' dir='ltr'><strong>sapientiae</strong></span> <span class='ocrx_word' id='word_1_376' title='bbox 1846 3058 1923 3111; x_wconf 76' lang='lat' dir='ltr'><strong>vel</strong></span> <span class='ocrx_word' id='word_1_377' title='bbox 1950 3057 2183 3124; x_wconf 84' lang='lat' dir='ltr'><strong>sancti/i-</strong></span> 
     </span>
    </p>
   </div>
   <div class='ocr_carea' id='block_1_49' title="bbox 2295 1881 3872 1951">
    <p class='ocr_par' dir='ltr' id='par_1_49' title="bbox 2295 1881 3872 1951">
     <span class='ocr_line' id='line_1_49' title="bbox 2295 1881 3872 1951; baseline -0.003 -14"><span class='ocrx_word' id='word_1_378' title='bbox 2295 1884 2443 1937; x_wconf 90' lang='lat' dir='ltr'><strong>nium</strong></span> <span class='ocrx_word' id='word_1_379' title='bbox 2470 1884 2722 1937; x_wconf 88' lang='lat' dir='ltr'><strong>dicuntur</strong></span> <span class='ocrx_word' id='word_1_380' title='bbox 2745 1898 2865 1937; x_wconf 90' lang='lat' dir='ltr'><strong>esse</strong></span> <span class='ocrx_word' id='word_1_381' title='bbox 2882 1921 2898 1944; x_wconf 91' lang='lat'><strong>,</strong></span> <span class='ocrx_word' id='word_1_382' title='bbox 2925 1882 3178 1950; x_wconf 88' lang='lat' dir='ltr'><strong>quoniam</strong></span> <span class='ocrx_word' id='word_1_383' title='bbox 3200 1881 3380 1934; x_wconf 89' lang='lat' dir='ltr'><strong>omnia</strong></span> <span class='ocrx_word' id='word_1_384' title='bbox 3405 1921 3419 1944; x_wconf 95' lang='lat'><strong>,</strong></span> <span class='ocrx_word' id='word_1_385' title='bbox 3444 1898 3794 1951; x_wconf 79' lang='lat' dir='ltr'><strong>tpiaecunque</strong></span> <span class='ocrx_word' id='word_1_386' title='bbox 3820 1883 3872 1935; x_wconf 83' lang='lat' dir='ltr'><strong>in</strong></span> 
     </span>
    </p>
   </div>
   <div class='ocr_carea' id='block_1_50' title="bbox 2295 1970 3871 2027">
    <p class='ocr_par' dir='ltr' id='par_1_50' title="bbox 2295 1970 3871 2027">
     <span class='ocr_line' id='line_1_50' title="bbox 2295 1970 3871 2027; baseline -0.002 0"><span class='ocrx_word' id='word_1_387' title='bbox 2295 1983 2543 2027; x_wconf 88' lang='lat' dir='ltr'><strong>creatura</strong></span> <span class='ocrx_word' id='word_1_388' title='bbox 2570 1973 2686 2027; x_wconf 88' lang='lat' dir='ltr'><strong>sive</strong></span> <span class='ocrx_word' id='word_1_389' title='bbox 2708 1971 2905 2026; x_wconf 88' lang='lat' dir='ltr'><strong>visibili</strong></span> <span class='ocrx_word' id='word_1_390' title='bbox 2933 1973 3047 2025; x_wconf 91' lang='lat' dir='ltr'><strong>sive</strong></span> <span class='ocrx_word' id='word_1_391' title='bbox 3076 1970 3330 2025; x_wconf 88' lang='lat' dir='ltr'><strong>invisibili</strong></span> <span class='ocrx_word' id='word_1_392' title='bbox 3360 1973 3666 2025; x_wconf 85' lang='lat' dir='ltr'><strong>sentiuntur</strong></span> <span class='ocrx_word' id='word_1_393' title='bbox 3686 1973 3768 2026; x_wconf 89' lang='lat' dir='ltr'><strong>vel</strong></span> <span class='ocrx_word' id='word_1_394' title='bbox 3797 1972 3871 2024; x_wconf 71' lang='lat' dir='ltr'><strong>iw</strong></span> 
     </span>
    </p>
   </div>
   <div class='ocr_carea' id='block_1_51' title="bbox 2294 2062 3872 2131">
    <p class='ocr_par' dir='ltr' id='par_1_51' title="bbox 2294 2062 3872 2131">
     <span class='ocr_line' id='line_1_51' title="bbox 2294 2062 3872 2131; baseline -0.001 -16"><span class='ocrx_word' id='word_1_395' title='bbox 2294 2063 2629 2131; x_wconf 79' lang='lat' dir='ltr'><strong>telliguntur,</strong></span> <span class='ocrx_word' id='word_1_396' title='bbox 2681 2077 2867 2117; x_wconf 90' lang='lat' dir='ltr'><strong>eorum</strong></span> <span class='ocrx_word' id='word_1_397' title='bbox 2926 2062 3337 2131; x_wconf 88' lang='lat' dir='ltr'><strong>participatione</strong></span> <span class='ocrx_word' id='word_1_398' title='bbox 3384 2062 3704 2115; x_wconf 87' lang='lat' dir='ltr'><strong>subsistunt.</strong></span> <span class='ocrx_word' id='word_1_399' title='bbox 3754 2063 3872 2131; x_wconf 82' lang='lat' dir='ltr'><strong>lpsa</strong></span> 
     </span>
    </p>
   </div>
   <div class='ocr_carea' id='block_1_52' title="bbox 2293 2153 3872 2216">
    <p class='ocr_par' dir='ltr' id='par_1_52' title="bbox 2293 2153 3872 2216">
     <span class='ocr_line' id='line_1_52' title="bbox 2293 2153 3872 2216; baseline 0 -9"><span class='ocrx_word' id='word_1_400' title='bbox 2293 2170 2421 2207; x_wconf 90' lang='lat' dir='ltr'><strong>vero</strong></span> <span class='ocrx_word' id='word_1_401' title='bbox 2448 2154 2605 2208; x_wconf 88' lang='lat' dir='ltr'><strong>unius</strong></span> <span class='ocrx_word' id='word_1_402' title='bbox 2626 2154 2997 2208; x_wconf 85' lang='lat' dir='ltr'><strong>universorum</strong></span> <span class='ocrx_word' id='word_1_403' title='bbox 3025 2168 3242 2216; x_wconf 88' lang='lat' dir='ltr'><strong>causae,</strong></span> <span class='ocrx_word' id='word_1_404' title='bbox 3269 2168 3505 2206; x_wconf 87' lang='lat' dir='ltr'><strong>summae</strong></span> <span class='ocrx_word' id='word_1_405' title='bbox 3534 2153 3778 2206; x_wconf 85' lang='lat' dir='ltr'><strong>videlicet</strong></span> <span class='ocrx_word' id='word_1_406' title='bbox 3805 2169 3872 2207; x_wconf 85' lang='lat' dir='ltr'><strong>ac</strong></span> 
     </span>
    </p>
   </div>
   <div class='ocr_carea' id='block_1_53' title="bbox 2292 2243 3872 2312">
    <p class='ocr_par' dir='ltr' id='par_1_53' title="bbox 2292 2243 3872 2312">
     <span class='ocr_line' id='line_1_53' title="bbox 2292 2243 3872 2312; baseline 0.001 -16"><span class='ocrx_word' id='word_1_407' title='bbox 2292 2252 2512 2297; x_wconf 79' lang='lat' dir='ltr'><strong>sanctae</strong></span> <span class='ocrx_word' id='word_1_408' title='bbox 2550 2243 2857 2307; x_wconf 84' lang='lat' dir='ltr'><strong>Trinitatis,</strong></span> <span class='ocrx_word' id='word_1_409' title='bbox 2881 2243 3320 2312; x_wconf 88' lang='lat' dir='ltr'><strong>participationes</strong></span> <span class='ocrx_word' id='word_1_410' title='bbox 3359 2251 3505 2308; x_wconf 89' lang='lat' dir='ltr'><strong>sunt,</strong></span> <span class='ocrx_word' id='word_1_411' title='bbox 3546 2253 3706 2311; x_wconf 85' lang='lat' dir='ltr'><strong>atque</strong></span> <span class='ocrx_word' id='word_1_412' title='bbox 3749 2243 3872 2297; x_wconf 84' lang='lat' dir='ltr'><strong>ideo</strong></span> 
     </span>
    </p>
   </div>
   <div class='ocr_carea' id='block_1_54' title="bbox 2294 2333 3870 2402">
    <p class='ocr_par' dir='ltr' id='par_1_54' title="bbox 2294 2333 3870 2402">
     <span class='ocr_line' id='line_1_54' title="bbox 2294 2333 3870 2402; baseline 0.001 -16"><span class='ocrx_word' id='word_1_413' title='bbox 2294 2351 2390 2402; x_wconf 87' lang='lat' dir='ltr'><strong>per</strong></span> <span class='ocrx_word' id='word_1_414' title='bbox 2416 2349 2474 2388; x_wconf 91' lang='lat' dir='ltr'><strong>se</strong></span> <span class='ocrx_word' id='word_1_415' title='bbox 2502 2334 2756 2387; x_wconf 87' lang='lat' dir='ltr'><strong>dicuntur</strong></span> <span class='ocrx_word' id='word_1_416' title='bbox 2797 2348 2937 2397; x_wconf 89' lang='lat' dir='ltr'><strong>esse,</strong></span> <span class='ocrx_word' id='word_1_417' title='bbox 2982 2334 3107 2402; x_wconf 84' lang='lat' dir='ltr'><strong>quia</strong></span> <span class='ocrx_word' id='word_1_418' title='bbox 3135 2333 3277 2386; x_wconf 91' lang='lat' dir='ltr'><strong>nulla</strong></span> <span class='ocrx_word' id='word_1_419' title='bbox 3309 2341 3556 2387; x_wconf 84' lang='lat' dir='ltr'><strong>creatura</strong></span> <span class='ocrx_word' id='word_1_420' title='bbox 3584 2333 3725 2386; x_wconf 89' lang='lat' dir='ltr'><strong>inter</strong></span> <span class='ocrx_word' id='word_1_421' title='bbox 3756 2334 3870 2402; x_wconf 85' lang='lat' dir='ltr'><strong>ipsa</strong></span> 
     </span>
    </p>
   </div>
   <div class='ocr_carea' id='block_1_55' title="bbox 2292 2423 3871 2492">
    <p class='ocr_par' dir='ltr' id='par_1_55' title="bbox 2292 2423 3871 2492">
     <span class='ocr_line' id='line_1_55' title="bbox 2292 2423 3871 2492; baseline -0.001 -13"><span class='ocrx_word' id='word_1_422' title='bbox 2292 2435 2349 2479; x_wconf 90' lang='lat' dir='ltr'><strong>et</strong></span> <span class='ocrx_word' id='word_1_423' title='bbox 2373 2440 2533 2478; x_wconf 88' lang='lat' dir='ltr'><strong>unam</strong></span> <span class='ocrx_word' id='word_1_424' title='bbox 2561 2423 2801 2479; x_wconf 91' lang='lat' dir='ltr'><strong>omnium</strong></span> <span class='ocrx_word' id='word_1_425' title='bbox 2837 2439 3055 2477; x_wconf 84' lang='lat' dir='ltr'><strong>causam</strong></span> <span class='ocrx_word' id='word_1_426' title='bbox 3092 2424 3409 2492; x_wconf 87' lang='lat' dir='ltr'><strong>interposita</strong></span> <span class='ocrx_word' id='word_1_427' title='bbox 3436 2432 3541 2477; x_wconf 91' lang='lat' dir='ltr'><strong>est.</strong></span> <span class='ocrx_word' id='word_1_428' title='bbox 3576 2423 3642 2476; x_wconf 82' lang='lat' dir='ltr'><strong>Et</strong></span> <span class='ocrx_word' id='word_1_429' title='bbox 3676 2424 3729 2477; x_wconf 90' lang='lat' dir='ltr'><strong>in</strong></span> <span class='ocrx_word' id='word_1_430' title='bbox 3756 2423 3871 2492; x_wconf 83' lang='lat' dir='ltr'><strong>ipsa</strong></span> 
     </span>
    </p>
   </div>
   <div class='ocr_carea' id='block_1_56' title="bbox 2291 2514 3870 2583">
    <p class='ocr_par' dir='ltr' id='par_1_56' title="bbox 2291 2514 3870 2583">
     <span class='ocr_line' id='line_1_56' title="bbox 2291 2514 3870 2583; baseline -0.001 -13"><span class='ocrx_word' id='word_1_431' title='bbox 2291 2518 2419 2571; x_wconf 92' lang='lat' dir='ltr'><strong>dum</strong></span> <span class='ocrx_word' id='word_1_432' title='bbox 2459 2515 2869 2570; x_wconf 86' lang='lat' dir='ltr'><strong>immutabiliter</strong></span> <span class='ocrx_word' id='word_1_433' title='bbox 2910 2515 3228 2578; x_wconf 88' lang='lat' dir='ltr'><strong>subsistunt,</strong></span> <span class='ocrx_word' id='word_1_434' title='bbox 3264 2514 3641 2583; x_wconf 89' lang='lat' dir='ltr'><strong>primordiales</strong></span> <span class='ocrx_word' id='word_1_435' title='bbox 3677 2529 3870 2569; x_wconf 84' lang='lat' dir='ltr'><strong>causae</strong></span> 
     </span>
    </p>
   </div>
   <div class='ocr_carea' id='block_1_57' title="bbox 2289 2606 3869 2675">
    <p class='ocr_par' dir='ltr' id='par_1_57' title="bbox 2289 2606 3869 2675">
     <span class='ocr_line' id='line_1_57' title="bbox 2289 2606 3869 2675; baseline -0.003 -12"><span class='ocrx_word' id='word_1_436' title='bbox 2289 2609 2514 2663; x_wconf 86' lang='lat' dir='ltr'><strong>aliarum</strong></span> <span class='ocrx_word' id='word_1_437' title='bbox 2557 2623 2842 2662; x_wconf 83' lang='lat' dir='ltr'><strong>causarum</strong></span> <span class='ocrx_word' id='word_1_438' title='bbox 2893 2606 3232 2675; x_wconf 83' lang='lat' dir='ltr'><strong>sequentium</strong></span> <span class='ocrx_word' id='word_1_439' title='bbox 3283 2622 3341 2661; x_wconf 90' lang='lat' dir='ltr'><strong>se</strong></span> <span class='ocrx_word' id='word_1_440' title='bbox 3380 2616 3500 2660; x_wconf 87' lang='lat' dir='ltr'><strong>sunt</strong></span> <span class='ocrx_word' id='word_1_441' title='bbox 3529 2606 3573 2636; x_wconf 81' lang='grc'><strong>³⁸</strong></span> <span class='ocrx_word' id='word_1_442' title='bbox 3598 2620 3765 2674; x_wconf 88' lang='lat' dir='ltr'><strong>usque</strong></span> <span class='ocrx_word' id='word_1_443' title='bbox 3801 2606 3869 2658; x_wconf 88' lang='lat' dir='ltr'><strong>ad</strong></span> 
     </span>
    </p>
   </div>
   <div class='ocr_carea' id='block_1_58' title="bbox 2293 2693 3869 2753">
    <p class='ocr_par' dir='ltr' id='par_1_58' title="bbox 2293 2693 3869 2753">
     <span class='ocr_line' id='line_1_58' title="bbox 2293 2693 3869 2753; baseline -0.003 0"><span class='ocrx_word' id='word_1_444' title='bbox 2293 2708 2568 2753; x_wconf 79' lang='lat' dir='ltr'><strong>extremos</strong></span> <span class='ocrx_word' id='word_1_445' title='bbox 2591 2699 2753 2751; x_wconf 88' lang='lat' dir='ltr'><strong>totius</strong></span> <span class='ocrx_word' id='word_1_446' title='bbox 2776 2706 2999 2750; x_wconf 85' lang='lat' dir='ltr'><strong>naturae</strong></span> <span class='ocrx_word' id='word_1_447' title='bbox 3025 2696 3272 2750; x_wconf 89' lang='lat' dir='ltr'><strong>conditae</strong></span> <span class='ocrx_word' id='word_1_448' title='bbox 3293 2696 3419 2749; x_wconf 89' lang='lat' dir='ltr'><strong>etin</strong></span> <span class='ocrx_word' id='word_1_449' title='bbox 3444 2694 3705 2748; x_wconf 87' lang='lat' dir='ltr'><strong>inlinitmn</strong></span> <span class='ocrx_word' id='word_1_450' title='bbox 3731 2693 3869 2749; x_wconf 85' lang='lat' dir='ltr'><strong>mul-</strong></span> 
     </span>
    </p>
   </div>
   <div class='ocr_carea' id='block_1_59' title="bbox 2288 2782 3861 2856">
    <p class='ocr_par' dir='ltr' id='par_1_59' title="bbox 2288 2782 3861 2856">
     <span class='ocr_line' id='line_1_59' title="bbox 2288 2782 3861 2856; baseline -0.004 -15"><span class='ocrx_word' id='word_1_451' title='bbox 2288 2788 2557 2856; x_wconf 69' lang='lat' dir='ltr'><strong>tiplicatam</strong></span> <span class='ocrx_word' id='word_1_452' title='bbox 2583 2786 2930 2849; x_wconf 88' lang='lat' dir='ltr'><strong>terminos,in</strong></span> <span class='ocrx_word' id='word_1_453' title='bbox 2948 2788 2990 2823; x_wconf 71' lang='grc'><em>³³</em></span> <span class='ocrx_word' id='word_1_454' title='bbox 3016 2785 3281 2839; x_wconf 86' lang='lat' dir='ltr'><strong>inlinitum</strong></span> <span class='ocrx_word' id='word_1_455' title='bbox 3304 2784 3441 2847; x_wconf 85' lang='lat' dir='ltr'><strong>dico,</strong></span> <span class='ocrx_word' id='word_1_456' title='bbox 3469 2800 3572 2837; x_wconf 90' lang='lat' dir='ltr'><strong>non</strong></span> <span class='ocrx_word' id='word_1_457' title='bbox 3595 2782 3861 2844; x_wconf 83' lang='lat' dir='ltr'><strong>Creatori,</strong></span> 
     </span>
    </p>
   </div>
   <div class='ocr_carea' id='block_1_60' title="bbox 2287 2875 3871 2945">
    <p class='ocr_par' dir='ltr' id='par_1_60' title="bbox 2287 2875 3871 2945">
     <span class='ocr_line' id='line_1_60' title="bbox 2287 2875 3871 2945; baseline -0.004 -13"><span class='ocrx_word' id='word_1_458' title='bbox 2287 2882 2381 2932; x_wconf 83' lang='lat' dir='ltr'>st</span> <span class='ocrx_word' id='word_1_459' title='bbox 2415 2887 2731 2941; x_wconf 80' lang='lat' dir='ltr'><strong>creaturae;</strong></span> <span class='ocrx_word' id='word_1_460' title='bbox 2772 2877 2893 2930; x_wconf 87' lang='lat' dir='ltr'><strong>linis</strong></span> <span class='ocrx_word' id='word_1_461' title='bbox 2922 2878 3066 2931; x_wconf 89' lang='lat' dir='ltr'><strong>enim</strong></span> <span class='ocrx_word' id='word_1_462' title='bbox 3098 2875 3555 2945; x_wconf 86' lang='lat' dir='ltr'><strong>multiplicationis</strong></span> <span class='ocrx_word' id='word_1_463' title='bbox 3589 2885 3871 2929; x_wconf 75' lang='lat' dir='ltr'><strong>creatura-</strong></span> 
     </span>
    </p>
   </div>
   <div class='ocr_carea' id='block_1_61' title="bbox 2286 2964 3870 3039">
    <p class='ocr_par' dir='ltr' id='par_1_61' title="bbox 2286 2964 3870 3039">
     <span class='ocr_line' id='line_1_61' title="bbox 2286 2964 3870 3039; baseline -0.003 -17"><span class='ocrx_word' id='word_1_464' title='bbox 2286 2985 2403 3023; x_wconf 85' lang='lat' dir='ltr'><strong>rum</strong></span> <span class='ocrx_word' id='word_1_465' title='bbox 2430 2971 2527 3023; x_wconf 89' lang='lat' dir='ltr'><strong>soli</strong></span> <span class='ocrx_word' id='word_1_466' title='bbox 2556 2970 2797 3023; x_wconf 78' lang='lat' dir='ltr'><strong>Creatori</strong></span> <span class='ocrx_word' id='word_1_467' title='bbox 2821 2970 3067 3039; x_wconf 87' lang='lat' dir='ltr'><strong>cognitus</strong></span> <span class='ocrx_word' id='word_1_468' title='bbox 3091 2977 3196 3031; x_wconf 84' lang='lat' dir='ltr'><strong>est,</strong></span> <span class='ocrx_word' id='word_1_469' title='bbox 3220 2967 3342 3035; x_wconf 86' lang='lat' dir='ltr'><strong>quia</strong></span> <span class='ocrx_word' id='word_1_470' title='bbox 3374 2968 3488 3034; x_wconf 86' lang='lat' dir='ltr'><strong>ipse</strong></span> <span class='ocrx_word' id='word_1_471' title='bbox 3512 2974 3568 3019; x_wconf 89' lang='lat' dir='ltr'><strong>ct</strong></span> <span class='ocrx_word' id='word_1_472' title='bbox 3593 2981 3699 3019; x_wconf 89' lang='lat' dir='ltr'><strong>non</strong></span> <span class='ocrx_word' id='word_1_473' title='bbox 3728 2964 3870 3018; x_wconf 82' lang='lat' dir='ltr'><strong>alius</strong></span> 
     </span>
    </p>
   </div>
   <div class='ocr_carea' id='block_1_62' title="bbox 2286 3058 3866 3128">
    <p class='ocr_par' dir='ltr' id='par_1_62' title="bbox 2286 3058 3866 3128">
     <span class='ocr_line' id='line_1_62' title="bbox 2286 3058 3866 3128; baseline 0 -15"><span class='ocrx_word' id='word_1_474' title='bbox 2286 3069 2389 3114; x_wconf 89' lang='lat' dir='ltr'><strong>est.</strong></span> <span class='ocrx_word' id='word_1_475' title='bbox 2442 3060 2580 3112; x_wconf 87' lang='lat' dir='ltr'><strong>Sunt</strong></span> <span class='ocrx_word' id='word_1_476' title='bbox 2626 3058 2790 3128; x_wconf 82' lang='lat' dir='ltr'><strong>igitur</strong></span> <span class='ocrx_word' id='word_1_477' title='bbox 2823 3058 3197 3126; x_wconf 86' lang='lat' dir='ltr'><strong>primordiales</strong></span> <span class='ocrx_word' id='word_1_478' title='bbox 3235 3074 3463 3123; x_wconf 81' lang='lat' dir='ltr'><strong>causae,</strong></span> <span class='ocrx_word' id='word_1_479' title='bbox 3506 3074 3643 3128; x_wconf 85' lang='lat' dir='ltr'><strong>quas</strong></span> <span class='ocrx_word' id='word_1_480' title='bbox 3688 3074 3866 3113; x_wconf 81' lang='lat' dir='ltr'><strong>rerum</strong></span> 
     </span>
    </p>
   </div>
   <div class='ocr_carea' id='block_1_63' title="bbox 600 3139 3866 3220">
    <p class='ocr_par' dir='ltr' id='par_1_63' title="bbox 600 3139 3866 3220">
     <span class='ocr_line' id='line_1_63' title="bbox 600 3139 3866 3220; baseline -0.001 -10"><span class='ocrx_word' id='word_1_481' title='bbox 600 3157 801 3210; x_wconf 84' lang='lat' dir='ltr'><strong>cativae</strong></span> <span class='ocrx_word' id='word_1_482' title='bbox 829 3156 872 3187; x_wconf 74' lang='grc'><strong>³⁸</strong></span> <span class='ocrx_word' id='word_1_483' title='bbox 899 3156 1099 3209; x_wconf 86' lang='lat' dir='ltr'><strong>virtutis</strong></span> <span class='ocrx_word' id='word_1_484' title='bbox 1130 3153 1540 3220; x_wconf 80' lang='lat' dir='ltr'><strong>coessentiaeque</strong></span> <span class='ocrx_word' id='word_1_485' title='bbox 1570 3152 1610 3183; x_wconf 78' lang='grc'><strong>¹⁹</strong></span> <span class='ocrx_word' id='word_1_486' title='bbox 1647 3153 1699 3203; x_wconf 90' lang='lat' dir='ltr'><strong>in</strong></span> <span class='ocrx_word' id='word_1_487' title='bbox 1721 3151 2045 3214; x_wconf 81' lang='lat' dir='ltr'><strong>substantiis,</strong></span> <span class='ocrx_word' id='word_1_488' title='bbox 2080 3166 2183 3203; x_wconf 87' lang='lat' dir='ltr'><strong>non</strong></span> <span class='ocrx_word' id='word_1_489' title='bbox 2211 3139 2254 3202; x_wconf 89' lang='lat' dir='ltr'>C</span> <span class='ocrx_word' id='word_1_490' title='bbox 2287 3150 2525 3203; x_wconf 88' lang='lat' dir='ltr'><strong>omnium</strong></span> <span class='ocrx_word' id='word_1_491' title='bbox 2551 3149 2813 3218; x_wconf 88' lang='lat' dir='ltr'><strong>principia</strong></span> <span class='ocrx_word' id='word_1_492' title='bbox 2850 3149 3017 3203; x_wconf 88' lang='lat' dir='ltr'><strong>divini</strong></span> <span class='ocrx_word' id='word_1_493' title='bbox 3044 3151 3313 3217; x_wconf 87' lang='lat' dir='ltr'><strong>sapientes</strong></span> <span class='ocrx_word' id='word_1_494' title='bbox 3337 3149 3628 3219; x_wconf 84' lang='lat' dir='ltr'><strong>appellant,</strong></span> <span class='ocrx_word' id='word_1_495' title='bbox 3666 3165 3762 3220; x_wconf 84' lang='lat' dir='ltr'><strong>per</strong></span> <span class='ocrx_word' id='word_1_496' title='bbox 3782 3166 3866 3206; x_wconf 80' lang='lat' dir='ltr'><strong>se-</strong></span> 
     </span>
    </p>
   </div>
   <div class='ocr_carea' id='block_1_64' title="bbox 598 3237 2181 3313">
    <p class='ocr_par' dir='ltr' id='par_1_64' title="bbox 598 3237 2181 3313">
     <span class='ocr_line' id='line_1_64' title="bbox 598 3237 2181 3313; baseline -0.006 -16"><span class='ocrx_word' id='word_1_497' title='bbox 598 3254 658 3297; x_wconf 83' lang='lat' dir='ltr'><strong>ut</strong></span> <span class='ocrx_word' id='word_1_498' title='bbox 684 3245 1024 3313; x_wconf 88' lang='lat' dir='ltr'><strong>compositum</strong></span> <span class='ocrx_word' id='word_1_499' title='bbox 1053 3258 1118 3295; x_wconf 78' lang='lat' dir='ltr'><strong>ea:</strong></span> <span class='ocrx_word' id='word_1_500' title='bbox 1141 3242 1219 3294; x_wconf 79' lang='lat' dir='ltr'><strong>Itis</strong></span> <span class='ocrx_word' id='word_1_501' title='bbox 1244 3240 1561 3308; x_wconf 82' lang='lat' dir='ltr'><strong>suscipiatur</strong></span> <span class='ocrx_word' id='word_1_502' title='bbox 1579 3240 1832 3299; x_wconf 83' lang='lat' dir='ltr'><strong>divinum,</strong></span> <span class='ocrx_word' id='word_1_503' title='bbox 1862 3239 2019 3306; x_wconf 88' lang='lat' dir='ltr'><strong>quasi</strong></span> <span class='ocrx_word' id='word_1_504' title='bbox 2042 3237 2181 3289; x_wconf 83' lang='lat' dir='ltr'><strong>acci-</strong></span> 
     </span>
    </p>
   </div>
   <div class='ocr_carea' id='block_1_65' title="bbox 600 3325 2181 3387">
    <p class='ocr_par' dir='ltr' id='par_1_65' title="bbox 600 3325 2181 3387">
     <span class='ocr_line' id='line_1_65' title="bbox 600 3325 2181 3387; baseline -0.006 1"><span class='ocrx_word' id='word_1_505' title='bbox 600 3336 844 3387; x_wconf 84' lang='lat' dir='ltr'><strong>dentibus</strong></span> <span class='ocrx_word' id='word_1_506' title='bbox 869 3343 916 3385; x_wconf 88' lang='lat' dir='ltr'><strong>et</strong></span> <span class='ocrx_word' id='word_1_507' title='bbox 942 3347 1044 3385; x_wconf 86' lang='lat' dir='ltr'><strong>non</strong></span> <span class='ocrx_word' id='word_1_508' title='bbox 1071 3333 1125 3384; x_wconf 86' lang='lat' dir='ltr'><strong>in</strong></span> <span class='ocrx_word' id='word_1_509' title='bbox 1152 3331 1225 3384; x_wconf 86' lang='lat' dir='ltr'><strong>eis</strong></span> <span class='ocrx_word' id='word_1_510' title='bbox 1261 3329 1543 3382; x_wconf 75' lang='lat' dir='ltr'><strong>subsistens</strong></span> <span class='ocrx_word' id='word_1_511' title='bbox 1567 3327 1830 3380; x_wconf 86' lang='lat' dir='ltr'><strong>credatur.</strong></span> <span class='ocrx_word' id='word_1_512' title='bbox 1859 3325 2056 3379; x_wconf 80' lang='lat' dir='ltr'><strong>Moveri</strong></span> <span class='ocrx_word' id='word_1_513' title='bbox 2078 3326 2181 3378; x_wconf 78' lang='lat' dir='ltr'><strong>ita-</strong></span> 
     </span>
    </p>
   </div>
   <div class='ocr_carea' id='block_1_66' title="bbox 598 3418 2181 3491">
    <p class='ocr_par' dir='ltr' id='par_1_66' title="bbox 598 3418 2181 3491">
     <span class='ocr_line' id='line_1_66' title="bbox 598 3418 2181 3491; baseline -0.004 -17"><span class='ocrx_word' id='word_1_514' title='bbox 598 3439 699 3491; x_wconf 89' lang='lat' dir='ltr'><strong>que</strong></span> <span class='ocrx_word' id='word_1_515' title='bbox 730 3423 987 3476; x_wconf 83' lang='lat' dir='ltr'><strong>Divinitas</strong></span> <span class='ocrx_word' id='word_1_516' title='bbox 1014 3421 1208 3473; x_wconf 84' lang='lat' dir='ltr'><strong>dicitur</strong></span> <span class='ocrx_word' id='word_1_517' title='bbox 1225 3458 1239 3481; x_wconf 93' lang='lat'><strong>,</strong></span> <span class='ocrx_word' id='word_1_518' title='bbox 1265 3433 1427 3471; x_wconf 84' lang='lat' dir='ltr'><strong>causa</strong></span> <span class='ocrx_word' id='word_1_519' title='bbox 1454 3418 1640 3486; x_wconf 83' lang='lat' dir='ltr'><strong>quippe</strong></span> <span class='ocrx_word' id='word_1_520' title='bbox 1662 3426 1756 3479; x_wconf 89' lang='lat' dir='ltr'><strong>est,</strong></span> <span class='ocrx_word' id='word_1_521' title='bbox 1787 3431 1879 3483; x_wconf 87' lang='lat' dir='ltr'><strong>per</strong></span> <span class='ocrx_word' id='word_1_522' title='bbox 1897 3432 2048 3485; x_wconf 89' lang='lat' dir='ltr'><strong>quem</strong></span> <span class='ocrx_word' id='word_1_523' title='bbox 2066 3432 2181 3468; x_wconf 84' lang='lat' dir='ltr'><strong>mo-</strong></span> 
     </span>
    </p>
   </div>
   <div class='ocr_carea' id='block_1_67' title="bbox 599 3504 2178 3577">
    <p class='ocr_par' dir='ltr' id='par_1_67' title="bbox 599 3504 2178 3577">
     <span class='ocr_line' id='line_1_67' title="bbox 599 3504 2178 3577; baseline -0.003 -14"><span class='ocrx_word' id='word_1_524' title='bbox 599 3514 726 3563; x_wconf 87' lang='lat' dir='ltr'><strong>dum</strong></span> <span class='ocrx_word' id='word_1_525' title='bbox 769 3509 1001 3563; x_wconf 83' lang='lat' dir='ltr'><strong>subsistit</strong></span> <span class='ocrx_word' id='word_1_526' title='bbox 1046 3507 1432 3577; x_wconf 86' lang='lat' dir='ltr'><strong>inquisitionis;</strong></span> <span class='ocrx_word' id='word_1_527' title='bbox 1478 3521 1599 3559; x_wconf 80' lang='lat' dir='ltr'><strong>nam</strong></span> <span class='ocrx_word' id='word_1_528' title='bbox 1645 3507 1756 3558; x_wconf 86' lang='lat' dir='ltr'><strong>sine</strong></span> <span class='ocrx_word' id='word_1_529' title='bbox 1794 3504 2178 3559; x_wconf 87' lang='lat' dir='ltr'><strong>illuminatioue</strong></span> 
     </span>
    </p>
   </div>
   <div class='ocr_carea' id='block_1_68' title="bbox 594 3592 2179 3663">
    <p class='ocr_par' dir='ltr' id='par_1_68' title="bbox 594 3592 2179 3663">
     <span class='ocr_line' id='line_1_68' title="bbox 594 3592 2179 3663; baseline -0.004 -12"><span class='ocrx_word' id='word_1_530' title='bbox 594 3599 790 3652; x_wconf 74' lang='lat' dir='ltr'><strong>intueri</strong></span> <span class='ocrx_word' id='word_1_531' title='bbox 851 3596 1180 3650; x_wconf 86' lang='lat' dir='ltr'><strong>Divinitatem</strong></span> <span class='ocrx_word' id='word_1_532' title='bbox 1225 3593 1622 3663; x_wconf 85' lang='lat' dir='ltr'><strong>impossibilium</strong></span> <span class='ocrx_word' id='word_1_533' title='bbox 1656 3604 1751 3646; x_wconf 87' lang='lat' dir='ltr'><strong>est.</strong></span> <span class='ocrx_word' id='word_1_534' title='bbox 1801 3592 1933 3646; x_wconf 78' lang='lat' dir='ltr'><strong>Item</strong></span> <span class='ocrx_word' id='word_1_535' title='bbox 1986 3593 2179 3646; x_wconf 82' lang='lat' dir='ltr'><strong>dicitur</strong></span> 
     </span>
    </p>
   </div>
   <div class='ocr_carea' id='block_1_69' title="bbox 597 3684 2175 3758">
    <p class='ocr_par' dir='ltr' id='par_1_69' title="bbox 597 3684 2175 3758">
     <span class='ocr_line' id='line_1_69' title="bbox 597 3684 2175 3758; baseline -0.003 -16"><span class='ocrx_word' id='word_1_536' title='bbox 597 3691 795 3743; x_wconf 85' lang='lat' dir='ltr'><strong>moveri</strong></span> <span class='ocrx_word' id='word_1_537' title='bbox 823 3704 915 3758; x_wconf 87' lang='lat' dir='ltr'><strong>per</strong></span> <span class='ocrx_word' id='word_1_538' title='bbox 935 3687 1409 3756; x_wconf 73' lang='lat' dir='ltr'><strong>manifestationem</strong></span> <span class='ocrx_word' id='word_1_539' title='bbox 1439 3684 1833 3754; x_wconf 85' lang='lat' dir='ltr'><strong>particulariter</strong></span> <span class='ocrx_word' id='word_1_540' title='bbox 1854 3684 2175 3753; x_wconf 78' lang='lat' dir='ltr'><strong>perfectioris</strong></span> 
     </span>
    </p>
   </div>
   <div class='ocr_carea' id='block_1_70' title="bbox 596 3774 2174 3850">
    <p class='ocr_par' dir='ltr' id='par_1_70' title="bbox 596 3774 2174 3850">
     <span class='ocr_line' id='line_1_70' title="bbox 596 3774 2174 3850; baseline -0.004 -15"><span class='ocrx_word' id='word_1_541' title='bbox 596 3782 664 3835; x_wconf 89' lang='lat' dir='ltr'><strong>de</strong></span> <span class='ocrx_word' id='word_1_542' title='bbox 691 3782 805 3850; x_wconf 86' lang='lat' dir='ltr'><strong>ipsa</strong></span> <span class='ocrx_word' id='word_1_543' title='bbox 832 3779 1053 3833; x_wconf 80' lang='lat' dir='ltr'><strong>rationis</strong></span> <span class='ocrx_word' id='word_1_544' title='bbox 1080 3779 1365 3833; x_wconf 86' lang='lat' dir='ltr'><strong>secundum</strong></span> <span class='ocrx_word' id='word_1_545' title='bbox 1395 3791 1601 3831; x_wconf 87' lang='lat' dir='ltr'><strong>sacram</strong></span> <span class='ocrx_word' id='word_1_546' title='bbox 1636 3774 1966 3844; x_wconf 88' lang='lat' dir='ltr'><strong>Scripturam</strong></span> <span class='ocrx_word' id='word_1_547' title='bbox 1998 3776 2063 3829; x_wconf 89' lang='lat' dir='ltr'><strong>ab</strong></span> <span class='ocrx_word' id='word_1_548' title='bbox 2092 3776 2174 3830; x_wconf 90' lang='lat' dir='ltr'><strong>in-</strong></span> 
     </span>
    </p>
   </div>
   <div class='ocr_carea' id='block_1_71' title="bbox 594 3868 2175 3940">
    <p class='ocr_par' dir='ltr' id='par_1_71' title="bbox 594 3868 2175 3940">
     <span class='ocr_line' id='line_1_71' title="bbox 594 3868 2175 3940; baseline -0.002 -14"><span class='ocrx_word' id='word_1_549' title='bbox 594 3874 820 3927; x_wconf 79' lang='lat' dir='ltr'><strong>choante</strong></span> <span class='ocrx_word' id='word_1_550' title='bbox 845 3872 1057 3927; x_wconf 83' lang='lat' dir='ltr'><strong>Patrem</strong></span> <span class='ocrx_word' id='word_1_551' title='bbox 1076 3871 1307 3940; x_wconf 81' lang='lat' dir='ltr'><strong>conﬁteri</strong></span> <span class='ocrx_word' id='word_1_552' title='bbox 1331 3882 1377 3924; x_wconf 86' lang='lat' dir='ltr'><strong>et</strong></span> <span class='ocrx_word' id='word_1_553' title='bbox 1412 3878 1740 3940; x_wconf 83' lang='lat' dir='ltr'><strong>promovente</strong></span> <span class='ocrx_word' id='word_1_554' title='bbox 1765 3870 1833 3922; x_wconf 89' lang='lat' dir='ltr'><strong>ad</strong></span> <span class='ocrx_word' id='word_1_555' title='bbox 1861 3868 1904 3900; x_wconf 79' lang='lat'><strong>&quot;</strong></span> <span class='ocrx_word' id='word_1_556' title='bbox 1926 3870 2175 3937; x_wconf 80' lang='lat' dir='ltr'><strong>conﬁten-</strong></span> 
     </span>
    </p>
   </div>
   <div class='ocr_carea' id='block_1_72' title="bbox 593 3959 2178 4028">
    <p class='ocr_par' dir='ltr' id='par_1_72' title="bbox 593 3959 2178 4028">
     <span class='ocr_line' id='line_1_72' title="bbox 593 3959 2178 4028; baseline -0.003 -11"><span class='ocrx_word' id='word_1_557' title='bbox 593 3963 723 4017; x_wconf 67' lang='lat' dir='ltr'><strong>dum</strong></span> <span class='ocrx_word' id='word_1_558' title='bbox 751 3979 865 4016; x_wconf 86' lang='lat' dir='ltr'><strong>cum</strong></span> <span class='ocrx_word' id='word_1_559' title='bbox 884 3962 1047 4016; x_wconf 88' lang='lat' dir='ltr'><strong>Patre</strong></span> <span class='ocrx_word' id='word_1_560' title='bbox 1062 3961 1281 4025; x_wconf 84' lang='lat' dir='ltr'><strong>Filium,</strong></span> <span class='ocrx_word' id='word_1_561' title='bbox 1305 3972 1350 4014; x_wconf 89' lang='lat' dir='ltr'><strong>et</strong></span> <span class='ocrx_word' id='word_1_562' title='bbox 1368 3977 1485 4015; x_wconf 88' lang='lat' dir='ltr'><strong>cum</strong></span> <span class='ocrx_word' id='word_1_563' title='bbox 1514 3962 1675 4016; x_wconf 84' lang='lat' dir='ltr'><strong>Patre</strong></span> <span class='ocrx_word' id='word_1_564' title='bbox 1699 3972 1747 4015; x_wconf 87' lang='lat' dir='ltr'><strong>et</strong></span> <span class='ocrx_word' id='word_1_565' title='bbox 1766 3960 1905 4014; x_wconf 88' lang='lat' dir='ltr'><strong>Filio</strong></span> <span class='ocrx_word' id='word_1_566' title='bbox 1923 3959 2178 4028; x_wconf 74' lang='lat' dir='ltr'><strong>Spiritum</strong></span> 
     </span>
    </p>
   </div>
   <div class='ocr_carea' id='block_1_73' title="bbox 595 4051 2172 4121">
    <p class='ocr_par' dir='ltr' id='par_1_73' title="bbox 595 4051 2172 4121">
     <span class='ocr_line' id='line_1_73' title="bbox 595 4051 2172 4121; baseline -0.003 -14"><span class='ocrx_word' id='word_1_567' title='bbox 595 4063 837 4107; x_wconf 69' lang='lat' dir='ltr'><strong>attactum</strong></span> <span class='ocrx_word' id='word_1_568' title='bbox 867 4054 1249 4121; x_wconf 86' lang='lat' dir='ltr'><strong>accipiendum,</strong></span> <span class='ocrx_word' id='word_1_569' title='bbox 1274 4061 1321 4104; x_wconf 88' lang='lat' dir='ltr'><strong>et</strong></span> <span class='ocrx_word' id='word_1_570' title='bbox 1349 4053 1636 4106; x_wconf 87' lang='lat' dir='ltr'><strong>coadorare</strong></span> <span class='ocrx_word' id='word_1_571' title='bbox 1661 4052 1891 4104; x_wconf 85' lang='lat' dir='ltr'><strong>eruditos</strong></span> <span class='ocrx_word' id='word_1_572' title='bbox 1915 4051 2172 4118; x_wconf 86' lang='lat' dir='ltr'><strong>pulsante,</strong></span> 
     </span>
    </p>
   </div>
   <div class='ocr_carea' id='block_1_74' title="bbox 596 4140 2175 4210">
    <p class='ocr_par' dir='ltr' id='par_1_74' title="bbox 596 4140 2175 4210">
     <span class='ocr_line' id='line_1_74' title="bbox 596 4140 2175 4210; baseline -0.001 -16"><span class='ocrx_word' id='word_1_573' title='bbox 596 4142 883 4195; x_wconf 82' lang='lat' dir='ltr'><strong>trinitatem</strong></span> <span class='ocrx_word' id='word_1_574' title='bbox 903 4141 1184 4210; x_wconf 77' lang='lat' dir='ltr'><strong>perfectam</strong></span> <span class='ocrx_word' id='word_1_575' title='bbox 1210 4142 1267 4194; x_wconf 89' lang='lat' dir='ltr'><strong>in</strong></span> <span class='ocrx_word' id='word_1_576' title='bbox 1294 4142 1495 4194; x_wconf 82' lang='lat' dir='ltr'><strong>unitate</strong></span> <span class='ocrx_word' id='word_1_577' title='bbox 1519 4140 1771 4210; x_wconf 78' lang='lat' dir='ltr'><strong>perfecta,</strong></span> <span class='ocrx_word' id='word_1_578' title='bbox 1794 4140 1851 4194; x_wconf 89' lang='lat' dir='ltr'><strong>id</strong></span> <span class='ocrx_word' id='word_1_579' title='bbox 1890 4150 1986 4203; x_wconf 86' lang='lat' dir='ltr'><strong>est,</strong></span> <span class='ocrx_word' id='word_1_580' title='bbox 2016 4156 2175 4194; x_wconf 87' lang='lat' dir='ltr'><strong>unam</strong></span> 
     </span>
    </p>
   </div>
   <div class='ocr_carea' id='block_1_75' title="bbox 593 4231 2176 4300">
    <p class='ocr_par' dir='ltr' id='par_1_75' title="bbox 593 4231 2176 4300">
     <span class='ocr_line' id='line_1_75' title="bbox 593 4231 2176 4300; baseline -0.001 -15"><span class='ocrx_word' id='word_1_581' title='bbox 593 4233 872 4285; x_wconf 83' lang='lat' dir='ltr'><strong>essentiam</strong></span> <span class='ocrx_word' id='word_1_582' title='bbox 902 4243 949 4286; x_wconf 86' lang='lat' dir='ltr'><strong>et</strong></span> <span class='ocrx_word' id='word_1_583' title='bbox 976 4232 1221 4286; x_wconf 85' lang='lat' dir='ltr'><strong>deitatem</strong></span> <span class='ocrx_word' id='word_1_584' title='bbox 1265 4243 1313 4285; x_wconf 88' lang='lat' dir='ltr'><strong>et</strong></span> <span class='ocrx_word' id='word_1_585' title='bbox 1358 4233 1641 4299; x_wconf 86' lang='lat' dir='ltr'><strong>potentiam</strong></span> <span class='ocrx_word' id='word_1_586' title='bbox 1665 4240 1715 4285; x_wconf 83' lang='lat' dir='ltr'><strong>et</strong></span> <span class='ocrx_word' id='word_1_587' title='bbox 1740 4231 2094 4300; x_wconf 87' lang='lat' dir='ltr'><strong>operationem</strong></span> <span class='ocrx_word' id='word_1_588' title='bbox 2119 4232 2176 4284; x_wconf 86' lang='lat' dir='ltr'><strong>in</strong></span> 
     </span>
    </p>
   </div>
   <div class='ocr_carea' id='block_1_76' title="bbox 595 4321 2174 4392">
    <p class='ocr_par' dir='ltr' id='par_1_76' title="bbox 595 4321 2174 4392">
     <span class='ocr_line' id='line_1_76' title="bbox 595 4321 2174 4392; baseline -0.001 -17"><span class='ocrx_word' id='word_1_589' title='bbox 595 4323 763 4376; x_wconf 84' lang='lat' dir='ltr'><strong>tribus</strong></span> <span class='ocrx_word' id='word_1_590' title='bbox 805 4323 1128 4376; x_wconf 87' lang='lat' dir='ltr'><strong>substantiis.</strong></span> <span class='ocrx_word' id='word_1_591' title='bbox 1183 4321 1278 4377; x_wconf 80' lang='lat' dir='ltr'><strong>His</strong></span> <span class='ocrx_word' id='word_1_592' title='bbox 1326 4324 1506 4392; x_wconf 85' lang='lat' dir='ltr'><strong>itaque</strong></span> <span class='ocrx_word' id='word_1_593' title='bbox 1552 4323 1618 4377; x_wconf 82' lang='lat' dir='ltr'><strong>de</strong></span> <span class='ocrx_word' id='word_1_594' title='bbox 1673 4336 1884 4376; x_wconf 86' lang='lat' dir='ltr'><strong>summa</strong></span> <span class='ocrx_word' id='word_1_595' title='bbox 1933 4323 2174 4376; x_wconf 81' lang='lat' dir='ltr'><strong>onmium</strong></span> 
     </span>
    </p>
   </div>
   <div class='ocr_carea' id='block_1_77' title="bbox 597 4414 2177 4481">
    <p class='ocr_par' dir='ltr' id='par_1_77' title="bbox 597 4414 2177 4481">
     <span class='ocr_line' id='line_1_77' title="bbox 597 4414 2177 4481; baseline 0.001 -18"><span class='ocrx_word' id='word_1_596' title='bbox 597 4426 760 4465; x_wconf 86' lang='lat' dir='ltr'><strong>causa</strong></span> <span class='ocrx_word' id='word_1_597' title='bbox 787 4427 1071 4465; x_wconf 88' lang='lat' dir='ltr'><strong>causarum</strong></span> <span class='ocrx_word' id='word_1_598' title='bbox 1096 4415 1390 4467; x_wconf 87' lang='lat' dir='ltr'><strong>secundum</strong></span> <span class='ocrx_word' id='word_1_599' title='bbox 1415 4414 1738 4481; x_wconf 88' lang='lat' dir='ltr'><strong>parvitatem</strong></span> <span class='ocrx_word' id='word_1_600' title='bbox 1762 4421 1978 4466; x_wconf 87' lang='lat' dir='ltr'><strong>nostrae</strong></span> <span class='ocrx_word' id='word_1_601' title='bbox 2001 4414 2177 4466; x_wconf 82' lang='lat' dir='ltr'><strong>inten-</strong></span> 
     </span>
    </p>
   </div>
   <div class='ocr_carea' id='block_1_78' title="bbox 2284 3240 3863 3312">
    <p class='ocr_par' dir='ltr' id='par_1_78' title="bbox 2284 3240 3863 3312">
     <span class='ocr_line' id='line_1_78' title="bbox 2284 3240 3863 3312; baseline 0.001 -19"><span class='ocrx_word' id='word_1_602' title='bbox 2284 3241 2454 3308; x_wconf 88' lang='lat' dir='ltr'><strong>ipsam</strong></span> <span class='ocrx_word' id='word_1_603' title='bbox 2486 3241 2718 3303; x_wconf 88' lang='lat' dir='ltr'><strong>bonitas,</strong></span> <span class='ocrx_word' id='word_1_604' title='bbox 2766 3254 2862 3309; x_wconf 88' lang='lat' dir='ltr'><strong>per</strong></span> <span class='ocrx_word' id='word_1_605' title='bbox 2909 3240 3140 3309; x_wconf 81' lang='lat' dir='ltr'><strong>seipsam</strong></span> <span class='ocrx_word' id='word_1_606' title='bbox 3187 3241 3453 3305; x_wconf 85' lang='lat' dir='ltr'><strong>essentia,</strong></span> <span class='ocrx_word' id='word_1_607' title='bbox 3491 3257 3588 3310; x_wconf 88' lang='lat' dir='ltr'><strong>per</strong></span> <span class='ocrx_word' id='word_1_608' title='bbox 3627 3243 3863 3312; x_wconf 79' lang='lat' dir='ltr'><strong>seipsam</strong></span> 
     </span>
    </p>
   </div>
   <div class='ocr_carea' id='block_1_79' title="bbox 2282 3330 3865 3400">
    <p class='ocr_par' dir='ltr' id='par_1_79' title="bbox 2282 3330 3865 3400">
     <span class='ocr_line' id='line_1_79' title="bbox 2282 3330 3865 3400; baseline 0.003 -18"><span class='ocrx_word' id='word_1_609' title='bbox 2282 3331 2413 3393; x_wconf 78' lang='lat' dir='ltr'><strong>vita,</strong></span> <span class='ocrx_word' id='word_1_610' title='bbox 2444 3346 2540 3398; x_wconf 90' lang='lat' dir='ltr'><strong>per</strong></span> <span class='ocrx_word' id='word_1_611' title='bbox 2568 3330 2799 3397; x_wconf 90' lang='lat' dir='ltr'><strong>seipsam</strong></span> <span class='ocrx_word' id='word_1_612' title='bbox 2826 3331 3088 3399; x_wconf 87' lang='lat' dir='ltr'><strong>sapientia</strong></span> <span class='ocrx_word' id='word_1_613' title='bbox 3109 3370 3123 3394; x_wconf 94' lang='lat'><strong>,</strong></span> <span class='ocrx_word' id='word_1_614' title='bbox 3150 3346 3245 3398; x_wconf 90' lang='lat' dir='ltr'><strong>per</strong></span> <span class='ocrx_word' id='word_1_615' title='bbox 3265 3332 3494 3399; x_wconf 87' lang='lat' dir='ltr'><strong>seipsam</strong></span> <span class='ocrx_word' id='word_1_616' title='bbox 3526 3332 3743 3395; x_wconf 84' lang='lat' dir='ltr'><strong>veritas,</strong></span> <span class='ocrx_word' id='word_1_617' title='bbox 3769 3347 3865 3400; x_wconf 83' lang='lat' dir='ltr'><strong>per</strong></span> 
     </span>
    </p>
   </div>
   <div class='ocr_carea' id='block_1_80' title="bbox 2281 3420 3861 3492">
    <p class='ocr_par' dir='ltr' id='par_1_80' title="bbox 2281 3420 3861 3492">
     <span class='ocr_line' id='line_1_80' title="bbox 2281 3420 3861 3492; baseline 0.001 -18"><span class='ocrx_word' id='word_1_618' title='bbox 2281 3421 2510 3488; x_wconf 84' lang='lat' dir='ltr'><strong>seipsam</strong></span> <span class='ocrx_word' id='word_1_619' title='bbox 2545 3420 2847 3474; x_wconf 87' lang='lat' dir='ltr'><strong>intellectus</strong></span> <span class='ocrx_word' id='word_1_620' title='bbox 2867 3460 2881 3484; x_wconf 95' lang='lat'><strong>,</strong></span> <span class='ocrx_word' id='word_1_621' title='bbox 2912 3435 3010 3488; x_wconf 90' lang='lat' dir='ltr'><strong>per</strong></span> <span class='ocrx_word' id='word_1_622' title='bbox 3041 3420 3271 3489; x_wconf 88' lang='lat' dir='ltr'><strong>seipsam</strong></span> <span class='ocrx_word' id='word_1_623' title='bbox 3301 3423 3440 3475; x_wconf 87' lang='lat' dir='ltr'><strong>ratio</strong></span> <span class='ocrx_word' id='word_1_624' title='bbox 3459 3461 3475 3487; x_wconf 90' lang='lat'><strong>,</strong></span> <span class='ocrx_word' id='word_1_625' title='bbox 3514 3438 3612 3491; x_wconf 90' lang='lat' dir='ltr'><strong>per</strong></span> <span class='ocrx_word' id='word_1_626' title='bbox 3634 3423 3861 3492; x_wconf 87' lang='lat' dir='ltr'><strong>seipsam</strong></span> 
     </span>
    </p>
   </div>
   <div class='ocr_carea' id='block_1_81' title="bbox 2278 3511 3854 3583">
    <p class='ocr_par' dir='ltr' id='par_1_81' title="bbox 2278 3511 3854 3583">
     <span class='ocr_line' id='line_1_81' title="bbox 2278 3511 3854 3583; baseline 0.002 -18"><span class='ocrx_word' id='word_1_627' title='bbox 2278 3512 2481 3575; x_wconf 85' lang='lat' dir='ltr'><strong>virtus,</strong></span> <span class='ocrx_word' id='word_1_628' title='bbox 2508 3526 2605 3581; x_wconf 85' lang='lat' dir='ltr'><strong>per</strong></span> <span class='ocrx_word' id='word_1_629' title='bbox 2628 3511 2860 3581; x_wconf 89' lang='lat' dir='ltr'><strong>seipsam</strong></span> <span class='ocrx_word' id='word_1_630' title='bbox 2885 3511 3093 3579; x_wconf 85' lang='lat' dir='ltr'><strong>justitia</strong></span> <span class='ocrx_word' id='word_1_631' title='bbox 3117 3552 3132 3577; x_wconf 92' lang='lat'><strong>,</strong></span> <span class='ocrx_word' id='word_1_632' title='bbox 3166 3528 3264 3583; x_wconf 90' lang='lat' dir='ltr'><strong>per</strong></span> <span class='ocrx_word' id='word_1_633' title='bbox 3291 3516 3525 3582; x_wconf 89' lang='lat' dir='ltr'><strong>seipsam</strong></span> <span class='ocrx_word' id='word_1_634' title='bbox 3554 3514 3728 3579; x_wconf 86' lang='lat' dir='ltr'><strong>salus,</strong></span> <span class='ocrx_word' id='word_1_635' title='bbox 3756 3530 3854 3583; x_wconf 89' lang='lat' dir='ltr'><strong>per</strong></span> 
     </span>
    </p>
   </div>
   <div class='ocr_carea' id='block_1_82' title="bbox 2279 3603 3864 3675">
    <p class='ocr_par' dir='ltr' id='par_1_82' title="bbox 2279 3603 3864 3675">
     <span class='ocr_line' id='line_1_82' title="bbox 2279 3603 3864 3675; baseline 0.001 -18"><span class='ocrx_word' id='word_1_636' title='bbox 2279 3605 2512 3672; x_wconf 88' lang='lat' dir='ltr'><strong>seipsam</strong></span> <span class='ocrx_word' id='word_1_637' title='bbox 2550 3603 2891 3670; x_wconf 71' lang='lat' dir='ltr'><strong>magnitudo,</strong></span> <span class='ocrx_word' id='word_1_638' title='bbox 2918 3620 3016 3674; x_wconf 89' lang='lat' dir='ltr'><strong>per</strong></span> <span class='ocrx_word' id='word_1_639' title='bbox 3044 3607 3278 3675; x_wconf 89' lang='lat' dir='ltr'><strong>seipsam</strong></span> <span class='ocrx_word' id='word_1_640' title='bbox 3305 3607 3730 3675; x_wconf 87' lang='lat' dir='ltr'><strong>omnipotentia,</strong></span> <span class='ocrx_word' id='word_1_641' title='bbox 3768 3621 3864 3674; x_wconf 86' lang='lat' dir='ltr'><strong>per</strong></span> 
     </span>
    </p>
   </div>
   <div class='ocr_carea' id='block_1_83' title="bbox 2279 3693 3863 3764">
    <p class='ocr_par' dir='ltr' id='par_1_83' title="bbox 2279 3693 3863 3764">
     <span class='ocr_line' id='line_1_83' title="bbox 2279 3693 3863 3764; baseline 0 -17"><span class='ocrx_word' id='word_1_642' title='bbox 2279 3693 2509 3762; x_wconf 89' lang='lat' dir='ltr'><strong>seipsam</strong></span> <span class='ocrx_word' id='word_1_643' title='bbox 2534 3694 2851 3759; x_wconf 87' lang='lat' dir='ltr'><strong>aeternitas,</strong></span> <span class='ocrx_word' id='word_1_644' title='bbox 2875 3710 2969 3764; x_wconf 90' lang='lat' dir='ltr'><strong>per</strong></span> <span class='ocrx_word' id='word_1_645' title='bbox 2991 3696 3223 3764; x_wconf 85' lang='lat' dir='ltr'><strong>seipsam</strong></span> <span class='ocrx_word' id='word_1_646' title='bbox 3256 3711 3376 3764; x_wconf 76' lang='lat' dir='ltr'><strong>pax,</strong></span> <span class='ocrx_word' id='word_1_647' title='bbox 3402 3707 3456 3750; x_wconf 91' lang='lat' dir='ltr'><strong>et</strong></span> <span class='ocrx_word' id='word_1_648' title='bbox 3474 3711 3665 3751; x_wconf 81' lang='lat' dir='ltr'><strong>einnes</strong></span> <span class='ocrx_word' id='word_1_649' title='bbox 3695 3697 3863 3749; x_wconf 88' lang='lat' dir='ltr'><strong>virtu-</strong></span> 
     </span>
    </p>
   </div>
   <div class='ocr_carea' id='block_1_84' title="bbox 2278 3785 3862 3856">
    <p class='ocr_par' dir='ltr' id='par_1_84' title="bbox 2278 3785 3862 3856">
     <span class='ocr_line' id='line_1_84' title="bbox 2278 3785 3862 3856; baseline 0.001 -17"><span class='ocrx_word' id='word_1_650' title='bbox 2278 3794 2360 3840; x_wconf 91' lang='lat' dir='ltr'><strong>tes</strong></span> <span class='ocrx_word' id='word_1_651' title='bbox 2379 3794 2436 3840; x_wconf 89' lang='lat' dir='ltr'><strong>et</strong></span> <span class='ocrx_word' id='word_1_652' title='bbox 2460 3785 2718 3849; x_wconf 88' lang='lat' dir='ltr'><strong>rationes,</strong></span> <span class='ocrx_word' id='word_1_653' title='bbox 2743 3802 2880 3856; x_wconf 89' lang='lat' dir='ltr'><strong>quas</strong></span> <span class='ocrx_word' id='word_1_654' title='bbox 2909 3788 3077 3841; x_wconf 88' lang='lat' dir='ltr'><strong>semel</strong></span> <span class='ocrx_word' id='word_1_655' title='bbox 3100 3797 3157 3842; x_wconf 91' lang='lat' dir='ltr'><strong>et</strong></span> <span class='ocrx_word' id='word_1_656' title='bbox 3177 3789 3336 3843; x_wconf 89' lang='lat' dir='ltr'><strong>simul</strong></span> <span class='ocrx_word' id='word_1_657' title='bbox 3359 3788 3521 3842; x_wconf 89' lang='lat' dir='ltr'><strong>Pater</strong></span> <span class='ocrx_word' id='word_1_658' title='bbox 3548 3789 3674 3842; x_wconf 78' lang='lat' dir='ltr'><strong>fecit</strong></span> <span class='ocrx_word' id='word_1_659' title='bbox 3698 3789 3749 3841; x_wconf 90' lang='lat' dir='ltr'><strong>in</strong></span> <span class='ocrx_word' id='word_1_660' title='bbox 3774 3787 3862 3841; x_wconf 55' lang='lat' dir='ltr'><strong>lii-</strong></span> 
     </span>
    </p>
   </div>
   <div class='ocr_carea' id='block_1_85' title="bbox 2278 3874 3855 3944">
    <p class='ocr_par' dir='ltr' id='par_1_85' title="bbox 2278 3874 3855 3944">
     <span class='ocr_line' id='line_1_85' title="bbox 2278 3874 3855 3944; baseline 0.001 -16"><span class='ocrx_word' id='word_1_661' title='bbox 2278 3874 2372 3937; x_wconf 87' lang='lat' dir='ltr'><strong>lio,</strong></span> <span class='ocrx_word' id='word_1_662' title='bbox 2397 3885 2451 3929; x_wconf 90' lang='lat' dir='ltr'><strong>et</strong></span> <span class='ocrx_word' id='word_1_663' title='bbox 2474 3877 2767 3930; x_wconf 89' lang='lat' dir='ltr'><strong>secundum</strong></span> <span class='ocrx_word' id='word_1_664' title='bbox 2795 3891 2932 3944; x_wconf 88' lang='lat' dir='ltr'><strong>quas</strong></span> <span class='ocrx_word' id='word_1_665' title='bbox 2955 3879 3091 3931; x_wconf 89' lang='lat' dir='ltr'><strong>ordo</strong></span> <span class='ocrx_word' id='word_1_666' title='bbox 3120 3879 3357 3931; x_wconf 90' lang='lat' dir='ltr'><strong>omnium</strong></span> <span class='ocrx_word' id='word_1_667' title='bbox 3387 3893 3566 3931; x_wconf 90' lang='lat' dir='ltr'><strong>rerum</strong></span> <span class='ocrx_word' id='word_1_668' title='bbox 3594 3893 3623 3931; x_wconf 90' lang='lat' dir='ltr'><strong>a</strong></span> <span class='ocrx_word' id='word_1_669' title='bbox 3646 3895 3855 3933; x_wconf 84' lang='lat' dir='ltr'><strong>sulnmo</strong></span> 
     </span>
    </p>
   </div>
   <div class='ocr_carea' id='block_1_86' title="bbox 2240 3968 3860 4035">
    <p class='ocr_par' dir='ltr' id='par_1_86' title="bbox 2240 3968 3860 4035">
     <span class='ocr_line' id='line_1_86' title="bbox 2240 3968 3860 4035; baseline 0.002 -16"><span class='ocrx_word' id='word_1_670' title='bbox 2240 3982 2449 4035; x_wconf 28' lang='lat' dir='ltr'><strong>&#39;usque</strong></span> <span class='ocrx_word' id='word_1_671' title='bbox 2505 3968 2752 4022; x_wconf 84' lang='lat' dir='ltr'><strong>deorsum</strong></span> <span class='ocrx_word' id='word_1_672' title='bbox 2806 3968 3035 4031; x_wconf 76' lang='lat' dir='ltr'><strong>texitur,</strong></span> <span class='ocrx_word' id='word_1_673' title='bbox 3085 3969 3186 4022; x_wconf 90' lang='lat' dir='ltr'><strong>hoc</strong></span> <span class='ocrx_word' id='word_1_674' title='bbox 3225 3977 3336 4032; x_wconf 87' lang='lat' dir='ltr'><strong>est,</strong></span> <span class='ocrx_word' id='word_1_675' title='bbox 3390 3970 3458 4021; x_wconf 89' lang='lat' dir='ltr'><strong>ab</strong></span> <span class='ocrx_word' id='word_1_676' title='bbox 3511 3968 3860 4023; x_wconf 82' lang='lat' dir='ltr'><strong>intellectuali</strong></span> 
     </span>
    </p>
   </div>
   <div class='ocr_carea' id='block_1_87' title="bbox 2278 4058 3860 4127">
    <p class='ocr_par' dir='ltr' id='par_1_87' title="bbox 2278 4058 3860 4127">
     <span class='ocr_line' id='line_1_87' title="bbox 2278 4058 3860 4127; baseline -0.001 -15"><span class='ocrx_word' id='word_1_677' title='bbox 2278 4068 2547 4122; x_wconf 83' lang='lat' dir='ltr'><strong>creatura,</strong></span> <span class='ocrx_word' id='word_1_678' title='bbox 2583 4074 2719 4127; x_wconf 90' lang='lat' dir='ltr'><strong>quae</strong></span> <span class='ocrx_word' id='word_1_679' title='bbox 2758 4058 2865 4112; x_wconf 84' lang='lat' dir='ltr'><strong>Deo</strong></span> <span class='ocrx_word' id='word_1_680' title='bbox 2895 4068 3016 4127; x_wconf 90' lang='lat' dir='ltr'><strong>post</strong></span> <span class='ocrx_word' id='word_1_681' title='bbox 3047 4060 3213 4112; x_wconf 88' lang='lat' dir='ltr'><strong>Deum</strong></span> <span class='ocrx_word' id='word_1_682' title='bbox 3251 4060 3498 4127; x_wconf 74' lang='lat' dir='ltr'><strong>proxima</strong></span> <span class='ocrx_word' id='word_1_683' title='bbox 3537 4067 3642 4121; x_wconf 83' lang='lat' dir='ltr'><strong>est,</strong></span> <span class='ocrx_word' id='word_1_684' title='bbox 3687 4072 3860 4127; x_wconf 86' lang='lat' dir='ltr'><strong>usque</strong></span> 
     </span>
    </p>
   </div>
   <div class='ocr_carea' id='block_1_88' title="bbox 2277 4149 3859 4218">
    <p class='ocr_par' dir='ltr' id='par_1_88' title="bbox 2277 4149 3859 4218">
     <span class='ocr_line' id='line_1_88' title="bbox 2277 4149 3859 4218; baseline 0 -16"><span class='ocrx_word' id='word_1_685' title='bbox 2277 4149 2344 4204; x_wconf 86' lang='lat' dir='ltr'><strong>ad</strong></span> <span class='ocrx_word' id='word_1_686' title='bbox 2372 4158 2677 4204; x_wconf 84' lang='lat' dir='ltr'><strong>extremum</strong></span> <span class='ocrx_word' id='word_1_687' title='bbox 2709 4164 2888 4203; x_wconf 89' lang='lat' dir='ltr'><strong>rerum</strong></span> <span class='ocrx_word' id='word_1_688' title='bbox 2918 4150 3160 4203; x_wconf 91' lang='lat' dir='ltr'><strong>omnium</strong></span> <span class='ocrx_word' id='word_1_689' title='bbox 3185 4151 3464 4213; x_wconf 88' lang='lat' dir='ltr'><strong>ordinem,</strong></span> <span class='ocrx_word' id='word_1_690' title='bbox 3498 4165 3604 4218; x_wconf 91' lang='lat' dir='ltr'><strong>quo</strong></span> <span class='ocrx_word' id='word_1_691' title='bbox 3631 4164 3859 4217; x_wconf 86' lang='lat' dir='ltr'><strong>corpora</strong></span> 
     </span>
    </p>
   </div>
   <div class='ocr_carea' id='block_1_89' title="bbox 2277 4240 3859 4310">
    <p class='ocr_par' dir='ltr' id='par_1_89' title="bbox 2277 4240 3859 4310">
     <span class='ocr_line' id='line_1_89' title="bbox 2277 4240 3859 4310; baseline 0 -17"><span class='ocrx_word' id='word_1_692' title='bbox 2277 4240 2637 4294; x_wconf 84' lang='lat' dir='ltr'><strong>continentur.</strong></span> <span class='ocrx_word' id='word_1_693' title='bbox 2671 4240 3035 4310; x_wconf 82' lang='lat' dir='ltr'><strong>Quaecunque</strong></span> <span class='ocrx_word' id='word_1_694' title='bbox 3057 4242 3199 4294; x_wconf 80' lang='lat' dir='ltr'><strong>enim</strong></span> <span class='ocrx_word' id='word_1_695' title='bbox 3229 4243 3364 4295; x_wconf 87' lang='lat' dir='ltr'><strong>bona</strong></span> <span class='ocrx_word' id='word_1_696' title='bbox 3392 4251 3539 4305; x_wconf 89' lang='lat' dir='ltr'><strong>sunt,</strong></span> <span class='ocrx_word' id='word_1_697' title='bbox 3566 4241 3859 4310; x_wconf 83' lang='lat' dir='ltr'><strong>participa-</strong></span> 
     </span>
    </p>
   </div>
   <div class='ocr_carea' id='block_1_90' title="bbox 2279 4332 3858 4401">
    <p class='ocr_par' dir='ltr' id='par_1_90' title="bbox 2279 4332 3858 4401">
     <span class='ocr_line' id='line_1_90' title="bbox 2279 4332 3858 4401; baseline 0.001 -19"><span class='ocrx_word' id='word_1_698' title='bbox 2279 4332 2424 4384; x_wconf 91' lang='lat' dir='ltr'><strong>tione</strong></span> <span class='ocrx_word' id='word_1_699' title='bbox 2458 4346 2554 4399; x_wconf 89' lang='lat' dir='ltr'><strong>per</strong></span> <span class='ocrx_word' id='word_1_700' title='bbox 2580 4347 2638 4386; x_wconf 90' lang='lat' dir='ltr'><strong>se</strong></span> <span class='ocrx_word' id='word_1_701' title='bbox 2670 4332 2852 4386; x_wconf 73' lang='lat' dir='ltr'><strong>boni“</strong></span> <span class='ocrx_word' id='word_1_702' title='bbox 2874 4332 3014 4386; x_wconf 89' lang='lat' dir='ltr'><strong>bona</strong></span> <span class='ocrx_word' id='word_1_703' title='bbox 3043 4341 3197 4398; x_wconf 90' lang='lat' dir='ltr'><strong>sunt;</strong></span> <span class='ocrx_word' id='word_1_704' title='bbox 3225 4342 3648 4401; x_wconf 86' lang='lat' dir='ltr'><strong>etquaecuuque</strong></span> <span class='ocrx_word' id='word_1_705' title='bbox 3672 4348 3858 4386; x_wconf 83' lang='lat' dir='ltr'><strong>essen-</strong></span> 
     </span>
    </p>
   </div>
   <div class='ocr_carea' id='block_1_91' title="bbox 2283 4420 3857 4490">
    <p class='ocr_par' dir='ltr' id='par_1_91' title="bbox 2283 4420 3857 4490">
     <span class='ocr_line' id='line_1_91' title="bbox 2283 4420 3857 4490; baseline 0.001 -19"><span class='ocrx_word' id='word_1_706' title='bbox 2283 4420 2483 4472; x_wconf 88' lang='lat' dir='ltr'><strong>tialiter</strong></span> <span class='ocrx_word' id='word_1_707' title='bbox 2527 4430 2581 4474; x_wconf 87' lang='lat' dir='ltr'><strong>et</strong></span> <span class='ocrx_word' id='word_1_708' title='bbox 2621 4422 3051 4476; x_wconf 86' lang='lat' dir='ltr'><strong>substantialiter</strong></span> <span class='ocrx_word' id='word_1_709' title='bbox 3089 4421 3405 4485; x_wconf 85' lang='lat' dir='ltr'><strong>subsistunt,</strong></span> <span class='ocrx_word' id='word_1_710' title='bbox 3447 4422 3857 4490; x_wconf 83' lang='lat' dir='ltr'><strong>participatione</strong></span> 
     </span>
    </p>
   </div>
   <div class='ocr_carea' id='block_1_92' title="bbox 592 4477 3856 4582">
    <p class='ocr_par' dir='ltr' id='par_1_92' title="bbox 592 4477 3856 4582">
     <span class='ocr_line' id='line_1_92' title="bbox 592 4477 3856 4582; baseline -0 -16"><span class='ocrx_word' id='word_1_711' title='bbox 592 4499 759 4553; x_wconf 72' lang='grc' dir='ltr'><strong>ῑίοιιίε</strong></span> <span class='ocrx_word' id='word_1_712' title='bbox 777 4539 791 4563; x_wconf 71' lang='grc' dir='ltr'><em>υ</em></span> <span class='ocrx_word' id='word_1_713' title='bbox 816 4515 1030 4566; x_wconf 74' lang='grc' dir='ltr'><strong>(ιιιοίιυο</strong></span> <span class='ocrx_word' id='word_1_714' title='bbox 1054 4502 1212 4554; x_wconf 74' lang='grc' dir='ltr'><strong>ιηοάο</strong></span> <span class='ocrx_word' id='word_1_715' title='bbox 1239 4503 1349 4555; x_wconf 75' lang='lat' dir='ltr'><strong>Sim</strong></span> <span class='ocrx_word' id='word_1_716' title='bbox 1369 4505 1436 4566; x_wconf 70' lang='grc' dir='ltr'><strong>²¹ν</strong></span> <span class='ocrx_word' id='word_1_717' title='bbox 1470 4503 1825 4574; x_wconf 62' lang='lat' dir='ltr'><strong>investigatis.</strong></span> <span class='ocrx_word' id='word_1_718' title='bbox 1856 4516 1962 4556; x_wconf 83' lang='lat' dir='ltr'><strong>IIOII</strong></span> <span class='ocrx_word' id='word_1_719' title='bbox 1993 4516 2176 4556; x_wconf 74' lang='lat' dir='ltr'><strong>alitem</strong></span> <span class='ocrx_word' id='word_1_720' title='bbox 2209 4477 2255 4533; x_wconf 71' lang='grc' dir='ltr'><strong>θ</strong></span> <span class='ocrx_word' id='word_1_721' title='bbox 2283 4509 2452 4578; x_wconf 84' lang='lat' dir='ltr'><strong>ipsius</strong></span> <span class='ocrx_word' id='word_1_722' title='bbox 2476 4526 2574 4579; x_wconf 85' lang='lat' dir='ltr'><strong>per</strong></span> <span class='ocrx_word' id='word_1_723' title='bbox 2598 4513 2835 4579; x_wconf 88' lang='lat' dir='ltr'><strong>seipsam</strong></span> <span class='ocrx_word' id='word_1_724' title='bbox 2853 4513 3122 4568; x_wconf 85' lang='lat' dir='ltr'><strong>essentiae</strong></span> <span class='ocrx_word' id='word_1_725' title='bbox 3146 4477 3477 4578; x_wconf 38' lang='lat' dir='ltr'><strong>subsistunt}</strong></span> <span class='ocrx_word' id='word_1_726' title='bbox 3503 4477 3856 4582; x_wconf 72' lang='lat' dir='ltr'><strong>quaecunque</strong></span> 
     </span>
    </p>
   </div>
   <div class='ocr_carea' id='block_1_93' title="bbox 595 4590 2175 4662">
    <p class='ocr_par' dir='ltr' id='par_1_93' title="bbox 595 4590 2175 4662">
     <span class='ocr_line' id='line_1_93' title="bbox 595 4590 2175 4662; baseline 0.004 -21"><span class='ocrx_word' id='word_1_727' title='bbox 595 4598 805 4642; x_wconf 84' lang='lat' dir='ltr'><strong>temere</strong></span> <span class='ocrx_word' id='word_1_728' title='bbox 835 4590 1093 4654; x_wconf 86' lang='lat' dir='ltr'><strong>delinitis,</strong></span> <span class='ocrx_word' id='word_1_729' title='bbox 1121 4593 1187 4645; x_wconf 86' lang='lat' dir='ltr'><strong>ad</strong></span> <span class='ocrx_word' id='word_1_730' title='bbox 1215 4593 1588 4660; x_wconf 88' lang='lat' dir='ltr'><strong>primordiales</strong></span> <span class='ocrx_word' id='word_1_731' title='bbox 1621 4610 1832 4657; x_wconf 87' lang='lat' dir='ltr'><strong>causas,</strong></span> <span class='ocrx_word' id='word_1_732' title='bbox 1869 4595 2012 4648; x_wconf 89' lang='lat' dir='ltr'><strong>circa</strong></span> <span class='ocrx_word' id='word_1_733' title='bbox 2039 4606 2175 4662; x_wconf 88' lang='lat' dir='ltr'><strong>quas</strong></span> 
     </span>
    </p>
   </div>
   <div class='ocr_carea' id='block_1_94' title="bbox 594 4679 2172 4747">
    <p class='ocr_par' dir='ltr' id='par_1_94' title="bbox 594 4679 2172 4747">
     <span class='ocr_line' id='line_1_94' title="bbox 594 4679 2172 4747; baseline 0.005 -16"><span class='ocrx_word' id='word_1_734' title='bbox 594 4687 780 4731; x_wconf 84' lang='lat' dir='ltr'><strong>nostra</strong></span> <span class='ocrx_word' id='word_1_735' title='bbox 822 4679 1115 4746; x_wconf 88' lang='lat' dir='ltr'><strong>disputatio</strong></span> <span class='ocrx_word' id='word_1_736' title='bbox 1160 4691 1442 4747; x_wconf 88' lang='lat' dir='ltr'><strong>versatur,</strong></span> <span class='ocrx_word' id='word_1_737' title='bbox 1490 4685 1842 4740; x_wconf 87' lang='lat' dir='ltr'><strong>redeundum.</strong></span> <span class='ocrx_word' id='word_1_738' title='bbox 1884 4684 2033 4739; x_wconf 86' lang='lat' dir='ltr'><strong>Dtsc.</strong></span> <span class='ocrx_word' id='word_1_739' title='bbox 2065 4684 2172 4739; x_wconf 80' lang='lat' dir='ltr'><strong>Re-</strong></span> 
     </span>
    </p>
   </div>
   <div class='ocr_carea' id='block_1_95' title="bbox 599 4766 2026 4832">
    <p class='ocr_par' dir='ltr' id='par_1_95' title="bbox 599 4766 2026 4832">
     <span class='ocr_line' id='line_1_95' title="bbox 599 4766 2026 4832; baseline 0.006 -12"><span class='ocrx_word' id='word_1_740' title='bbox 599 4766 870 4821; x_wconf 88' lang='lat' dir='ltr'><strong>deundmn</strong></span> <span class='ocrx_word' id='word_1_741' title='bbox 902 4781 1065 4832; x_wconf 73' lang='lat' dir='ltr'><strong>sziiie;</strong></span> <span class='ocrx_word' id='word_1_742' title='bbox 1102 4769 1235 4822; x_wconf 87' lang='lat' dir='ltr'><strong>satis</strong></span> <span class='ocrx_word' id='word_1_743' title='bbox 1263 4771 1406 4824; x_wconf 64' lang='lat' dir='ltr'><strong>etaim</strong></span> <span class='ocrx_word' id='word_1_744' title='bbox 1434 4773 1478 4802; x_wconf 83' lang='grc'>”</span> <span class='ocrx_word' id='word_1_745' title='bbox 1510 4776 1576 4827; x_wconf 87' lang='lat' dir='ltr'><strong>de</strong></span> <span class='ocrx_word' id='word_1_746' title='bbox 1602 4775 1687 4828; x_wconf 87' lang='lat' dir='ltr'><strong>his</strong></span> <span class='ocrx_word' id='word_1_747' title='bbox 1714 4786 1798 4829; x_wconf 85' lang='lat' dir='ltr'><strong>est</strong></span> <span class='ocrx_word' id='word_1_748' title='bbox 1826 4784 2026 4829; x_wconf 89' lang='lat' dir='ltr'><strong>actum.</strong></span> 
     </span>
    </p>
   </div>
   <div class='ocr_carea' id='block_1_96' title="bbox 667 4855 2170 4932">
    <p class='ocr_par' dir='ltr' id='par_1_96' title="bbox 667 4855 2170 4932">
     <span class='ocr_line' id='line_1_96' title="bbox 667 4855 2170 4932; baseline 0.005 -21"><span class='ocrx_word' id='word_1_749' title='bbox 667 4856 759 4911; x_wconf 80' lang='grc'><strong>56.</strong></span> <span class='ocrx_word' id='word_1_750' title='bbox 793 4855 935 4911; x_wconf 77' lang='lat' dir='ltr'><strong>MAG.</strong></span> <span class='ocrx_word' id='word_1_751' title='bbox 967 4856 1174 4913; x_wconf 89' lang='lat' dir='ltr'><strong>Causae</strong></span> <span class='ocrx_word' id='word_1_752' title='bbox 1203 4859 1385 4928; x_wconf 89' lang='lat' dir='ltr'><strong>itaque</strong></span> <span class='ocrx_word' id='word_1_753' title='bbox 1409 4861 1783 4929; x_wconf 85' lang='lat' dir='ltr'><strong>primordiales</strong></span> <span class='ocrx_word' id='word_1_754' title='bbox 1827 4873 1980 4927; x_wconf 90' lang='lat' dir='ltr'><strong>sunt,</strong></span> <span class='ocrx_word' id='word_1_755' title='bbox 2026 4864 2170 4932; x_wconf 86' lang='lat' dir='ltr'><strong>quod</strong></span> 
     </span>
    </p>
   </div>
   <div class='ocr_carea' id='block_1_97' title="bbox 594 4944 2171 5022">
    <p class='ocr_par' dir='ltr' id='par_1_97' title="bbox 594 4944 2171 5022">
     <span class='ocr_line' id='line_1_97' title="bbox 594 4944 2171 5022; baseline 0.006 -22"><span class='ocrx_word' id='word_1_756' title='bbox 594 4951 651 5000; x_wconf 88' lang='lat' dir='ltr'><strong>et</strong></span> <span class='ocrx_word' id='word_1_757' title='bbox 707 4944 762 4999; x_wconf 90' lang='lat' dir='ltr'><strong>in</strong></span> <span class='ocrx_word' id='word_1_758' title='bbox 801 4947 1245 5015; x_wconf 86' lang='lat' dir='ltr'><strong>praecedentibus</strong></span> <span class='ocrx_word' id='word_1_759' title='bbox 1296 4950 1562 5017; x_wconf 75' lang='lat' dir='ltr'><strong>dixeram,</strong></span> <span class='ocrx_word' id='word_1_760' title='bbox 1607 4968 1742 5022; x_wconf 85' lang='lat' dir='ltr'><strong>quas</strong></span> <span class='ocrx_word' id='word_1_761' title='bbox 1790 4953 1982 5008; x_wconf 86' lang='lat' dir='ltr'><strong>Graeci</strong></span> <span class='ocrx_word' id='word_1_762' title='bbox 2022 4955 2171 5009; x_wconf 84' lang='lat' dir='ltr'><strong>ideas</strong></span> 
     </span>
    </p>
   </div>
   <div class='ocr_carea' id='block_1_98' title="bbox 591 5034 2168 5105">
    <p class='ocr_par' dir='ltr' id='par_1_98' title="bbox 591 5034 2168 5105">
     <span class='ocr_line' id='line_1_98' title="bbox 591 5034 2168 5105; baseline 0.009 -20"><span class='ocrx_word' id='word_1_763' title='bbox 591 5044 810 5099; x_wconf 79' lang='lat' dir='ltr'><strong>vocant,</strong></span> <span class='ocrx_word' id='word_1_764' title='bbox 840 5034 943 5090; x_wconf 90' lang='lat' dir='ltr'><strong>hoc</strong></span> <span class='ocrx_word' id='word_1_765' title='bbox 973 5046 1073 5099; x_wconf 86' lang='lat' dir='ltr'><strong>est,</strong></span> <span class='ocrx_word' id='word_1_766' title='bbox 1098 5040 1305 5105; x_wconf 81' lang='lat' dir='ltr'><strong>species</strong></span> <span class='ocrx_word' id='word_1_767' title='bbox 1331 5042 1413 5095; x_wconf 84' lang='lat' dir='ltr'><strong>vel</strong></span> <span class='ocrx_word' id='word_1_768' title='bbox 1436 5044 1632 5098; x_wconf 87' lang='lat' dir='ltr'><strong>l&#39;ormas</strong></span> <span class='ocrx_word' id='word_1_769' title='bbox 1659 5055 1906 5099; x_wconf 84' lang='lat' dir='ltr'><strong>aeternas</strong></span> <span class='ocrx_word' id='word_1_770' title='bbox 1930 5045 1973 5075; x_wconf 77' lang='grc'><strong>³³</strong></span> <span class='ocrx_word' id='word_1_771' title='bbox 1999 5056 2053 5099; x_wconf 89' lang='lat' dir='ltr'><strong>et</strong></span> <span class='ocrx_word' id='word_1_772' title='bbox 2085 5047 2168 5099; x_wconf 90' lang='lat' dir='ltr'><strong>in-</strong></span> 
     </span>
    </p>
   </div>
   <div class='ocr_carea' id='block_1_99' title="bbox 596 5128 2169 5205">
    <p class='ocr_par' dir='ltr' id='par_1_99' title="bbox 596 5128 2169 5205">
     <span class='ocr_line' id='line_1_99' title="bbox 596 5128 2169 5205; baseline 0.004 -22"><span class='ocrx_word' id='word_1_773' title='bbox 596 5128 1007 5183; x_wconf 79' lang='lat' dir='ltr'><strong>commutabiles</strong></span> <span class='ocrx_word' id='word_1_774' title='bbox 1032 5131 1289 5197; x_wconf 83' lang='lat' dir='ltr'><strong>rationes,</strong></span> <span class='ocrx_word' id='word_1_775' title='bbox 1321 5137 1612 5189; x_wconf 87' lang='lat' dir='ltr'><strong>secundum</strong></span> <span class='ocrx_word' id='word_1_776' title='bbox 1638 5150 1791 5205; x_wconf 86' lang='lat' dir='ltr'><strong>quas,</strong></span> <span class='ocrx_word' id='word_1_777' title='bbox 1816 5137 1945 5190; x_wconf 88' lang='lat' dir='ltr'><strong>etin</strong></span> <span class='ocrx_word' id='word_1_778' title='bbox 1975 5137 2169 5205; x_wconf 89' lang='lat' dir='ltr'><strong>quibus</strong></span> 
     </span>
    </p>
   </div>
   <div class='ocr_carea' id='block_1_100' title="bbox 2281 4600 3856 4671">
    <p class='ocr_par' dir='ltr' id='par_1_100' title="bbox 2281 4600 3856 4671">
     <span class='ocr_line' id='line_1_100' title="bbox 2281 4600 3856 4671; baseline 0.003 -21"><span class='ocrx_word' id='word_1_779' title='bbox 2281 4600 2486 4665; x_wconf 90' lang='lat' dir='ltr'><strong>vivunt,</strong></span> <span class='ocrx_word' id='word_1_780' title='bbox 2520 4603 2934 4671; x_wconf 85' lang='lat' dir='ltr'><strong>participatione</strong></span> <span class='ocrx_word' id='word_1_781' title='bbox 2971 4617 3067 4671; x_wconf 89' lang='lat' dir='ltr'><strong>per</strong></span> <span class='ocrx_word' id='word_1_782' title='bbox 3099 4602 3331 4671; x_wconf 87' lang='lat' dir='ltr'><strong>seipsam</strong></span> <span class='ocrx_word' id='word_1_783' title='bbox 3369 4603 3511 4656; x_wconf 83' lang='lat' dir='ltr'><strong>vitae</strong></span> <span class='ocrx_word' id='word_1_784' title='bbox 3544 4603 3707 4656; x_wconf 87' lang='lat' dir='ltr'><strong>vitam</strong></span> <span class='ocrx_word' id='word_1_785' title='bbox 3730 4616 3856 4671; x_wconf 85' lang='lat' dir='ltr'><strong>pos-</strong></span> 
     </span>
    </p>
   </div>
   <div class='ocr_carea' id='block_1_101' title="bbox 2279 4690 3854 4764">
    <p class='ocr_par' dir='ltr' id='par_1_101' title="bbox 2279 4690 3854 4764">
     <span class='ocr_line' id='line_1_101' title="bbox 2279 4690 3854 4764; baseline 0.001 -21"><span class='ocrx_word' id='word_1_786' title='bbox 2279 4690 2476 4745; x_wconf 88' lang='lat' dir='ltr'><strong>sident.</strong></span> <span class='ocrx_word' id='word_1_787' title='bbox 2506 4691 2767 4747; x_wconf 90' lang='lat' dir='ltr'><strong>Similiter</strong></span> <span class='ocrx_word' id='word_1_788' title='bbox 2788 4708 3138 4763; x_wconf 88' lang='lat' dir='ltr'><strong>quaecunque</strong></span> <span class='ocrx_word' id='word_1_789' title='bbox 3162 4695 3445 4764; x_wconf 85' lang='lat' dir='ltr'><strong>sapiuntet</strong></span> <span class='ocrx_word' id='word_1_790' title='bbox 3468 4693 3771 4763; x_wconf 80' lang='lat' dir='ltr'><strong>intelligunt</strong></span> <span class='ocrx_word' id='word_1_791' title='bbox 3796 4701 3854 4746; x_wconf 89' lang='lat' dir='ltr'><strong>et</strong></span> 
     </span>
    </p>
   </div>
   <div class='ocr_carea' id='block_1_102' title="bbox 2276 4780 3853 4853">
    <p class='ocr_par' dir='ltr' id='par_1_102' title="bbox 2276 4780 3853 4853">
     <span class='ocr_line' id='line_1_102' title="bbox 2276 4780 3853 4853; baseline 0.002 -21"><span class='ocrx_word' id='word_1_792' title='bbox 2276 4780 2617 4834; x_wconf 87' lang='lat' dir='ltr'><strong>rationabilia</strong></span> <span class='ocrx_word' id='word_1_793' title='bbox 2637 4791 2781 4846; x_wconf 90' lang='lat' dir='ltr'><strong>sunt,</strong></span> <span class='ocrx_word' id='word_1_794' title='bbox 2810 4783 3226 4852; x_wconf 87' lang='lat' dir='ltr'><strong>participatione</strong></span> <span class='ocrx_word' id='word_1_795' title='bbox 3244 4799 3341 4853; x_wconf 89' lang='lat' dir='ltr'><strong>per</strong></span> <span class='ocrx_word' id='word_1_796' title='bbox 3371 4784 3600 4853; x_wconf 87' lang='lat' dir='ltr'><strong>seipsam</strong></span> <span class='ocrx_word' id='word_1_797' title='bbox 3633 4783 3853 4851; x_wconf 81' lang='lat' dir='ltr'><strong>sapien-</strong></span> 
     </span>
    </p>
   </div>
   <div class='ocr_carea' id='block_1_103' title="bbox 2277 4870 3850 4946">
    <p class='ocr_par' dir='ltr' id='par_1_103' title="bbox 2277 4870 3850 4946">
     <span class='ocr_line' id='line_1_103' title="bbox 2277 4870 3850 4946; baseline 0.004 -25"><span class='ocrx_word' id='word_1_798' title='bbox 2277 4870 2401 4937; x_wconf 89' lang='lat' dir='ltr'><strong>tiae,</strong></span> <span class='ocrx_word' id='word_1_799' title='bbox 2441 4880 2497 4926; x_wconf 89' lang='lat' dir='ltr'><strong>et</strong></span> <span class='ocrx_word' id='word_1_800' title='bbox 2533 4888 2629 4941; x_wconf 89' lang='lat' dir='ltr'><strong>per</strong></span> <span class='ocrx_word' id='word_1_801' title='bbox 2664 4873 2896 4942; x_wconf 88' lang='lat' dir='ltr'><strong>seipsam</strong></span> <span class='ocrx_word' id='word_1_802' title='bbox 2942 4875 3360 4946; x_wconf 76' lang='lat' dir='ltr'><strong>intelligentiae,</strong></span> <span class='ocrx_word' id='word_1_803' title='bbox 3399 4884 3451 4930; x_wconf 93' lang='lat' dir='ltr'><strong>et</strong></span> <span class='ocrx_word' id='word_1_804' title='bbox 3487 4890 3584 4944; x_wconf 89' lang='lat' dir='ltr'><strong>per</strong></span> <span class='ocrx_word' id='word_1_805' title='bbox 3614 4877 3850 4942; x_wconf 82' lang='lat' dir='ltr'><strong>seipsam</strong></span> 
     </span>
    </p>
   </div>
   <div class='ocr_carea' id='block_1_104' title="bbox 2274 4962 3852 5033">
    <p class='ocr_par' dir='ltr' id='par_1_104' title="bbox 2274 4962 3852 5033">
     <span class='ocr_line' id='line_1_104' title="bbox 2274 4962 3852 5033; baseline 0.001 -19"><span class='ocrx_word' id='word_1_806' title='bbox 2274 4962 2503 5017; x_wconf 90' lang='lat' dir='ltr'><strong>rationis</strong></span> <span class='ocrx_word' id='word_1_807' title='bbox 2524 4964 2942 5033; x_wconf 86' lang='lat' dir='ltr'><strong>participatione</strong></span> <span class='ocrx_word' id='word_1_808' title='bbox 2969 4966 3208 5033; x_wconf 84' lang='lat' dir='ltr'><strong>sapiunt,</strong></span> <span class='ocrx_word' id='word_1_809' title='bbox 3242 4976 3299 5021; x_wconf 90' lang='lat' dir='ltr'><strong>et</strong></span> <span class='ocrx_word' id='word_1_810' title='bbox 3328 4965 3653 5033; x_wconf 83' lang='lat' dir='ltr'><strong>intelligunt,</strong></span> <span class='ocrx_word' id='word_1_811' title='bbox 3681 4974 3737 5017; x_wconf 91' lang='lat' dir='ltr'><strong>et</strong></span> <span class='ocrx_word' id='word_1_812' title='bbox 3765 4979 3852 5015; x_wconf 80' lang='lat' dir='ltr'><strong>ra-</strong></span> 
     </span>
    </p>
   </div>
   <div class='ocr_carea' id='block_1_105' title="bbox 2274 5051 3847 5131">
    <p class='ocr_par' dir='ltr' id='par_1_105' title="bbox 2274 5051 3847 5131">
     <span class='ocr_line' id='line_1_105' title="bbox 2274 5051 3847 5131; baseline 0.002 -28"><span class='ocrx_word' id='word_1_813' title='bbox 2274 5051 2621 5108; x_wconf 87' lang='lat' dir='ltr'><strong>tiocinantur.</strong></span> <span class='ocrx_word' id='word_1_814' title='bbox 2690 5055 2886 5109; x_wconf 82' lang='lat' dir='ltr'><strong>Eodem</strong></span> <span class='ocrx_word' id='word_1_815' title='bbox 2955 5058 3113 5131; x_wconf 80' lang='lat' dir='ltr'><strong>inodo</strong></span> <span class='ocrx_word' id='word_1_816' title='bbox 3170 5060 3237 5113; x_wconf 86' lang='lat' dir='ltr'><strong>de</strong></span> <span class='ocrx_word' id='word_1_817' title='bbox 3295 5058 3494 5112; x_wconf 84' lang='lat' dir='ltr'><strong>ceteris</strong></span> <span class='ocrx_word' id='word_1_818' title='bbox 3537 5056 3847 5111; x_wconf 86' lang='lat' dir='ltr'><strong>dicendum.</strong></span> 
     </span>
    </p>
   </div>
   <div class='ocr_carea' id='block_1_106' title="bbox 2275 5138 3849 5216">
    <p class='ocr_par' dir='ltr' id='par_1_106' title="bbox 2275 5138 3849 5216">
     <span class='ocr_line' id='line_1_106' title="bbox 2275 5138 3849 5216; baseline 0.001 -23"><span class='ocrx_word' id='word_1_819' title='bbox 2275 5138 2432 5196; x_wconf 84' lang='lat' dir='ltr'><strong>Nulla</strong></span> <span class='ocrx_word' id='word_1_820' title='bbox 2463 5144 2726 5212; x_wconf 90' lang='lat' dir='ltr'><strong>siquidem</strong></span> <span class='ocrx_word' id='word_1_821' title='bbox 2752 5145 2943 5212; x_wconf 88' lang='lat' dir='ltr'><strong>virtus,</strong></span> <span class='ocrx_word' id='word_1_822' title='bbox 2977 5147 3090 5201; x_wconf 89' lang='lat' dir='ltr'><strong>sive</strong></span> <span class='ocrx_word' id='word_1_823' title='bbox 3114 5147 3404 5215; x_wconf 84' lang='lat' dir='ltr'><strong>generalis.</strong></span> <span class='ocrx_word' id='word_1_824' title='bbox 3438 5147 3552 5201; x_wconf 90' lang='lat' dir='ltr'><strong>sive</strong></span> <span class='ocrx_word' id='word_1_825' title='bbox 3576 5143 3849 5216; x_wconf 77' lang='lat' dir='ltr'><strong>specialis,</strong></span> 
     </span>
    </p>
   </div>
   <div class='ocr_carea' id='block_1_107' title="bbox 1877 5265 2566 5328">
    <p class='ocr_par' dir='ltr' id='par_1_107' title="bbox 1877 5265 2566 5328">
     <span class='ocr_line' id='line_1_107' title="bbox 1877 5265 2566 5328; baseline 0.012 -8"><span class='ocrx_word' id='word_1_826' title='bbox 1877 5265 2132 5322; x_wconf 75' lang='lat' dir='ltr'><strong>V’ARIAE</strong></span> <span class='ocrx_word' id='word_1_827' title='bbox 2165 5268 2566 5328; x_wconf 79' lang='lat' dir='ltr'><strong>LECTIONES.</strong></span> 
     </span>
    </p>
   </div>
   <div class='ocr_carea' id='block_1_108' title="bbox 672 5370 2004 5442">
    <p class='ocr_par' dir='ltr' id='par_1_108' title="bbox 672 5370 2004 5442">
     <span class='ocr_line' id='line_1_108' title="bbox 672 5370 2004 5442; baseline 0.006 -19"><span class='ocrx_word' id='word_1_828' title='bbox 672 5370 1116 5442; x_wconf 74' lang='lat' dir='ltr'><strong>&#39;Cdeffunditur.</strong></span> <span class='ocrx_word' id='word_1_829' title='bbox 1191 5374 1299 5426; x_wconf 63' lang='lat' dir='ltr'><strong>&#39;sit</strong></span> <span class='ocrx_word' id='word_1_830' title='bbox 1337 5387 1445 5427; x_wconf 90' lang='lat' dir='ltr'><strong>om.</strong></span> <span class='ocrx_word' id='word_1_831' title='bbox 1477 5373 1537 5428; x_wconf 92' lang='lat' dir='ltr'><strong>C.</strong></span> <span class='ocrx_word' id='word_1_832' title='bbox 1617 5374 1638 5405; x_wconf 85' lang='grc'>⁸</span> <span class='ocrx_word' id='word_1_833' title='bbox 1679 5374 2004 5442; x_wconf 73' lang='lat' dir='ltr'><strong>Ain/initae.</strong></span> 
     </span>
    </p>
   </div>
   <div class='ocr_carea' id='block_1_109' title="bbox 590 5440 1630 5508">
    <p class='ocr_par' dir='ltr' id='par_1_109' title="bbox 590 5440 1630 5508">
     <span class='ocr_line' id='line_1_109' title="bbox 590 5440 1630 5508; baseline 0.007 -18"><span class='ocrx_word' id='word_1_834' title='bbox 590 5440 747 5508; x_wconf 83' lang='lat' dir='ltr'><strong>ritur.</strong></span> <span class='ocrx_word' id='word_1_835' title='bbox 822 5445 838 5471; x_wconf 74' lang='grc' dir='ltr'>ε</span> <span class='ocrx_word' id='word_1_836' title='bbox 877 5441 923 5491; x_wconf 86' lang='grc' dir='ltr'><strong>Α</strong></span> <span class='ocrx_word' id='word_1_837' title='bbox 964 5443 1246 5508; x_wconf 85' lang='lat' dir='ltr'><strong>appetitur.</strong></span> <span class='ocrx_word' id='word_1_838' title='bbox 1321 5443 1342 5473; x_wconf 80' lang='lat'><strong>’</strong></span> <span class='ocrx_word' id='word_1_839' title='bbox 1379 5447 1421 5496; x_wconf 81' lang='grc' dir='ltr'>Λ</span> <span class='ocrx_word' id='word_1_840' title='bbox 1450 5460 1630 5507; x_wconf 83' lang='lat' dir='ltr'><strong>supra.</strong></span> 
     </span>
    </p>
   </div>
   <div class='ocr_carea' id='block_1_110' title="bbox 590 5507 1818 5614">
    <p class='ocr_par' dir='ltr' id='par_1_110' title="bbox 590 5507 1818 5614">
     <span class='ocr_line' id='line_1_110' title="bbox 590 5507 1818 5583; baseline 0.003 -23"><span class='ocrx_word' id='word_1_841' title='bbox 590 5507 634 5560; x_wconf 79' lang='grc' dir='ltr'><strong>Δ</strong></span> <span class='ocrx_word' id='word_1_842' title='bbox 664 5516 917 5583; x_wconf 68' lang='lat' dir='ltr'><strong>moveipr.</strong></span> <span class='ocrx_word' id='word_1_843' title='bbox 993 5507 1041 5541; x_wconf 13' lang='lat'><strong>“7</strong></span> <span class='ocrx_word' id='word_1_844' title='bbox 1077 5512 1182 5564; x_wconf 83' lang='lat' dir='ltr'><strong>sive</strong></span> <span class='ocrx_word' id='word_1_845' title='bbox 1207 5527 1315 5564; x_wconf 77' lang='lat' dir='ltr'><strong>oui.</strong></span> <span class='ocrx_word' id='word_1_846' title='bbox 1338 5515 1402 5565; x_wconf 91' lang='lat' dir='ltr'><strong>A.</strong></span> <span class='ocrx_word' id='word_1_847' title='bbox 1481 5514 1525 5545; x_wconf 79' lang='lat'><strong>“‘</strong></span> <span class='ocrx_word' id='word_1_848' title='bbox 1562 5514 1603 5565; x_wconf 82' lang='grc' dir='ltr'><strong>Α</strong></span> <span class='ocrx_word' id='word_1_849' title='bbox 1635 5514 1818 5582; x_wconf 87' lang='lat' dir='ltr'><strong>primo.</strong></span> 
     </span>
     <span class='ocr_line' id='line_1_111' title="bbox 591 5581 1812 5614; baseline -0.002 0"><span class='ocrx_word' id='word_1_850' title='bbox 591 5583 1096 5614; x_wconf 64' lang='lat' dir='ltr'><strong>rnoxsnnlmsumnua</strong></span> <span class='ocrx_word' id='word_1_851' title='bbox 1191 5581 1235 5611; x_wconf 68' lang='lat' dir='ltr'><strong>i0</strong></span> <span class='ocrx_word' id='word_1_852' title='bbox 1257 5583 1294 5614; x_wconf 73' lang='grc' dir='ltr'><strong>ι’</strong></span> <span class='ocrx_word' id='word_1_853' title='bbox 1320 5584 1369 5614; x_wconf 70' lang='grc' dir='ltr'><strong>ἱ..</strong></span> <span class='ocrx_word' id='word_1_854' title='bbox 1470 5583 1511 5614; x_wconf 68' lang='lat' dir='ltr'><strong>Ii</strong></span> <span class='ocrx_word' id='word_1_855' title='bbox 1549 5585 1574 5614; x_wconf 76' lang='grc' dir='ltr'>Λ</span> <span class='ocrx_word' id='word_1_856' title='bbox 1769 5585 1812 5613; x_wconf 71' lang='grc' dir='ltr'>η</span> 
     </span>
    </p>
   </div>
   <div class='ocr_carea' id='block_1_111' title="bbox 591 5583 1919 5711">
    <p class='ocr_par' dir='ltr' id='par_1_111' title="bbox 591 5583 1919 5711">
     <span class='ocr_line' id='line_1_112' title="bbox 591 5583 1919 5646; baseline 0.009 -19"><span class='ocrx_word' id='word_1_857' title='bbox 591 5583 1116 5646; x_wconf 79' lang='lat' dir='ltr'><strong>coessentmmmque.</strong></span> <span class='ocrx_word' id='word_1_858' title='bbox 1191 5583 1235 5611; x_wconf 83' lang='grc'><strong>¹⁰</strong></span> <span class='ocrx_word' id='word_1_859' title='bbox 1257 5583 1296 5635; x_wconf 65' lang='grc' dir='ltr'><strong>(ὲ</strong></span> <span class='ocrx_word' id='word_1_860' title='bbox 1320 5584 1393 5635; x_wconf 87' lang='lat' dir='ltr'><strong>in.</strong></span> <span class='ocrx_word' id='word_1_861' title='bbox 1470 5583 1511 5614; x_wconf 83' lang='grc'>¹¹</span> <span class='ocrx_word' id='word_1_862' title='bbox 1542 5585 1581 5635; x_wconf 80' lang='grc' dir='ltr'><strong>Α</strong></span> <span class='ocrx_word' id='word_1_863' title='bbox 1598 5586 1690 5635; x_wconf 81' lang='lat' dir='ltr'><strong>sic.</strong></span> <span class='ocrx_word' id='word_1_864' title='bbox 1769 5585 1812 5613; x_wconf 80' lang='grc'><strong><em>²²</em></strong></span> <span class='ocrx_word' id='word_1_865' title='bbox 1842 5585 1919 5639; x_wconf 81' lang='lat' dir='ltr'><strong>Sit</strong></span> 
     </span>
     <span class='ocr_line' id='line_1_113' title="bbox 593 5642 1919 5711; baseline 0.013 -16"><span class='ocrx_word' id='word_1_866' title='bbox 593 5644 638 5676; x_wconf 82' lang='grc'><strong>⁸⁸</strong></span> <span class='ocrx_word' id='word_1_867' title='bbox 661 5655 706 5696; x_wconf 79' lang='lat' dir='ltr'><strong>c.‘</strong></span> <span class='ocrx_word' id='word_1_868' title='bbox 736 5658 838 5696; x_wconf 85' lang='lat' dir='ltr'><strong>om.</strong></span> <span class='ocrx_word' id='word_1_869' title='bbox 870 5642 935 5696; x_wconf 78' lang='grc' dir='ltr'><strong>Δ.</strong></span> <span class='ocrx_word' id='word_1_870' title='bbox 1013 5649 1053 5679; x_wconf 81' lang='grc'><strong>³⁷</strong></span> <span class='ocrx_word' id='word_1_871' title='bbox 1084 5658 1201 5703; x_wconf 84' lang='lat' dir='ltr'><strong>sunt</strong></span> <span class='ocrx_word' id='word_1_872' title='bbox 1229 5666 1334 5703; x_wconf 85' lang='lat' dir='ltr'><strong>Oltl.</strong></span> <span class='ocrx_word' id='word_1_873' title='bbox 1362 5654 1425 5705; x_wconf 80' lang='grc' dir='ltr'><strong>Α.</strong></span> <span class='ocrx_word' id='word_1_874' title='bbox 1503 5654 1546 5684; x_wconf 77' lang='grc'><strong>³⁸</strong></span> <span class='ocrx_word' id='word_1_875' title='bbox 1574 5664 1691 5706; x_wconf 73' lang='lat' dir='ltr'><strong>sunt</strong></span> <span class='ocrx_word' id='word_1_876' title='bbox 1721 5668 1828 5708; x_wconf 85' lang='lat' dir='ltr'><strong>om.</strong></span> <span class='ocrx_word' id='word_1_877' title='bbox 1855 5657 1919 5711; x_wconf 79' lang='grc' dir='ltr'><strong>Α.</strong></span> 
     </span>
    </p>
   </div>
   <div class='ocr_carea' id='block_1_112' title="bbox 2083 5381 2378 5451">
    <p class='ocr_par' dir='ltr' id='par_1_112' title="bbox 2083 5381 2378 5451">
     <span class='ocr_line' id='line_1_114' title="bbox 2083 5381 2378 5451; baseline 0.003 -17"><span class='ocrx_word' id='word_1_878' title='bbox 2083 5381 2105 5411; x_wconf 68' lang='grc'>⁸</span> <span class='ocrx_word' id='word_1_879' title='bbox 2124 5382 2163 5434; x_wconf 83' lang='grc' dir='ltr'><strong>Α</strong></span> <span class='ocrx_word' id='word_1_880' title='bbox 2198 5399 2378 5451; x_wconf 85' lang='lat' dir='ltr'><strong>quum.</strong></span> 
     </span>
    </p>
   </div>
   <div class='ocr_carea' id='block_1_113' title="bbox 1707 5444 2263 5517">
    <p class='ocr_par' dir='ltr' id='par_1_113' title="bbox 1707 5444 2263 5517">
     <span class='ocr_line' id='line_1_115' title="bbox 1707 5444 2263 5517; baseline 0.011 -20"><span class='ocrx_word' id='word_1_881' title='bbox 1707 5444 1749 5517; x_wconf 62' lang='lat' dir='ltr'><strong>f°</strong></span> <span class='ocrx_word' id='word_1_882' title='bbox 1785 5447 1826 5497; x_wconf 88' lang='lat' dir='ltr'><strong>A</strong></span> <span class='ocrx_word' id='word_1_883' title='bbox 1863 5444 2263 5517; x_wconf 65' lang='lat' dir='ltr'><strong>concupiscitur.</strong></span> 
     </span>
    </p>
   </div>
   <div class='ocr_carea' id='block_1_114' title="bbox 1900 5517 2309 5587">
    <p class='ocr_par' dir='ltr' id='par_1_114' title="bbox 1900 5517 2309 5587">
     <span class='ocr_line' id='line_1_116' title="bbox 1900 5517 2309 5587; baseline 0.012 -18"><span class='ocrx_word' id='word_1_884' title='bbox 1900 5517 1942 5546; x_wconf 66' lang='lat'><strong>“‘</strong></span> <span class='ocrx_word' id='word_1_885' title='bbox 1969 5519 2012 5570; x_wconf 77' lang='grc' dir='ltr'><strong>Α</strong></span> <span class='ocrx_word' id='word_1_886' title='bbox 2035 5532 2309 5587; x_wconf 75' lang='lat' dir='ltr'><strong>permovet.</strong></span> 
     </span>
    </p>
   </div>
   <div class='ocr_carea' id='block_1_115' title="bbox 1769 5585 2347 5646">
    <p class='ocr_par' dir='ltr' id='par_1_115' title="bbox 1769 5585 2347 5646">
     <span class='ocr_line' id='line_1_117' title="bbox 1769 5585 2347 5646; baseline 0.016 -10"><span class='ocrx_word' id='word_1_887' title='bbox 1769 5585 1812 5613; x_wconf 78' lang='grc'><strong><em>²²</em></strong></span> <span class='ocrx_word' id='word_1_888' title='bbox 1842 5585 1929 5639; x_wconf 83' lang='lat' dir='ltr'><strong>Sit‘</strong></span> <span class='ocrx_word' id='word_1_889' title='bbox 1956 5589 2015 5645; x_wconf 78' lang='lat' dir='ltr'><strong>A;</strong></span> <span class='ocrx_word' id='word_1_890' title='bbox 2035 5585 2082 5643; x_wconf 20' lang='lat' dir='ltr'><strong>VC</strong></span> <span class='ocrx_word' id='word_1_891' title='bbox 2105 5604 2182 5643; x_wconf 82' lang='lat' dir='ltr'><strong>sal</strong></span> <span class='ocrx_word' id='word_1_892' title='bbox 2207 5610 2347 5646; x_wconf 79' lang='lat' dir='ltr'><strong>natu.</strong></span> 
     </span>
    </p>
   </div>
   <div class='ocr_carea' id='block_1_116' title="bbox 1997 5664 2339 5715">
    <p class='ocr_par' dir='ltr' id='par_1_116' title="bbox 1997 5664 2339 5715">
     <span class='ocr_line' id='line_1_118' title="bbox 1997 5664 2339 5715; baseline 0.006 -2"><span class='ocrx_word' id='word_1_893' title='bbox 1997 5664 2102 5713; x_wconf 68' lang='lat' dir='ltr'><strong>“in</strong></span> <span class='ocrx_word' id='word_1_894' title='bbox 2136 5680 2240 5715; x_wconf 83' lang='lat' dir='ltr'><strong>om.</strong></span> <span class='ocrx_word' id='word_1_895' title='bbox 2278 5669 2339 5715; x_wconf 76' lang='grc' dir='ltr'><strong>Α.</strong></span> 
     </span>
    </p>
   </div>
   <div class='ocr_carea' id='block_1_117' title="bbox 2458 5386 3507 5460">
    <p class='ocr_par' dir='ltr' id='par_1_117' title="bbox 2458 5386 3507 5460">
     <span class='ocr_line' id='line_1_119' title="bbox 2458 5386 3507 5460; baseline 0.003 -20"><span class='ocrx_word' id='word_1_896' title='bbox 2458 5386 2479 5416; x_wconf 82' lang='grc'><strong><em>⁵</em></strong></span> <span class='ocrx_word' id='word_1_897' title='bbox 2503 5389 2547 5460; x_wconf 60' lang='grc' dir='ltr'>Α</span> <span class='ocrx_word' id='word_1_898' title='bbox 2577 5405 2670 5456; x_wconf 86' lang='lat' dir='ltr'><strong>per</strong></span> <span class='ocrx_word' id='word_1_899' title='bbox 2695 5391 2936 5457; x_wconf 83' lang='lat' dir='ltr'><strong>seipsam.</strong></span> <span class='ocrx_word' id='word_1_900' title='bbox 3014 5390 3034 5421; x_wconf 81' lang='grc'><strong>⁸</strong></span> <span class='ocrx_word' id='word_1_901' title='bbox 3058 5392 3100 5443; x_wconf 82' lang='grc' dir='ltr'><strong>Α</strong></span> <span class='ocrx_word' id='word_1_902' title='bbox 3127 5393 3507 5460; x_wconf 81' lang='lat' dir='ltr'><strong>concupiscent.</strong></span> 
     </span>
    </p>
   </div>
   <div class='ocr_carea' id='block_1_118' title="bbox 2344 5454 3606 5530">
    <p class='ocr_par' dir='ltr' id='par_1_118' title="bbox 2344 5454 3606 5530">
     <span class='ocr_line' id='line_1_120' title="bbox 2344 5454 3606 5530; baseline 0.006 -23"><span class='ocrx_word' id='word_1_903' title='bbox 2344 5454 2713 5530; x_wconf 34' lang='lat' dir='ltr'><strong>“irin—om.</strong></span> <span class='ocrx_word' id='word_1_904' title='bbox 2761 5454 2822 5513; x_wconf 73' lang='grc' dir='ltr'><strong>(Σ.</strong></span> <span class='ocrx_word' id='word_1_905' title='bbox 2903 5462 2944 5491; x_wconf 83' lang='grc'>¹²</span> <span class='ocrx_word' id='word_1_906' title='bbox 2974 5460 3016 5513; x_wconf 88' lang='grc' dir='ltr'>Α</span> <span class='ocrx_word' id='word_1_907' title='bbox 3059 5454 3427 5530; x_wconf 69' lang='lat' dir='ltr'><strong>ttsquetriada</strong></span> <span class='ocrx_word' id='word_1_908' title='bbox 3474 5470 3606 5515; x_wconf 89' lang='lat' dir='ltr'><strong>stat.</strong></span> 
     </span>
    </p>
   </div>
   <div class='ocr_carea' id='block_1_119' title="bbox 2390 5525 3851 5600">
    <p class='ocr_par' dir='ltr' id='par_1_119' title="bbox 2390 5525 3851 5600">
     <span class='ocr_line' id='line_1_121' title="bbox 2390 5525 3851 5600; baseline 0.005 -23"><span class='ocrx_word' id='word_1_909' title='bbox 2390 5525 2715 5600; x_wconf 33' lang='lat' dir='ltr'><strong>&quot;niis/mare</strong></span> <span class='ocrx_word' id='word_1_910' title='bbox 2760 5546 3009 5598; x_wconf 86' lang='lat' dir='ltr'><strong>unquam.</strong></span> <span class='ocrx_word' id='word_1_911' title='bbox 3084 5525 3195 5584; x_wconf 46' lang='lat' dir='ltr'><strong>“VA</strong></span> <span class='ocrx_word' id='word_1_912' title='bbox 3245 5533 3640 5600; x_wconf 79' lang='lat' dir='ltr'><strong>signiﬁcativae.</strong></span> <span class='ocrx_word' id='word_1_913' title='bbox 3720 5530 3761 5560; x_wconf 79' lang='lat'><strong>“’</strong></span> <span class='ocrx_word' id='word_1_914' title='bbox 3805 5532 3851 5585; x_wconf 74' lang='grc' dir='ltr'>Α</span> 
     </span>
    </p>
   </div>
   <div class='ocr_carea' id='block_1_120' title="bbox 2423 5596 3845 5664">
    <p class='ocr_par' dir='ltr' id='par_1_120' title="bbox 2423 5596 3845 5664">
     <span class='ocr_line' id='line_1_122' title="bbox 2423 5596 3845 5664; baseline 0.006 -19"><span class='ocrx_word' id='word_1_915' title='bbox 2423 5596 2469 5624; x_wconf 71' lang='grc'><strong>’³</strong></span> <span class='ocrx_word' id='word_1_916' title='bbox 2501 5598 2539 5647; x_wconf 73' lang='grc' dir='ltr'><strong>Λ</strong></span> <span class='ocrx_word' id='word_1_917' title='bbox 2571 5596 2850 5650; x_wconf 46' lang='lat' dir='ltr'><strong>aeternam</strong></span> <span class='ocrx_word' id='word_1_918' title='bbox 2908 5603 2953 5630; x_wconf 77' lang='lat'><strong>’”</strong></span> <span class='ocrx_word' id='word_1_919' title='bbox 2976 5602 3017 5654; x_wconf 83' lang='lat' dir='ltr'><strong>A</strong></span> <span class='ocrx_word' id='word_1_920' title='bbox 3049 5614 3251 5656; x_wconf 76' lang='lat' dir='ltr'><strong>vocant.</strong></span> <span class='ocrx_word' id='word_1_921' title='bbox 3292 5596 3307 5600; x_wconf 15' lang='grc' dir='ltr'><strong>’ν</strong></span> <span class='ocrx_word' id='word_1_922' title='bbox 3330 5596 3574 5664; x_wconf 60' lang='grc' dir='ltr'><strong>115’δὶεΑς</strong></span> <span class='ocrx_word' id='word_1_923' title='bbox 3600 5600 3710 5655; x_wconf 74' lang='lat' dir='ltr'><strong>Ct&#39;n</strong></span> <span class='ocrx_word' id='word_1_924' title='bbox 3739 5599 3845 5653; x_wconf 79' lang='lat' dir='ltr'><strong>Itis.</strong></span> 
     </span>
    </p>
   </div>
   <div class='ocr_carea' id='block_1_121' title="bbox 2418 5664 2893 5731">
    <p class='ocr_par' dir='ltr' id='par_1_121' title="bbox 2418 5664 2893 5731">
     <span class='ocr_line' id='line_1_123' title="bbox 2418 5664 2893 5731; baseline 0.013 -16"><span class='ocrx_word' id='word_1_925' title='bbox 2418 5664 2461 5693; x_wconf 70' lang='grc' dir='ltr'><strong>⁵ο</strong></span> <span class='ocrx_word' id='word_1_926' title='bbox 2484 5667 2520 5715; x_wconf 75' lang='grc' dir='ltr'>Α</span> <span class='ocrx_word' id='word_1_927' title='bbox 2549 5669 2686 5731; x_wconf 84' lang='lat' dir='ltr'><strong>boni,</strong></span> <span class='ocrx_word' id='word_1_928' title='bbox 2713 5685 2802 5725; x_wconf 78' lang='lat' dir='ltr'><strong>per</strong></span> <span class='ocrx_word' id='word_1_929' title='bbox 2824 5685 2893 5721; x_wconf 79' lang='lat' dir='ltr'><strong>se.</strong></span> 
     </span>
    </p>
   </div>
  </div>
