4236 6274
377 5403 388 5458 i

410 417 511 474 6l‘l

1221 405 1310 460 nu
1348 399 1684 458 mvxswna
1724 393 2072 453 NATL‘RAE.
2114 419 2184 434 -
2222 371 2420 443 LIBER
2459 381 2842 440 SECUNDUS.

3563 375 3667 430 (ilS

415 534 471 588 in
505 537 698 584 natura
737 535 912 580 rerum
955 519 1244 584 iuveliitur,
1287 533 1428 587 quae
1477 531 1506 570 τι
1545 512 1982 584 primordialibus
2015 511 2058 568 Α
2089 505 2354 562 unitatem,
2379 509 2426 555 et
2451 499 2806 554 ordinatorum
2828 503 2882 547 ut
2908 493 3266 546 ordinatorum
3293 507 3384 558 per
3405 506 3458 544 se
3499 491 3666 558 ipsam

417 613 596 676 causis
625 615 876 672 ineffabili
910 611 1316 683 participatione
1340 625 1443 662 non
1479 607 1750 675 procedat.
1791 603 1897 657 Sed
1922 618 1988 656 ne

417 712 540 780 quis
568 707 858 767 existimet,
887 718 1024 772 quae
1061 702 1127 756 de
1167 699 1599 770 primordialilms
1627 696 1808 750 causis
1847 693 1984 746 dixi-

417 815 559 861 mus,
586 795 779 850 nullius
803 792 1144 862 auctoritatis
1174 787 1474 842 munimine
1498 785 1695 847 fulciri,
1718 783 1986 852 quaedam

415 903 482 941 ex
519 885 653 938 libro
681 883 851 938 sancti
879 882 1049 949 patris
1097 881 1112 910 ί
1149 878 1386 948 Dionysii
1429 877 1496 930 de
1519 875 1714 930 divinis
1745 872 1988 926 Nomini—

413 977 512 1030 bus
539 973 665 1027 huic
689 972 840 1040 operi
887 973 1129 1024 inserere
1169 984 1274 1022 non
1311 968 1666 1040 incongruum
1710 963 1984 1016 duximus.

413 1069 555 1122 DISC.
589 1064 674 1119 Nil
709 1065 908 1134 aptius,
947 1063 1024 1116 nil
1053 1062 1196 1116 veris
1239 1058 1537 1114 rationibus
1577 1055 1987 1112 convenientius

407 1157 772 1226 subjuugitur,
787 1169 949 1222 quam
967 1161 1275 1207 sanctorum
1298 1150 1517 1203 Patrum
1543 1149 1858 1202 inconcussa
1872 1160 1992 1214 pro-

411 1250 716 1316 babillsque
754 1247 1069 1301 auctoritas.
1115 1243 1253 1297 Msa.
1299 1243 1388 1294 Ait
1424 1256 1552 1310 ergo
1597 1241 1648 1292 in
1707 1238 1988 1292 ulidecimo

411 1338 676 1407 praedicti
699 1337 780 1392 sui
817 1336 940 1390 libri
971 1333 1204 1404 capitulo
1231 1351 1242 1385 :
1277 1330 1416 1396 Quid
1447 1341 1619 1383 autem
1651 1329 1880 1390 omnino,
1909 1329 1988 1380 in—

410 1429 552 1498 quis,
598 1427 734 1498 quod
777 1443 869 1494 per
903 1426 1126 1493 seipsum
1183 1439 1292 1476 esse
1329 1422 1525 1474 dictum
1560 1429 1655 1484 est,
1700 1427 1790 1470 aut
1833 1419 1852 1446 ²
1898 1433 1990 1485 per

410 1519 638 1586 seipsum
671 1517 791 1578 vita,
831 1525 920 1567 aut
943 1528 1275 1583 quaecunque
1296 1509 1530 1564 absolute
1558 1518 1604 1562 et
1632 1506 1991 1577 principaliter

409 1626 521 1662 esse
575 1608 926 1676 exposuimus.
993 1602 1108 1656 Hoc
1165 1603 1387 1656 dicimus
1445 1617 1550 1654 non
1601 1611 1675 1654 est
1738 1616 1988 1668 pravum,

404 1699 498 1752 sed
531 1707 746 1758 rectum,
789 1706 836 1749 et
876 1694 1162 1764 simplicem
1203 1691 1608 1746 declarationem
1649 1690 1820 1742 habet.
1867 1687 1990 1740 Non

403 1791 542 1844 enim
579 1789 857 1842 essentiam
891 1786 1157 1856 quandam
1188 1785 1416 1838 divinam
1449 1781 1526 1837 vel
1556 1782 1846 1852 angelicam
1877 1797 1986 1834 esse

404 1879 629 1931 dicimus
657 1877 680 1908 ³
722 1895 813 1947 per
834 1878 1056 1946 seipsam
1084 1875 1350 1929 existendo
1392 1873 1668 1938 existendi,
1689 1889 1822 1942 quae
1843 1881 1984 1935 sunt,

407 1981 643 2019 causam.
673 1963 1008 2019 Sotnmmodo
1023 1965 1160 2016 enim
1183 1963 1436 2016 existendi
1468 1962 1662 2024 omnia,
1699 1977 1831 2031 quae
1846 1971 1988 2024 sunt,

407 2065 456 2108 et
486 2056 794 2108 subsistendi
820 2053 840 2084 ³
861 2056 1030 2122 ipsum
1055 2071 1164 2108 esse
1205 2053 1638 2121 superessentiale
1673 2053 1992 2121 principium

407 2154 456 2197 et
514 2145 764 2197 essentiae
804 2143 825 2174 ⁸
871 2141 1097 2204 causale,
1145 2157 1307 2212 neque
1344 2143 1476 2196 vitae
1513 2151 1780 2212 parentem
1827 2139 1990 2192 aliam

408 2235 654 2288 deitatem
695 2243 899 2304 praeter
935 2233 1322 2302 superdivinam
1361 2233 1622 2296 omnium,
1654 2249 1990 2302 quaecunque

408 2327 589 2378 vivunt
627 2333 674 2378 et
702 2325 870 2377 editae
904 2325 1034 2378 vitae
1063 2341 1278 2377 causam
1307 2325 1482 2376 vitam.
1507 2323 1613 2378 Sed
1647 2339 1738 2390 per
1763 2323 1990 2391 seipsum

411 2431 522 2468 esse
568 2423 614 2468 et
655 2431 745 2480 per
787 2415 1006 2482 seipsam
1048 2414 1205 2466 vitam
1243 2425 1291 2466 et
1334 2429 1426 2482 per
1477 2413 1702 2482 seipsam
1749 2412 1990 2466 deitatem

411 2507 638 2558 dicimus
668 2503 1028 2572 principaliter
1062 2503 1270 2574 quidem
1301 2513 1346 2555 et
1379 2503 1705 2572 deiformiter
1727 2513 1774 2556 et
1806 2521 1994 2557 causa-

409 2595 532 2647 liter
553 2611 714 2646 unum
747 2609 977 2646 omnium
1009 2593 1453 2662 superprincipale
1484 2603 1529 2647 et
1568 2595 1993 2663 superessentiale

409 2687 724 2754 principium
755 2693 804 2739 et
852 2703 1089 2750 causam,
1115 2685 1496 2756 participaliter
1534 2696 1708 2739 autem
1732 2687 1899 2740 editas
1930 2705 1993 2742 ea:

407 2775 518 2830 Deo
564 2795 666 2830 non
709 2778 1054 2846 participante
1093 2778 1338 2845 providos
1367 2780 1597 2841 virtutes,
1641 2794 1733 2846 per
1770 2781 1990 2847 seipsam

409 2869 816 2936 dei/icationem,
841 2886 970 2938 quas
999 2869 1272 2922 cxistentia
1305 2869 1510 2937 preprie
1547 2869 1747 2923 sibimet
1772 2871 1988 2938 partici-

411 2969 559 3026 pant,
581 2967 626 3010 et
651 2957 943 3023 existentia,
967 2968 1010 3010 et
1029 2959 1271 3021 viventia,
1297 2967 1344 3011 et
1366 2957 1541 3010 divina
1566 2967 1708 3020 sunt,
1736 2968 1781 3011 et
1807 2958 1990 3011 dicun-

413 3059 520 3111 tur,
547 3059 592 3101 et
617 3049 721 3100 alia
752 3049 1008 3102 similiter.
1057 3047 1288 3102 Proinde
1321 3047 1341 3077 °
1370 3057 1416 3101 et
1445 3048 1728 3118 primarum
1757 3049 1988 3116 ipsarum

415 3141 641 3206 optimus
666 3141 973 3192 substitutor
999 3140 1191 3192 dicitur
1210 3156 1318 3192 esse
1338 3179 1352 3202 ,
1386 3138 1986 3207 deindeparticulm'ium

413 3229 666 3295 ipsarum,
696 3228 882 3281 deinde
913 3237 1136 3281 totarum
1165 3234 1303 3297 ipsas
1330 3227 1776 3295 participantium,
1801 3226 1986 3278 deinde

408 3317 804 3383 particulariter
828 3335 914 3370 eas
948 3317 1394 3386 participantium.
1433 3315 1497 3368 Et
1535 3316 1661 3384 quid
1691 3324 1886 3382 oportet
1925 3314 1987 3366 de

408 3405 489 3458 his
520 3406 722 3468 dicere,
752 3407 961 3476 quando
991 3407 1203 3475 quidam
1244 3407 1538 3458 divinorum
1573 3415 1867 3458 nostrorum
1896 3422 1984 3457 sa—

409 3512 615 3550 crorum
647 3499 1014 3566 magistrorum
1042 3513 1133 3564 per
1162 3497 1384 3564 seipsam
1419 3495 1657 3550 bonitatis
1688 3505 1734 3548 et
1779 3494 1987 3546 deitatis

409 3586 813 3639 substitutricem
861 3589 880 3618 "
925 3587 1074 3640 aiunt
1121 3586 1398 3655 plusquam
1447 3589 1696 3656 optimam
1764 3594 1811 3637 et
1843 3583 1990 3653 plus-

407 3693 561 3746 quam
596 3677 824 3732 divinam
865 3695 955 3747 per
995 3681 1218 3748 seipsam
1257 3679 1536 3731 bonitatem
1567 3690 1612 3730 et
1644 3677 1986 3738 divinitatem,

405 3767 633 3821 dicentes
659 3785 768 3821 esse
795 3769 1072 3837 beneﬁcam
1119 3779 1166 3821 et
1210 3769 1450 3838 dei/icam
1477 3785 1540 3822 ea:
1575 3767 1682 3821 Deo
1709 3769 1988 3834 proceden-

409 3868 510 3911 tem
542 3859 872 3912 donationem
897 3903 908 3926 ,
962 3872 1006 3913 et
1035 3877 1127 3928 per
1151 3877 1203 3915 se
1233 3861 1397 3929 ipsam
1435 3861 1658 3929 formam
1679 3877 1772 3929 per
1799 3875 1874 3922 se,
1905 3859 1987 3927 ip-

406 3967 524 4002 sam
549 3949 859 4019 formiﬁcam
875 3951 1152 4018 fusionem,
1179 3961 1226 4004 et
1251 3961 1412 4004 totam
1441 3952 1685 4019 formam,
1703 3961 1749 4004 et
1768 3950 1992 4019 particu-

406 4037 573 4091 larem
613 4037 859 4107 formam,
895 4052 940 4092 et
983 4039 1342 4094 universaliter
1370 4043 1524 4105 bona,
1559 4051 1606 4093 et
1653 4057 1989 4109 quaecunque

406 4127 515 4180 alia
545 4129 832 4182 secundum
855 4131 1070 4183 eundem
1115 4131 1254 4184 dicta
1282 4141 1402 4184 sunt
1423 4143 1468 4184 et
1496 4131 1734 4184 dicentur
1758 4133 1985 4192 modum,

405 4218 736 4272 declarantia
795 4221 1170 4288 providentiam
1220 4232 1266 4274 et
1317 4223 1599 4274 bonitatem
1651 4221 1988 4290 participatas

407 4307 472 4362 ab
496 4309 858 4374 existentibus,
887 4327 950 4363 ea:
981 4310 1084 4364 Deo
1125 4329 1226 4364 non
1252 4313 1596 4381 partiripante
1617 4313 1989 4377 provenieutcs,

407 4409 454 4452 et
483 4400 506 4430 ⁸
533 4399 740 4468 copiosa
786 4399 990 4468 fusione
1019 4411 1064 4453 et
1087 4411 1520 4470 superscatentes,
1553 4411 1606 4452 ut
1639 4399 1856 4469 diligens
1881 4417 1990 4452 om-

407 4487 554 4542 nium
581 4489 808 4543 causalis
837 4491 1110 4544 summitas
1147 4493 1378 4544 omnium
1413 4502 1458 4544 et
1489 4490 1914 4560 superessentiale
1943 4501 1988 4544 et

2089 592 2493 652 ordinationem,
2523 599 2570 642 et
2604 587 2848 642 aliorum,
2890 597 3222 652 quaecunque
3265 579 3306 610 “
3354 581 3512 649 hujus
3561 581 3670 632 sive

2087 684 2243 752 hujus
2279 684 2382 734 sive
2426 679 2468 709 “
2517 678 2786 731 amborum
2831 671 3174 725 multornmve
3201 671 3244 701 ¹³
3269 669 3666 738 participantia,

2087 775 2183 826 hoc
2206 783 2296 824 aut
2324 775 2420 822 hoc
2443 779 2532 822 aut
2556 767 2707 820 ambo
2731 775 2818 817 aut
2851 761 3018 815 multa
3044 771 3187 825 sunt,
3215 775 3306 828 per
3329 775 3382 812 se
3409 761 3521 827 ipsa
3545 773 3667 827 par-

2088 861 2357 930 ticipantia
2386 859 2634 923 invenies,
2671 857 2836 924 ipsius
2861 869 2970 907 esse
2993 852 3222 921 primum
3249 866 3308 902 ea
3345 849 3668 918 participan-

2089 953 2183 1016 tia,
2211 961 2258 1004 et
2291 951 2354 1004 ab
2387 966 2444 1002 eo
2477 964 2586 1001 esse
2614 947 2840 1016 primum
2879 942 3083 1011 quidem
3126 939 3439 1002 existentia;
3480 938 3667 990 deinde

2087 1041 2245 1108 hujus
2284 1049 2372 1092 aut
2405 1039 2566 1106 hujus
2604 1035 2856 1105 principia
2897 1032 3190 1094 existentia,
3223 1039 3271 1082 et
3304 1029 3668 1098 participando

2088 1146 2148 1183 eo
2171 1128 2216 1158 ¹’⁶
2243 1144 2351 1180 esse
2379 1125 2652 1180 existentia
2688 1124 3018 1192 participato.
3052 1119 3111 1174 Si
3146 1129 3318 1171 autem
3347 1119 3472 1170 haec
3502 1115 3673 1186 parti—

2089 1219 2344 1288 cipatione
2367 1233 2475 1270 esse
2511 1223 2650 1278 sunt,
2682 1213 2845 1266 multo
2879 1211 3044 1279 magis
3071 1225 3248 1262 eorum
3275 1209 3665 1277 participantia.

2090 1310 2157 1364 Et
2191 1310 2350 1380 paulo
2399 1318 2519 1378 post
2559 1325 2573 1359 :
2615 1304 2822 1357 Etenim
2853 1305 2906 1355 in
2944 1300 3162 1354 monade
3209 1301 3374 1352 munis
3423 1315 3667 1352 numerus

2091 1410 2208 1452 ante
2237 1399 2502 1460 subsistit,
2536 1405 2583 1448 et
2613 1395 2760 1446 habet
2789 1407 2992 1445 onmem
3022 1406 3291 1442 numerum
3331 1405 3512 1442 manas
3541 1391 3594 1442 in
3613 1404 3670 1444 ,τε

2092 1489 2204 1557 ipsa
2223 1487 2589 1555 singulariter,
2621 1491 2670 1535 et
2698 1481 2866 1534 omnis
2898 1496 3142 1533 numerus
3174 1481 3354 1531 unitur
3383 1479 3592 1547 quidem
3615 1480 3670 1532 in

2091 1579 2331 1631 monade.
2369 1577 2638 1642 Quantam
2675 1583 2848 1626 autem
2879 1591 2910 1624 a
2941 1572 2984 1602 ’⁵
3018 1571 3239 1624 monade
3269 1571 3526 1636 provenit,
3551 1579 3670 1622 tan-

2091 1680 2200 1723 tum
2229 1668 2538 1721 discernitur
2557 1673 2602 1718 et
2633 1661 3028 1730 multiplicatur.
3059 1661 3126 1713 Et
3147 1661 3200 1712 in
3223 1669 3398 1714 centro
3427 1676 3602 1713 omnes
3626 1660 3672 1690 ⁹⁶

2095 1759 2275 1816 circuli
2320 1759 2488 1810 lineae
2521 1755 2804 1810 secundum
2839 1753 3062 1822 primum
3097 1753 3348 1805 unitatem
3383 1751 3674 1806 consubsti-

2017 1864 2061 1921 Β
2091 1861 2232 1904 tutae
2253 1857 2406 1911 sunt;
2433 1857 2479 1900 et
2502 1861 2676 1900 onmes
2697 1845 2846 1898 habet
2867 1845 3068 1912 signant
3094 1843 3146 1895 in
3168 1847 3435 1911 semetipso
3453 1841 3672 1912 simplas

2095 1939 2259 1991 lineas
2297 1935 2630 2005 uniformiter
2663 1929 2949 1986 unitas'ad
2985 1949 3038 1986 se
3067 1932 3284 1985 invicem
3323 1941 3370 1985 et
3401 1933 3468 1984 ad
3507 1948 3672 1986 unum

2093 2029 2433 2098 principium,
2462 2043 2528 2080 ea:
2549 2041 2650 2092 quo
2675 2024 2983 2094 procedunt,
3012 2033 3058 2077 et
3092 2025 3148 2076 iu
3177 2025 3287 2090 ipso
3315 2025 3524 2092 quidem
3553 2039 3672 2076 cen-

2095 2128 2174 2171 tro
2199 2116 2562 2171 universaliter
2588 2115 2912 2168 adunantur.
2939 2113 3214 2182 Pauli-sper
3237 2114 3278 2145 "
3311 2125 3480 2166 autem
3507 2129 3565 2166 eo
3593 2115 3672 2164 di-

2093 2217 2290 2260 stantes
2317 2203 2582 2274 paulisper
2599 2205 2640 2235 “
2655 2204 3045 2268 discernuntur,
3062 2205 3228 2273 magis
3242 2215 3410 2257 autem
3429 2205 3640 2258 receden
3653 2235 3672 2244 -

2094 2313 2167 2356 tes
2208 2303 2373 2372 magis
2403 2311 2450 2354 et
2479 2299 2797 2370 simpliciter,
2836 2309 3090 2368 quantum
3131 2308 3303 2352 centro
3329 2299 3674 2367 proximiores

2094 2404 2234 2458 sunt,
2282 2403 2486 2447 tantum
2531 2401 2578 2444 et
2623 2391 2722 2460 ipsi
2769 2401 2816 2443 et
2861 2389 2962 2442 sibi
2987 2391 3204 2444 invicem
3249 2391 3570 2454 adunantur,
3621 2399 3674 2443 et

2092 2493 2342 2553 quantum
2370 2499 2452 2546 eo,
2483 2490 2686 2534 tantum
2709 2491 2756 2534 et
2779 2497 2810 2532 a
2835 2497 2890 2533 se
2924 2479 3138 2532 invicem
3163 2478 3380 2531 distant.
3410 2477 3514 2533 Sed
3538 2487 3588 2533 et
3617 2479 3674 2534 in

2095 2583 2204 2628 tota
2247 2575 2478 2626 omnium
2520 2581 2710 2624 natura
2752 2585 2928 2622 omnes
2973 2570 3255 2622 secundum
3299 2570 3532 2639 singulas
3576 2586 3674 2623 na-

2091 2677 2240 2719 turae
2283 2665 2510 2716 rationes
2554 2659 2857 2714 convolutae
2892 2670 3010 2713 sunt
3040 2677 3132 2729 per
3159 2676 3316 2712 unam
3341 2661 3670 2728 inconfusam

2093 2755 2366 2816 unitatem,
2399 2762 2446 2804 et
2475 2753 2529 2804 in
2561 2749 2734 2802 anima
2765 2749 2806 2781 ¹⁹
2825 2749 3162 2816 uniformiter
3191 2749 3471 2801 secundum
3495 2759 3670 2818 partes

2094 2846 2324 2898 omnium
2347 2841 2596 2912 providae
2623 2842 2781 2894 totius
2809 2839 3040 2908 corporis
3063 2840 3291 2891 virtutes.
3327 2837 3420 2890 Nil
3447 2854 3568 2906 ergo
3589 2840 3666 2890 in-

2093 2951 2428 3005 consequens,
2465 2949 2530 2986 ea:
2569 2933 2802 2986 obscuris
2839 2930 3152 2998 imaginibus
3189 2930 3242 2980 in
3282 2929 3512 2980 onmium
3547 2945 3672 2980 cau-

2092 3030 2202 3083 sale
2225 3028 2580 3090 ascendentes,
2620 3040 2776 3093 super
2804 3023 3086 3076 mundanis
3120 3021 3284 3074 oculis
3329 3020 3672 3089 contemplmi

2092 3121 2266 3173 omnia
2291 3121 2346 3171 in
2367 3119 2598 3172 onmium
2621 3113 2842 3178 causali,
2873 3123 2922 3166 et
2943 3113 3041 3166 sibi
3059 3113 3272 3166 invicem
3293 3113 3528 3179 apposita
3553 3113 3674 3164 uni.

2015 3215 2058 3276 ς
2093 3211 2328 3279 formiter
2352 3217 2398 3260 et
2429 3207 2575 3259 unita
2601 3207 2643 3236 ²⁰
2665 3222 2681 3269 ;
2705 3203 3016 3274 principium
3052 3203 3186 3255 enim
3213 3211 3286 3254 est
3314 3203 3668 3262 existentiam,

2091 3317 2155 3354 ex
2182 3317 2283 3370 quo
2308 3309 2354 3352 et
2381 3300 2550 3368 ipsum
2579 3313 2706 3360 esse,
2735 3305 2780 3348 et
2813 3295 2987 3348 omnia
3009 3305 3266 3363 utcunque
3291 3294 3333 3324 "
3373 3295 3668 3351 existentiu.

2094 3409 2243 3446 omne
2268 3391 2598 3460 principium,
2639 3388 2806 3443 omnis
2832 3389 2973 3456 ﬁnis,
2997 3403 3058 3438 ac
3079 3387 3124 3416 ²¹
3152 3387 3321 3439 omnis
3347 3387 3472 3450 vita,
3502 3387 3670 3439 omnis

2093 3483 2479 3544 inmortalitas,
2505 3483 2671 3534 omnis
2692 3480 2967 3550 sapientia,
2998 3480 3164 3532 omnis
3186 3478 3336 3540 ordo,
3363 3477 3530 3530 omnis
3554 3478 3674 3530 har-

2095 3575 2271 3627 monia
2289 3612 2302 3633 ,
2341 3573 2506 3625 omnis
2533 3573 2692 3625 virtus
2710 3613 2723 3634 ,
2754 3569 2918 3624 onmis
2949 3568 3185 3622 custodia
3204 3611 3218 3630 ,
3247 3569 3412 3621 omnis
3441 3567 3670 3620 colloca-

2093 3667 2166 3718 tio
2193 3663 2262 3728 ³³,
2294 3665 2460 3716 onmis
2489 3661 2816 3724 distributio,
2850 3660 3016 3712 omnis
3045 3659 3351 3722 intellectas,
3383 3660 3550 3710 omnis
3579 3673 3670 3709 ra-

2095 3760 2184 3822 tio,
2216 3759 2382 3812 omnis
2405 3774 2608 3822 sensus,
2636 3757 2804 3810 omnis
2835 3755 3062 3816 habitus,
3087 3756 3255 3808 ontnis
3286 3763 3472 3815 statas,
3503 3753 3672 3806 omnis

2023 3867 2034 3879 ·
2093 3859 2285 3912 motus,
2322 3850 2486 3902 omnis
2515 3851 2706 3910 unitas,
2735 3863 2883 3898 omne
2908 3847 3193 3914 judicium,
3219 3845 3383 3898 omnis
3413 3845 3668 3904 amicitia.

2100 3937 2264 3990 cumis
2295 3939 2596 4006 compactio,
2629 3937 2798 3988 omnis
2829 3935 3092 3994 discretio,
3124 3937 3291 3987 omnis
3321 3937 3595 3996 terminus,
3621 3945 3670 3986 et

2093 4025 2200 4079 alia
2231 4025 2533 4078 nominatim
2562 4025 2633 4088 ",
2657 4040 2994 4093 quaecunque
3029 4023 3092 4074 ab
3115 4037 3224 4076 esse
3251 4023 3522 4075 e.ristentia
3552 4041 3665 4074 om-

2098 4119 2184 4172 nia
2215 4117 2647 4170 characterizant.
2678 4116 2742 4168 Et
2769 4125 2888 4184 post
2915 4115 3186 4182 aliquanta
3223 4131 3236 4164 :
3266 4112 3324 4166 Si
3353 4113 3487 4166 enim
3505 4114 3667 4182 juxta

2097 4227 2187 4263 nos
2231 4208 2312 4263 sol
2350 4205 2671 4260 sensibilium
2703 4205 2952 4258 essentias
2981 4213 3026 4255 et
3061 4203 3359 4272 qualitates,
3383 4211 3430 4253 et
3461 4201 3669 4270 quidem

2096 4302 2286 4357 multas
2315 4312 2361 4354 et
2389 4300 2638 4352 discretas
2657 4298 2951 4359 existentes,
2976 4306 3148 4348 tamen
3166 4295 3274 4362 ipse
3289 4309 3420 4343 unus
3442 4293 3668 4345 existens

2094 4405 2140 4448 et
2156 4391 2430 4460 uniformis
2445 4388 2746 4442 illaminans
2762 4387 2854 4438 lux
2869 4393 3096 4446 renovat,
3115 4391 3162 4435 et
3179 4382 3411 4444 nutrit,et
3427 4379 3666 4440 custodit,

2098 4495 2144 4540 et
2171 4485 2392 4556 per/icit,
2425 4493 2470 4535 et
2498 4482 2766 4544 discernit,
2796 4489 2844 4532 et
2891 4480 3019 4540 nuit,
3045 4487 3094 4529 et
3125 4477 3335 4545 refovet,
3372 4485 3419 4527 et
3446 4475 3672 4543 fecunda

405 4579 805 4646 supernaturale
831 4581 1040 4632 omnino
1082 4581 1438 4648 superea'cellit
1480 4599 1563 4645 ea,
1595 4597 1727 4649 quae
1758 4591 1875 4634 sum
1913 4597 1992 4634 se—
2025 4571 2070 4628 Ι)
2097 4593 2206 4631 esse
2238 4575 2383 4644 facit,
2410 4583 2455 4626 et
2485 4581 2658 4641 auget,
2685 4581 2731 4623 et
2754 4579 2937 4628 mutat,
2960 4577 3007 4622 et
3037 4567 3276 4630 collocat,
3305 4577 3352 4618 et
3371 4563 3572 4633 plantat
3599 4565 3670 4628 ³³,

402 4669 634 4722 cundum
661 4669 1072 4738 qualemcunque
1098 4671 1371 4724 essentiam
1394 4680 1439 4723 ct
1469 4681 1732 4723 naturam.
1763 4670 1890 4724 Item
1920 4686 1986 4723 ex

405 4759 594 4812 eodem
625 4758 766 4814 libro
799 4761 1032 4830 capitulo
1078 4761 1266 4828 quinto
1303 4779 1314 4812 :
1353 4759 1618 4829 Principia
1659 4761 1988 4814 existentium

409 4849 580 4898 omnia
607 4847 630 4878 ’
657 4849 821 4917 ipsius
847 4865 958 4901 esse
1000 4849 1391 4917 participantia,
1417 4859 1462 4902 et
1488 4859 1628 4912 sunt,
1657 4859 1702 4901 et
1731 4847 1989 4917 principia

327 5001 330 5004 λ
409 4947 554 5001 sunt,
583 4949 628 4991 et
651 4940 820 5008 primo
836 4949 977 5004 sunt,
999 4939 1186 4992 deinde
1207 4939 1462 5008 principia
1485 4947 1626 4992 sunt.
1657 4936 1721 4990 Et
1746 4939 1790 4990 si
1809 4939 1924 5008 quis
1945 4937 1988 4967 '°

409 5025 518 5080 vult
555 5027 825 5082 viventium
856 5039 912 5082 ut
947 5030 1226 5082 viventium
1268 5029 1578 5099 principium
1602 5029 1772 5081 dicere
1809 5044 1899 5096 per
1935 5043 1989 5080 sc

405 5120 580 5188 ipsam
629 5121 802 5184 vitam,
843 5131 890 5175 et
930 5121 1181 5175 similium
1223 5130 1278 5173 ut
1312 5118 1563 5172 simil-ium
1597 5135 1688 5187 per
1730 5133 1783 5170 se
1822 5117 1994 5186 ipsam-

403 5209 830 5278 similitudinem,
865 5223 910 5268 et
951 5215 1218 5268 unitorum
1245 5221 1296 5266 ut
1333 5211 1600 5265 unitornm
1629 5225 1720 5279 per
1745 5225 1798 5262 se
1825 5209 1989 5277 ipsum

2091 4679 2137 4721 et
2179 4675 2388 4719 renovat
2413 4665 2496 4728 ",
2542 4672 2590 4715 et
2631 4661 2852 4729 viviﬁcat
2883 4660 3089 4721 omnia,
3130 4667 3177 4711 ct
3211 4658 3446 4710 onmiam
3477 4671 3671 4709 unum-

2093 4755 2330 4827 quodque
2370 4753 2576 4822 proprie
2611 4751 2708 4804 sibi
2739 4751 2957 4802 eandem
2993 4759 3038 4800 ct
3076 4764 3235 4800 unum
3265 4746 3424 4800 solem
3457 4745 3676 4812 partici-

2091 4855 2204 4916 put,
2252 4853 2298 4898 et
2337 4842 2618 4895 multorum
2651 4840 3072 4910 participantium
3101 4855 3234 4890 unus
3278 4837 3356 4891 sol
3393 4853 3580 4890 causas
3617 4837 3673 4889 in

2090 4939 2255 5006 seipso
2271 4932 2896 5004 uniformiterpraeambit
2911 4930 3146 4994 ",mnlto
3165 4930 3322 4999 magis
3337 4945 3492 4996 super
3505 4937 3674 4980 terrae

2093 5037 2144 5081 et
2169 5027 2332 5096 ipsius
2363 5035 2410 5077 et
2434 5025 2608 5076 omnia
2637 5021 2684 5052 ’⁸
2711 5023 2938 5074 causalis
2954 5021 3266 5088 praeterisse
3289 5019 3334 5049 ”
3358 5019 3465 5087 ipse
3489 5017 3534 5048 ³⁰
3558 5033 3671 5070 om-

2097 5116 2240 5170 nium
2261 5114 2591 5168 existentium
2616 5112 2980 5182 paradigmata
3002 5109 3286 5162 secundant
3311 5123 3469 5159 unam
3496 5123 3674 5172 supcr-

2099 5205 2422 5260 essentialcm
2469 5204 2720 5256 unitatem
2759 5198 3161 5254 concedendum.
3197 5194 3390 5247 Deinde
3421 5203 3468 5246 et
3499 5207 3673 5244 essen-

1689 5337 1942 5393 YARIAE
1981 5333 2384 5390 LECTIONES.

1382 5485 1404 5515 ³
1432 5481 1474 5536 C
1498 5481 1753 5536 dicamus.

475 5487 492 5517 ‘
521 5487 685 5554 patris
707 5501 817 5540 om.
868 5486 932 5540 Α.
1011 5498 1032 5526 ²
1063 5487 1105 5540 A
1133 5497 1304 5554 atque.

1831 5477 1854 5509 "
1882 5476 2193 5532 subsistendi
2217 5491 2324 5528 om.
2369 5473 2408 5526 Α
2423 5511 2434 5523 .

3439 5460 3460 5492 τ
3491 5447 3678 5514 Csub.

3545 5529 3588 5559 I's
3615 5549 3684 5584 ea

2505 5473 2530 5504 ⁸
2551 5471 2595 5524 Α
2625 5469 2918 5524 essentiam.
2997 5465 3018 5494 ⁸
3048 5462 3084 5514 Α
3121 5461 3364 5514 Perinde.

403 5530 671 5609 stanliam.
750 5559 770 5587 ⁸
793 5569 840 5610 et
871 5573 980 5610 (nu.
1008 5530 1105 5611 Δί’
1146 5557 1166 5586 ⁹
1197 5530 1238 5607 λ
1263 5557 1513 5609 onmium.
1595 5553 1635 5582 ¹⁰
1659 5551 1696 5604 C
1720 5551 1850 5618 que.’
1875 5549 1915 5576 “
1943 5549 1980 5600 Λ
2007 5550 2316 5618 quicunque.
2393 5543 2558 5618 "sive
2579 5541 2733 5618 ltttjtts
2757 5552 2872 5618 out;
3029 5533 3132 5612 “.A
3157 5530 3468 5618 Δηιιιίιριντξὴνῃ.

404 5601 721 5679 ἷιέἩΪΚΪἯε
751 5601 1131 5680 marcius
1171 5601 1556 5679 tussim
1587 5623 1631 5675 Α
1669 5601 1918 5673 utsi-(er.
1999 5601 2038 5648 ιίι
2063 5617 2108 5669 Α
2137 5601 2372 5668 ονέυίιεν.
2447 5613 2490 5646 η
2520 5613 2558 5662 Α
2607 5601 2736 5660 alia.
2827 5605 2872 5634 ὀ
2913 5606 2971 5680 c_
3003 5603 3218 5680 unitate.
3296 5603 3337 5632 ιι
3372 5601 3464 5680 sn:
3501 5601 3594 5680 ci
3634 5605 3678 5680 ς)

405 5705 700 5762 utrumque.
777 5699 821 5727 “
853 5714 914 5748 ac
960 5713 1065 5748 om.
1095 5697 1158 5748 Λ.
1227 5697 1334 5748 ¹³Α
1363 5695 1590 5752 collatio.
1669 5691 1714 5722 ¹”
1765 5689 2070 5742 mnninalim
2121 5685 2298 5739 om.-\
2370 5683 2416 5716 ³⁵
2449 5691 2494 5733 ct
2536 5687 2734 5748 ptttttittl
2788 5691 2894 5730 om.
2948 5673 3010 5726 Α.
3083 5673 3126 5702 ²⁶
3157 5671 3469 5726 Crcmoret.
3545 5669 3594 5701 ’τ
3631 5669 3694 5722 AL

407 5759 684 5833 perambit.
761 5767 803 5798 ⁸³
837 5771 882 5820 Α
912 5771 1164 5820 cumtum.
1245 5767 1286 5801 ¹⁹
1316 5766 1360 5818 Α
1401 5763 1728 5832 praeterisse.
1807 5759 1848 5790 θ’
1875 5763 1918 5811 Λ
1945 5759 1996 5811 in
2045 5773 2120 5810 se.
