4236 6274
577 358 685 416 M9

1932 340 2214 402 JOANNIS
2251 345 2446 404 SCOTI

3730 349 3840 410 620

583 475 688 524 tias
728 466 943 524 adducit
982 463 1143 533 juxta
1170 461 1235 515 ab
1280 460 1503 515 essentia
1530 472 1895 528 egressionem.
1929 455 2159 511 Paradi-
2190 466 2236 521 Α
2265 459 2491 512 cundum
2516 474 2647 528 quas
2670 457 2784 528 ipsa
2812 455 3255 527 superessentialis
3280 457 3557 513 existentia
3585 460 3762 513 omnia
3788 472 3839 515 et

584 570 761 631 gmnla
796 566 971 611 autem
1004 553 1224 606 dicimus
1260 567 1370 604 esse
1413 550 1552 619 ipsas
1590 549 1645 601 in
1675 548 1779 601 Deo
1828 548 2157 601 existentiunt

585 647 975 715 substanti/icas
1003 654 1050 696 et
1081 641 1413 710 uniformiter
1437 648 1730 709 praetextas
1755 638 2003 700 rationes,
2024 653 2157 706 quas

586 740 845 808 theologia
892 734 1390 806 praedestinationes
1421 740 1565 785 vocat
1606 739 1654 783 et
1701 729 1905 782 divinas
1936 738 1982 781 et
2022 730 2160 797 opti-

582 847 698 883 mus
725 827 1014 882 voluntates
1036 823 1367 879 eminentium
1391 822 1690 876 discretivas
1719 829 1767 873 et
1798 818 2039 887 factims,
2068 833 2153 870 se-

2262 548 2663 619 praedestinavit
2693 555 2739 601 et
2763 547 3006 599 adduait.
3036 545 3103 600 Et
3127 545 3240 613 jam
3288 547 3304 576 ¹
3335 547 3462 601 huic
3487 546 3626 602 libro
3651 549 3841 603 tenni—

2263 656 2365 695 nus
2388 649 2475 693 est
2516 638 2869 707 imponendus
2898 645 2959 690 ut
2987 636 3242 690 arbitror.
3270 635 3418 692 Dtsc.
3460 638 3541 693 ιω
3564 636 3683 694 ﬁat.
3726 637 3844 694 Ex-

2263 732 2415 803 plicit
2439 731 2578 787 liber
2606 729 2879 789 secundus
2907 739 3036 785 nam
3060 733 3320 784 annos.

1546 1004 1940 1085 INCIPIT
1998 1002 2294 1082 LIBER
2338 998 2788 1079 TERTIUS
2816 984 2866 1076 ’.

659 1187 800 1244 MAG.
832 1187 888 1243 ln
915 1186 1151 1243 secundo
1173 1186 1311 1242 libro
1349 1193 1458 1239 tota
1488 1181 1601 1238 fere
1627 1190 1845 1237 nostrae
1872 1178 2163 1234 ratiocina-

588 1284 752 1337 tionis
782 1282 1008 1338 intentio
1034 1291 1118 1335 cst
1157 1278 1447 1335 constituta
1488 1278 1555 1333 de
1583 1276 1816 1332 secunda
1846 1272 2165 1328 universalis

589 1384 816 1428 naturae
839 1373 1292 1437 consideratione,
1320 1379 1395 1434 et,
1434 1377 1491 1423 ut
1530 1370 1604 1424 ita
1632 1367 1827 1426 dicam,
1857 1365 2027 1421 forma
2050 1365 2167 1420 sive

594 1467 792 1535 specie,
828 1479 1183 1535 quaecunque
1237 1459 1547 1517 verisimilia
1578 1458 1734 1513 nobis
1769 1456 1881 1510 visa
1923 1463 2067 1517 sunt,
2110 1461 2167 1508 et

586 1559 654 1610 ad
687 1558 969 1625 liquidum,
997 1564 1056 1609 ut
1082 1555 1334 1616 arbitror,
1365 1551 1613 1614 deducta,
1646 1561 1912 1617 veraeque
1942 1544 2168 1600 rationis

588 1646 1029 1701 conclusionibus
1067 1646 1385 1698 inconcusse
1412 1641 1640 1697 munita.
1672 1639 1845 1693 literis
1884 1638 2162 1693 mandare.

592 1734 927 1789 Universalis
953 1742 1133 1788 autem
1163 1740 1392 1786 naturae
1416 1729 1649 1784 secunda
1672 1725 2067 1782 ’consideratio
2079 1732 2163 1779 est

589 1828 642 1878 in
687 1839 748 1877 ea
792 1824 959 1894 ipsius
996 1829 1171 1893 parte,
1202 1836 1342 1891 quae
1370 1827 1426 1877 et
1465 1828 1685 1876 creatur
1715 1826 1771 1873 et
1811 1824 1982 1881 creat,
2011 1823 2067 1869 et
2106 1815 2159 1869 in

586 1929 692 1981 qua
721 1928 900 1967 rerum
932 1913 1171 1967 omnium
1201 1910 1483 1981 principia,
1516 1908 1620 1963 hoc
1651 1915 1754 1971 est,
1792 1904 2167 1975 primordiales

586 2017 806 2067 causae,
838 2017 953 2066 seu,
981 2010 1043 2056 ut
1079 2015 1240 2070 saepe
1273 1998 1475 2055 dictum
1515 2004 1618 2062 est,
1648 1995 2169 2065 praedestinationcs

586 2107 771 2147 rerum
799 2093 1177 2155 creandarum,
1205 2106 1299 2147 seu
1324 2091 1536 2144 divinae
1562 2087 1886 2152 voluntates,
1914 2094 1971 2140 et
2002 2088 2024 2116 ⁸
2044 2100 2170 2153 san:

587 2193 800 2237 ctorum
821 2182 1042 2237 Patrum
1072 2182 1389 2245 auctoritas,
1410 2190 1465 2236 et
1495 2180 1609 2249 ipsa
1630 2186 1776 2234 recta
1802 2177 2013 2234 ratione
2039 2191 2168 2231 con-

588 2272 730 2326 sulta
773 2272 974 2325 veritas
1010 2271 1201 2326 edocet
1244 2283 1363 2325 esse
1407 2268 1816 2324 consideranda.
1863 2265 1965 2321 Ubi
2004 2265 2167 2320 etiam

586 2362 705 2430 ipsa
731 2361 751 2391 ⁸
789 2360 1166 2429 disputationis
1193 2359 1488 2414 necessitas
1515 2356 1782 2427 exigebat,
1810 2358 2076 2427 quaedam
2100 2357 2169 2411 de

593 2451 959 2506 incidentibus
1013 2451 1417 2519 quaestionibus
1468 2449 1779 2519 principalis
1834 2449 2168 2517 quaestionis

593 2540 915 2594 revelandac
941 2539 1113 2609 gratia
1144 2539 1506 2593 introducere.
1536 2537 1688 2591 Nulla
1719 2538 1983 2607 siquidem
2019 2538 2167 2606 prin-

592 2629 782 2699 cipalis
808 2630 1055 2698 quaestio
1091 2638 1193 2688 est.
1231 2638 1290 2684 ut
1323 2629 1532 2698 opinor,
1562 2644 1702 2698 quae
1730 2643 1835 2683 non
1869 2629 2170 2685 incidentes

592 2718 959 2785 quaestiones,
990 2717 1117 2771 dum
1157 2716 1398 2787 diligenti
1439 2717 1635 2772 mentis
1671 2718 1913 2772 contuitu
1948 2717 2168 2771 investi-

589 2816 771 2875 gatur,
801 2809 1045 2878 recipiat.
1092 2808 1324 2861 Enodari
1355 2809 1500 2863 enim
1529 2807 1685 2862 aliter
1714 2809 2041 2877 impossibile
2063 2816 2166 2873 est,

588 2900 909 2969 praesertim
927 2916 1049 2954 cum
1068 2900 1429 2953 necessarium
1446 2910 1609 2969 atque
1633 2899 1654 2930 ‘
1669 2898 1976 2954 inevitabile
1993 2899 2169 2963 ﬁeret,

594 2990 722 3042 dum
755 2991 822 3044 de
855 2990 1134 3059 principiis
1163 3006 1342 3045 rerum
1381 2990 1804 3059 diSputabamus.
1838 2991 1940 3045 hoc
1965 2998 2071 3054 est,
2103 2990 2170 3045 de

2264 1187 2421 1233 turae
2449 1173 2900 1238 consideratione,
2925 1172 3029 1228 hoc
3054 1181 3157 1238 cst,
3181 1172 3249 1230 de
3270 1188 3334 1229 ea
3358 1184 3515 1245 parte
3536 1184 3839 1244 creaturae,

2265 1281 2405 1337 quae
2432 1273 2648 1320 creatur
2669 1274 2842 1319 etnon
2872 1273 3038 1327 creat,
3065 1264 3318 1335 quicquid
3341 1267 3497 1322 nobis
3520 1268 3572 1321 in
3596 1271 3838 1323 mente"

2266 1358 2356 1411 lux
2386 1367 2603 1411 aeterna
2619 1355 2954 1426 patefecerit,
2983 1356 3112 1410 texi.
3141 1357 3286 1411 Disc.
3319 1356 3436 1412 Non
3468 1358 3624 1415 aliter
3648 1358 3834 1431 dispu-

2269 1449 2414 1503 tandi
2458 1449 2599 1502 viam
2650 1447 2856 1517 ingredi
2902 1456 3148 1516 oportet,
3191 1457 3252 1501 nt
3306 1450 3555 1506 aestimo.
3610 1451 3745 1506 Nam
3790 1453 3835 1507 si

2267 1540 2475 1609 primus
2503 1539 2640 1593 liber
2662 1538 2731 1593 de
2757 1547 2952 1592 natura
2975 1538 3019 1569 ¹³
3046 1548 3237 1594 cuncta
3267 1549 3488 1594 creante
3501 1548 3555 1594 et
3581 1556 3610 1594 a
3633 1540 3775 1595 nullo
3794 1541 3840 1572 “

2266 1640 2477 1695 creata,
2513 1632 2686 1700 deque
2709 1630 2824 1685 solo
2852 1630 2963 1685 Deo
2995 1630 3285 1696 intellecta,
3314 1633 3585 1687 secundus
3618 1647 3745 1688 vero
3772 1634 3838 1688 de

2268 1737 2352 1787 ea,
2395 1736 2535 1790 quae
2560 1731 2615 1775 et
2644 1731 2861 1775 creatur
2884 1730 2938 1775 et
2967 1731 3136 1787 creat,
3165 1730 3221 1776 et
3250 1721 3301 1775 in
3330 1722 3637 1791 primordiis
3661 1737 3837 1777 rerum

2266 1815 2631 1885 cognoscitur,
2670 1814 2975 1870 rationabili
3023 1823 3221 1870 tractat
3263 1816 3635 1887 progressione
3666 1830 3684 1870 :
3713 1832 3839 1870 num

2266 1920 2497 1975 sequens
2531 1905 2576 1937 ¹⁸
2604 1913 2708 1972 est,
2752 1912 2813 1959 ut
2845 1913 2902 1960 et
2930 1905 3122 1960 tertius
3157 1905 3222 1959 de
3249 1906 3425 1970 tertia,
3452 1921 3590 1975 quae
3626 1917 3841 1962 creatur

2266 2004 2321 2049 et
2358 2010 2463 2048 non
2494 2002 2672 2058 creat,
2717 1994 3118 2050 constitutionis
3155 2010 3286 2050 suae
3330 1997 3612 2051 materiam
3658 1997 3834 2051 susci-

2266 2084 2415 2155 piat?
2445 2084 2550 2139 Sed
2596 2084 2913 2155 priusquam
2953 2087 3019 2138 ad
3061 2085 3395 2140 enodandam
3432 2086 3573 2141 hanc
3614 2095 3843 2161 naturae

2267 2182 2473 2244 partem
2520 2184 2881 2240 transeamus,
2921 2190 3080 2230 nosse
3117 2174 3297 2241 velim,
3327 2191 3431 2245 qua
3473 2178 3681 2231 ratione
3713 2190 3836 2231 eam

2267 2275 2541 2330 naturam,
2574 2280 2713 2336 quae
2757 2267 2825 2321 ab
2866 2267 3108 2322 omnium
3142 2274 3451 2322 naturarum
3491 2267 3842 2322 universitate

2266 2371 2362 2425 per
2385 2356 2759 2411 excellentiam
2810 2358 2892 2412 sul
2943 2368 3107 2428 atque
3155 2357 3471 2412 inﬁnitatem
3511 2364 3842 2421 removetur,

2270 2446 2430 2500 veluti
2482 2447 2710 2516 primam
2753 2456 2962 2517 partem
3008 2448 3175 2517 ipsius
3220 2447 3588 2502 universitatis
3636 2460 3842 2517 ponere

2267 2537 2505 2593 voluisti.
2576 2537 2913 2593 Universitas
2959 2539 3225 2607 siquidem
3278 2538 3571 2592 formarum
3625 2552 3842 2596 suarum

2268 2632 2611 2702 partiumque
2641 2631 2880 2686 nmneris
2908 2632 3179 2700 impletur,
3212 2645 3278 2685 ac
3316 2645 3414 2700 per
3447 2629 3550 2685 hoc
3580 2629 3633 2683 in
3666 2627 3843 2682 inﬁni—

2272 2728 2381 2773 tum
2430 2736 2535 2774 non
2588 2719 2969 2789 progreditur;
3022 2720 3135 2775 suis
3178 2720 3322 2774 enim
3372 2719 3573 2774 ﬁnibus
3630 2733 3840 2773 sursum

2269 2825 2462 2865 versus
2498 2820 2661 2879 atque
2697 2811 2948 2865 deorsum
2997 2811 3334 2865 terminatur.
3372 2810 3455 2864 Ah
3498 2809 3841 2864 intellectuali

2270 2900 2534 2971 siquidem
2564 2909 2834 2965 creatura,
2865 2914 3002 2969 quae
3034 2901 3084 2953 in
3117 2900 3319 2971 angelis
3342 2908 3430 2954 est
3456 2899 3765 2963 constituta,
3790 2906 3844 2952 et

2271 3000 2331 3044 ut
2357 2989 2516 3045 altius
2544 2991 2917 3055 ascendamus,
2948 3006 2978 3043 a
2997 2990 3431 3061 primordialibus
3462 2990 3661 3056 causis,
3684 3005 3842 3059 supra

591 3081 1033 3149 primordialibus
1060 3081 1260 3144 causis,
1286 3081 1352 3134 de
1375 3096 1481 3135 uno
1508 3082 1669 3136 etiam
1696 3081 1934 3135 omnium
1967 3080 2167 3148 princi-
2195 3118 2241 3180 Ο
2270 3098 2405 3152 quas
2446 3098 2571 3137 vera
2620 3082 2757 3137 ratio
2800 3082 2871 3136 nil
2913 3082 3161 3152 superius
3201 3097 3416 3152 praeter
3459 3082 3631 3138 solum
3675 3081 3841 3137 Deum

594 3172 702 3239 pio,
739 3171 850 3226 Deo
878 3171 1148 3234 videlicet,
1181 3172 1270 3239 qui
1307 3171 1452 3228 solus
1479 3180 1562 3225 est
1594 3171 1703 3225 sola
1733 3187 1797 3225 ac
1826 3172 1996 3240 prima
2035 3186 2166 3226 cau-

591 3274 774 3332 sarum
821 3263 1062 3316 omnium
1107 3276 1301 3324 causa,
1340 3269 1397 3315 et
1437 3260 1833 3329 supercausalis
1873 3275 2071 3324 causa,
2113 3270 2169 3315 et

590 3350 1064 3419 superessentialis
1100 3350 1330 3410 bonitas,
1360 3346 1515 3415 cujus
1551 3348 1960 3417 participatione
1986 3349 2166 3402 omnia

534 3472 541 3479 -
588 3437 877 3509 principia,
894 3449 949 3495 et
967 3454 1155 3493 omnes
1175 3451 1369 3492 causae
1384 3438 1622 3491 omnium
1643 3453 1820 3492 rerum
1845 3438 2165 3504 subsistunt,

591 3528 716 3597 ipse
739 3545 869 3583 vero
895 3530 1095 3583 nullmn
1123 3529 1425 3597 participat,
1459 3530 1581 3597 quia
1614 3531 1758 3583 omni
1790 3531 2052 3601 principio
2078 3547 2169 3585 su-

593 3615 796 3684 periori
838 3632 897 3671 se
935 3618 1015 3671 vel
1053 3632 1235 3672 secum
1271 3618 1553 3682 existenti,
1604 3635 1708 3672 non
1749 3628 1927 3674 tamen
1958 3620 1979 3652 "
2019 3635 2169 3675 coes—

595 3705 809 3759 scntiali
837 3706 963 3768 sibi,
988 3706 1209 3759 omnino
1242 3715 1414 3770 caret,
1445 3709 1585 3775 quod
1612 3707 1795 3761 animo
1820 3709 2162 3775 occurrebat,

595 3795 760 3850 inseri
805 3797 847 3848 ⁸.
883 3796 1015 3863 Quis
1037 3796 1180 3850 enim
1209 3797 1277 3853 de
1313 3798 1510 3853 creatis
1535 3799 1711 3853 causis
1742 3807 1888 3853 recte
1915 3799 2042 3868 quid
2079 3801 2163 3855 dic

596 3896 705 3951 cet,
732 3886 832 3942 nisi
863 3887 1013 3957 prius
1039 3887 1253 3942 unicam
1287 3888 1529 3942 omnium
1556 3904 1777 3943 causam
1808 3905 1905 3959 per
1935 3906 1994 3946 se
2036 3892 2165 3946 sub—

594 3975 899 4042 sistentcm,
935 3984 991 4033 et
1030 3993 1063 4031 a
1100 3977 1248 4033 nulla
1276 3980 1617 4048 praecedenti
1662 3995 1720 4035 se
1760 3990 1995 4035 creatam
2032 3997 2166 4051 pure

589 4066 904 4134 perspiciat,
938 4067 991 4121 in
1017 4075 1277 4136 quantum
1296 4069 1361 4122 de
1386 4066 1640 4123 ineﬁ‘abili
1671 4070 1829 4124 datur
1849 4070 1972 4134 fari,
1995 4072 2167 4139 deque

592 4157 1125 4230 incomprehensilﬁli
1163 4161 1579 4230 comprehendi,
1621 4162 1689 4216 de
1725 4173 2012 4231 superante
2045 4179 2165 4218 om-

590 4263 717 4303 nem
756 4250 1083 4309 intellectum
1114 4252 1375 4321 intelligi?
1408 4251 1541 4307 Cum
1582 4254 1667 4308 his
1706 4256 1874 4308 etiam
1900 4256 2165 4325 quaedam

591 4337 661 4395 de
692 4340 863 4394 reditu
896 4357 1075 4396 rerum
1098 4342 1433 4397 mutabilium
1460 4350 1623 4412 atque
1646 4354 2045 4415 segregatarum
2071 4361 2167 4414 per

2272 3175 2512 3242 reperit,
2554 3174 2857 3238 inchoatis,
2906 3190 3003 3244 per
3054 3172 3331 3228 naturales
3374 3173 3595 3228 ordines
3645 3173 3841 3228 intelli-

2270 3264 2513 3334 gibilium
2562 3264 2987 3334 caelestiumque
3032 3265 3387 3320 cssentiarum
3438 3273 3495 3318 et
3554 3263 3843 3318 visibilium

2269 3355 2526 3408 mundum
2570 3354 2731 3408 istum
2762 3354 3225 3419 conslituentium,
3261 3369 3430 3423 usque
3452 3353 3516 3407 ad
3544 3363 3844 3407 extremum

2272 3443 2437 3498 totius
2474 3450 2757 3497 creaturae
2782 3443 3048 3509 ordinem,
3078 3444 3170 3513 qui
3200 3443 3515 3512 corporibus
3537 3457 3845 3512 corporum-

2267 3549 2373 3603 que
2418 3533 2764 3588 incrementis
2804 3548 2869 3587 ac
2915 3534 3252 3589 detrimentis
3276 3534 3318 3564 ¹⁶
3360 3532 3631 3603 impletur,
3682 3534 3845 3587 variis

2268 3639 2483 3694 quoque
2505 3624 2908 3678 decessionibus
2936 3632 2991 3678 et
3012 3624 3446 3679 successionibus
3472 3625 3514 3655 ¹⁷
3537 3638 3636 3694 per
3653 3624 3844 3678 catho-

2268 3716 2495 3770 licorum
2525 3715 2915 3770 elementorum
2958 3716 3011 3769 in
3041 3717 3256 3787 prepria
3296 3717 3519 3781 coitum,
3551 3730 3846 3785 eorumque

2267 3809 2459 3863 iterum
2479 3809 2523 3840 ³⁸
2541 3809 2593 3863 in
2610 3808 2871 3863 catholica
2889 3808 3212 3864 solutionem
3235 3808 3529 3878 peragitur,
3549 3808 3843 3863 descendit.

2265 3899 2509 3954 Creatrix
2529 3915 2657 3954 vero
2683 3900 2723 3933 ¹⁹
2748 3900 2910 3954 totius
2941 3900 3307 3955 universitatis
3351 3908 3561 3964 natura,
3592 3900 3844 3969 quoniam

2267 3992 2476 4047 inﬁnita
2507 4000 2610 4056 est,
2645 3989 2808 4046 nullis
2839 3991 3040 4046 ﬁnibus
3081 4006 3296 4045 sursum
3324 3990 3408 4044 vel
3436 3991 3687 4046 deorsum
3718 4005 3846 4044 con-

2272 4080 2543 4146 cluditur;
2584 4082 2699 4152 ipsa
2735 4082 3000 4150 siquidem
3054 4081 3222 4135 ambit
3268 4081 3480 4145 omnia,
3518 4088 3572 4135 et
3620 4095 3651 4134 a
3699 4078 3847 4133 nullo

2266 4172 2521 4226 ambitur.
2566 4172 2680 4227 Nec
2739 4174 2971 4237 mirum,
3017 4164 3166 4239 dum?
3194 4186 3295 4226 nec
3340 4187 3370 4224 a
3418 4171 3595 4239 seipsa
3644 4166 3842 4222 ambiri

2266 4264 2548 4330 sinitur",
2572 4265 2695 4333 quia
2747 4262 3123 4318 universaliter
3156 4262 3328 4317 nescit
3363 4261 3591 4323 ambiri;
3652 4272 3841 4327 quem-

2269 4355 2552 4409 admodum
2607 4352 2982 4407 universaliter
3032 4366 3063 4405 a
3110 4350 3305 4419 seipsa,
3332 4360 3536 4418 quanto
3576 4347 3746 4417 magis
3775 4345 3845 4399 ab

593 4428 839 4486 diversas
868 4441 1100 4486 naturae
1133 4433 1424 4489 divisiones
1452 4442 1507 4488 et
1546 4444 1747 4503 partes,
1775 4436 1970 4503 quibus
2005 4453 2161 4490 mun-
2194 4478 2243 4536 υ
2273 4443 2403 4507 alio,
2423 4442 2825 4511 comprehendi,
2848 4456 2942 4495 seu
2970 4440 3023 4494 in
3051 4439 3231 4507 aliquo
3250 4438 3471 4492 deﬁnito
3487 4436 3570 4489 vel
3592 4432 3845 4490 deﬁnibili

589 4520 694 4573 dus
736 4520 837 4574 isle
870 4518 891 4549 ’
929 4522 1243 4589 perﬁcitur,
1285 4524 1477 4578 iterum
1521 4523 1574 4577 in
1618 4524 1879 4593 principia
1928 4540 2057 4590 sua,
2095 4540 2163 4580 ex

589 4609 788 4679 quibus
821 4618 1133 4682 procedunt,
1174 4623 1228 4669 et
1265 4616 1318 4669 in
1357 4618 1552 4685 quibus
1593 4618 2000 4674 inunulabiliter
2034 4620 2164 4675 sub-
2189 4602 2207 4626 ⁸

591 4700 812 4764 sistunt,
850 4701 977 4755 dum
1009 4701 1130 4755 ﬁnis
1161 4705 1397 4758 omnium
1426 4707 1650 4768 venerit,
1683 4725 1998 4779 eorumque,
2026 4725 2166 4779 quae

594 4789 650 4841 in
680 4801 827 4842 motu
864 4798 1009 4854 sunt,
1038 4799 1212 4845 status
1239 4795 1583 4861 apparuerit,
1624 4807 1745 4864 post
1769 4799 1812 4829 '°
1833 4814 1992 4866 quem
2033 4800 2163 4854 nihil

591 4878 934 4943 movebitur,
985 4879 1222 4933 breviter
1271 4880 1686 4948 praelibavimus
1720 4886 1779 4938 ¹¹.
1838 4886 1932 4940 llis
1987 4889 2167 4956 itaque

592 4971 842 5040 aliisque,
876 4980 935 5024 ut
964 4971 1217 5034 diximus,
1250 4972 1469 5027 secundi
1495 4976 1759 5030 sermonis
1786 4976 1919 5031 ordo
1947 4980 2164 5034 texitur.

591 5061 796 5116 Deinde
821 5063 1205 5132 consequentia
1242 5065 1640 5132 quaestionum,
1683 5068 1735 5121 ni
1766 5067 1943 5134 fallor,
1979 5070 2167 5140 exigit,

593 5153 812 5209 tertium
847 5153 1063 5221 librum,
1086 5155 1196 5210 Deo
1229 5157 1386 5221 duce,
1414 5156 1482 5212 de
1516 5158 1673 5213 tertia
1712 5160 2033 5216 universalis
2069 5177 2165 5216 na-

2273 4531 2757 4602 supernaturaliter
2816 4529 3006 4599 eﬂ‘ugit
3064 4527 3308 4596 intelligi.
3360 4526 3471 4581 Nisi
3531 4524 3668 4579 forte
3724 4522 3848 4591 quis

2272 4624 2452 4685 dicat,
2481 4622 2534 4675 in
2577 4622 2680 4677 hoc
2717 4621 2832 4676 solo
2869 4636 2927 4675 se
2963 4620 3162 4683 ambit,
3194 4619 3320 4674 dum
3375 4633 3434 4672 se
3472 4616 3610 4685 sapit
3648 4612 3842 4668 ambiri

2276 4727 2383 4767 non
2413 4726 2602 4781 posse;
2636 4711 2688 4765 in
2734 4712 2839 4766 hoc
2882 4726 2940 4765 se
2979 4707 3409 4778 comprehendit,
3446 4705 3569 4760 dum
3609 4717 3668 4757 se
3705 4701 3849 4770 sapit

2271 4803 2810 4874 comprehensibilem
2837 4804 2882 4835 ἰ
2909 4818 3015 4857 non
3042 4818 3192 4868 esse;
3246 4802 3297 4855 in
3338 4802 3435 4854 hoc
3474 4813 3533 4852 se
3574 4795 3843 4862 intelligit,

2272 4897 2399 4949 dum
2427 4896 2590 4964 sapit,
2630 4897 2682 4950 in
2714 4895 2823 4949 ullo
2852 4909 2911 4949 se
2937 4895 3161 4965 intelligi
3195 4890 3518 4964 impossibile
3546 4903 3690 4954 esse,
3717 4887 3845 4958 quia

2274 5003 2436 5042 omne
2465 4989 2606 5056 quod
2634 4996 2737 5052 est,
2768 4996 2823 5041 et
2848 4995 3026 5056 potest
3061 5001 3202 5050 esse,
3240 4990 3477 5054 superat.
3520 4980 3590 5035 Et
3619 4995 3741 5035 cum
3772 4988 3846 5033 ita

2273 5078 2367 5142 sit,
2399 5077 2681 5157 nullusque
2722 5087 2867 5132 recte
2903 5074 3398 5146 philosophantium
3438 5073 3524 5128 bis
3552 5070 3848 5126 rationibus

2277 5176 2482 5222 temere
2513 5170 2750 5236 resistat,
2779 5184 2878 5225 cur
2913 5170 3056 5224 intra
3085 5167 3458 5224 universitatis
3484 5166 3776 5222 divisiones
3814 5177 3847 5215 a

1868 5295 2117 5352 VARIAE
2154 5298 2553 5358 LECTIONES.

660 5424 677 5455 ¹
729 5424 771 5479 C
829 5426 962 5481 Item
1008 5427 1154 5483 huic.
1251 5427 1273 5459 ’
1313 5425 1353 5482 (Ξ
1394 5426 1589 5481 litteris
1634 5426 1873 5482 miniatis
1935 5446 1949 5482 :

590 5490 731 5543 libri.
810 5496 897 5549 Ἀ
932 5500 1207 5552 secundae.
1285 5497 1306 5527 ‘
1346 5497 1389 5550 Α
1438 5498 1569 5550 sicut
1599 5504 1672 5549 et.

1751 5499 1772 5527 ‘
1807 5498 1919 5564 ipsa
1951 5515 2059 5551 om.
2093 5498 2154 5553 C.

588 5560 677 5632 [Α
727 5562 824 5613 iste
869 5566 1114 5620 mundus.
1196 5568 1237 5599 ¹⁶
1286 5565 1330 5618 Α
1373 5582 1481 5632 per.

1562 5567 1600 5596 ¹¹
1628 5566 1668 5617 Λ
1707 5565 2091 5631 perlibavinms.

586 5697 633 5731 "
670 5700 709 5751 A
758 5717 859 5753 non
901 5697 1113 5754 sinitur.
1188 5706 1227 5734 “
1260 5703 1302 5756 A
1349 5697 1818 5772 rcusprclrensibile.

2018 5429 2207 5513 Incipit
2231 5434 2452 5513 -tertius
2513 5435 2642 5513 liber
2689 5441 2810 5513 περὶ
2855 5447 3072 5509 φυσπῶιο.
3102 5436 3571 5513 ,Ανακεφαλαίωςις
3635 5428 3845 5513 secundi

2231 5502 2251 5532 ⁸
2282 5502 2322 5554 Λ
2377 5515 2445 5555 et.
2520 5505 2677 5558 ’Pro
2734 5502 3063 5561 rion-tamen
3094 5506 3133 5563 C
3189 5518 3237 5561 et
3291 5502 3415 5560 non.

591 5570 686 5660 :A
727 5570 824 5613 iste
869 5570 1114 5620 mundus.
1196 5570 1237 5599 "
1281 5570 1330 5660 it}
1544 5570 1600 5647 ,ιι
1628 5570 1668 5617 Λ
1704 5570 2091 5660 perlibavimus.
2171 5571 2213 5601 ”
2240 5570 2329 5651 Sic
2356 5573 2432 5660 (In;
2458 5573 2571 5627 Ain
2604 5587 2842 5630 mentem.

654 5630 692 5702 Α
730 5647 865 5684 nunc
893 5648 1225 5702 consequens.
1281 5637 1325 5667 ¹⁶
1351 5630 1391 5686 Ᾱ
1424 5630 1741 5687 detrimentis
1766 5651 1884 5702 que.
1942 5639 1981 5668 "
2010 5649 2057 5691 et
2092 5630 2501 5697 suceessiont’lius
2552 5659 2662 5700 om.
2715 5646 2782 5701 A.

3491 5505 3513 5535 ⁸
3538 5507 3578 5556 Α
3639 5501 3845 5567 inferri.

2922 5577 2966 5610 "
2999 5578 3044 5631 A
3076 5580 3141 5631 de
3158 5586 3461 5635 ea,natura.
3539 5572 3582 5603 "
3610 5570 3653 5623 A
3678 5568 3845 5624 nulla.

2847 5646 2891 5680 ⁸⁸
2921 5648 3108 5702 iterum
3135 5662 3243 5703 out.
3269 5646 3334 5701 A.
3397 5642 3439 5676 "
3490 5652 3610 5696 vero
3636 5653 3744 5694 om.
3776 5639 3842 5692 Α.
