4236 6274
619 367 737 432 5‘13

1967 358 2248 422 JOANNIS
2283 364 2477 423 SCOTl

3757 358 3863 416 625

625 481 902 554 possidere
965 477 983 510 ⁸
1038 477 1351 550 primordia.
1424 478 1647 533 Divinae
1708 483 1933 531 naturae
2008 477 2194 546 quinta
2221 481 2269 539 Α
2296 477 2568 530 Creatoris
2610 474 2692 528 sui
2722 472 3070 528 voluntatem.
3101 469 3168 527 Et
3207 473 3529 536 notandum,
3560 473 3703 541 quod
3730 466 3889 526 ordo‘

627 571 834 625 theoria
878 570 931 622 in
976 582 1183 623 summa
1228 586 1293 623 ac
1334 586 1461 624 vera
1510 568 1859 638 intelligentia
1910 579 2190 635 versatur;

626 661 931 715 intellectus
974 659 1117 713 enim
1164 668 1248 713 est
1291 660 1595 727 intelligens
1636 660 1837 722 omnia,
1883 650 2199 727 priusquam

626 753 783 803 ﬁant.
825 747 905 803 Ac
948 763 1043 818 per
1071 749 1172 802 hoc
1217 748 1406 816 quinta
1444 749 1496 801 in
1531 748 1720 801 ordine
1768 746 2193 815 primordialium

626 839 973 911 cOgnoscitur
996 853 1094 908 per
1120 840 1350 908 seipsam
1382 838 1728 908 intelligentia
1758 840 1803 903 ³,
1841 839 1993 907 cujus
2018 839 2038 870 ³
2078 854 2199 907 par-

626 930 945 1001 ticipatione
991 928 1316 998 intelligunt,
1364 942 1715 996 quaecunque
1743 926 2114 995 intelligunt‘,
2141 936 2197 980 et

628 1021 935 1076 intellectus
970 1027 1125 1082 sunt;
1163 1021 1275 1087 ipsa
1307 1032 1434 1070 vero
1470 1017 1640 1085 prima
1665 1017 2004 1085 participatio
2030 1014 2195 1070 sum-

630 1128 752 1167 mae
778 1126 839 1166 ac
860 1125 1016 1165 verae
1038 1108 1418 1178 intelligentiae
1444 1107 1657 1163 condita
1749 1114 1851 1162 est.
1878 1107 2040 1161 Sexta
2067 1123 2197 1161 cons

630 1200 907 1270 tcmplatio
928 1200 1138 1255 divinae
1158 1208 1383 1252 naturae
1404 1197 1455 1251 in
1480 1212 1605 1251 vera
1627 1210 1942 1267 summaque
1984 1197 2197 1264 sapien-

631 1289 705 1344 tia
728 1289 1094 1344 constituitur.
1127 1286 1261 1342 Hinc
1285 1303 1389 1340 non
1419 1286 1687 1339 immerito
1718 1287 1858 1339 inter
1878 1285 2197 1354 primordia-

626 1379 707 1434 les
728 1394 918 1433 causas
949 1388 1101 1433 sexto
1134 1377 1251 1432 loco
1276 1391 1372 1446 per
1401 1376 1629 1444 seipsam
1660 1376 1920 1444 sapientia
1965 1374 2194 1429 colloca-

627 1485 738 1538 tur,
773 1487 912 1542 quae
946 1473 1116 1543 prima
1163 1471 1504 1541 participatio
1542 1477 1624 1524 est
1669 1482 1911 1523 summae
1943 1482 2008 1521 ac
2034 1482 2195 1522 verae

626 1561 942 1631 sapientiae,
991 1562 1404 1630 participatione
1436 1574 1566 1614 vero
1592 1559 1674 1614 sui
1702 1559 1951 1613 omnibus
1992 1567 2111 1626 post
2136 1574 2196 1613 se

624 1652 959 1721 sapientibus
974 1651 1211 1720 sapiendi
1230 1666 1388 1706 causa
1420 1660 1601 1705 creata
1628 1658 1731 1703 est.
1757 1647 1933 1702 Verae
1959 1662 2023 1702 ac
2049 1663 2197 1701 sum-

626 1756 747 1794 mae
795 1752 1015 1795 naturae
1044 1741 1064 1771 °
1093 1742 1318 1809 septima
1342 1739 1724 1809 contemplatio
1744 1746 2000 1807 est,quae
2020 1738 2197 1792 consi-

2295 567 2397 622 isle
2424 554 2849 635 primordialium
2881 574 3186 625 causarum,
3215 578 3375 632 quem
3407 581 3437 616 a
3464 578 3549 617 me
3579 563 3774 631 exigis,
3799 564 3866 615 ad

2293 667 2500 710 certum
2534 653 2909 723 progrediendi
2939 653 3153 705 modum
3185 651 3463 705 inconl‘nse
3490 652 3725 705 discerni
3759 666 3864 703 non

2296 745 2348 799 in
2381 744 2527 812 ipsis,
2557 743 2648 797 sed
2676 744 2727 795 in
2757 742 2981 803 theoria,
3031 741 3132 793 hoc
3178 749 3282 800 est,
3331 740 3382 791 in
3422 738 3637 791 animae
3666 738 3711 768 "
3738 752 3865 791 eon-

2297 837 2431 889 tuitu
2462 834 2773 903 quaerentis
2805 847 2897 886 eas
2928 832 2967 862 ¹⁷
2990 871 3005 894 ,
3053 844 3367 898 earumque,
3398 838 3654 897 quantum
3683 829 3862 888 datur,

2295 926 2540 979 notitiam
2563 924 2613 976 in
2637 924 2812 990 seipse
2836 920 3208 989 concipientis,
3223 935 3451 987 eamque
3472 917 3865 987 quodammodo

2295 1016 2596 1070 ordiuautis
2632 1014 2956 1067 constitutus
2994 1011 3084 1073 sit,
3125 1022 3183 1063 ut
3212 1012 3278 1064 de
3302 1010 3382 1063 eis
3411 1019 3616 1064 certum
3665 1010 3863 1076 aliquid

2298 1119 2540 1173 puraque
2579 1099 2929 1170 intelligentia
2969 1099 3249 1152 definitum
3292 1099 3639 1168 pronuntiare
3675 1098 3863 1165 possit.

2295 1193 2446 1260 Ipsae
2471 1191 2733 1259 siquidem
2765 1189 2969 1258 primae
3007 1203 3203 1242 causae
3231 1188 3283 1240 in
3312 1188 3503 1256 seipsis
3528 1204 3693 1240 unmn
3719 1196 3861 1252 sunt,

2296 1290 2352 1335 et
2375 1280 2666 1348 simplices,
2698 1278 2934 1345 nullique
2958 1278 3174 1346 cognito
3201 1277 3392 1332 ordine
3418 1278 3688 1342 deﬁnitae,
3717 1288 3806 1331 aut
3832 1295 3862 1331 a

2297 1386 2355 1426 se
2386 1372 2613 1424 invicem
2641 1377 2983 1439 segregalae;
3032 1370 3134 1423 hoc
3182 1369 3325 1422 enim
3361 1369 3415 1422 in
3437 1368 3717 1424 cﬂ'cctibus
3754 1371 3862 1424 suis

2297 1462 2575 1530 patiuntur
2598 1460 2660 1511 υ.
2692 1459 2759 1512 Et
2779 1460 2919 1512 sicut
2942 1459 2993 1511 in
3026 1458 3272 1523 monade,
3299 1460 3424 1512 dum
3445 1472 3635 1513 omnes
3656 1459 3860 1513 numeri

2298 1549 2409 1603 sola
2461 1549 2670 1603 ratione
2710 1546 3028 1610 subsistunt,
3076 1545 3254 1599 nullus
3297 1554 3475 1600 tamen
3521 1561 3770 1599 numerus
3798 1546 3862 1598 ab

2299 1637 2404 1692 alio
2430 1653 2654 1691 numero
2673 1635 3030 1701 discernitur;
3066 1650 3231 1688 unum
3278 1635 3421 1688 enim
3460 1644 3607 1700 sunt,
3647 1644 3703 1689 et
3732 1635 3861 1689 sim-

2300 1728 2421 1799 plex
2474 1744 2661 1793 unum,
2713 1737 2769 1783 et
2809 1741 2914 1779 non
2954 1741 3022 1779 ex
3055 1725 3239 1779 multis
3287 1727 3641 1794 compositum
3675 1740 3854 1786 unum,

623 1829 778 1882 derat
821 1843 1087 1882 sunnnam
1126 1829 1291 1898 ipsius
1312 1844 1376 1883 ac
1420 1843 1602 1881 veram
1658 1827 1933 1881 virtutem.
1979 1826 2057 1881 Ac
2099 1841 2194 1894 per
2222 1828 2269 1886 Β
2296 1820 2559 1889 siquidem
2586 1835 2651 1874 ex
2676 1818 2905 1873 monade
2927 1817 3102 1871 omnis
3123 1831 3470 1870 numerorum
3498 1815 3862 1884 multiplicatio

626 1919 729 1972 hoc
748 1933 847 1988 per
875 1919 1107 1988 seipsam
1130 1920 1301 1973 virtus
1327 1919 1468 1972 inter
1491 1916 1865 1988 primordiales
1906 1917 2190 1986 septimam

624 2012 808 2066 sedem
856 2020 1103 2081 occupat,
1152 2020 1208 2066 et
1249 2020 1334 2066 est
1367 2011 1542 2079 prima
1578 2009 1920 2079 participatio
1949 2022 2194 2062 sununae

622 2117 688 2155 ac
736 2115 896 2155 verae
942 2102 1189 2167 virtutis;
1237 2110 1451 2155 ceterae
1486 2115 1614 2155 vero
1644 2108 1765 2169 post
1790 2113 1909 2152 eam
1937 2099 2193 2151 virtutum

621 2192 832 2261 species
874 2192 1312 2263 participationes
1340 2192 1506 2261 ipsius
1533 2190 1554 2223 "
1595 2197 1739 2244 sunt.
1773 2188 2011 2245 Octavus
2040 2189 2194 2242 theo-

623 2284 738 2338 riae
766 2285 965 2353 gradus
990 2292 1091 2349 est,
1123 2283 1174 2337 in
1199 2297 1307 2352 quo
1332 2297 1486 2336 mens
1512 2297 1646 2352 pura
1677 2294 1885 2334 summa
1909 2294 2147 2346 veraque
2170 2277 2192 2309 "

622 2374 836 2428 divinae
865 2384 1089 2429 naturae
1128 2372 1511 2427 beatitudinem
1537 2372 1792 2425 intuetur.
1818 2367 1982 2436 Cujus
2015 2368 2189 2438 prima

622 2465 967 2534 participatio
990 2473 1073 2519 est
1098 2464 1120 2496 ⁹
1145 2479 1241 2534 per
1280 2478 1338 2517 se
1359 2462 1653 2523 beatitudo,
1678 2475 1838 2528 quam
1861 2459 2025 2512 veluti
2051 2466 2195 2513 octa-

622 2568 749 2606 vam
786 2552 1211 2623 primordialium
1258 2548 1601 2619 participant,
1645 2546 1912 2615 beataque
1954 2552 2078 2600 sunt
2124 2545 2192 2610 ιθ,

622 2654 976 2709 quaecunque
1019 2647 1139 2710 post
1163 2653 1221 2693 se
1253 2640 1407 2693 beata
1436 2644 1584 2700 sunt,
1614 2634 1816 2689 omnia.
1844 2632 1993 2688 Nona
2022 2634 2076 2687 in
2104 2649 2194 2688 or-

620 2717 749 2785 dine
816 2729 1019 2783 tlieoria
1064 2728 1278 2783 divinae
1323 2740 1386 2779 ac
1435 2738 1677 2779 sunnnae
1723 2722 1988 2788 veritatis,
2042 2721 2194 2790 cujus

620 2821 795 2889 prima
840 2818 1184 2888 participatio
1226 2825 1312 2870 est
1338 2815 1383 2849 ¹¹
1410 2830 1505 2884 per
1531 2815 1763 2881 seipsam
1818 2812 2036 2876 veritas,
2072 2821 2193 2882 post

620 2924 782 2977 quam
827 2918 883 2962 et
922 2923 1018 2978 per
1059 2922 1219 2976 quam
1264 2905 1417 2976 quasi
1466 2902 1890 2974 primordialium
1921 2915 2115 2954 nouant
2148 2902 2192 2932 ι’

618 3016 746 3054 vera
797 3008 937 3060 sum,
979 3014 1332 3070 quaecunque
1367 3012 1495 3051 vera
1539 3007 1683 3059 sunt,
1734 2995 1935 3048 omnia.
1980 2994 2193 3048 Decima

615 3092 838 3161 ponitur
865 3105 960 3160 per
983 3091 1213 3158 seipsam
1246 3088 1558 3150 aeternitas,
1594 3101 1735 3155 quae
1764 3086 1937 3154 prima
1969 3085 2191 3153 partici-

2295 1912 2636 1981 progreditur
2673 1911 2727 1965 in
2764 1911 3053 1975 inlinitum,
3086 1926 3190 1965 non
3218 1920 3398 1964 autem
3431 1925 3618 1965 monas
3637 1925 3703 1963 ex
3733 1909 3856 1963 mul-

2297 2004 2566 2072 tiplicibus
2590 2011 2645 2056 et
2673 2019 2702 2056 a
2729 2018 2787 2058 se
2816 2004 3284 2073 progredientibus
3332 2005 3573 2058 numeris
3609 2004 3769 2058 veluti
3811 2004 3863 2057 in

2296 2108 2460 2145 unum
2514 2093 2757 2147 collectis
2811 2093 3100 2147 conﬁcitur
3141 2111 3153 2146 :
3203 2093 3446 2147 similiter
3492 2092 3867 2161 primordialcs

2294 2196 2512 2244 causae,
2543 2181 2672 2236 dum
2710 2183 2764 2235 in
2802 2182 3070 2251 principio
3096 2183 3356 2245 omnium,
3390 2183 3443 2235 in
3472 2182 3645 2236 Verbo
3674 2181 3864 2234 videlic

2292 2281 2380 2326 cet
2410 2270 2501 2325 Del
2527 2272 2801 2342 unigenito
2830 2273 2896 2338 ³⁸,
2929 2273 3258 2328 substitutae
3283 2273 3665 2342 intelliguntur,
3697 2286 3863 2324 unum

2293 2360 2518 2430 simplex
2547 2370 2709 2431 atque
2734 2362 3067 2417 individumn
3093 2373 3236 2428 sunt,
3270 2365 3394 2418 dum
3417 2378 3544 2417 vero
3567 2364 3620 2417 in
3645 2362 3865 2417 etl‘ectus

2293 2464 2420 2505 suos
2461 2452 2511 2504 in
2560 2452 2829 2506 inﬁnitum
2867 2454 3252 2522 multiplicatos
3279 2455 3594 2524 procedunt,
3624 2469 3864 2509 numero-

2293 2554 2408 2593 sam
2449 2541 2861 2611 ordinatamque
2903 2544 2984 2598 sui
3026 2544 3389 2613 pluralitatem
3430 2544 3715 2612 recipiunt,
3758 2560 3859 2598 non

2292 2630 2417 2697 quia
2442 2644 2605 2684 causa
2626 2631 2866 2685 omnium
2893 2632 3026 2686 ordo
3054 2647 3157 2686 non
3181 2634 3253 2687 sit
3276 2631 3360 2686 vel
3389 2632 3675 2695 ordinatio,
3692 2631 3784 2685 vel
3812 2631 3860 2663 ”

2292 2735 2389 2789 per
2439 2721 2673 2789 seipsam
2721 2722 2995 2776 ordinatio
3023 2722 3077 2776 in
3115 2722 3395 2792 principiis
3425 2737 3605 2776 rerum
3634 2707 3743 2775 non.
3765 2736 3860 2774 nu-

2294 2818 2553 2874 meretur,
2599 2826 2719 2864 cum
2745 2826 2904 2866 omne
2929 2812 3233 2866 ordinatum
3262 2813 3669 2882 participatione
3699 2814 3861 2882 ipsius

2293 2901 2364 2954 sit
2404 2902 2744 2968 ordinatum;
2793 2902 2885 2956 sed
2917 2903 3041 2972 quia
3073 2906 3251 2959 omnis
3274 2907 3407 2959 ordo
3434 2906 3487 2958 in
3512 2920 3717 2958 summa
3746 2920 3862 2958 om-

2293 2991 2440 3045 nium
2486 3007 2673 3057 causa,
2710 2994 2837 3046 etin
2872 2994 3042 3062 ipsius
3067 2994 3237 3062 prima
3284 2995 3695 3063 participatione
3728 3010 3864 3048 unus

2296 3099 2359 3138 ac
2384 3084 2608 3153 simplex
2640 3093 2740 3148 est,
2776 3084 3040 3153 nullisque
3064 3083 3382 3141 diﬁ'ereatiis
3408 3086 3751 3148 discernitur,
3775 3085 3864 3139 ubi

618 3183 766 3253 patio
788 3192 870 3236 est
898 3196 1142 3236 sunuuae
1171 3195 1235 3235 ac
1264 3194 1425 3235 verae
1445 3179 1871 3242 aeternitatis,et
1889 3188 2008 3247 post
2030 3192 2190 3246 quam
2222 3173 2265 3232 C
2297 3187 2484 3227 omnes
2526 3174 2744 3227 ordines
2770 3189 2798 3227 a
2832 3175 3024 3243 seipsis
3073 3190 3176 3229 non
3226 3176 3555 3245 discrepant,
3607 3177 3858 3246 quoniam

618 3281 677 3327 et
725 3289 821 3342 per
876 3288 1036 3342 quam
1095 3281 1316 3325 aeterna
1367 3278 1518 3330 sunt,
1574 3284 1924 3338 quaecunque
1973 3278 2190 3322 aeterna

620 3372 748 3417 sunt
779 3361 847 3425 “,
876 3362 1078 3415 omnia.
1114 3360 1310 3413 Eadem
1338 3360 1473 3413 ratio
1496 3367 1579 3411 est
1617 3359 1682 3410 de
1707 3357 2091 3426 tnaguitudine,
2126 3359 2192 3412 de

621 3464 807 3503 amore
853 3459 908 3502 et
956 3464 1106 3517 pace,
1160 3448 1226 3501 de
1257 3448 1460 3501 unitate
1491 3456 1546 3499 et
1574 3445 1931 3515 perfectione;
1954 3458 2068 3514 per
2097 3448 2193 3502 has

619 3538 768 3592 enim
813 3536 1185 3606 primordiales
1229 3550 1420 3590 causas
1456 3552 1486 3589 a
1524 3549 1733 3589 summa
1761 3535 2000 3589 omnium
2030 3552 2190 3591 causa

620 3627 975 3691 descendunt,
1010 3640 1362 3696 quaecunque
1400 3625 1798 3695 magnitudinis,
1838 3627 2059 3692 amoris,
2092 3644 2193 3697 pa-

618 3718 719 3783 cis,
755 3718 1000 3782 unitatis,
1055 3717 1400 3787 perfectionis
1443 3717 1820 3788 participantia
1862 3725 2005 3772 sunt.
2039 3719 2193 3773 Sulli-

619 3809 771 3861 ciunt
800 3808 953 3871 haec,
978 3816 1035 3861 ut
1063 3807 1316 3871 arbitror,
1354 3809 1420 3863 ad
1447 3822 1533 3872 ea,
1562 3821 1703 3876 quae
1726 3807 1992 3874 volumus,
2024 3810 2196 3864 Inani-

621 3897 888 3953 festanda.
932 3897 1211 3952 Praedicta
1250 3897 1514 3967 siquidem
1543 3899 1745 3953 tlieoria
1772 3899 2113 3954 unil'ormitcr
2136 3904 2188 3954 in

620 3987 871 4042 omnibus
917 4001 1095 4041 rerum
1150 3987 1389 4041 omnimn
1441 3989 1763 4058 principiis,
1823 3989 1875 4043 in
1924 3990 2190 4044 inﬁnitttm

615 4078 1103 4150 progredientibus,
1126 4076 1321 4131 mentis
1338 4077 1617 4133 obtutibus
1638 4077 1972 4133 deiformiter
1991 4081 2194 4134 arridet

617 4169 838 4238 ubique,
890 4169 1004 4223 sive
1039 4169 1091 4222 in
1135 4167 1241 4231 his,
1269 4182 1408 4237 quae
1437 4178 1491 4222 et
1521 4167 1566 4198 ³⁵⁵
1592 4169 1814 4238 intelligi
1842 4178 1899 4222 ct
1924 4169 2189 4224 nominari

614 4269 860 4332 possunt,
892 4261 1005 4315 sive
1028 4260 1081 4315 in
1111 4260 1215 4323 his,
1246 4274 1386 4329 quae
1421 4258 1536 4313 solo
1576 4259 1850 4315 intellectu
1888 4260 2194 4328 percipiun-

615 4360 724 4416 tur,
777 4350 1263 4421 siguilieationibus
1288 4348 1469 4403 tamen
1511 4351 1786 4412 deﬁciunt,
1836 4351 1950 4403 sive
1987 4352 2038 4403 in
2084 4351 2186 4414 bis,

614 4455 753 4510 quae
788 4456 890 4494 nec
926 4440 1197 4495 intellectu
1236 4439 1780 4509 comprehenduntur,
1814 4454 1915 4491 nec
1944 4439 2190 4491 nomina-

2294 3278 2458 3315 unum
2493 3263 2848 3333 inseparabile
2880 3272 3026 3327 sunt,
3064 3264 3206 3319 unde
3233 3281 3416 3320 rerum
3459 3267 3697 3322 omnimn
3736 3267 3866 3321 mul-

2296 3352 2455 3421 tiplex
2503 3354 2635 3407 ordo
2680 3354 2975 3408 descendit.
3023 3353 3169 3411 Ordo
3212 3358 3394 3426 itaque
3438 3360 3866 3426 primordialium

2293 3455 2577 3495 causarum
2601 3442 2753 3511 juxta
2779 3445 3195 3513 contemplantis
3224 3447 3391 3501 animi
3421 3449 3705 3503 arbitrium
3740 3468 3867 3505 cou-

2293 3532 2562 3595 stituitur,
2615 3535 2667 3586 in
2711 3543 2974 3602 quantum
3027 3549 3212 3588 earum
3260 3537 3495 3607 cognitio
3543 3538 3609 3592 de
3656 3540 3854 3594 divinis

2293 3621 2472 3675 causis
2514 3622 2913 3690 disputantibus
2962 3622 3145 3678 datur.
3201 3624 3348 3677 Licet
3368 3624 3512 3678 enim
3538 3627 3625 3694 pie
3649 3642 3711 3681 ac
3737 3642 3883 3696 pure.

2294 3711 2796 3781 pliilosopliantibus
2822 3713 2892 3766 ab
2920 3727 3245 3781 unaquaque
3294 3727 3504 3778 earum,
3544 3724 3699 3782 prout
3731 3716 3861 3778 vult,

2295 3803 2573 3867 inchoare,
2599 3811 2654 3857 et
2678 3818 2776 3874 per
2799 3812 3008 3858 ceteras
3033 3804 3228 3858 mentis
3248 3804 3483 3867 oculum,
3511 3805 3599 3870 qui
3628 3813 3713 3858 est
3737 3819 3864 3858 vera

2294 3895 2455 3959 ratio,
2500 3895 2690 3949 ordine
2732 3895 2964 3963 quodam
3013 3893 3485 3962 contemplationis
3517 3894 3861 3957 convolvere,

2292 4003 2501 4052 omnes,
2539 4001 2887 4056 quascunque
2926 3993 3124 4054 potest,
3183 3985 3507 4054 percipiens,
3535 3984 3667 4038 etin
3694 3984 3865 4055 quali-

2293 4094 2513 4147 cunque
2529 4092 2717 4132 earnm
2756 4078 3040 4130 terminum
3084 4092 3215 4130 suae
3248 4076 3489 4129 theoriae
3518 4076 3861 4128 constituere.

2292 4168 2443 4222 Sicut
2468 4183 2607 4221 nunc
2637 4166 2951 4220 intentionis
2986 4176 3202 4222 nostrae
3253 4166 3471 4220 humilis
3500 4166 3774 4232 capacilas
3794 4180 3862 4219 ex

2292 4259 2533 4311 bonitate
2573 4256 3000 4325 primordialium
3051 4270 3374 4317 causarum,
3416 4255 3582 4309 veluti
3628 4254 3862 4322 quodam

2291 4349 2481 4402 ordine
2519 4348 2960 4410 constitutarum,
3001 4361 3289 4400 numerum
3316 4346 3494 4412 coepit
3523 4353 3861 4412 computare,

2291 4448 2347 4490 et
2373 4438 2422 4489 in
2448 4451 2534 4495 ea,
2573 4452 2712 4504 quae
2756 4436 2952 4490 dicitur
2990 4450 3084 4504 per
3122 4435 3351 4504 seipsam
3390 4433 3670 4503 perfectio,
3700 4434 3862 4486 veluti

615 4529 853 4582 tionibus
883 4530 1284 4598 exprimuntur;
1316 4528 1528 4599 fugiunt
1553 4529 1697 4584 enim
1726 4544 1940 4582 omnem
1970 4543 2184 4582 sensum
2218 4525 2264 4583 D
2290 4527 2478 4595 quinto
2516 4527 2722 4580 decimo
2764 4526 2883 4581 loco
2913 4527 3201 4580 constituta
3233 4527 3392 4579 linem
3421 4525 3668 4596 exemplo
3692 4525 3861 4585 dedit,

612 4629 940 4683 omnemque
983 4617 1180 4671 mentis
1212 4620 1550 4680 contuitum;
1586 4619 1752 4673 nimia
1779 4618 2042 4688 siquidem
2066 4619 2181 4673 alti-

617 4703 816 4758 tudinis
843 4721 973 4760 suae
1003 4708 1048 4740 "
1070 4708 1314 4763 claritate
1355 4713 1733 4768 obscurantur.
1764 4714 1821 4767 lu
1879 4715 1994 4784 ipso
2040 4715 2182 4769 enim

613 4805 757 4855 sunt,
783 4795 849 4849 de
872 4810 979 4864 quo
998 4795 1289 4864 Apostolus
1317 4798 1453 4851 dixit
1474 4813 1488 4849 :
1509 4798 1613 4862 Qui
1634 4801 1776 4853 solus
1796 4803 1945 4854 Imbct
1970 4804 2185 4856 immor-

614 4885 889 4951 talitatem,
909 4896 957 4941 et
979 4887 1146 4940 lucem
1166 4887 1370 4940 habitat
1391 4888 1818 4941 inaccessibilem.
1836 4890 1945 4944 Nec
1967 4893 2183 4955 mirum,

611 4985 658 5038 si
706 4997 904 5037 causae
942 4980 1319 5052 primordiales
1365 4983 1416 5036 in
1465 4981 1730 5035 inﬁnitum
1772 4984 2181 5049 protenduntur.

612 5073 684 5128 Ut
707 5073 852 5127 enim
889 5074 1062 5143 prima
1101 5073 1341 5127 onmium
1380 5086 1566 5134 causa,
1615 5085 1679 5124 ex
1724 5088 1850 5140 qua,
1892 5081 1946 5125 et
1973 5072 2025 5126 in
2053 5090 2183 5141 qua,

608 5173 665 5220 et
692 5177 790 5234 per
813 5180 999 5234 quam,
1025 5172 1079 5217 et
1107 5163 1173 5216 ad
1196 5178 1358 5232 quam
1387 5162 1633 5217 conditae
1661 5172 1806 5224 sunt,
1844 5163 2047 5219 inﬁnita
2078 5174 2178 5227 est,

612 5257 686 5311 ita
710 5265 765 5311 et
787 5256 937 5326 ipsae
968 5255 1130 5310 ﬁnem
1161 5254 1429 5320 nesciunt,
1456 5269 1565 5324 quo
1594 5253 1933 5319 claudantur,
1974 5266 2185 5324 praeter

2284 4619 2536 4686 quoniam
2583 4619 2810 4686 exetnpli
2852 4619 3024 4689 gratia
3062 4619 3158 4672 bas
3182 4618 3509 4688 principales
3545 4633 3736 4673 causas
3764 4633 3862 4687 pro

2286 4709 2489 4763 viribus
2537 4708 2845 4762 intentionis
2874 4725 3005 4762 suae
3026 4709 3206 4778 elegit,
3257 4718 3332 4771 et,
3382 4716 3439 4760 ut.
3462 4710 3512 4762 ei
3549 4708 3720 4762 visum
3756 4716 3861 4767 est,

2286 4801 2583 4865 ordinavit;
2610 4816 2713 4853 non
2737 4802 2877 4869 quod
2902 4802 2975 4854 ita
2998 4810 3185 4855 natura
3208 4817 3302 4854 sua
3320 4803 3363 4831 ²¹
3387 4801 3495 4855 sint
3515 4800 3857 4860 constitutae,

2292 4893 2378 4946 ubi
2406 4892 2584 4944 omnia
2628 4906 2791 4944 unum
2839 4900 2986 4955 sunt,
3030 4899 3085 4945 et
3110 4891 3267 4945 simul
3295 4890 3689 4956 etisimpliciter
3711 4896 3857 4949 sunt,

2291 4988 2383 5041 sed
2414 4987 2553 5054 quod
2576 4985 2956 5056 quaerentibus
2977 4998 3088 5048 eas,
3110 4985 3283 5054 deque
3305 4986 3384 5040 eis
3402 4984 3651 5053 quiddam
3680 4997 3861 5037 οχθηιο

2292 5077 2360 5145 pli
2405 5077 2574 5141 gratia
2620 5074 2861 5144 proferre
2890 5075 3217 5139 volentibus,
3249 5076 3327 5127 sic
3353 5074 3433 5127 vel
3462 5073 3560 5135 sic,
3591 5081 3645 5125 et
3678 5069 3855 5124 multi-

2291 5167 2520 5235 pliciter,
2545 5176 2598 5220 et
2622 5166 2843 5225 inﬁnite.
2876 5165 3056 5217 divino
3080 5166 3231 5217 radio
3255 5164 3610 5226 illuminante,
3632 5161 3683 5215 in
3712 5160 3860 5214 then.

2292 5256 2505 5325 plianiis
2551 5257 2663 5311 suis
2707 5255 2881 5309 solent
2907 5256 2952 5286 “
2980 5270 3261 5325 apparere.
3312 5254 3375 5307 Et
3400 5255 3587 5308 utlioc-
3614 5250 3856 5320 exemplo

1876 5368 2129 5422 VARIAE
2165 5366 2563 5421 LECTIONES.

686 5462 701 5489 ⁸
735 5457 776 5511 C
801 5461 1043 5524 possidet.
1121 5471 1142 5500 ²
1176 5469 1410 5513 versatur
1432 5490 1502 5499 ——
1527 5456 1867 5527 intelhgeutiu
1895 5475 2007 5512 om.
2028 5458 2089 5511 C.

611 5525 633 5555 ⁶
658 5525 698 5577 Λ
731 5537 951 5597 naturae
978 5546 1084 5597 om.
1116 5528 1180 5581 A.
1260 5530 1279 5560 ⁷
1308 5531 1468 5596 ipsius
1487 5545 1595 5582 om.
1629 5525 1710 5581 Α(
1771 5530 1792 5557 ⁸
1817 5528 1855 5579 Α
1892 5544 2181 5597 veramque.

608 5593 821 5662 o::t.C).
900 5597 1030 5650 “est
1051 5594 1161 5651 oni.
1190 5599 1255 5651 A.
1327 5593 1376 5632 ’³³
1400 5615 1589 5653 nonani
1620 5615 1707 5651 om
1731 5597 1794 5649 Α.

610 5667 654 5787 ;‘
678 5665 903 5718 Canimi
929 5704 942 5718 .
1021 5667 1060 5698 ¹⁷
1104 5684 1189 5722 eas
1226 5684 1333 5723 om.
1365 5672 1425 5723 A.

631 5744 769 5787 eam.

631 5744 769 5791 εαιισ.

958 5799 1043 5811 μοι.

2166 5457 2187 5487 ⁸
2208 5458 2248 5509 C
2286 5459 2460 5511 unius.

2258 5527 2278 5557 '
2308 5537 2380 5577 est
2413 5544 2521 5580 om.
2547 5526 2606 5580 C.

1872 5597 1915 5634 "
1936 5613 2270 5665 qtmernnque
2299 5606 2507 5648 acterna
2529 5606 2646 5647 sunt
2676 5612 2783 5647 nni.
2803 5597 2862 5652 C.

1508 5670 1551 5701 ¹⁸
1580 5668 1619 5724 C
1656 5668 1985 5739 partiuntur.
2064 5668 2106 5701 "
2129 5668 2171 5722 Δ
2202 5665 2447 5731 ingenito.
2525 5666 2572 5701 “
2603 5665 2643 5719 C
2696 5666 2774 5721 \cl
2816 5684 2916 5720 non
2957 5685 3073 5738 per.
3152 5670 3190 5702 ²¹
3218 5685 3314 5723 sua
3350 5682 3457 5722 om.
3486 5665 3548 5718 A.

2538 5458 2560 5487 ‘
2602 5473 2937 5526 quaecunque
2962 5458 3256 5526 intelligunt
3283 5474 3393 5511 om.
3427 5456 3488 5510 C.
3566 5457 3588 5489 ⁸
3621 5458 3664 5509 Α
3694 5458 3851 5510 edim.

2687 5527 2728 5561 ιθ
2760 5528 2863 5581 Pro
2903 5529 3152 5596 beataque
3201 5538 3323 5582 sunt
3350 5528 3389 5577 (Σ
3422 5530 3570 5579 beata
3599 5526 3717 5594 (que
3737 5536 3857 5578 sunt

2942 5596 2983 5628 1"
3005 5609 3050 5650 et
3081 5614 3188 5651 om.
3218 5598 3283 5651 Α.
3364 5598 3408 5628 ’⁸
3434 5596 3709 5647 altitudine
3730 5596 3854 5647 sire.

3631 5666 3675 5695 ³³
3700 5667 3740 5716 Α
3771 5680 3859 5716 so-
