4236 6274
495 319 600 376 6ἓό

1333 310 1420 363 DE
1459 307 1797 364 DlVlSlONE
1837 305 2186 361 NATL’RAE.
2227 337 2296 344 -——
2339 305 2539 360 LIBER
2575 305 2892 361 TERTIUS.

3645 307 3747 396 9726

499 448 682 488 rerum
735 427 1064 484 sensibilium
1097 425 1294 478 clarius
1325 425 1595 477 clucescat
1625 425 1664 486 ¹,
1721 432 1968 478 centrum
2019 431 2072 476 et
2104 429 2146 481 Α
2179 438 2282 476 non
2311 423 2532 484 falleris,
2569 432 2624 476 ιιι
2653 422 2874 489 opinor;
2923 437 3028 474 non
3059 424 3200 476 enim
3229 422 3386 476 aliter
3411 437 3536 474 vera
3559 427 3747 478 edocet

501 521 971 586 circumscriptum
1001 517 1049 570 ei
1075 514 1332 568 circulum
1378 513 1664 582 diligenter
1711 513 1940 573 intuere,
1989 529 2073 566 re-

501 627 724 682 ctasque
768 612 935 663 lineas
959 625 986 659 a
1013 615 1198 660 centro
1247 587 1545 664 inchoatas,
1593 611 1648 654 et
1695 603 1760 654 ad
1809 602 2070 654 circulum

503 713 779 774 porrectas
821 703 840 730 ²
871 739 884 760 ,
931 697 1111 763 ibique
1163 693 1498 746 terminatas.
1559 692 1700 744 Disc.
1757 689 1928 756 Saepe
1974 693 2074 743 hoc

505 789 708 860 aspexi,
751 803 844 842 seu
887 787 939 840 in
993 785 1172 838 animo
1202 799 1294 851 per
1325 781 1660 850 phantasiam
1704 781 1950 841 interius,
1979 795 2072 832 seu

501 883 554 934 in
581 881 744 950 ﬁgura
779 878 974 931 visibili
1011 887 1382 943 corporeaque
1411 872 1652 924 exterius
1680 871 1858 924 sensui
1883 871 1904 900 ³
1951 871 2077 922 sub—

493 970 656 1038 jecta.
702 968 842 1022 MAG.
887 968 1000 1019 Non
1033 965 1258 1016 intuitus
1287 977 1368 1026 es,
1396 961 1664 1028 quomodo
1690 974 1877 1013 omnes
1905 959 2075 1012 lineae

499 1066 556 1114 in
585 1067 776 1114 centro
815 1059 1143 1118 adunantur,
1173 1063 1232 1106 ut
1257 1059 1278 1084 ⁵
1303 1053 1443 1106 nulla
1483 1053 1694 1104 illarum
1721 1052 1788 1104 ah
1819 1051 1938 1104 aliis
1963 1051 2073 1103 dis-

500 1152 648 1204 cerni
703 1153 908 1218 possit,
957 1149 1239 1210 nimirum,
1285 1147 1410 1214 quia
1454 1161 1644 1198 onmes
1701 1145 1752 1196 in
1813 1159 1876 1197 eo
1915 1161 2075 1197 unum

505 1251 652 1303 sunt,
679 1248 732 1292 et
754 1238 898 1290 nullo
920 1237 1074 1290 modo
1101 1251 1128 1287 a
1158 1236 1349 1303 seipsis
1379 1235 1704 1300 discrepant,
1737 1235 1808 1285 ita
1831 1241 1890 1285 ut
1919 1235 2080 1285 ratio-

501 1329 756 1382 nabiliter
803 1343 908 1380 non
952 1327 1202 1395 junctnra
1243 1325 1506 1377 linearum
1548 1324 1602 1375 in
1633 1315 1936 1386 unum,sed
1961 1321 2078 1375 fons

505 1429 668 1486 atque
711 1418 1026 1485 principium
1077 1413 1300 1482 simplex
1336 1423 1392 1468 et
1441 1413 1803 1475 individuum,
1859 1427 1926 1466 ex
1970 1427 2076 1480 quo

504 1509 618 1561 sive
654 1507 994 1567 naturaliter,
1038 1505 1150 1558 sive
1188 1513 1328 1566 arte,
1373 1504 1649 1572 n'tultiplex
1681 1504 1940 1556 linearum
1973 1519 2073 1555 nu-

503 1609 684 1647 merus
733 1594 996 1661 procedit,
1036 1602 1282 1648 centrum
1315 1593 1632 1658 deﬁniatur;
1663 1604 1746 1646 est
1771 1593 1914 1646 enim
1945 1607 2072 1646 cen-

502 1693 642 1737 trum
690 1685 710 1714 ⁵
743 1683 1042 1736 universale
1075 1683 1336 1736 linearum
1374 1685 1604 1747 initium,
1651 1685 1704 1738 in
1747 1699 1854 1751 quo
1887 1698 2074 1736 omnes

2177 514 2332 566 ratio.
2365 512 2502 564 Num
2537 513 2714 579 itaque
2743 509 2942 572 cernis,
2979 511 3119 576 quod
3157 511 3301 564 nulla
3327 511 3414 562 iex
3452 511 3744 577 ﬁgurarum

2177 605 2268 660 tibi
2291 603 2470 656 obstat
2493 603 2556 664 “,
2593 602 2676 654 vel
2703 611 2776 654 .te
2797 600 3012 654 cohibet
3043 599 3106 662 ι’,
3141 609 3198 650 ιιι
3227 601 3268 629 ³³
3303 601 3369 652 ab
3398 599 3542 652 omni
3572 599 3748 665 spatio

2173 709 2266 746 seu
2291 693 2430 745 linea
2457 690 2680 759 incipias
2707 699 2870 742 totam
2895 690 3116 756 liguram
3137 697 3188 740 et
3211 689 3466 740 ordinare
3487 685 3532 716 η
3561 696 3616 738 et
3647 703 3748 738 nu—

2173 781 2418 835 merare?
2443 780 2532 834 Sic
2547 781 2688 833 enim
2711 781 2938 847 imperat
2961 779 3116 832 ratio.
3135 778 3214 832 Ac
3235 795 3330 846 per
3353 779 3454 832 hoc
3476 787 3607 846 quot
3629 793 3752 846 Spa-

2175 874 2248 926 tia
2279 873 2556 940 lineaeque
2581 880 2727 936 sunt,
2759 881 2836 923 tot
2866 871 3128 938 principia
3163 869 3403 938 ﬁnesque
3429 869 3749 922 numerandi

2173 972 2230 1016 et
2253 964 2540 1016 ordinandi
2583 963 2700 1016 ﬁeri
2737 971 2980 1031 possunt.
3009 961 3152 1014 Disc.
3183 962 3317 1014 lluic
3347 961 3508 1014 etiam
3536 959 3750 1012 conclu-

2174 1057 2312 1109 sioni
2345 1070 2448 1107 non
2479 1055 2703 1118 resisto;
2753 1054 2870 1114 sed,
2909 1068 3164 1119 quorsum
3215 1053 3396 1104 tendat
3427 1051 3493 1114 ιδ,
3523 1061 3750 1119 expecto

2175 1159 2352 1198 nosse.
2377 1144 2517 1196 ΜΑς.
2543 1143 2656 1196 Non
2682 1143 2958 1204 aliorsum,
2995 1143 3092 1194 nisi
3119 1153 3176 1195 ut
3195 1142 3312 1196 luce
3339 1141 3532 1194 clarius
3559 1155 3753 1210 cogito:

2175 1247 2409 1296 scamus,
2434 1247 2672 1285 summos
2694 1232 2968 1300 theologos
2989 1245 3282 1298 eorumque
3307 1231 3621 1298 pedisequos
3643 1246 3751 1280 mn-

2175 1324 2302 1376 nino
2328 1337 2502 1390 posse,
2528 1322 2670 1374 mtlla
2698 1321 2902 1375 ratione
2919 1321 3185 1382 obstante,
3217 1327 3272 1370 et
3291 1318 3358 1370 ab
3379 1318 3750 1383 Oll'lllilNlSpl'l-

2177 1411 2525 1466 mordialibus
2552 1410 2727 1464 causis
2749 1408 3213 1477 contemplationis
3229 1423 3414 1460 eorum
3436 1406 3645 1459 initium
3663 1422 3752 1460 su—

2175 1517 2344 1562 mere,
2360 1511 2412 1554 et
2431 1501 2482 1554 in
2503 1500 2771 1560 clunibus,
2789 1509 2946 1567 prout
2968 1500 3160 1566 cuique
3182 1499 3354 1551 visum
3377 1497 3559 1559 fuerit,
3579 1496 3748 1566 ipsius

2177 1590 2646 1656 contemplationis
2673 1589 2832 1642 linem
2863 1589 3210 1650 constituere,
3251 1589 3319 1640 ita
3359 1595 3436 1651 ut,
3472 1595 3602 1654 quot
3635 1587 3747 1654 pri-

2177 1678 2463 1732 mordiales
2487 1693 2682 1732 causae
2705 1677 2832 1741 sint,
2861 1687 2933 1740 et,
2964 1687 3022 1729 ut
3041 1677 3250 1730 cautius
3271 1676 3514 1744 eloquar,
3541 1683 3672 1743 quot
3693 1673 3745 1726 in

497 1789 658 1824 unum
685 1782 830 1824 sunt.
869 1771 1012 1826 Dtsc.
1057 1772 1170 1826 Hoc
1211 1787 1424 1840 quoque
1457 1774 1508 1826 in
1539 1775 1879 1843 geometricis
1910 1774 2073 1824 ratio-
2107 1761 2147 1818 Β
2175 1769 2652 1838 contemplanlium
2685 1768 3042 1822 intellectibus
3072 1782 3286 1835 quoquo
3319 1767 3474 1818 modo
3507 1764 3747 1816 forinan-

497 1863 652 1915 nibus
699 1861 828 1915 mihi
882 1863 1220 1930 apertissime
1268 1879 1506 1916 suasum.
1557 1864 1662 1916 Sed
1708 1865 1842 1918 haec
1892 1864 2072 1916 omnia

499 1953 614 2020 plus
654 1952 834 2004 animo
875 1967 1037 2020 quam
1085 1967 1244 2004 sensu
1290 1951 2075 2019 percipiuntur.-siveinterius

497 2055 592 2108 per
618 2041 952 2108 phantasiam
982 2040 1022 2102 ⁸,
1055 2040 1168 2092 sive
1211 2040 1450 2092 exterius
1479 2055 1573 2107 per
1597 2055 1810 2092 sensum
1839 2041 1860 2070 ’⁷
1891 2041 1960 2092 de
1993 2049 2064 2092 ta'

495 2131 632 2184 libus
661 2133 787 2185 velit
836 2133 958 2200 quis
983 2133 1258 2202 disputare
1281 2134 1324 2185 ⁸.
1354 2133 1492 2186 Illac.
1529 2133 1691 2187 Recte
1725 2135 1900 2197 dicis;
1935 2133 2075 2188 haec

496 2222 642 2272 enim
681 2231 736 2275 et
782 2221 1084 2290 huiusmodi
1129 2239 1259 2290 pura
1305 2225 1502 2276 mentis
1535 2225 1651 2278 acie
1685 2224 2070 2294 dijudicantur.

497 2307 685 2372 Vides,
737 2311 790 2363 ni
825 2311 998 2374 fallor,
1032 2311 1278 2378 inprima
1309 2312 1568 2365 linearum
1597 2314 1974 2382 progressione
2005 2313 2074 2367 ab

501 2397 614 2465 ipsa
643 2400 868 2462 unitate,
894 2415 1032 2467 quae
1060 2400 1110 2451 in
1137 2409 1324 2453 centro
1351 2411 1453 2462 est,
1483 2413 1744 2468 quantum
1791 2401 1894 2454 sibi
1939 2403 2073 2454 invi-

499 2503 616 2540 cem
649 2488 824 2540 lineae
849 2487 1268 2554 coniunguntur,
1311 2498 1369 2542 ut
1407 2491 1492 2542 vix
1538 2490 1766 2544 discerni
1797 2505 1828 2542 a
1855 2505 1914 2544 se
1941 2491 2073 2544 invi-

498 2591 616 2629 cem
647 2575 870 2642 possint.
907 2576 1038 2628 Dum
1071 2591 1198 2630 vero
1235 2577 1442 2647 longius
1466 2593 1496 2630 a
1526 2588 1716 2633 centro
1743 2581 2077 2649 protendun-

499 2675 608 2728 tur,
662 2667 824 2721 latius
875 2669 1148 2737 paululum
1201 2669 1407 2735 spatia,
1459 2669 1795 2736 quilmsase
1844 2670 2069 2723 invicem

455 2774 466 2780 ·
497 2765 868 2825 segregantur,
899 2772 1146 2811 crescere
1168 2757 1448 2825 incipiunt.
1475 2757 1646 2822 donec
1669 2757 1734 2808 ad
1766 2765 2068 2810 extremum

499 2847 784 2910 circulum,
821 2863 926 2914 quo
957 2849 1238 2908 liniuntur,
1281 2847 1623 2916 perveniant;
1674 2847 1760 2900 ubi
1805 2847 2068 2900 latissima

499 2951 598 2990 sua
633 2938 951 2992 diastemata
1002 2949 1402 2999 mensurantur,
1449 2939 1552 2990 hoc
1579 2945 1680 3001 est,
1718 2938 1888 3004 spatia
1929 2937 2070 2992 inter

499 3026 672 3080 lineas
720 3028 1029 3088 constituta,
1081 3043 1220 3094 quae
1257 3027 1356 3080 sibi
1389 3027 1617 3078 invicem
1647 3026 1890 3094 aequalia
1918 3036 2063 3089 sunt,

2179 1869 2284 1918 tur,
2308 1875 2398 1912 seu
2437 1857 2656 1912 formari
2703 1865 2943 1925 possunt,
2975 1865 3051 1908 tot
3080 1872 3266 1908 carum
3299 1854 3513 1906 ordines
3561 1869 3747 1906 nume-

2175 1963 2404 2016 rosaque
2440 1946 2718 2016 pluralitas
2743 1957 2887 1998 recte
2919 1945 3416 2012 philosophantilms
3451 1944 3601 2010 juxta
3651 1956 3745 1994 ca-

2173 2039 2461 2106 pacitatem
2489 2036 2816 2105 singulorum
2853 2036 3284 2102 thcoriae,prout
3313 2034 3540 2101 quisque
3569 2031 3745 2084 volue-

2176 2131 2268 2194 rit,
2296 2129 2528 2182 mirabili
2571 2128 2786 2180 diviuae
2815 2126 3184 2194 providentiae
3220 2123 3570 2191 dispositione
3605 2121 3748 2173 ultro

2174 2235 2292 2274 sese
2321 2220 2550 2274 olfernnt
2577 2216 2652 2282 ³⁶;
2703 2226 2758 2272 et
2797 2219 2921 2269 dum
2956 2217 3087 2269 haec
3137 2215 3188 2268 in
3231 2214 3498 2268 mentibus
3545 2212 3742 2265 theori-

2175 2310 2410 2364 zantium
2438 2308 2648 2362 divinae
2679 2307 2992 2376 disciplinae
3039 2308 3447 2374 divinarumque
3491 2305 3745 2371 theopha-

2173 2402 2380 2452 uiarum
2411 2397 2581 2450 modis
2607 2396 2833 2448 di\'0l‘:i$
2862 2397 2901 2426 ¹⁷
2931 2396 3370 2465 mirabililmsque
3401 2393 3444 2424 ¹⁸
3477 2409 3744 2462 peragun-

2176 2499 2278 2554 tur,
2305 2489 2449 2558 ipsae
2479 2503 2574 2558 per
2605 2487 2811 2556 seipsas
2843 2488 3117 2552 omnium,
3147 2503 3286 2556 quae
3331 2495 3486 2549 sunt,
3516 2487 3744 2554 primor-

2171 2581 2337 2634 diales
2361 2578 2972 2634 rationesuniformiter
3017 2587 3072 2631 et
3125 2577 3632 2632 incommutabilitﬂ
3684 2577 3737 2628 in

2172 2672 2348 2725 Verbo
2373 2670 2561 2734 Dei,in
2589 2685 2694 2738 quo
2735 2670 2908 2722 factae
2960 2678 3104 2730 sunt,
3154 2684 3316 2720 unum
3361 2677 3414 2721 et
3464 2668 3516 2720 id
3568 2669 3741 2736 ipsum

2171 2763 2310 2816 ultra
2333 2775 2522 2816 onmes
2545 2761 2764 2814 ordines
2787 2775 3109 2826 omnemque
3136 2773 3417 2810 numerum
3455 2755 3740 2809 acteruali-

2172 2861 2252 2906 ter
2287 2851 2585 2905 subsistunt
2612 2849 2676 2900 ‘9.
2715 2850 2854 2902 Disc.
2883 2849 3036 2900 (itare
3061 2849 3170 2915 jam
3211 2847 3366 2900 video
3411 2854 3530 2898 tuae
3577 2845 3744 2897 inten-

2171 2941 2330 2995 tionis
2361 2939 2894 3007 ratiocinationisque
2927 2939 3110 2998 tinem,
3161 2938 3446 3005 siquidem,
3497 2946 3554 2990 ut
3598 2939 3743 2989 arbi-

2173 3041 2306 3094 tror,
2335 3031 2406 3084 nil
2449 3030 2591 3084 aliud
2639 3032 2864 3083 suadere
2901 3028 3201 3090 contendis,
3233 3028 3332 3080 nisi
3367 3036 3426 3080 ut
3457 3028 3507 3080 in
3537 3027 3664 3094 ipsis
3693 3027 3739 3056 ὀ

501 3121 561 3166 ιιι
583 3115 726 3167 nulla
749 3129 936 3168 eorum
969 3115 1156 3168 latiora
1188 3123 1278 3168 aut
1301 3113 1608 3182 augustiora
1637 3115 1756 3168 aliis
1788 3116 2064 3183 reperian-
2095 3099 2138 3156 C
2172 3120 2448 3190 principiis
2497 3135 2676 3172 rerum
2729 3118 2904 3171 imllus
2949 3118 3082 3170 ordo
3124 3117 3444 3170 naturaliter
3493 3117 3740 3184 specialis

499 3214 606 3258 tur.
639 3205 1096 3269 Quemadmodum
1127 3211 1180 3258 et
1205 3205 1258 3255 in
1285 3204 1414 3272 ipsis
1449 3203 1604 3258 lineis
1633 3219 1738 3258 una
1771 3207 2065 3272 eademque

495 3294 774 3362 longitudo
805 3303 888 3347 est
917 3295 968 3346 in
999 3303 1228 3356 tantum,
1266 3305 1324 3347 ut
1351 3309 1537 3347 earum
1583 3294 1760 3348 nullae
1799 3296 2064 3364 longiores

493 3383 612 3435 aliis
669 3389 764 3434 aut
819 3383 1096 3435 breviores
1151 3383 1300 3444 sint,
1355 3383 1590 3436 naturali
1653 3382 2063 3450 rationabilique

492 3475 814 3543 acquaiitatc
845 3475 898 3527 in
931 3477 1176 3544 utrisque
1207 3485 1444 3538 servata,
1471 3476 1524 3528 in
1557 3475 1840 3530 latitudine
1863 3477 2064 3542 spatio~

493 3581 608 3618 rum
636 3566 754 3619 dico
781 3575 836 3618 et
865 3565 914 3618 in
944 3555 1276 3634 longitudine
1323 3567 1608 3620 linearutn.
1657 3569 1804 3620 Dtsc.
1841 3567 1918 3620 lla
1955 3575 2059 3631 est,

489 3657 592 3709 et’
643 3655 796 3724 plane
841 3657 1105 3725 intelligo.
1155 3657 1294 3710 Μιιο.
1343 3658 1498 3723 Quid,
1533 3659 1578 3710 si
1609 3658 1742 3711 velis
1766 3659 2059 3722 Spatiorum

491 3755 546 3798 et
593 3746 850 3798 linearum
901 3763 1178 3800 numerum
1231 3748 1580 3816 dignoscere,
1630 3749 1770 3800 etin
1817 3748 2059 3801 ordinem

491 3835 756 3900 quemlam
815 3835 1092 3904 redigere?
1139 3835 1274 3890 Num
1321 3848 1474 3905 potes
1521 3837 1752 3904 speciale
1805 3839 2056 3905 spatium,

491 3921 758 3976 lineamve
796 3924 1096 3992 specialiter
1137 3927 1398 3990 invenire,
1429 3943 1494 3980 ex
1525 3943 1658 3994 quo,
1684 3929 1764 3980 vel
1793 3943 1856 3980 ex
1887 3928 1928 3958 ¹⁰
1955 3941 2058 3994 qua

491 4013 807 4067 naturaliter
833 4031 896 4068 ac
923 4019 1134 4084 proprie
1161 4018 1420 4085 incipias?
1451 4021 1596 4073 Disc.
1626 4019 1752 4072 Mihi
1777 4019 2058 4087 quaerenti

487 4115 594 4152 non
621 4102 872 4155 occurrit.
901 4103 1072 4156 Tanta
1103 4105 1366 4173 siquidem
1393 4107 1692 4174 aequalitas
1721 4107 1770 4158 in
1799 4107 1880 4160 his
1912 4123 2062 4174 prae-

485 4188 650 4252 valet,
683 4199 740 4242 ut
771 4191 976 4244 nullum
1007 4193 1238 4261 spatium
1269 4194 1338 4246 ab
1365 4195 1494 4258 alio,
1527 4194 1668 4246 nulla
1699 4195 1838 4248 linea
1863 4195 1930 4248 ab
1956 4195 2059 4247 alia

485 4293 580 4346 per
618 4279 974 4334 differentiam
1015 4285 1284 4351 quandam
1329 4300 1422 4338 seu
1466 4285 1854 4353 proprietatem
1893 4287 2059 4352 possit

483 4369 733 4422 discerni.
767 4372 900 4426 Nam
947 4382 1002 4426 et
1041 4374 1126 4427 ille
1153 4375 1410 4438 circulus,
1446 4377 1586 4442 intra
1615 4375 1766 4444 cujus
1793 4377 2054 4430 ambitum

483 4459 662 4512 omnia
707 4463 1054 4532 colliguntur,
1091 4465 1162 4518 ita
1195 4467 1412 4519 sibimet
1439 4468 1490 4520 in
1522 4469 1700 4537 seipse
1733 4468 1921 4522 similis
1947 4478 2052 4534 est,

483 4550 709 4604 utnulla
743 4567 866 4619 pars
903 4553 1022 4620 ejus
1065 4556 1132 4608 ab
1177 4556 1280 4607 alia
1324 4557 1680 4622 discernatur,
1713 4573 1806 4612 seu
1839 4568 2049 4620 natura,

479 4649 574 4689 seu
595 4647 732 4692 arte.
757 4639 1024 4694 Contiuua
1063 4659 1294 4712 namque
1323 4647 1624 4714 qmuttitate
1654 4647 1833 4715 pollet,
1867 4663 1930 4700 ac
1960 4663 2054 4716 per

479 4723 582 4778 hoc
625 4727 768 4778 nullo
813 4737 963 4782 certo
991 4731 1254 4798 principio
1300 4733 1536 4796 inchoat,
1581 4736 1725 4788 nullo
1752 4737 2051 4789 constituto

483 4813 586 4868 line
613 4819 972 4884 concluditur,
1024 4823 1114 4874 sed
1145 4831 1284 4876 totus
1313 4824 1528 4879 sibimet
1555 4827 1606 4878 in
1638 4835 1748 4878 toto
1773 4837 1828 4880 et
1851 4827 2051 4895 princi—

482 4902 624 4967 pium
653 4916 754 4969 est,
781 4919 836 4962 et
867 4911 989 4962 linis
1024 4912 1285 4965 subsistit.
1321 4913 1455 4968 llinc
1476 4923 1578 4977 est,
1605 4916 1745 4980 quod
1775 4915 2053 4970 circularis

481 5001 662 5047 motus
697 4994 930 5070 ἄναρχος
959 5017 988 5052 a
1018 4999 1262 5064 Graecis,
1307 5003 1406 5054 hoc
1431 5012 1532 5063 est,
1566 5003 1832 5070 principio
1863 5019 2052 5059 carens

481 5089 630 5132 recte
675 5087 1000 5150 nominatur,
1046 5089 1380 5157 aliorumque
1407 5099 1670 5150 motuum.
1699 5091 1750 5145 id
1782 5103 1887 5156 est,
1921 5095 2052 5152 recti

476 5176 534 5222 et
559 5171 778 5240 obliqui,
807 5176 1013 5232 obtinet
1039 5181 1421 5250 principatum.
1449 5181 1588 5236 MAG.
1614 5182 1670 5235 ln
1697 5183 1781 5236 bis
1803 5186 2054 5239 oumibus

2085 4434 2132 4490 Ι)

2167 3219 2478 3279 quaeratur.
2510 3210 2575 3262 Et
2614 3209 2826 3261 merito.
2869 3207 2999 3272 Quis
3051 3207 3192 3259 enim
3249 3206 3299 3258 ili
3358 3206 3400 3234 ²¹
3458 3205 3562 3268 his,
3603 3219 3740 3273 quae

2167 3318 2326 3371 supra
2365 3317 2578 3354 munem
2619 3315 2900 3352 numerum
2931 3311 3256 3364 otnneu‘ique
3283 3296 3524 3354 ordinem
3558 3296 3732 3348 excel-

2167 3391 2400 3444 situdine
2428 3405 2556 3442 suae
2585 3397 2811 3441 naturae
2859 3405 2888 3440 a
2938 3387 3218 3440 conditore
3264 3385 3503 3439 muniunt
3556 3396 3734 3437 creata

2165 3489 2308 3542 sunt,
2334 3481 2574 3534 ordinem
2603 3478 2684 3532 vel
2713 3492 2994 3530 munerum
3051 3475 3444 3530 rationabiliter
3487 3475 3738 3542 quaesie-

2166 3575 2254 3636 rit,
2284 3575 2406 3627 dum
2431 3573 2541 3626 sint
2565 3571 2742 3626 omnis
2771 3571 2976 3624 iuttncri
3003 3571 3284 3638 omnisque
3333 3571 3542 3622 ordinis
3589 3568 3738 3622 initia

2163 3667 2218 3720 in
2243 3666 2544 3734 semetipsis
2577 3664 2678 3718 sibi
2701 3665 2934 3716 invicem
2963 3664 3132 3724 unita,
3155 3672 3209 3716 et
3236 3679 3264 3714 a
3293 3663 3436 3714 nullo
3473 3660 3738 3714 inferioris

2165 3763 2386 3806 naturae
2411 3753 2652 3808 contuitu
2701 3753 2966 3804 discreta?
3013 3750 3134 3803 Sola
3183 3751 3443 3818 siquidem
3493 3748 3736 3818 gnostica

2163 3842 2456 3896 conditoris
2479 3857 2663 3895 earum
2699 3841 2870 3894 virtus
2917 3857 3010 3892 eas
3058 3855 3362 3900 ntunerare,
3407 3840 3734 3899 discernere,

2162 3929 2537 3996 multiplicare,
2565 3930 2840 3990 ordinare,
2867 3929 3106 3980 dividere
3141 3943 3244 3978 non
3288 3928 3576 3994 incongrue
3620 3941 3737 3980 cre-

2161 4019 2306 4072 ditur
2335 4034 2510 4085 posse.
2542 4018 2804 4082 Quoniam
2832 4033 2960 4069 vcro
2993 4016 3148 4068 modo
3184 4016 3412 4081 quodam
3443 4015 3734 4082 incognito,

2162 4107 2408 4174 ultraque
2435 4115 2678 4158 inituram
2711 4113 2942 4172 reperto,
2977 4103 3028 4155 in
3075 4103 3410 4169 Iheophaniis
3441 4103 3551 4154 suis
3587 4119 3734 4154 tneo-

2165 4197 2302 4250 tibus
2325 4195 2808 4262 contemplanlium
2837 4194 3264 4251 conlormantur,
3299 4193 3350 4243 in
3383 4192 3460 4244 eis
3491 4191 3652 4244 etiam
3681 4201 3734 4243 et

2160 4283 2523 4352 multiplicari,
2543 4291 2596 4334 et
2625 4283 2812 4344 dividi,
2840 4291 2894 4333 et
2919 4281 3189 4334 numerari
3221 4294 3378 4347 posse
3415 4279 3734 4347 dignoscun-

2163 4388 2248 4432 tur
2275 4381 2342 4441 ²²,
2371 4379 2420 4430 in
2461 4376 2823 4430 intellectilzus
2847 4375 2986 4437 dico,
3011 4382 3168 4442 prout
3194 4373 3351 4426 datur
3377 4372 3455 4424 eis
3489 4379 3731 4423 contem—

2160 4467 2416 4533 plantimn
2453 4467 2520 4517 ³³.
2557 4467 2636 4517 Ac
2671 4481 2766 4532 per
2807 4466 2908 4516 hoc
2947 4463 3258 4525 coniicitur,
3282 4477 3408 4524 eas,
3440 4459 3490 4514 id
3521 4467 3602 4512 est
3625 4461 3734 4526 pri—

2157 4560 2444 4612 mordiales
2487 4573 2700 4620 causas,
2755 4557 2954 4608 nullum
3001 4554 3243 4608 ordinem
3293 4551 3608 4613 intellectui,
3650 4550 3732 4603 vel

2157 4651 2336 4704 sensui
2371 4653 2648 4720 cognitum
2681 4651 2732 4702 in
2761 4650 3066 4717 semetipsis
3116 4649 3388 4716 recipere;
3439 4649 3492 4702 in
3544 4663 3728 4700 earum

2157 4755 2288 4790 vero
2321 4739 2579 4798 theoricu,
2617 4741 2716 4792 hoc
2745 4750 2852 4802 est,
2885 4740 3300 4806 contemplativc
3347 4738 3528 4791 animo
3567 4752 3727 4804 quos-

2158 4830 2278 4882 dam
2304 4829 2522 4882 ordines
2563 4830 2806 4884 diversos
2859 4832 2900 4860 ³³
2949 4839 3111 4898 atque
3163 4831 3484 4898 multiplices
3543 4844 3731 4880 conce-

2157 4919 2341 4988 ptione
2370 4920 2602 4987 quadam
2635 4919 3020 4988 intelligentiae
3049 4919 3370 4986 procedente
3421 4919 3472 4969 in
3524 4918 3729 4968 ratione

2157 5025 2252 5077 per
2281 5010 2542 5076 quasdam
2586 5011 2996 5078 imagmattoues
3039 5010 3358 5062 verisnniles
3407 5009 3574 5061 nasci.
3623 5008 3727 5060 Sed

2158 5113 2278 5152 cum
2309 5101 2441 5152 haec
2471 5101 2542 5152 ita
2581 5116 2640 5156 se
2685 5101 2936 5163 habeant,
2993 5117 3095 5152 non
3145 5109 3198 5154 te
3245 5099 3562 5153 crediderim
3613 5101 3728 5152 sine

2159 5187 2338 5256 aliqua
2364 5189 2584 5258 speciali
2625 5190 2832 5243 ratione
2859 5187 3234 5258 principalium
3269 5200 3553 5239 causarum
3595 5201 3725 5238 con—

1757 5315 2010 5371 VAIilAE
2045 5319 2444 5376 LECTlONES.

539 5471 560 5502 υ
651 5433 934 5492 (acescunt.
1011 5444 1032 5474 ¹
1057 5441 1098 5494 Α
1125 5453 1376 5512 portatas.

655 5521 748 5599 per
765 5525 976 5599 sepsum
999 5527 1106 5599 opt.
1125 5499 1202 5566 Ἀ.
1240 5515 1300 5599 ’,⁸
1322 5515 1362 5568 (Σ
1389 5499 1833 5599 disputari—"5K

497 5578 520 5658 ζ
545 5587 638 5658 pro
661 5586 708 5654 et
742 5578 990 5658 orti-iurare
1017 5581 1062 5634 Α
1089 5585 1419 5658 egrorrtinm'e.
1470 5578 1479 5586 ’
1501 5585 1546 5616 ¹⁸
1571 5589 1612 5642 C
1637 5590 1817 5641 tendit.

473 5639 515 5672 "’
544 5643 590 5694 Λ
619 5645 718 5697 Itis.
799 5647 840 5681 ²¹
879 5649 925 5700 Α
969 5667 1053 5704 ω’.
1132 5654 1174 5688 ³³
1221 5639 1610 5722 dignoscantur

1455 5445 1476 5476 ³
1509 5445 1550 5499 Α
1579 5449 1810 5502 sensibus
1859 5452 2106 5504 exterius.

2015 5522 2057 5551 “
2086 5523 2124 5572 A
2168 5538 2232 5573 ea.
2257 5539 2360 5574 om.
2423 5524 2487 5575 A.

1899 5588 1944 5621 ⁸⁸
1973 5589 2014 5642 Λ
2070 5591 2316 5658 offerunt.
2367 5593 2437 5624 ’⁸⁷
2471 5593 2512 5646 Λ
2536 5593 2735 5644 divisis.
2780 5591 2820 5622 ¹³
2846 5591 2884 5642 Λ
2911 5591 3251 5642 mirabilibus.

1947 5660 1990 5697 ³³
2024 5659 2114 5714 Sic
2140 5661 2212 5724 C;
2245 5662 2284 5713 A
2313 5662 2796 5730 contenipluutibus.

2183 5451 2206 5484 δ
2252 5453 2294 5504 A
2348 5463 2414 5506 et.
2493 5455 2768 5507 'cenlrum
2805 5467 2912 5504 om.
2939 5463 3002 5505 A.
3120 5449 3568 5518 perplmntasittm
3614 5467 3722 5504 om.

3021 5523 3062 5552 ¹¹
3091 5523 3129 5572 Λ
3163 5523 3414 5574 cohibent.
3495 5523 3537 5552 ¹³
3567 5523 3606 5573 Λ
3641 5539 3722 5574 ne.

3331 5593 3370 5625 ¹⁹
3397 5593 3441 5646 Α
3473 5593 3722 5646 subsistit.

2493 5455 2514 5486 '
2537 5463 2768 5507 centrum
2805 5467 2912 5504 om.
2939 5463 3002 5505 Λ.

2565 5525 2604 5554 ²¹
2638 5525 2678 5574 Α
2701 5523 2936 5574 obsistat.

2874 5663 2917 5692 ³⁵
2945 5661 2988 5714 Α
3015 5662 3227 5714 divisas.
