  <div class='ocr_page' id='page_1' title='image "/cluster/home/n/w/nwhite01/storage/ocr_20150623/122/pst.000018028355/351.png"; bbox 0 0 4236 6274; ppageno 0'>
   <div class='ocr_carea' id='block_1_1' title="bbox 588 337 688 397">
    <p class='ocr_par' dir='ltr' id='par_1_1' title="bbox 588 337 688 397">
     <span class='ocr_line' id='line_1_1' title="bbox 588 337 688 397; baseline -0.02 0"><span class='ocrx_word' id='word_1_1' title='bbox 588 337 688 397; x_wconf 72' lang='lat'><strong>(27</strong></span> 
     </span>
    </p>
   </div>
   <div class='ocr_carea' id='block_1_2' title="bbox 1949 342 2464 399">
    <p class='ocr_par' dir='ltr' id='par_1_2' title="bbox 1949 342 2464 399">
     <span class='ocr_line' id='line_1_2' title="bbox 1949 342 2464 399; baseline -0.006 0"><span class='ocrx_word' id='word_1_2' title='bbox 1949 342 2231 399; x_wconf 75' lang='lat' dir='ltr'><strong>JOANNIS</strong></span> <span class='ocrx_word' id='word_1_3' title='bbox 2267 342 2464 397; x_wconf 84' lang='lat' dir='ltr'><strong>SCOTI</strong></span> 
     </span>
    </p>
   </div>
   <div class='ocr_carea' id='block_1_3' title="bbox 3731 360 3838 418">
    <p class='ocr_par' dir='ltr' id='par_1_3' title="bbox 3731 360 3838 418">
     <span class='ocr_line' id='line_1_3' title="bbox 3731 360 3838 418; baseline 0.037 -4"><span class='ocrx_word' id='word_1_4' title='bbox 3731 360 3838 418; x_wconf 75' lang='grc'><strong>628</strong></span> 
     </span>
    </p>
   </div>
   <div class='ocr_carea' id='block_1_4' title="bbox 587 453 2260 531">
    <p class='ocr_par' dir='ltr' id='par_1_4' title="bbox 587 453 2237 526">
     <span class='ocr_line' id='line_1_4' title="bbox 587 453 2237 526; baseline 0.002 -21"><span class='ocrx_word' id='word_1_5' title='bbox 587 453 1017 508; x_wconf 76' lang='lat' dir='ltr'><strong>numerationem</strong></span> <span class='ocrx_word' id='word_1_6' title='bbox 1067 456 1136 509; x_wconf 88' lang='lat' dir='ltr'><strong>ab</strong></span> <span class='ocrx_word' id='word_1_7' title='bbox 1192 456 1304 525; x_wconf 84' lang='lat' dir='ltr'><strong>ipsa</strong></span> <span class='ocrx_word' id='word_1_8' title='bbox 1362 473 1459 526; x_wconf 81' lang='lat' dir='ltr'><strong>per</strong></span> <span class='ocrx_word' id='word_1_9' title='bbox 1505 457 1737 526; x_wconf 87' lang='lat' dir='ltr'><strong>seipsam</strong></span> <span class='ocrx_word' id='word_1_10' title='bbox 1789 457 2029 511; x_wconf 92' lang='lat' dir='ltr'><strong>bonitate</strong></span> <span class='ocrx_word' id='word_1_11' title='bbox 2080 456 2162 508; x_wconf 91' lang='lat' dir='ltr'><strong>in-</strong></span> <span class='ocrx_word' id='word_1_12' title='bbox 2195 461 2237 515; x_wconf 85' lang='grc' dir='ltr'><strong>Λ</strong></span> 
     </span>
    </p>
   </div>
   <div class='ocr_carea' id='block_1_5' title="bbox 2167 453 3840 531">
    <p class='ocr_par' dir='ltr' id='par_1_5' title="bbox 2195 456 3840 531">
     <span class='ocr_line' id='line_1_5' title="bbox 2195 456 3840 531; baseline 0.013 -26"><span class='ocrx_word' id='word_1_13' title='bbox 2195 461 2237 515; x_wconf 81' lang='grc' dir='ltr'>Α</span> <span class='ocrx_word' id='word_1_14' title='bbox 2269 456 2606 521; x_wconf 86' lang='lat' dir='ltr'><strong>pronuntiat,</strong></span> <span class='ocrx_word' id='word_1_15' title='bbox 2632 471 2770 526; x_wconf 89' lang='lat' dir='ltr'><strong>quae</strong></span> <span class='ocrx_word' id='word_1_16' title='bbox 2799 459 2927 513; x_wconf 82' lang='lat' dir='ltr'><strong>dicit</strong></span> <span class='ocrx_word' id='word_1_17' title='bbox 2956 476 2969 513; x_wconf 90' lang='lat'><strong>:</strong></span> <span class='ocrx_word' id='word_1_18' title='bbox 3003 459 3069 513; x_wconf 72' lang='grc' dir='ltr'><strong>Ιιῖι</strong></span> <span class='ocrx_word' id='word_1_19' title='bbox 3107 460 3234 516; x_wconf 73' lang='lat' dir='ltr'><strong>vidit</strong></span> <span class='ocrx_word' id='word_1_20' title='bbox 3261 462 3398 517; x_wconf 74' lang='lat' dir='ltr'><strong>Deus</strong></span> <span class='ocrx_word' id='word_1_21' title='bbox 3425 468 3625 531; x_wconf 83' lang='lat' dir='ltr'><strong>omnia,</strong></span> <span class='ocrx_word' id='word_1_22' title='bbox 3649 478 3697 524; x_wconf 84' lang='lat' dir='ltr'><strong>et</strong></span> <span class='ocrx_word' id='word_1_23' title='bbox 3724 487 3840 527; x_wconf 78' lang='lat' dir='ltr'><strong>ecce</strong></span> 
     </span>
    </p>
   </div>
   <div class='ocr_carea' id='block_1_6' title="bbox 589 541 2158 614">
    <p class='ocr_par' dir='ltr' id='par_1_6' title="bbox 589 541 2158 614">
     <span class='ocr_line' id='line_1_6' title="bbox 589 541 2158 614; baseline 0 -18"><span class='ocrx_word' id='word_1_24' title='bbox 589 544 837 596; x_wconf 79' lang='lat' dir='ltr'><strong>clioasse.</strong></span> <span class='ocrx_word' id='word_1_25' title='bbox 882 541 995 595; x_wconf 86' lang='lat' dir='ltr'><strong>Non</strong></span> <span class='ocrx_word' id='word_1_26' title='bbox 1032 543 1175 597; x_wconf 90' lang='lat' dir='ltr'><strong>enim</strong></span> <span class='ocrx_word' id='word_1_27' title='bbox 1206 553 1288 597; x_wconf 86' lang='lat' dir='ltr'><strong>est</strong></span> <span class='ocrx_word' id='word_1_28' title='bbox 1319 546 1420 598; x_wconf 90' lang='lat' dir='ltr'><strong>rite</strong></span> <span class='ocrx_word' id='word_1_29' title='bbox 1472 546 1878 614; x_wconf 79' lang='lat' dir='ltr'><strong>disputantium,</strong></span> <span class='ocrx_word' id='word_1_30' title='bbox 1924 547 2158 599; x_wconf 90' lang='lat' dir='ltr'><strong>otiosum</strong></span> 
     </span>
    </p>
   </div>
   <div class='ocr_carea' id='block_1_7' title="bbox 584 631 2156 698">
    <p class='ocr_par' dir='ltr' id='par_1_7' title="bbox 584 631 2156 698">
     <span class='ocr_line' id='line_1_7' title="bbox 584 631 2156 698; baseline 0.006 -18"><span class='ocrx_word' id='word_1_31' title='bbox 584 631 735 698; x_wconf 89' lang='lat' dir='ltr'><strong>quid,</strong></span> <span class='ocrx_word' id='word_1_32' title='bbox 763 643 921 684; x_wconf 84' lang='lat' dir='ltr'><strong>causa</strong></span> <span class='ocrx_word' id='word_1_33' title='bbox 949 643 1141 685; x_wconf 78' lang='lat' dir='ltr'><strong>carens</strong></span> <span class='ocrx_word' id='word_1_34' title='bbox 1167 633 1366 687; x_wconf 85' lang='lat' dir='ltr'><strong>dicere.</strong></span> <span class='ocrx_word' id='word_1_35' title='bbox 1403 634 1537 687; x_wconf 75' lang='lat' dir='ltr'><strong>MAG.</strong></span> <span class='ocrx_word' id='word_1_36' title='bbox 1589 633 1702 687; x_wconf 91' lang='lat' dir='ltr'><strong>lloc</strong></span> <span class='ocrx_word' id='word_1_37' title='bbox 1752 635 2002 688; x_wconf 81' lang='lat' dir='ltr'><strong>fortassis</strong></span> <span class='ocrx_word' id='word_1_38' title='bbox 2049 649 2156 691; x_wconf 84' lang='lat' dir='ltr'><strong>non</strong></span> 
     </span>
    </p>
   </div>
   <div class='ocr_carea' id='block_1_8' title="bbox 587 721 2159 794">
    <p class='ocr_par' dir='ltr' id='par_1_8' title="bbox 587 721 2159 794">
     <span class='ocr_line' id='line_1_8' title="bbox 587 721 2159 794; baseline 0.003 -20"><span class='ocrx_word' id='word_1_39' title='bbox 587 730 788 775; x_wconf 85' lang='lat' dir='ltr'><strong>temere</strong></span> <span class='ocrx_word' id='word_1_40' title='bbox 817 721 1048 786; x_wconf 83' lang='lat' dir='ltr'><strong>diceres,</strong></span> <span class='ocrx_word' id='word_1_41' title='bbox 1078 722 1122 775; x_wconf 90' lang='lat' dir='ltr'><strong>si</strong></span> <span class='ocrx_word' id='word_1_42' title='bbox 1154 724 1219 777; x_wconf 91' lang='lat' dir='ltr'><strong>de</strong></span> <span class='ocrx_word' id='word_1_43' title='bbox 1262 738 1485 777; x_wconf 91' lang='lat' dir='ltr'><strong>numero</strong></span> <span class='ocrx_word' id='word_1_44' title='bbox 1511 725 1598 792; x_wconf 92' lang='lat' dir='ltr'><strong>pie</strong></span> <span class='ocrx_word' id='word_1_45' title='bbox 1624 740 1688 779; x_wconf 91' lang='lat' dir='ltr'><strong>ac</strong></span> <span class='ocrx_word' id='word_1_46' title='bbox 1708 726 1946 793; x_wconf 83' lang='lat' dir='ltr'><strong>perfecte</strong></span> <span class='ocrx_word' id='word_1_47' title='bbox 1975 725 2159 794; x_wconf 88' lang='lat' dir='ltr'><strong>dispu-</strong></span> 
     </span>
    </p>
   </div>
   <div class='ocr_carea' id='block_1_9' title="bbox 583 812 2155 875">
    <p class='ocr_par' dir='ltr' id='par_1_9' title="bbox 583 812 2155 875">
     <span class='ocr_line' id='line_1_9' title="bbox 583 812 2155 875; baseline 0.003 -10"><span class='ocrx_word' id='word_1_48' title='bbox 583 812 850 875; x_wconf 79' lang='lat' dir='ltr'><strong>tantium,</strong></span> <span class='ocrx_word' id='word_1_49' title='bbox 895 821 951 866; x_wconf 89' lang='lat' dir='ltr'><strong>et</strong></span> <span class='ocrx_word' id='word_1_50' title='bbox 1001 812 1146 865; x_wconf 84' lang='lat' dir='ltr'><strong>nullo</strong></span> <span class='ocrx_word' id='word_1_51' title='bbox 1198 815 1358 866; x_wconf 89' lang='lat' dir='ltr'><strong>modo</strong></span> <span class='ocrx_word' id='word_1_52' title='bbox 1403 814 1469 867; x_wconf 91' lang='lat' dir='ltr'><strong>de</strong></span> <span class='ocrx_word' id='word_1_53' title='bbox 1519 829 1677 868; x_wconf 82' lang='lat' dir='ltr'><strong>verae</strong></span> <span class='ocrx_word' id='word_1_54' title='bbox 1726 815 2155 870; x_wconf 84' lang='lat' dir='ltr'><strong>ratiocinationis</strong></span> 
     </span>
    </p>
   </div>
   <div class='ocr_carea' id='block_1_10' title="bbox 580 900 2149 973">
    <p class='ocr_par' dir='ltr' id='par_1_10' title="bbox 580 900 2149 973">
     <span class='ocr_line' id='line_1_10' title="bbox 580 900 2149 973; baseline 0.003 -19"><span class='ocrx_word' id='word_1_55' title='bbox 580 900 773 954; x_wconf 85' lang='lat' dir='ltr'><strong>semita</strong></span> <span class='ocrx_word' id='word_1_56' title='bbox 820 900 1226 967; x_wconf 90' lang='lat' dir='ltr'><strong>declinantinm,</strong></span> <span class='ocrx_word' id='word_1_57' title='bbox 1254 918 1420 955; x_wconf 89' lang='lat' dir='ltr'><strong>unum</strong></span> <span class='ocrx_word' id='word_1_58' title='bbox 1474 918 1562 957; x_wconf 89' lang='lat' dir='ltr'><strong>me</strong></span> <span class='ocrx_word' id='word_1_59' title='bbox 1604 917 1725 957; x_wconf 85' lang='lat' dir='ltr'><strong>esse</strong></span> <span class='ocrx_word' id='word_1_60' title='bbox 1779 920 2149 973; x_wconf 76' lang='lat' dir='ltr'><strong>cognosceres.</strong></span> 
     </span>
    </p>
   </div>
   <div class='ocr_carea' id='block_1_11' title="bbox 579 989 2153 1064">
    <p class='ocr_par' dir='ltr' id='par_1_11' title="bbox 579 989 2153 1064">
     <span class='ocr_line' id='line_1_11' title="bbox 579 989 2153 1064; baseline 0.006 -21"><span class='ocrx_word' id='word_1_61' title='bbox 579 989 845 1057; x_wconf 84' lang='lat' dir='ltr'><strong>Quoniam</strong></span> <span class='ocrx_word' id='word_1_62' title='bbox 874 1004 1003 1044; x_wconf 88' lang='lat' dir='ltr'><strong>vero</strong></span> <span class='ocrx_word' id='word_1_63' title='bbox 1041 992 1182 1045; x_wconf 88' lang='lat' dir='ltr'><strong>inter</strong></span> <span class='ocrx_word' id='word_1_64' title='bbox 1209 1008 1525 1063; x_wconf 83' lang='lat' dir='ltr'><strong>magnorum</strong></span> <span class='ocrx_word' id='word_1_65' title='bbox 1572 994 2009 1064; x_wconf 84' lang='lat' dir='ltr'><strong>philosophorum</strong></span> <span class='ocrx_word' id='word_1_66' title='bbox 2060 1013 2153 1053; x_wconf 79' lang='lat' dir='ltr'><strong>ex-</strong></span> 
     </span>
    </p>
   </div>
   <div class='ocr_carea' id='block_1_12' title="bbox 578 1079 2150 1152">
    <p class='ocr_par' dir='ltr' id='par_1_12' title="bbox 578 1079 2150 1152">
     <span class='ocr_line' id='line_1_12' title="bbox 578 1079 2150 1152; baseline 0.006 -21"><span class='ocrx_word' id='word_1_67' title='bbox 578 1088 782 1133; x_wconf 90' lang='lat' dir='ltr'><strong>tremos</strong></span> <span class='ocrx_word' id='word_1_68' title='bbox 808 1079 1129 1149; x_wconf 87' lang='lat' dir='ltr'><strong>pedisequos</strong></span> <span class='ocrx_word' id='word_1_69' title='bbox 1173 1081 1260 1133; x_wconf 77' lang='lat' dir='ltr'><strong>vix</strong></span> <span class='ocrx_word' id='word_1_70' title='bbox 1293 1081 1466 1136; x_wconf 92' lang='lat' dir='ltr'><strong>locum</strong></span> <span class='ocrx_word' id='word_1_71' title='bbox 1498 1082 1713 1138; x_wconf 88' lang='lat' dir='ltr'><strong>invenio</strong></span> <span class='ocrx_word' id='word_1_72' title='bbox 1732 1085 1932 1140; x_wconf 85' lang='lat' dir='ltr'><strong>habere</strong></span> <span class='ocrx_word' id='word_1_73' title='bbox 1975 1087 2012 1152; x_wconf 88' lang='grc'><strong>¹,</strong></span> <span class='ocrx_word' id='word_1_74' title='bbox 2044 1102 2150 1141; x_wconf 90' lang='lat' dir='ltr'><strong>non</strong></span> 
     </span>
    </p>
   </div>
   <div class='ocr_carea' id='block_1_13' title="bbox 579 1168 2157 1241">
    <p class='ocr_par' dir='ltr' id='par_1_13' title="bbox 579 1168 2157 1241">
     <span class='ocr_line' id='line_1_13' title="bbox 579 1168 2157 1241; baseline 0.008 -21"><span class='ocrx_word' id='word_1_75' title='bbox 579 1168 795 1221; x_wconf 84' lang='lat' dir='ltr'><strong>incaute</strong></span> <span class='ocrx_word' id='word_1_76' title='bbox 823 1169 888 1222; x_wconf 91' lang='lat' dir='ltr'><strong>de</strong></span> <span class='ocrx_word' id='word_1_77' title='bbox 914 1168 1349 1236; x_wconf 84' lang='lat' dir='ltr'><strong>processionibus</strong></span> <span class='ocrx_word' id='word_1_78' title='bbox 1385 1172 1519 1227; x_wconf 83' lang='lat' dir='ltr'><strong>meis</strong></span> <span class='ocrx_word' id='word_1_79' title='bbox 1556 1187 1654 1241; x_wconf 88' lang='lat' dir='ltr'><strong>per</strong></span> <span class='ocrx_word' id='word_1_80' title='bbox 1678 1173 1971 1230; x_wconf 81' lang='lat' dir='ltr'><strong>altissimos</strong></span> <span class='ocrx_word' id='word_1_81' title='bbox 2002 1177 2157 1233; x_wconf 80' lang='lat' dir='ltr'><strong>theo-</strong></span> 
     </span>
    </p>
   </div>
   <div class='ocr_carea' id='block_1_14' title="bbox 576 1257 2150 1334">
    <p class='ocr_par' dir='ltr' id='par_1_14' title="bbox 576 1257 2150 1334">
     <span class='ocr_line' id='line_1_14' title="bbox 576 1257 2150 1334; baseline 0.008 -26"><span class='ocrx_word' id='word_1_82' title='bbox 576 1257 692 1310; x_wconf 88' lang='lat' dir='ltr'><strong>riae</strong></span> <span class='ocrx_word' id='word_1_83' title='bbox 716 1272 972 1311; x_wconf 87' lang='lat' dir='ltr'><strong>ascensus</strong></span> <span class='ocrx_word' id='word_1_84' title='bbox 996 1259 1435 1327; x_wconf 90' lang='lat' dir='ltr'><strong>promittendum.</strong></span> <span class='ocrx_word' id='word_1_85' title='bbox 1464 1261 1635 1332; x_wconf 83' lang='lat' dir='ltr'><strong>Saepe</strong></span> <span class='ocrx_word' id='word_1_86' title='bbox 1657 1279 1888 1334; x_wconf 83' lang='lat' dir='ltr'><strong>namque</strong></span> <span class='ocrx_word' id='word_1_87' title='bbox 1911 1266 2150 1322; x_wconf 86' lang='lat' dir='ltr'><strong>melioris</strong></span> 
     </span>
    </p>
   </div>
   <div class='ocr_carea' id='block_1_15' title="bbox 566 1330 2149 1424">
    <p class='ocr_par' dir='ltr' id='par_1_15' title="bbox 566 1330 2149 1424">
     <span class='ocr_line' id='line_1_15' title="bbox 566 1330 2149 1424; baseline 0.007 -25"><span class='ocrx_word' id='word_1_88' title='bbox 566 1330 775 1416; x_wconf 77' lang='lat' dir='ltr'><strong>lingenii</strong></span> <span class='ocrx_word' id='word_1_89' title='bbox 846 1346 1185 1417; x_wconf 83' lang='lat' dir='ltr'><strong>puriorisque</strong></span> <span class='ocrx_word' id='word_1_90' title='bbox 1264 1350 1381 1406; x_wconf 86' lang='lat' dir='ltr'><strong>sine</strong></span> <span class='ocrx_word' id='word_1_91' title='bbox 1440 1353 1843 1421; x_wconf 90' lang='lat' dir='ltr'><strong>comparatione</strong></span> <span class='ocrx_word' id='word_1_92' title='bbox 1899 1356 1953 1408; x_wconf 92' lang='lat' dir='ltr'><strong>in</strong></span> <span class='ocrx_word' id='word_1_93' title='bbox 2020 1356 2149 1424; x_wconf 89' lang='lat' dir='ltr'><strong>ipsis</strong></span> 
     </span>
    </p>
   </div>
   <div class='ocr_carea' id='block_1_16' title="bbox 576 1436 2148 1513">
    <p class='ocr_par' dir='ltr' id='par_1_16' title="bbox 576 1436 2148 1513">
     <span class='ocr_line' id='line_1_16' title="bbox 576 1436 2148 1513; baseline 0.011 -25"><span class='ocrx_word' id='word_1_94' title='bbox 576 1436 983 1492; x_wconf 88' lang='lat' dir='ltr'><strong>ascensionilms</strong></span> <span class='ocrx_word' id='word_1_95' title='bbox 1027 1439 1341 1497; x_wconf 81' lang='lat' dir='ltr'><strong>inchoantes</strong></span> <span class='ocrx_word' id='word_1_96' title='bbox 1371 1444 1598 1513; x_wconf 87' lang='lat' dir='ltr'><strong>ingredi,</strong></span> <span class='ocrx_word' id='word_1_97' title='bbox 1625 1454 1718 1499; x_wconf 90' lang='lat' dir='ltr'><strong>aut</strong></span> <span class='ocrx_word' id='word_1_98' title='bbox 1738 1456 1984 1503; x_wconf 79' lang='lat' dir='ltr'><strong>errantes</strong></span> <span class='ocrx_word' id='word_1_99' title='bbox 2008 1450 2148 1504; x_wconf 77' lang='lat' dir='ltr'><strong>&quot;de-</strong></span> 
     </span>
    </p>
   </div>
   <div class='ocr_carea' id='block_1_17' title="bbox 575 1528 2145 1604">
    <p class='ocr_par' dir='ltr' id='par_1_17' title="bbox 575 1528 2145 1604">
     <span class='ocr_line' id='line_1_17' title="bbox 575 1528 2145 1604; baseline 0.011 -25"><span class='ocrx_word' id='word_1_100' title='bbox 575 1528 878 1594; x_wconf 87' lang='lat' dir='ltr'><strong>viaverunt,</strong></span> <span class='ocrx_word' id='word_1_101' title='bbox 928 1538 1021 1583; x_wconf 92' lang='lat' dir='ltr'><strong>aut</strong></span> <span class='ocrx_word' id='word_1_102' title='bbox 1067 1530 1227 1586; x_wconf 85' lang='lat' dir='ltr'><strong>altius</strong></span> <span class='ocrx_word' id='word_1_103' title='bbox 1275 1537 1568 1590; x_wconf 81' lang='lat' dir='ltr'><strong>ascendere</strong></span> <span class='ocrx_word' id='word_1_104' title='bbox 1618 1551 1723 1591; x_wconf 87' lang='lat' dir='ltr'><strong>non</strong></span> <span class='ocrx_word' id='word_1_105' title='bbox 1786 1538 2046 1604; x_wconf 87' lang='lat' dir='ltr'><strong>valentes,</strong></span> <span class='ocrx_word' id='word_1_106' title='bbox 2078 1543 2145 1597; x_wconf 86' lang='lat' dir='ltr'><strong>ad</strong></span> 
     </span>
    </p>
   </div>
   <div class='ocr_carea' id='block_1_18' title="bbox 575 1618 2142 1699">
    <p class='ocr_par' dir='ltr' id='par_1_18' title="bbox 575 1618 2142 1699">
     <span class='ocr_line' id='line_1_18' title="bbox 575 1618 2142 1699; baseline 0.011 -29"><span class='ocrx_word' id='word_1_107' title='bbox 575 1618 828 1675; x_wconf 82' lang='lat' dir='ltr'><strong>inferiora</strong></span> <span class='ocrx_word' id='word_1_108' title='bbox 857 1621 1058 1675; x_wconf 77' lang='lat' dir='ltr'><strong>reversi</strong></span> <span class='ocrx_word' id='word_1_109' title='bbox 1076 1631 1221 1687; x_wconf 89' lang='lat' dir='ltr'><strong>sunt,</strong></span> <span class='ocrx_word' id='word_1_110' title='bbox 1237 1634 1329 1678; x_wconf 89' lang='lat' dir='ltr'><strong>aut</strong></span> <span class='ocrx_word' id='word_1_111' title='bbox 1349 1640 1443 1680; x_wconf 90' lang='lat' dir='ltr'><strong>eas</strong></span> <span class='ocrx_word' id='word_1_112' title='bbox 1462 1627 1677 1682; x_wconf 90' lang='lat' dir='ltr'><strong>silentio</strong></span> <span class='ocrx_word' id='word_1_113' title='bbox 1702 1630 2142 1699; x_wconf 80' lang='lat' dir='ltr'><strong>liouoriticantes,</strong></span> 
     </span>
    </p>
   </div>
   <div class='ocr_carea' id='block_1_19' title="bbox 572 1707 2141 1780">
    <p class='ocr_par' dir='ltr' id='par_1_19' title="bbox 572 1707 2141 1780">
     <span class='ocr_line' id='line_1_19' title="bbox 572 1707 2141 1780; baseline 0.012 -20"><span class='ocrx_word' id='word_1_114' title='bbox 572 1707 762 1762; x_wconf 85' lang='lat' dir='ltr'><strong>altiora</strong></span> <span class='ocrx_word' id='word_1_115' title='bbox 814 1723 873 1763; x_wconf 91' lang='lat' dir='ltr'><strong>se</strong></span> <span class='ocrx_word' id='word_1_116' title='bbox 943 1710 1211 1780; x_wconf 77' lang='lat' dir='ltr'><strong>attingere</strong></span> <span class='ocrx_word' id='word_1_117' title='bbox 1272 1723 1430 1769; x_wconf 84' lang='lat' dir='ltr'><strong>caute</strong></span> <span class='ocrx_word' id='word_1_118' title='bbox 1477 1732 1542 1771; x_wconf 87' lang='lat' dir='ltr'><strong>ac</strong></span> <span class='ocrx_word' id='word_1_119' title='bbox 1585 1719 1981 1776; x_wconf 79' lang='lat' dir='ltr'><strong>rationabiliter</strong></span> <span class='ocrx_word' id='word_1_120' title='bbox 2036 1739 2141 1778; x_wconf 88' lang='lat' dir='ltr'><strong>non</strong></span> 
     </span>
    </p>
   </div>
   <div class='ocr_carea' id='block_1_20' title="bbox 2261 545 3837 624">
    <p class='ocr_par' dir='ltr' id='par_1_20' title="bbox 2261 545 3837 624">
     <span class='ocr_line' id='line_1_20' title="bbox 2261 545 3837 624; baseline 0.012 -28"><span class='ocrx_word' id='word_1_121' title='bbox 2261 545 2395 597; x_wconf 85' lang='lat' dir='ltr'><strong>bona</strong></span> <span class='ocrx_word' id='word_1_122' title='bbox 2420 545 2570 599; x_wconf 77' lang='lat' dir='ltr'><strong>valde</strong></span> <span class='ocrx_word' id='word_1_123' title='bbox 2602 548 2647 577; x_wconf 80' lang='lat'>&quot;</span> <span class='ocrx_word' id='word_1_124' title='bbox 2683 547 2798 602; x_wconf 85' lang='lat' dir='ltr'><strong>Non</strong></span> <span class='ocrx_word' id='word_1_125' title='bbox 2827 550 2972 603; x_wconf 83' lang='lat' dir='ltr'><strong>enim</strong></span> <span class='ocrx_word' id='word_1_126' title='bbox 3000 552 3130 605; x_wconf 82' lang='lat' dir='ltr'><strong>dicit</strong></span> <span class='ocrx_word' id='word_1_127' title='bbox 3152 569 3165 605; x_wconf 91' lang='lat'><strong>:</strong></span> <span class='ocrx_word' id='word_1_128' title='bbox 3191 563 3246 607; x_wconf 86' lang='lat' dir='ltr'><strong>et</strong></span> <span class='ocrx_word' id='word_1_129' title='bbox 3285 554 3439 607; x_wconf 81' lang='lat' dir='ltr'><strong>vidit.</strong></span> <span class='ocrx_word' id='word_1_130' title='bbox 3466 556 3610 611; x_wconf 90' lang='lat' dir='ltr'><strong>Dens</strong></span> <span class='ocrx_word' id='word_1_131' title='bbox 3637 563 3837 624; x_wconf 80' lang='lat' dir='ltr'><strong>omnia.</strong></span> 
     </span>
    </p>
   </div>
   <div class='ocr_carea' id='block_1_21' title="bbox 2258 636 3841 705">
    <p class='ocr_par' dir='ltr' id='par_1_21' title="bbox 2258 636 3841 705">
     <span class='ocr_line' id='line_1_21' title="bbox 2258 636 3841 705; baseline 0.012 -19"><span class='ocrx_word' id='word_1_132' title='bbox 2258 642 2315 687; x_wconf 88' lang='lat' dir='ltr'><strong>et</strong></span> <span class='ocrx_word' id='word_1_133' title='bbox 2346 649 2473 689; x_wconf 81' lang='lat' dir='ltr'><strong>ecce</strong></span> <span class='ocrx_word' id='word_1_134' title='bbox 2499 636 2653 691; x_wconf 82' lang='lat' dir='ltr'><strong>valde</strong></span> <span class='ocrx_word' id='word_1_135' title='bbox 2693 647 2838 691; x_wconf 91' lang='lat' dir='ltr'><strong>sunt.</strong></span> <span class='ocrx_word' id='word_1_136' title='bbox 2888 639 3026 704; x_wconf 81' lang='lat' dir='ltr'><strong>Quid</strong></span> <span class='ocrx_word' id='word_1_137' title='bbox 3069 642 3214 695; x_wconf 90' lang='lat' dir='ltr'><strong>enim</strong></span> <span class='ocrx_word' id='word_1_138' title='bbox 3261 643 3465 699; x_wconf 83' lang='lat' dir='ltr'><strong>valeret</strong></span> <span class='ocrx_word' id='word_1_139' title='bbox 3501 646 3841 705; x_wconf 81' lang='lat' dir='ltr'><strong>solummodo</strong></span> 
     </span>
    </p>
   </div>
   <div class='ocr_carea' id='block_1_22' title="bbox 2257 725 3840 808">
    <p class='ocr_par' dir='ltr' id='par_1_22' title="bbox 2257 725 3840 808">
     <span class='ocr_line' id='line_1_22' title="bbox 2257 725 3840 808; baseline 0.011 -32"><span class='ocrx_word' id='word_1_140' title='bbox 2257 737 2397 783; x_wconf 88' lang='lat' dir='ltr'><strong>esse,</strong></span> <span class='ocrx_word' id='word_1_141' title='bbox 2428 725 2680 795; x_wconf 85' lang='lat' dir='ltr'><strong>adempto</strong></span> <span class='ocrx_word' id='word_1_142' title='bbox 2728 727 2865 782; x_wconf 82' lang='lat' dir='ltr'><strong>bene</strong></span> <span class='ocrx_word' id='word_1_143' title='bbox 2898 729 3057 784; x_wconf 89' lang='lat' dir='ltr'><strong>esse?</strong></span> <span class='ocrx_word' id='word_1_144' title='bbox 3115 730 3306 785; x_wconf 87' lang='lat' dir='ltr'><strong>Omnia</strong></span> <span class='ocrx_word' id='word_1_145' title='bbox 3354 734 3655 803; x_wconf 90' lang='lat' dir='ltr'><strong>siquidem,</strong></span> <span class='ocrx_word' id='word_1_146' title='bbox 3701 754 3840 808; x_wconf 89' lang='lat' dir='ltr'><strong>quae</strong></span> 
     </span>
    </p>
   </div>
   <div class='ocr_carea' id='block_1_23' title="bbox 2257 814 3834 893">
    <p class='ocr_par' dir='ltr' id='par_1_23' title="bbox 2257 814 3834 893">
     <span class='ocr_line' id='line_1_23' title="bbox 2257 814 3834 893; baseline 0.012 -28"><span class='ocrx_word' id='word_1_147' title='bbox 2257 820 2384 866; x_wconf 92' lang='lat' dir='ltr'><strong>sunt</strong></span> <span class='ocrx_word' id='word_1_148' title='bbox 2404 850 2431 878; x_wconf 43' lang='grc' dir='ltr'><strong>,ν</strong></span> <span class='ocrx_word' id='word_1_149' title='bbox 2472 814 2525 868; x_wconf 91' lang='lat' dir='ltr'><strong>in</strong></span> <span class='ocrx_word' id='word_1_150' title='bbox 2581 824 2789 870; x_wconf 89' lang='lat' dir='ltr'><strong>tantum</strong></span> <span class='ocrx_word' id='word_1_151' title='bbox 2830 826 2987 883; x_wconf 92' lang='lat' dir='ltr'><strong>sunt,</strong></span> <span class='ocrx_word' id='word_1_152' title='bbox 3034 818 3087 873; x_wconf 89' lang='lat' dir='ltr'><strong>in</strong></span> <span class='ocrx_word' id='word_1_153' title='bbox 3146 829 3405 889; x_wconf 84' lang='lat' dir='ltr'><strong>quantum</strong></span> <span class='ocrx_word' id='word_1_154' title='bbox 3470 822 3609 880; x_wconf 80' lang='lat' dir='ltr'><strong>bona</strong></span> <span class='ocrx_word' id='word_1_155' title='bbox 3671 839 3834 893; x_wconf 82' lang='lat' dir='ltr'><strong>sunt;</strong></span> 
     </span>
    </p>
   </div>
   <div class='ocr_carea' id='block_1_24' title="bbox 2257 901 3837 979">
    <p class='ocr_par' dir='ltr' id='par_1_24' title="bbox 2257 901 3837 979">
     <span class='ocr_line' id='line_1_24' title="bbox 2257 901 3837 979; baseline 0.01 -23"><span class='ocrx_word' id='word_1_156' title='bbox 2257 901 2311 956; x_wconf 91' lang='lat' dir='ltr'><strong>in</strong></span> <span class='ocrx_word' id='word_1_157' title='bbox 2359 913 2617 974; x_wconf 90' lang='lat' dir='ltr'><strong>quantum</strong></span> <span class='ocrx_word' id='word_1_158' title='bbox 2663 914 2845 961; x_wconf 89' lang='lat' dir='ltr'><strong>autem</strong></span> <span class='ocrx_word' id='word_1_159' title='bbox 2891 908 3033 963; x_wconf 90' lang='lat' dir='ltr'><strong>bona</strong></span> <span class='ocrx_word' id='word_1_160' title='bbox 3081 924 3195 964; x_wconf 77' lang='lat' dir='ltr'><strong>non</strong></span> <span class='ocrx_word' id='word_1_161' title='bbox 3224 920 3370 978; x_wconf 90' lang='lat' dir='ltr'><strong>sunt,</strong></span> <span class='ocrx_word' id='word_1_162' title='bbox 3409 922 3521 979; x_wconf 89' lang='lat' dir='ltr'><strong>aut,</strong></span> <span class='ocrx_word' id='word_1_163' title='bbox 3554 924 3613 969; x_wconf 92' lang='lat' dir='ltr'><strong>nt</strong></span> <span class='ocrx_word' id='word_1_164' title='bbox 3653 916 3726 971; x_wconf 87' lang='lat' dir='ltr'><strong>ita</strong></span> <span class='ocrx_word' id='word_1_165' title='bbox 3757 918 3837 973; x_wconf 91' lang='lat' dir='ltr'><strong>di-</strong></span> 
     </span>
    </p>
   </div>
   <div class='ocr_carea' id='block_1_25' title="bbox 2255 997 3833 1068">
    <p class='ocr_par' dir='ltr' id='par_1_25' title="bbox 2255 997 3833 1068">
     <span class='ocr_line' id='line_1_25' title="bbox 2255 997 3833 1068; baseline 0.008 -19"><span class='ocrx_word' id='word_1_166' title='bbox 2255 1011 2397 1062; x_wconf 88' lang='lat' dir='ltr'><strong>cam,</strong></span> <span class='ocrx_word' id='word_1_167' title='bbox 2422 997 2473 1050; x_wconf 89' lang='lat' dir='ltr'><strong>in</strong></span> <span class='ocrx_word' id='word_1_168' title='bbox 2504 1005 2763 1065; x_wconf 86' lang='lat' dir='ltr'><strong>quantum</strong></span> <span class='ocrx_word' id='word_1_169' title='bbox 2805 998 2982 1055; x_wconf 86' lang='lat' dir='ltr'><strong>minus</strong></span> <span class='ocrx_word' id='word_1_170' title='bbox 3023 999 3161 1055; x_wconf 80' lang='lat' dir='ltr'><strong>bona</strong></span> <span class='ocrx_word' id='word_1_171' title='bbox 3203 1010 3351 1068; x_wconf 84' lang='lat' dir='ltr'><strong>sunt,</strong></span> <span class='ocrx_word' id='word_1_172' title='bbox 3377 1003 3432 1057; x_wconf 89' lang='lat' dir='ltr'><strong>in</strong></span> <span class='ocrx_word' id='word_1_173' title='bbox 3479 1014 3682 1061; x_wconf 87' lang='lat' dir='ltr'><strong>tantum</strong></span> <span class='ocrx_word' id='word_1_174' title='bbox 3725 1024 3833 1062; x_wconf 90' lang='lat' dir='ltr'><strong>non</strong></span> 
     </span>
    </p>
   </div>
   <div class='ocr_carea' id='block_1_26' title="bbox 2254 1087 3832 1161">
    <p class='ocr_par' dir='ltr' id='par_1_26' title="bbox 2254 1087 3832 1161">
     <span class='ocr_line' id='line_1_26' title="bbox 2254 1087 3832 1161; baseline 0.008 -21"><span class='ocrx_word' id='word_1_175' title='bbox 2254 1098 2398 1141; x_wconf 88' lang='lat' dir='ltr'><strong>sunt.</strong></span> <span class='ocrx_word' id='word_1_176' title='bbox 2437 1087 2515 1141; x_wconf 85' lang='lat' dir='ltr'><strong>Ac</strong></span> <span class='ocrx_word' id='word_1_177' title='bbox 2547 1102 2643 1156; x_wconf 86' lang='lat' dir='ltr'><strong>per</strong></span> <span class='ocrx_word' id='word_1_178' title='bbox 2688 1088 2792 1144; x_wconf 87' lang='lat' dir='ltr'><strong>hoc</strong></span> <span class='ocrx_word' id='word_1_179' title='bbox 2832 1090 3082 1160; x_wconf 85' lang='lat' dir='ltr'><strong>adempta</strong></span> <span class='ocrx_word' id='word_1_180' title='bbox 3135 1093 3361 1161; x_wconf 45' lang='lat' dir='ltr'><strong>penitus.</strong></span> <span class='ocrx_word' id='word_1_181' title='bbox 3390 1094 3664 1160; x_wconf 82' lang='lat' dir='ltr'><strong>bonitate,</strong></span> <span class='ocrx_word' id='word_1_182' title='bbox 3688 1099 3832 1152; x_wconf 83' lang='lat' dir='ltr'><strong>nulla</strong></span> 
     </span>
    </p>
   </div>
   <div class='ocr_carea' id='block_1_27' title="bbox 2254 1177 3833 1251">
    <p class='ocr_par' dir='ltr' id='par_1_27' title="bbox 2254 1177 3833 1251">
     <span class='ocr_line' id='line_1_27' title="bbox 2254 1177 3833 1251; baseline 0.008 -22"><span class='ocrx_word' id='word_1_183' title='bbox 2254 1187 2499 1232; x_wconf 82' lang='lat' dir='ltr'><strong>remanet</strong></span> <span class='ocrx_word' id='word_1_184' title='bbox 2525 1178 2782 1232; x_wconf 81' lang='lat' dir='ltr'><strong>essentia.</strong></span> <span class='ocrx_word' id='word_1_185' title='bbox 2829 1177 3162 1249; x_wconf 88' lang='lat' dir='ltr'><strong>Simpliciter</strong></span> <span class='ocrx_word' id='word_1_186' title='bbox 3212 1183 3356 1237; x_wconf 92' lang='lat' dir='ltr'><strong>enim</strong></span> <span class='ocrx_word' id='word_1_187' title='bbox 3380 1199 3526 1251; x_wconf 87' lang='lat' dir='ltr'><strong>esse,</strong></span> <span class='ocrx_word' id='word_1_188' title='bbox 3556 1186 3637 1240; x_wconf 85' lang='lat' dir='ltr'><strong>vel</strong></span> <span class='ocrx_word' id='word_1_189' title='bbox 3664 1196 3833 1242; x_wconf 87' lang='lat' dir='ltr'><strong>aeter-</strong></span> 
     </span>
    </p>
   </div>
   <div class='ocr_carea' id='block_1_28' title="bbox 2253 1266 3832 1338">
    <p class='ocr_par' dir='ltr' id='par_1_28' title="bbox 2253 1266 3832 1338">
     <span class='ocr_line' id='line_1_28' title="bbox 2253 1266 3832 1338; baseline 0.008 -20"><span class='ocrx_word' id='word_1_190' title='bbox 2253 1266 2450 1322; x_wconf 86' lang='lat' dir='ltr'><strong>naliter</strong></span> <span class='ocrx_word' id='word_1_191' title='bbox 2499 1281 2640 1333; x_wconf 88' lang='lat' dir='ltr'><strong>esse,</strong></span> <span class='ocrx_word' id='word_1_192' title='bbox 2688 1268 2901 1325; x_wconf 84' lang='lat' dir='ltr'><strong>sublato</strong></span> <span class='ocrx_word' id='word_1_193' title='bbox 2949 1270 3085 1326; x_wconf 86' lang='lat' dir='ltr'><strong>bene</strong></span> <span class='ocrx_word' id='word_1_194' title='bbox 3130 1287 3272 1338; x_wconf 84' lang='lat' dir='ltr'><strong>esse,</strong></span> <span class='ocrx_word' id='word_1_195' title='bbox 3316 1282 3371 1328; x_wconf 90' lang='lat' dir='ltr'><strong>et</strong></span> <span class='ocrx_word' id='word_1_196' title='bbox 3418 1275 3559 1330; x_wconf 89' lang='lat' dir='ltr'><strong>bene</strong></span> <span class='ocrx_word' id='word_1_197' title='bbox 3587 1285 3832 1330; x_wconf 84' lang='lat' dir='ltr'><strong>aeterna-</strong></span> 
     </span>
    </p>
   </div>
   <div class='ocr_carea' id='block_1_29' title="bbox 2253 1357 3832 1424">
    <p class='ocr_par' dir='ltr' id='par_1_29' title="bbox 2253 1357 3832 1424">
     <span class='ocr_line' id='line_1_29' title="bbox 2253 1357 3832 1424; baseline 0.008 -13"><span class='ocrx_word' id='word_1_198' title='bbox 2253 1357 2375 1412; x_wconf 91' lang='lat' dir='ltr'><strong>liter</strong></span> <span class='ocrx_word' id='word_1_199' title='bbox 2405 1357 2451 1389; x_wconf 77' lang='grc'><strong>¹³</strong></span> <span class='ocrx_word' id='word_1_200' title='bbox 2487 1373 2628 1424; x_wconf 87' lang='lat' dir='ltr'><strong>esse,</strong></span> <span class='ocrx_word' id='word_1_201' title='bbox 2658 1360 2878 1415; x_wconf 86' lang='lat' dir='ltr'><strong>abusive</strong></span> <span class='ocrx_word' id='word_1_202' title='bbox 2900 1361 3103 1417; x_wconf 90' lang='lat' dir='ltr'><strong>dicitur</strong></span> <span class='ocrx_word' id='word_1_203' title='bbox 3136 1372 3192 1419; x_wconf 87' lang='lat' dir='ltr'><strong>et</strong></span> <span class='ocrx_word' id='word_1_204' title='bbox 3241 1379 3363 1420; x_wconf 87' lang='lat' dir='ltr'><strong>esse</strong></span> <span class='ocrx_word' id='word_1_205' title='bbox 3408 1374 3466 1421; x_wconf 91' lang='lat' dir='ltr'><strong>et</strong></span> <span class='ocrx_word' id='word_1_206' title='bbox 3487 1366 3832 1423; x_wconf 78' lang='lat' dir='ltr'><strong>aeternaliter</strong></span> 
     </span>
    </p>
   </div>
   <div class='ocr_carea' id='block_1_30' title="bbox 2248 1445 3835 1525">
    <p class='ocr_par' dir='ltr' id='par_1_30' title="bbox 2248 1445 3835 1525">
     <span class='ocr_line' id='line_1_30' title="bbox 2248 1445 3835 1525; baseline 0.009 -26"><span class='ocrx_word' id='word_1_207' title='bbox 2248 1461 2388 1500; x_wconf 85' lang='lat' dir='ltr'><strong>esse.</strong></span> <span class='ocrx_word' id='word_1_208' title='bbox 2419 1445 2708 1503; x_wconf 83' lang='lat' dir='ltr'><strong>Subtraeta</strong></span> <span class='ocrx_word' id='word_1_209' title='bbox 2744 1448 2927 1520; x_wconf 87' lang='lat' dir='ltr'><strong>itaque</strong></span> <span class='ocrx_word' id='word_1_210' title='bbox 2978 1451 3218 1507; x_wconf 88' lang='lat' dir='ltr'><strong>bonitate</strong></span> <span class='ocrx_word' id='word_1_211' title='bbox 3240 1455 3457 1525; x_wconf 88' lang='lat' dir='ltr'><strong>proprie</strong></span> <span class='ocrx_word' id='word_1_212' title='bbox 3489 1472 3596 1511; x_wconf 91' lang='lat' dir='ltr'><strong>non</strong></span> <span class='ocrx_word' id='word_1_213' title='bbox 3638 1458 3835 1513; x_wconf 84' lang='lat' dir='ltr'><strong>dicitur</strong></span> 
     </span>
    </p>
   </div>
   <div class='ocr_carea' id='block_1_31' title="bbox 2248 1537 3830 1605">
    <p class='ocr_par' dir='ltr' id='par_1_31' title="bbox 2248 1537 3830 1605">
     <span class='ocr_line' id='line_1_31' title="bbox 2248 1537 3830 1605; baseline 0.01 -17"><span class='ocrx_word' id='word_1_214' title='bbox 2248 1537 2506 1602; x_wconf 83' lang='lat' dir='ltr'><strong>essentia,</strong></span> <span class='ocrx_word' id='word_1_215' title='bbox 2542 1546 2635 1593; x_wconf 89' lang='lat' dir='ltr'><strong>aut</strong></span> <span class='ocrx_word' id='word_1_216' title='bbox 2665 1547 2883 1594; x_wconf 89' lang='lat' dir='ltr'><strong>aeterna</strong></span> <span class='ocrx_word' id='word_1_217' title='bbox 2930 1543 3184 1597; x_wconf 89' lang='lat' dir='ltr'><strong>essentia.</strong></span> <span class='ocrx_word' id='word_1_218' title='bbox 3213 1543 3295 1598; x_wconf 81' lang='lat' dir='ltr'><strong>Ac</strong></span> <span class='ocrx_word' id='word_1_219' title='bbox 3335 1560 3404 1599; x_wconf 91' lang='lat' dir='ltr'><strong>ne</strong></span> <span class='ocrx_word' id='word_1_220' title='bbox 3446 1546 3588 1601; x_wconf 79' lang='lat' dir='ltr'><strong>forte</strong></span> <span class='ocrx_word' id='word_1_221' title='bbox 3606 1549 3674 1602; x_wconf 87' lang='lat' dir='ltr'><strong>ad</strong></span> <span class='ocrx_word' id='word_1_222' title='bbox 3696 1547 3830 1605; x_wconf 85' lang='lat' dir='ltr'><strong>haec</strong></span> 
     </span>
    </p>
   </div>
   <div class='ocr_carea' id='block_1_32' title="bbox 2248 1623 3824 1702">
    <p class='ocr_par' dir='ltr' id='par_1_32' title="bbox 2248 1623 3824 1702">
     <span class='ocr_line' id='line_1_32' title="bbox 2248 1623 3824 1702; baseline 0.009 -25"><span class='ocrx_word' id='word_1_223' title='bbox 2248 1623 2418 1687; x_wconf 88' lang='lat' dir='ltr'><strong>dicas,</strong></span> <span class='ocrx_word' id='word_1_224' title='bbox 2438 1626 2679 1695; x_wconf 86' lang='lat' dir='ltr'><strong>nunquid</strong></span> <span class='ocrx_word' id='word_1_225' title='bbox 2708 1628 2958 1685; x_wconf 87' lang='lat' dir='ltr'><strong>similiter</strong></span> <span class='ocrx_word' id='word_1_226' title='bbox 2978 1645 3264 1699; x_wconf 84' lang='lat' dir='ltr'><strong>possumus</strong></span> <span class='ocrx_word' id='word_1_227' title='bbox 3301 1636 3652 1702; x_wconf 85' lang='lat' dir='ltr'><strong>pronuntiare</strong></span> <span class='ocrx_word' id='word_1_228' title='bbox 3666 1637 3824 1701; x_wconf 66' lang='lat' dir='ltr'><strong>,sub-</strong></span> 
     </span>
    </p>
   </div>
   <div class='ocr_carea' id='block_1_33' title="bbox 2250 1715 3837 1788">
    <p class='ocr_par' dir='ltr' id='par_1_33' title="bbox 2250 1715 3837 1788">
     <span class='ocr_line' id='line_1_33' title="bbox 2250 1715 3837 1788; baseline 0.007 -21"><span class='ocrx_word' id='word_1_229' title='bbox 2250 1720 2421 1769; x_wconf 85' lang='lat' dir='ltr'><strong>tracta</strong></span> <span class='ocrx_word' id='word_1_230' title='bbox 2447 1715 2660 1784; x_wconf 89' lang='lat' dir='ltr'><strong>penitus</strong></span> <span class='ocrx_word' id='word_1_231' title='bbox 2703 1718 2938 1774; x_wconf 88' lang='lat' dir='ltr'><strong>essentia</strong></span> <span class='ocrx_word' id='word_1_232' title='bbox 2993 1721 3015 1753; x_wconf 64' lang='grc' dir='ltr'><strong>ι</strong></span> <span class='ocrx_word' id='word_1_233' title='bbox 3059 1719 3202 1775; x_wconf 90' lang='lat' dir='ltr'><strong>nulla</strong></span> <span class='ocrx_word' id='word_1_234' title='bbox 3250 1721 3479 1778; x_wconf 32' lang='lat' dir='ltr'><strong>bonitas.</strong></span> <span class='ocrx_word' id='word_1_235' title='bbox 3506 1726 3837 1788; x_wconf 84' lang='lat' dir='ltr'><strong>remanebit,.</strong></span> 
     </span>
    </p>
   </div>
   <div class='ocr_carea' id='block_1_34' title="bbox 570 1801 2243 1885">
    <p class='ocr_par' dir='ltr' id='par_1_34' title="bbox 570 1801 2219 1885">
     <span class='ocr_line' id='line_1_34' title="bbox 570 1801 2219 1885; baseline 0.01 -31"><span class='ocrx_word' id='word_1_236' title='bbox 570 1810 977 1870; x_wconf 84' lang='lat' dir='ltr'><strong>praesumentes</strong></span> <span class='ocrx_word' id='word_1_237' title='bbox 1006 1802 1290 1881; x_wconf 84' lang='lat' dir='ltr'><strong>siluerunt.</strong></span> <span class='ocrx_word' id='word_1_238' title='bbox 1342 1806 1868 1866; x_wconf 79' lang='lat' dir='ltr'><strong>Perfectissimorum</strong></span> <span class='ocrx_word' id='word_1_239' title='bbox 1912 1830 2144 1885; x_wconf 87' lang='lat' dir='ltr'><strong>namque</strong></span> <span class='ocrx_word' id='word_1_240' title='bbox 2174 1801 2219 1859; x_wconf 81' lang='grc' dir='ltr'><strong>Β</strong></span> 
     </span>
    </p>
   </div>
   <div class='ocr_carea' id='block_1_35' title="bbox 2146 1801 3819 1885">
    <p class='ocr_par' dir='ltr' id='par_1_35' title="bbox 2174 1801 3819 1879">
     <span class='ocr_line' id='line_1_35' title="bbox 2174 1801 3819 1879; baseline 0.007 -22"><span class='ocrx_word' id='word_1_241' title='bbox 2174 1801 2219 1859; x_wconf 88' lang='grc' dir='ltr'><strong>Β</strong></span> <span class='ocrx_word' id='word_1_242' title='bbox 2248 1816 2504 1873; x_wconf 87' lang='lat' dir='ltr'><strong>pereunte</strong></span> <span class='ocrx_word' id='word_1_243' title='bbox 2523 1821 2653 1862; x_wconf 89' lang='lat' dir='ltr'><strong>vero</strong></span> <span class='ocrx_word' id='word_1_244' title='bbox 2681 1807 2729 1843; x_wconf 71' lang='grc' dir='ltr'><strong>ι’</strong></span> <span class='ocrx_word' id='word_1_245' title='bbox 2747 1809 3033 1873; x_wconf 75' lang='lat' dir='ltr'><strong>existentia</strong></span> <span class='ocrx_word' id='word_1_246' title='bbox 3077 1811 3280 1866; x_wconf 91' lang='lat' dir='ltr'><strong>nullum</strong></span> <span class='ocrx_word' id='word_1_247' title='bbox 3300 1812 3499 1869; x_wconf 86' lang='lat' dir='ltr'><strong>bonum</strong></span> <span class='ocrx_word' id='word_1_248' title='bbox 3536 1814 3819 1879; x_wconf 85' lang='lat' dir='ltr'><strong>subsistet,</strong></span> 
     </span>
    </p>
   </div>
   <div class='ocr_carea' id='block_1_36' title="bbox 569 1891 2144 1972">
    <p class='ocr_par' dir='ltr' id='par_1_36' title="bbox 569 1891 2144 1972">
     <span class='ocr_line' id='line_1_36' title="bbox 569 1891 2144 1972; baseline 0.011 -27"><span class='ocrx_word' id='word_1_249' title='bbox 569 1900 655 1946; x_wconf 87' lang='lat' dir='ltr'><strong>est</strong></span> <span class='ocrx_word' id='word_1_250' title='bbox 697 1891 719 1922; x_wconf 89' lang='grc'>³</span> <span class='ocrx_word' id='word_1_251' title='bbox 743 1892 1018 1963; x_wconf 89' lang='lat' dir='ltr'><strong>divinique</strong></span> <span class='ocrx_word' id='word_1_252' title='bbox 1044 1895 1179 1949; x_wconf 89' lang='lat' dir='ltr'><strong>radii</strong></span> <span class='ocrx_word' id='word_1_253' title='bbox 1208 1896 1583 1965; x_wconf 87' lang='lat' dir='ltr'><strong>splendoribus</strong></span> <span class='ocrx_word' id='word_1_254' title='bbox 1611 1901 2056 1972; x_wconf 88' lang='lat' dir='ltr'><strong>illuminatorum,</strong></span> <span class='ocrx_word' id='word_1_255' title='bbox 2079 1919 2144 1962; x_wconf 90' lang='lat' dir='ltr'><strong>ac</strong></span> 
     </span>
    </p>
   </div>
   <div class='ocr_carea' id='block_1_37' title="bbox 570 1985 2146 2065">
    <p class='ocr_par' dir='ltr' id='par_1_37' title="bbox 570 1985 2146 2065">
     <span class='ocr_line' id='line_1_37' title="bbox 570 1985 2146 2065; baseline 0.011 -30"><span class='ocrx_word' id='word_1_256' title='bbox 570 1997 669 2051; x_wconf 89' lang='lat' dir='ltr'><strong>per</strong></span> <span class='ocrx_word' id='word_1_257' title='bbox 690 1985 789 2038; x_wconf 89' lang='lat' dir='ltr'><strong>hoc</strong></span> <span class='ocrx_word' id='word_1_258' title='bbox 812 1985 878 2039; x_wconf 88' lang='lat' dir='ltr'><strong>ad</strong></span> <span class='ocrx_word' id='word_1_259' title='bbox 909 1986 1276 2042; x_wconf 89' lang='lat' dir='ltr'><strong>sacratissima</strong></span> <span class='ocrx_word' id='word_1_260' title='bbox 1302 1990 1614 2046; x_wconf 90' lang='lat' dir='ltr'><strong>caelestium</strong></span> <span class='ocrx_word' id='word_1_261' title='bbox 1641 1996 2019 2065; x_wconf 77' lang='lat' dir='ltr'><strong>mysteriorum</strong></span> <span class='ocrx_word' id='word_1_262' title='bbox 2051 1999 2146 2053; x_wconf 91' lang='lat' dir='ltr'><strong>ab-</strong></span> 
     </span>
    </p>
   </div>
   <div class='ocr_carea' id='block_1_38' title="bbox 569 2068 2144 2141">
    <p class='ocr_par' dir='ltr' id='par_1_38' title="bbox 569 2068 2144 2141">
     <span class='ocr_line' id='line_1_38' title="bbox 569 2068 2144 2141; baseline 0.013 -20"><span class='ocrx_word' id='word_1_263' title='bbox 569 2068 678 2122; x_wconf 90' lang='lat' dir='ltr'><strong>dita</strong></span> <span class='ocrx_word' id='word_1_264' title='bbox 730 2085 888 2124; x_wconf 90' lang='lat' dir='ltr'><strong>manu</strong></span> <span class='ocrx_word' id='word_1_265' title='bbox 934 2073 1252 2141; x_wconf 89' lang='lat' dir='ltr'><strong>ductorum,</strong></span> <span class='ocrx_word' id='word_1_266' title='bbox 1305 2077 1566 2134; x_wconf 89' lang='lat' dir='ltr'><strong>altissima</strong></span> <span class='ocrx_word' id='word_1_267' title='bbox 1603 2080 1817 2138; x_wconf 88' lang='lat' dir='ltr'><strong>divinae</strong></span> <span class='ocrx_word' id='word_1_268' title='bbox 1855 2083 2144 2141; x_wconf 69' lang='lat' dir='ltr'><strong>‘tlicoriae</strong></span> 
     </span>
    </p>
   </div>
   <div class='ocr_carea' id='block_1_39' title="bbox 568 2159 2143 2239">
    <p class='ocr_par' dir='ltr' id='par_1_39' title="bbox 568 2159 2143 2239">
     <span class='ocr_line' id='line_1_39' title="bbox 568 2159 2143 2239; baseline 0.01 -24"><span class='ocrx_word' id='word_1_269' title='bbox 568 2159 773 2231; x_wconf 73' lang='grc' dir='ltr'><em>βήματα</em></span> <span class='ocrx_word' id='word_1_270' title='bbox 820 2160 841 2192; x_wconf 83' lang='grc'><strong><em>⁵</em></strong></span> <span class='ocrx_word' id='word_1_271' title='bbox 859 2201 874 2226; x_wconf 91' lang='grc'><em>,</em></span> <span class='ocrx_word' id='word_1_272' title='bbox 905 2161 1007 2217; x_wconf 88' lang='lat' dir='ltr'><strong>hoc</strong></span> <span class='ocrx_word' id='word_1_273' title='bbox 1036 2173 1122 2218; x_wconf 91' lang='lat' dir='ltr'><strong>est</strong></span> <span class='ocrx_word' id='word_1_274' title='bbox 1150 2165 1172 2195; x_wconf 81' lang='grc'>⁸</span> <span class='ocrx_word' id='word_1_275' title='bbox 1199 2166 1396 2236; x_wconf 89' lang='lat' dir='ltr'><strong>gradus</strong></span> <span class='ocrx_word' id='word_1_276' title='bbox 1423 2169 1445 2200; x_wconf 88' lang='lat'><strong>&quot;</strong></span> <span class='ocrx_word' id='word_1_277' title='bbox 1498 2184 1774 2239; x_wconf 86' lang='lat' dir='ltr'><strong>superare,</strong></span> <span class='ocrx_word' id='word_1_278' title='bbox 1803 2189 1867 2229; x_wconf 90' lang='lat' dir='ltr'><strong>ac</strong></span> <span class='ocrx_word' id='word_1_279' title='bbox 1896 2174 2012 2229; x_wconf 88' lang='lat' dir='ltr'><strong>sine</strong></span> <span class='ocrx_word' id='word_1_280' title='bbox 2034 2176 2143 2231; x_wconf 85' lang='lat' dir='ltr'><strong>ullo</strong></span> 
     </span>
    </p>
   </div>
   <div class='ocr_carea' id='block_1_40' title="bbox 567 2250 2141 2337">
    <p class='ocr_par' dir='ltr' id='par_1_40' title="bbox 567 2250 2141 2337">
     <span class='ocr_line' id='line_1_40' title="bbox 567 2250 2141 2337; baseline 0.011 -35"><span class='ocrx_word' id='word_1_281' title='bbox 567 2262 753 2304; x_wconf 90' lang='lat' dir='ltr'><strong>errore</strong></span> <span class='ocrx_word' id='word_1_282' title='bbox 780 2250 1153 2320; x_wconf 88' lang='lat' dir='ltr'><strong>apertissimae</strong></span> <span class='ocrx_word' id='word_1_283' title='bbox 1179 2256 1424 2312; x_wconf 89' lang='lat' dir='ltr'><strong>veritatis</strong></span> <span class='ocrx_word' id='word_1_284' title='bbox 1451 2260 1685 2328; x_wconf 87' lang='lat' dir='ltr'><strong>speciem</strong></span> <span class='ocrx_word' id='word_1_285' title='bbox 1713 2262 1858 2316; x_wconf 90' lang='lat' dir='ltr'><strong>nulla</strong></span> <span class='ocrx_word' id='word_1_286' title='bbox 1907 2264 2141 2337; x_wconf 75' lang='lat' dir='ltr'><strong>caligine</strong></span> 
     </span>
    </p>
   </div>
   <div class='ocr_carea' id='block_1_41' title="bbox 566 2337 2142 2415">
    <p class='ocr_par' dir='ltr' id='par_1_41' title="bbox 566 2337 2142 2415">
     <span class='ocr_line' id='line_1_41' title="bbox 566 2337 2142 2415; baseline 0.014 -27"><span class='ocrx_word' id='word_1_287' title='bbox 566 2337 816 2394; x_wconf 86' lang='lat' dir='ltr'><strong>obstante</strong></span> <span class='ocrx_word' id='word_1_288' title='bbox 863 2339 886 2373; x_wconf 84' lang='lat'><strong>&#39;</strong></span> <span class='ocrx_word' id='word_1_289' title='bbox 920 2339 1139 2396; x_wconf 91' lang='lat' dir='ltr'><strong>intueri.</strong></span> <span class='ocrx_word' id='word_1_290' title='bbox 1171 2342 1321 2410; x_wconf 86' lang='lat' dir='ltr'><strong>Quae</strong></span> <span class='ocrx_word' id='word_1_291' title='bbox 1348 2347 1601 2415; x_wconf 90' lang='lat' dir='ltr'><strong>quoniam</strong></span> <span class='ocrx_word' id='word_1_292' title='bbox 1626 2348 1766 2404; x_wconf 70' lang='lat' dir='ltr'><strong>ultra</strong></span> <span class='ocrx_word' id='word_1_293' title='bbox 1796 2351 1941 2408; x_wconf 85' lang='lat' dir='ltr'><strong>vires</strong></span> <span class='ocrx_word' id='word_1_294' title='bbox 1967 2354 2142 2409; x_wconf 86' lang='lat' dir='ltr'><strong>inten-</strong></span> 
     </span>
    </p>
   </div>
   <div class='ocr_carea' id='block_1_42' title="bbox 568 2424 2141 2511">
    <p class='ocr_par' dir='ltr' id='par_1_42' title="bbox 568 2424 2141 2511">
     <span class='ocr_line' id='line_1_42' title="bbox 568 2424 2141 2511; baseline 0.013 -34"><span class='ocrx_word' id='word_1_295' title='bbox 568 2424 731 2481; x_wconf 89' lang='lat' dir='ltr'><strong>tionis</strong></span> <span class='ocrx_word' id='word_1_296' title='bbox 755 2436 975 2484; x_wconf 80' lang='lat' dir='ltr'><strong>nos&#39;rae</strong></span> <span class='ocrx_word' id='word_1_297' title='bbox 1001 2432 1294 2487; x_wconf 90' lang='lat' dir='ltr'><strong>constituta</strong></span> <span class='ocrx_word' id='word_1_298' title='bbox 1331 2444 1478 2501; x_wconf 91' lang='lat' dir='ltr'><strong>sunt,</strong></span> <span class='ocrx_word' id='word_1_299' title='bbox 1508 2451 1607 2492; x_wconf 92' lang='lat' dir='ltr'><strong>nec</strong></span> <span class='ocrx_word' id='word_1_300' title='bbox 1637 2439 1813 2495; x_wconf 89' lang='lat' dir='ltr'><strong>adhuc</strong></span> <span class='ocrx_word' id='word_1_301' title='bbox 1856 2456 2141 2511; x_wconf 89' lang='lat' dir='ltr'><strong>possumus</strong></span> 
     </span>
    </p>
   </div>
   <div class='ocr_carea' id='block_1_43' title="bbox 564 2517 2141 2602">
    <p class='ocr_par' dir='ltr' id='par_1_43' title="bbox 564 2517 2141 2602">
     <span class='ocr_line' id='line_1_43' title="bbox 564 2517 2141 2602; baseline 0.013 -33"><span class='ocrx_word' id='word_1_302' title='bbox 564 2517 830 2587; x_wconf 86' lang='lat' dir='ltr'><strong>attingere</strong></span> <span class='ocrx_word' id='word_1_303' title='bbox 855 2520 1153 2576; x_wconf 88' lang='lat' dir='ltr'><strong>carnalium</strong></span> <span class='ocrx_word' id='word_1_304' title='bbox 1184 2538 1441 2580; x_wconf 90' lang='lat' dir='ltr'><strong>sensuum</strong></span> <span class='ocrx_word' id='word_1_305' title='bbox 1494 2529 1732 2597; x_wconf 85' lang='lat' dir='ltr'><strong>pondere</strong></span> <span class='ocrx_word' id='word_1_306' title='bbox 1777 2534 2042 2602; x_wconf 83' lang='lat' dir='ltr'><strong>oppressi,</strong></span> <span class='ocrx_word' id='word_1_307' title='bbox 2072 2550 2141 2591; x_wconf 91' lang='lat' dir='ltr'><strong>ne</strong></span> 
     </span>
    </p>
   </div>
   <div class='ocr_carea' id='block_1_44' title="bbox 562 2607 2138 2686">
    <p class='ocr_par' dir='ltr' id='par_1_44' title="bbox 562 2607 2138 2686">
     <span class='ocr_line' id='line_1_44' title="bbox 562 2607 2138 2686; baseline 0.013 -27"><span class='ocrx_word' id='word_1_308' title='bbox 562 2607 701 2681; x_wconf 80' lang='lat' dir='ltr'><strong>pigri</strong></span> <span class='ocrx_word' id='word_1_309' title='bbox 724 2608 1001 2664; x_wconf 89' lang='lat' dir='ltr'><strong>videamur</strong></span> <span class='ocrx_word' id='word_1_310' title='bbox 1020 2611 1071 2666; x_wconf 93' lang='lat' dir='ltr'><strong>in</strong></span> <span class='ocrx_word' id='word_1_311' title='bbox 1099 2612 1297 2669; x_wconf 88' lang='lat' dir='ltr'><strong>divinis</strong></span> <span class='ocrx_word' id='word_1_312' title='bbox 1324 2617 1576 2686; x_wconf 84' lang='lat' dir='ltr'><strong>negetiis,</strong></span> <span class='ocrx_word' id='word_1_313' title='bbox 1608 2618 1866 2675; x_wconf 82' lang='lat' dir='ltr'><strong>talentum</strong></span> <span class='ocrx_word' id='word_1_314' title='bbox 1897 2621 2138 2679; x_wconf 81' lang='lat' dir='ltr'><strong>Domini-</strong></span> 
     </span>
    </p>
   </div>
   <div class='ocr_carea' id='block_1_45' title="bbox 562 2697 2138 2782">
    <p class='ocr_par' dir='ltr' id='par_1_45' title="bbox 562 2697 2138 2782">
     <span class='ocr_line' id='line_1_45' title="bbox 562 2697 2138 2782; baseline 0.013 -35"><span class='ocrx_word' id='word_1_315' title='bbox 562 2710 685 2749; x_wconf 85' lang='lat' dir='ltr'><strong>cum</strong></span> <span class='ocrx_word' id='word_1_316' title='bbox 736 2697 789 2751; x_wconf 89' lang='lat' dir='ltr'><strong>in</strong></span> <span class='ocrx_word' id='word_1_317' title='bbox 819 2705 960 2753; x_wconf 90' lang='lat' dir='ltr'><strong>terra</strong></span> <span class='ocrx_word' id='word_1_318' title='bbox 992 2699 1279 2768; x_wconf 81' lang='lat' dir='ltr'><strong>fodientes,</strong></span> <span class='ocrx_word' id='word_1_319' title='bbox 1305 2720 1369 2759; x_wconf 91' lang='lat' dir='ltr'><strong>ac</strong></span> <span class='ocrx_word' id='word_1_320' title='bbox 1397 2706 1515 2761; x_wconf 84' lang='lat' dir='ltr'><strong>sine</strong></span> <span class='ocrx_word' id='word_1_321' title='bbox 1545 2707 1648 2761; x_wconf 89' lang='lat' dir='ltr'><strong>ulla</strong></span> <span class='ocrx_word' id='word_1_322' title='bbox 1698 2724 1861 2765; x_wconf 88' lang='lat' dir='ltr'><strong>usura</strong></span> <span class='ocrx_word' id='word_1_323' title='bbox 1902 2713 1924 2745; x_wconf 83' lang='grc'><strong>⁸</strong></span> <span class='ocrx_word' id='word_1_324' title='bbox 1971 2727 2138 2782; x_wconf 84' lang='lat' dir='ltr'><strong>pecn-</strong></span> 
     </span>
    </p>
   </div>
   <div class='ocr_carea' id='block_1_46' title="bbox 561 2784 2141 2866">
    <p class='ocr_par' dir='ltr' id='par_1_46' title="bbox 561 2784 2141 2866">
     <span class='ocr_line' id='line_1_46' title="bbox 561 2784 2141 2866; baseline 0.011 -28"><span class='ocrx_word' id='word_1_325' title='bbox 561 2784 707 2838; x_wconf 87' lang='lat' dir='ltr'><strong>niam</strong></span> <span class='ocrx_word' id='word_1_326' title='bbox 764 2787 967 2842; x_wconf 89' lang='lat' dir='ltr'><strong>domini</strong></span> <span class='ocrx_word' id='word_1_327' title='bbox 1026 2790 1401 2862; x_wconf 80' lang='lat' dir='ltr'><strong>negligentes,</strong></span> <span class='ocrx_word' id='word_1_328' title='bbox 1445 2795 1681 2866; x_wconf 87' lang='lat' dir='ltr'><strong>malique</strong></span> <span class='ocrx_word' id='word_1_329' title='bbox 1723 2799 1866 2853; x_wconf 85' lang='lat' dir='ltr'><strong>servi</strong></span> <span class='ocrx_word' id='word_1_330' title='bbox 1921 2810 2141 2856; x_wconf 87' lang='lat' dir='ltr'><strong>senten-</strong></span> 
     </span>
    </p>
   </div>
   <div class='ocr_carea' id='block_1_47' title="bbox 560 2873 2141 2955">
    <p class='ocr_par' dir='ltr' id='par_1_47' title="bbox 560 2873 2141 2955">
     <span class='ocr_line' id='line_1_47' title="bbox 560 2873 2141 2955; baseline 0.014 -30"><span class='ocrx_word' id='word_1_331' title='bbox 560 2873 691 2927; x_wconf 89' lang='lat' dir='ltr'><strong>tiam</strong></span> <span class='ocrx_word' id='word_1_332' title='bbox 721 2887 1110 2946; x_wconf 88' lang='lat' dir='ltr'><strong>promerentcs,</strong></span> <span class='ocrx_word' id='word_1_333' title='bbox 1140 2881 1205 2935; x_wconf 91' lang='lat' dir='ltr'><strong>de</strong></span> <span class='ocrx_word' id='word_1_334' title='bbox 1235 2881 1352 2947; x_wconf 81' lang='lat' dir='ltr'><strong>liis,</strong></span> <span class='ocrx_word' id='word_1_335' title='bbox 1379 2899 1521 2955; x_wconf 86' lang='lat' dir='ltr'><strong>quae</strong></span> <span class='ocrx_word' id='word_1_336' title='bbox 1551 2902 1693 2941; x_wconf 91' lang='lat' dir='ltr'><strong>nunc</strong></span> <span class='ocrx_word' id='word_1_337' title='bbox 1724 2887 1865 2943; x_wconf 91' lang='lat' dir='ltr'><strong>inter</strong></span> <span class='ocrx_word' id='word_1_338' title='bbox 1892 2904 1991 2946; x_wconf 91' lang='lat' dir='ltr'><strong>nos</strong></span> <span class='ocrx_word' id='word_1_339' title='bbox 2011 2907 2141 2946; x_wconf 91' lang='lat' dir='ltr'><strong>con-</strong></span> 
     </span>
    </p>
   </div>
   <div class='ocr_carea' id='block_1_48' title="bbox 558 2961 2138 3048">
    <p class='ocr_par' dir='ltr' id='par_1_48' title="bbox 558 2961 2138 3048">
     <span class='ocr_line' id='line_1_48' title="bbox 558 2961 2138 3048; baseline 0.013 -32"><span class='ocrx_word' id='word_1_340' title='bbox 558 2961 811 3028; x_wconf 85' lang='lat' dir='ltr'><strong>ferimus,</strong></span> <span class='ocrx_word' id='word_1_341' title='bbox 829 2975 1088 3035; x_wconf 90' lang='lat' dir='ltr'><strong>quantum</strong></span> <span class='ocrx_word' id='word_1_342' title='bbox 1117 2970 1303 3026; x_wconf 88' lang='lat' dir='ltr'><strong>intima</strong></span> <span class='ocrx_word' id='word_1_343' title='bbox 1330 2973 1419 3027; x_wconf 81' lang='lat' dir='ltr'><strong>lux</strong></span> <span class='ocrx_word' id='word_1_344' title='bbox 1454 2977 1734 3044; x_wconf 84' lang='lat' dir='ltr'><strong>capacitati</strong></span> <span class='ocrx_word' id='word_1_345' title='bbox 1764 2982 2138 3048; x_wconf 88' lang='lat' dir='ltr'><strong>quaerentium</strong></span> 
     </span>
    </p>
   </div>
   <div class='ocr_carea' id='block_1_49' title="bbox 555 3050 2140 3126">
    <p class='ocr_par' dir='ltr' id='par_1_49' title="bbox 555 3050 2140 3126">
     <span class='ocr_line' id='line_1_49' title="bbox 555 3050 2140 3126; baseline 0.015 -24"><span class='ocrx_word' id='word_1_346' title='bbox 555 3064 618 3102; x_wconf 85' lang='lat' dir='ltr'><strong>se</strong></span> <span class='ocrx_word' id='word_1_347' title='bbox 656 3050 956 3118; x_wconf 89' lang='lat' dir='ltr'><strong>donaverit,</strong></span> <span class='ocrx_word' id='word_1_348' title='bbox 987 3056 1242 3126; x_wconf 91' lang='lat' dir='ltr'><strong>quicquid</strong></span> <span class='ocrx_word' id='word_1_349' title='bbox 1272 3060 1616 3118; x_wconf 89' lang='lat' dir='ltr'><strong>verisimilius</strong></span> <span class='ocrx_word' id='word_1_350' title='bbox 1649 3064 1822 3119; x_wconf 88' lang='lat' dir='ltr'><strong>visum</strong></span> <span class='ocrx_word' id='word_1_351' title='bbox 1854 3066 2015 3123; x_wconf 83' lang='lat' dir='ltr'><strong>fuerit</strong></span> <span class='ocrx_word' id='word_1_352' title='bbox 2056 3070 2140 3124; x_wconf 90' lang='lat' dir='ltr'><strong>di-</strong></span> 
     </span>
    </p>
   </div>
   <div class='ocr_carea' id='block_1_50' title="bbox 2247 1893 3837 1969">
    <p class='ocr_par' dir='ltr' id='par_1_50' title="bbox 2247 1893 3837 1969">
     <span class='ocr_line' id='line_1_50' title="bbox 2247 1893 3837 1969; baseline 0.007 -23"><span class='ocrx_word' id='word_1_353' title='bbox 2247 1893 2431 1963; x_wconf 89' lang='lat' dir='ltr'><strong>accipe</strong></span> <span class='ocrx_word' id='word_1_354' title='bbox 2468 1895 2688 1966; x_wconf 83' lang='lat' dir='ltr'><strong>majoris</strong></span> <span class='ocrx_word' id='word_1_355' title='bbox 2735 1897 2950 1954; x_wconf 89' lang='lat' dir='ltr'><strong>virtutis</strong></span> <span class='ocrx_word' id='word_1_356' title='bbox 3003 1908 3403 1969; x_wconf 79' lang='lat' dir='ltr'><strong>argumentum.</strong></span> <span class='ocrx_word' id='word_1_357' title='bbox 3449 1901 3567 1957; x_wconf 87' lang='lat' dir='ltr'><strong>Non</strong></span> <span class='ocrx_word' id='word_1_358' title='bbox 3629 1903 3837 1969; x_wconf 89' lang='lat' dir='ltr'><strong>solum,.</strong></span> 
     </span>
    </p>
   </div>
   <div class='ocr_carea' id='block_1_51' title="bbox 2243 1985 3821 2058">
    <p class='ocr_par' dir='ltr' id='par_1_51' title="bbox 2243 1985 3821 2058">
     <span class='ocr_line' id='line_1_51' title="bbox 2243 1985 3821 2058; baseline 0.007 -24"><span class='ocrx_word' id='word_1_359' title='bbox 2243 1994 2387 2051; x_wconf 89' lang='lat' dir='ltr'><strong>quae</strong></span> <span class='ocrx_word' id='word_1_360' title='bbox 2446 1985 2783 2049; x_wconf 42' lang='lat' dir='ltr'><strong>sunt,,bona</strong></span> <span class='ocrx_word' id='word_1_361' title='bbox 2844 1993 3000 2051; x_wconf 89' lang='lat' dir='ltr'><strong>sunt;</strong></span> <span class='ocrx_word' id='word_1_362' title='bbox 3052 2001 3238 2042; x_wconf 90' lang='lat' dir='ltr'><strong>verum</strong></span> <span class='ocrx_word' id='word_1_363' title='bbox 3290 1988 3474 2051; x_wconf 87' lang='lat' dir='ltr'><strong>etiam,</strong></span> <span class='ocrx_word' id='word_1_364' title='bbox 3516 2004 3655 2058; x_wconf 77' lang='lat' dir='ltr'><strong>quae</strong></span> <span class='ocrx_word' id='word_1_365' title='bbox 3715 2007 3821 2045; x_wconf 91' lang='lat' dir='ltr'><strong>non</strong></span> 
     </span>
    </p>
   </div>
   <div class='ocr_carea' id='block_1_52' title="bbox 2243 2072 3831 2157">
    <p class='ocr_par' dir='ltr' id='par_1_52' title="bbox 2243 2072 3831 2157">
     <span class='ocr_line' id='line_1_52' title="bbox 2243 2072 3831 2157; baseline 0.009 -32"><span class='ocrx_word' id='word_1_366' title='bbox 2243 2080 2390 2137; x_wconf 91' lang='lat' dir='ltr'><strong>sunt,</strong></span> <span class='ocrx_word' id='word_1_367' title='bbox 2414 2072 2551 2128; x_wconf 88' lang='lat' dir='ltr'><strong>bona</strong></span> <span class='ocrx_word' id='word_1_368' title='bbox 2583 2074 2852 2130; x_wconf 89' lang='lat' dir='ltr'><strong>dicuntur.</strong></span> <span class='ocrx_word' id='word_1_369' title='bbox 2868 2075 3053 2147; x_wconf 87' lang='lat' dir='ltr'><strong>quue</strong></span> <span class='ocrx_word' id='word_1_370' title='bbox 3071 2079 3300 2148; x_wconf 83' lang='lat' dir='ltr'><strong>amplius</strong></span> <span class='ocrx_word' id='word_1_371' title='bbox 3324 2079 3544 2134; x_wconf 89' lang='lat' dir='ltr'><strong>meliora</strong></span> <span class='ocrx_word' id='word_1_372' title='bbox 3567 2081 3831 2157; x_wconf 84' lang='lat' dir='ltr'><strong>dicuntur-</strong></span> 
     </span>
    </p>
   </div>
   <div class='ocr_carea' id='block_1_53' title="bbox 2243 2168 3816 2239">
    <p class='ocr_par' dir='ltr' id='par_1_53' title="bbox 2243 2168 3816 2239">
     <span class='ocr_line' id='line_1_53' title="bbox 2243 2168 3816 2239; baseline 0.005 -24"><span class='ocrx_word' id='word_1_373' title='bbox 2243 2176 2380 2231; x_wconf 89' lang='lat' dir='ltr'><strong>quae</strong></span> <span class='ocrx_word' id='word_1_374' title='bbox 2406 2178 2510 2217; x_wconf 91' lang='lat' dir='ltr'><strong>non</strong></span> <span class='ocrx_word' id='word_1_375' title='bbox 2540 2173 2698 2230; x_wconf 77' lang='lat' dir='ltr'><strong>sunt,</strong></span> <span class='ocrx_word' id='word_1_376' title='bbox 2715 2182 2876 2236; x_wconf 88' lang='lat' dir='ltr'><strong>quam</strong></span> <span class='ocrx_word' id='word_1_377' title='bbox 2904 2182 3046 2236; x_wconf 86' lang='lat' dir='ltr'><strong>quae</strong></span> <span class='ocrx_word' id='word_1_378' title='bbox 3072 2178 3235 2233; x_wconf 82' lang='lat' dir='ltr'><strong>sunt;</strong></span> <span class='ocrx_word' id='word_1_379' title='bbox 3262 2184 3383 2223; x_wconf 88' lang='lat' dir='ltr'><strong>nam</strong></span> <span class='ocrx_word' id='word_1_380' title='bbox 3406 2168 3455 2203; x_wconf 79' lang='lat'><strong>“</strong></span> <span class='ocrx_word' id='word_1_381' title='bbox 3477 2170 3816 2239; x_wconf 88' lang='lat' dir='ltr'><strong>in-quantum</strong></span> 
     </span>
    </p>
   </div>
   <div class='ocr_carea' id='block_1_54' title="bbox 2241 2253 3817 2326">
    <p class='ocr_par' dir='ltr' id='par_1_54' title="bbox 2241 2253 3817 2326">
     <span class='ocr_line' id='line_1_54' title="bbox 2241 2253 3817 2326; baseline 0.004 -19"><span class='ocrx_word' id='word_1_382' title='bbox 2241 2268 2338 2322; x_wconf 89' lang='lat' dir='ltr'><strong>per</strong></span> <span class='ocrx_word' id='word_1_383' title='bbox 2373 2253 2750 2309; x_wconf 83' lang='lat' dir='ltr'><strong>excellentiam</strong></span> <span class='ocrx_word' id='word_1_384' title='bbox 2779 2265 3038 2326; x_wconf 89' lang='lat' dir='ltr'><strong>superant</strong></span> <span class='ocrx_word' id='word_1_385' title='bbox 3071 2259 3378 2324; x_wconf 82' lang='lat' dir='ltr'><strong>essentiam,</strong></span> <span class='ocrx_word' id='word_1_386' title='bbox 3410 2259 3462 2314; x_wconf 92' lang='lat' dir='ltr'><strong>in</strong></span> <span class='ocrx_word' id='word_1_387' title='bbox 3499 2266 3705 2313; x_wconf 88' lang='lat' dir='ltr'><strong>tantum</strong></span> <span class='ocrx_word' id='word_1_388' title='bbox 3724 2275 3817 2314; x_wconf 88' lang='lat' dir='ltr'><strong>su-</strong></span> 
     </span>
    </p>
   </div>
   <div class='ocr_carea' id='block_1_55' title="bbox 2241 2346 3835 2420">
    <p class='ocr_par' dir='ltr' id='par_1_55' title="bbox 2241 2346 3835 2420">
     <span class='ocr_line' id='line_1_55' title="bbox 2241 2346 3835 2420; baseline 0.003 -20"><span class='ocrx_word' id='word_1_389' title='bbox 2241 2346 2612 2414; x_wconf 88' lang='lat' dir='ltr'><strong>peressentiali</strong></span> <span class='ocrx_word' id='word_1_390' title='bbox 2634 2347 2796 2411; x_wconf 86' lang='lat' dir='ltr'><strong>bono,</strong></span> <span class='ocrx_word' id='word_1_391' title='bbox 2827 2347 2938 2403; x_wconf 88' lang='lat' dir='ltr'><strong>Deo</strong></span> <span class='ocrx_word' id='word_1_392' title='bbox 2966 2348 3238 2415; x_wconf 82' lang='lat' dir='ltr'><strong>videlicet,</strong></span> <span class='ocrx_word' id='word_1_393' title='bbox 3261 2349 3717 2420; x_wconf 86' lang='lat' dir='ltr'><strong>appropinquant;</strong></span> <span class='ocrx_word' id='word_1_394' title='bbox 3761 2350 3835 2404; x_wconf 48' lang='lat' dir='ltr'><strong>in:</strong></span> 
     </span>
    </p>
   </div>
   <div class='ocr_carea' id='block_1_56' title="bbox 2239 2438 3833 2509">
    <p class='ocr_par' dir='ltr' id='par_1_56' title="bbox 2239 2438 3833 2509">
     <span class='ocr_line' id='line_1_56' title="bbox 2239 2438 3833 2509; baseline 0.001 -19"><span class='ocrx_word' id='word_1_395' title='bbox 2239 2444 2502 2506; x_wconf 90' lang='lat' dir='ltr'><strong>quantum</strong></span> <span class='ocrx_word' id='word_1_396' title='bbox 2531 2445 2712 2492; x_wconf 87' lang='lat' dir='ltr'><strong>autem</strong></span> <span class='ocrx_word' id='word_1_397' title='bbox 2736 2438 2779 2472; x_wconf 73' lang='grc' dir='ltr'>ι’</span> <span class='ocrx_word' id='word_1_398' title='bbox 2805 2439 3100 2493; x_wconf 74' lang='lat' dir='ltr'><strong>essentiam</strong></span> <span class='ocrx_word' id='word_1_399' title='bbox 3132 2438 3478 2509; x_wconf 88' lang='lat' dir='ltr'><strong>participant,</strong></span> <span class='ocrx_word' id='word_1_400' title='bbox 3508 2439 3564 2493; x_wconf 92' lang='lat' dir='ltr'><strong>in</strong></span> <span class='ocrx_word' id='word_1_401' title='bbox 3611 2448 3833 2493; x_wconf 84' lang='lat' dir='ltr'><strong>tantum-</strong></span> 
     </span>
    </p>
   </div>
   <div class='ocr_carea' id='block_1_57' title="bbox 2241 2526 3817 2599">
    <p class='ocr_par' dir='ltr' id='par_1_57' title="bbox 2241 2526 3817 2599">
     <span class='ocr_line' id='line_1_57' title="bbox 2241 2526 3817 2599; baseline 0.003 -20"><span class='ocrx_word' id='word_1_402' title='bbox 2241 2540 2270 2579; x_wconf 90' lang='lat' dir='ltr'><strong>a</strong></span> <span class='ocrx_word' id='word_1_403' title='bbox 2295 2526 2728 2596; x_wconf 87' lang='lat' dir='ltr'><strong>superessentiali</strong></span> <span class='ocrx_word' id='word_1_404' title='bbox 2757 2528 2901 2583; x_wconf 91' lang='lat' dir='ltr'><strong>bono</strong></span> <span class='ocrx_word' id='word_1_405' title='bbox 2927 2528 3265 2599; x_wconf 77' lang='lat' dir='ltr'><strong>eiengantur.</strong></span> <span class='ocrx_word' id='word_1_406' title='bbox 3294 2528 3413 2583; x_wconf 87' lang='lat' dir='ltr'><strong>Non</strong></span> <span class='ocrx_word' id='word_1_407' title='bbox 3447 2542 3568 2585; x_wconf 90' lang='lat' dir='ltr'><strong>esse</strong></span> <span class='ocrx_word' id='word_1_408' title='bbox 3611 2537 3817 2595; x_wconf 87' lang='lat' dir='ltr'><strong>autem,</strong></span> 
     </span>
    </p>
   </div>
   <div class='ocr_carea' id='block_1_58' title="bbox 2242 2616 3818 2688">
    <p class='ocr_par' dir='ltr' id='par_1_58' title="bbox 2242 2616 3818 2688">
     <span class='ocr_line' id='line_1_58' title="bbox 2242 2616 3818 2688; baseline 0.003 -20"><span class='ocrx_word' id='word_1_409' title='bbox 2242 2622 2305 2668; x_wconf 89' lang='lat' dir='ltr'><strong>ut</strong></span> <span class='ocrx_word' id='word_1_410' title='bbox 2343 2616 2602 2682; x_wconf 82' lang='lat' dir='ltr'><strong>arbitror,</strong></span> <span class='ocrx_word' id='word_1_411' title='bbox 2634 2616 2904 2682; x_wconf 91' lang='lat' dir='ltr'><strong>dicuntur,</strong></span> <span class='ocrx_word' id='word_1_412' title='bbox 2949 2631 3090 2688; x_wconf 89' lang='lat' dir='ltr'><strong>quae</strong></span> <span class='ocrx_word' id='word_1_413' title='bbox 3142 2634 3244 2674; x_wconf 89' lang='lat' dir='ltr'><strong>nec</strong></span> <span class='ocrx_word' id='word_1_414' title='bbox 3284 2633 3473 2684; x_wconf 87' lang='lat' dir='ltr'><strong>sensu,</strong></span> <span class='ocrx_word' id='word_1_415' title='bbox 3516 2633 3616 2674; x_wconf 90' lang='lat' dir='ltr'><strong>nec</strong></span> <span class='ocrx_word' id='word_1_416' title='bbox 3663 2619 3818 2673; x_wconf 85' lang='lat' dir='ltr'><strong>intel-</strong></span> 
     </span>
    </p>
   </div>
   <div class='ocr_carea' id='block_1_59' title="bbox 2240 2704 3816 2780">
    <p class='ocr_par' dir='ltr' id='par_1_59' title="bbox 2240 2704 3816 2780">
     <span class='ocr_line' id='line_1_59' title="bbox 2240 2704 3816 2780; baseline 0.003 -20"><span class='ocrx_word' id='word_1_417' title='bbox 2240 2704 2406 2771; x_wconf 87' lang='lat' dir='ltr'><strong>lectu,</strong></span> <span class='ocrx_word' id='word_1_418' title='bbox 2450 2721 2582 2775; x_wconf 90' lang='lat' dir='ltr'><strong>prae</strong></span> <span class='ocrx_word' id='word_1_419' title='bbox 2631 2708 2797 2761; x_wconf 88' lang='lat' dir='ltr'><strong>nimia</strong></span> <span class='ocrx_word' id='word_1_420' title='bbox 2845 2708 2927 2763; x_wconf 90' lang='lat' dir='ltr'><strong>sui</strong></span> <span class='ocrx_word' id='word_1_421' title='bbox 2971 2709 3319 2774; x_wconf 81' lang='lat' dir='ltr'><strong>excellentia,</strong></span> <span class='ocrx_word' id='word_1_422' title='bbox 3367 2708 3816 2780; x_wconf 87' lang='lat' dir='ltr'><strong>inseparabilique</strong></span> 
     </span>
    </p>
   </div>
   <div class='ocr_carea' id='block_1_60' title="bbox 2238 2799 3816 2871">
    <p class='ocr_par' dir='ltr' id='par_1_60' title="bbox 2238 2799 3816 2871">
     <span class='ocr_line' id='line_1_60' title="bbox 2238 2799 3816 2871; baseline 0.001 -17"><span class='ocrx_word' id='word_1_423' title='bbox 2238 2799 2464 2865; x_wconf 85' lang='lat' dir='ltr'><strong>unitate,</strong></span> <span class='ocrx_word' id='word_1_424' title='bbox 2490 2815 2556 2854; x_wconf 91' lang='lat' dir='ltr'><strong>ac</strong></span> <span class='ocrx_word' id='word_1_425' title='bbox 2578 2799 2921 2869; x_wconf 88' lang='lat' dir='ltr'><strong>simplicitate</strong></span> <span class='ocrx_word' id='word_1_426' title='bbox 2970 2801 3172 2870; x_wconf 89' lang='lat' dir='ltr'><strong>percipi</strong></span> <span class='ocrx_word' id='word_1_427' title='bbox 3200 2810 3457 2871; x_wconf 89' lang='lat' dir='ltr'><strong>possunt;</strong></span> <span class='ocrx_word' id='word_1_428' title='bbox 3518 2815 3640 2857; x_wconf 86' lang='lat' dir='ltr'><strong>esse</strong></span> <span class='ocrx_word' id='word_1_429' title='bbox 3686 2815 3816 2855; x_wconf 87' lang='lat' dir='ltr'><strong>vero</strong></span> 
     </span>
    </p>
   </div>
   <div class='ocr_carea' id='block_1_61' title="bbox 2240 2889 3810 2958">
    <p class='ocr_par' dir='ltr' id='par_1_61' title="bbox 2240 2889 3810 2958">
     <span class='ocr_line' id='line_1_61' title="bbox 2240 2889 3810 2958; baseline 0 -16"><span class='ocrx_word' id='word_1_430' title='bbox 2240 2889 2619 2954; x_wconf 86' lang='lat' dir='ltr'><strong>aestimantur,</strong></span> <span class='ocrx_word' id='word_1_431' title='bbox 2642 2904 2782 2958; x_wconf 87' lang='lat' dir='ltr'><strong>quae</strong></span> <span class='ocrx_word' id='word_1_432' title='bbox 2808 2889 3167 2945; x_wconf 89' lang='lat' dir='ltr'><strong>intellectibus</strong></span> <span class='ocrx_word' id='word_1_433' title='bbox 3203 2891 3520 2947; x_wconf 89' lang='lat' dir='ltr'><strong>sensibusve</strong></span> <span class='ocrx_word' id='word_1_434' title='bbox 3563 2904 3810 2945; x_wconf 83' lang='lat' dir='ltr'><strong>succum-</strong></span> 
     </span>
    </p>
   </div>
   <div class='ocr_carea' id='block_1_62' title="bbox 2238 2979 3818 3052">
    <p class='ocr_par' dir='ltr' id='par_1_62' title="bbox 2238 2979 3818 3052">
     <span class='ocr_line' id='line_1_62' title="bbox 2238 2979 3818 3052; baseline -0.001 -18"><span class='ocrx_word' id='word_1_435' title='bbox 2238 2979 2394 3044; x_wconf 88' lang='lat' dir='ltr'><strong>bunt,</strong></span> <span class='ocrx_word' id='word_1_436' title='bbox 2422 2987 2478 3032; x_wconf 90' lang='lat' dir='ltr'><strong>et</strong></span> <span class='ocrx_word' id='word_1_437' title='bbox 2505 2980 2558 3034; x_wconf 93' lang='lat' dir='ltr'><strong>in</strong></span> <span class='ocrx_word' id='word_1_438' title='bbox 2584 2980 2813 3048; x_wconf 89' lang='lat' dir='ltr'><strong>quadam</strong></span> <span class='ocrx_word' id='word_1_439' title='bbox 2851 2990 3001 3035; x_wconf 90' lang='lat' dir='ltr'><strong>certa</strong></span> <span class='ocrx_word' id='word_1_440' title='bbox 3040 2979 3369 3052; x_wconf 81' lang='lat' dir='ltr'><strong>deﬁnitaque</strong></span> <span class='ocrx_word' id='word_1_441' title='bbox 3388 2980 3684 3036; x_wconf 84' lang='lat' dir='ltr'><strong>substantia</strong></span> <span class='ocrx_word' id='word_1_442' title='bbox 3711 2979 3818 3036; x_wconf 79' lang='lat' dir='ltr'><strong>dif-</strong></span> 
     </span>
    </p>
   </div>
   <div class='ocr_carea' id='block_1_63' title="bbox 2239 3067 3813 3141">
    <p class='ocr_par' dir='ltr' id='par_1_63' title="bbox 2239 3067 3813 3141">
     <span class='ocr_line' id='line_1_63' title="bbox 2239 3067 3813 3141; baseline 0.002 -20"><span class='ocrx_word' id='word_1_443' title='bbox 2239 3067 2484 3123; x_wconf 80' lang='lat' dir='ltr'><strong>ferentiis</strong></span> <span class='ocrx_word' id='word_1_444' title='bbox 2510 3069 2557 3100; x_wconf 73' lang='lat'><strong>“‘</strong></span> <span class='ocrx_word' id='word_1_445' title='bbox 2580 3069 3104 3141; x_wconf 82' lang='lat' dir='ltr'><strong>proprietatibusque</strong></span> <span class='ocrx_word' id='word_1_446' title='bbox 3147 3071 3687 3135; x_wconf 87' lang='lat' dir='ltr'><strong>circumscribuntur,</strong></span> <span class='ocrx_word' id='word_1_447' title='bbox 3716 3085 3813 3124; x_wconf 89' lang='lat' dir='ltr'><strong>ac-</strong></span> 
     </span>
    </p>
   </div>
   <div class='ocr_carea' id='block_1_64' title="bbox 554 3142 3823 3233">
    <p class='ocr_par' dir='ltr' id='par_1_64' title="bbox 554 3142 3823 3233">
     <span class='ocr_line' id='line_1_64' title="bbox 554 3142 3823 3233; baseline 0.007 -42"><span class='ocrx_word' id='word_1_448' title='bbox 554 3152 758 3206; x_wconf 89' lang='lat' dir='ltr'><strong>cemus,</strong></span> <span class='ocrx_word' id='word_1_449' title='bbox 781 3142 1100 3201; x_wconf 89' lang='lat' dir='ltr'><strong>humilitatis</strong></span> <span class='ocrx_word' id='word_1_450' title='bbox 1128 3148 1309 3219; x_wconf 88' lang='lat' dir='ltr'><strong>regula</strong></span> <span class='ocrx_word' id='word_1_451' title='bbox 1342 3152 1539 3219; x_wconf 92' lang='lat' dir='ltr'><strong>ubique</strong></span> <span class='ocrx_word' id='word_1_452' title='bbox 1576 3154 1884 3220; x_wconf 90' lang='lat' dir='ltr'><strong>observata,</strong></span> <span class='ocrx_word' id='word_1_453' title='bbox 1913 3173 1982 3212; x_wconf 92' lang='lat' dir='ltr'><strong>ne</strong></span> <span class='ocrx_word' id='word_1_454' title='bbox 2004 3175 2131 3214; x_wconf 91' lang='lat' dir='ltr'><strong>nos-</strong></span> <span class='ocrx_word' id='word_1_455' title='bbox 2159 3163 2204 3225; x_wconf 86' lang='lat' dir='ltr'><strong><em>C</em></strong></span> <span class='ocrx_word' id='word_1_456' title='bbox 2235 3162 2645 3233; x_wconf 88' lang='lat' dir='ltr'><strong>cidentibnsquc</strong></span> <span class='ocrx_word' id='word_1_457' title='bbox 2668 3163 2710 3194; x_wconf 80' lang='lat'><strong>”</strong></span> <span class='ocrx_word' id='word_1_458' title='bbox 2732 3161 2972 3230; x_wconf 80' lang='lat' dir='ltr'><strong>subjecta</strong></span> <span class='ocrx_word' id='word_1_459' title='bbox 2990 3203 3006 3227; x_wconf 90' lang='lat'><strong>,</strong></span> <span class='ocrx_word' id='word_1_460' title='bbox 3030 3162 3163 3219; x_wconf 90' lang='lat' dir='ltr'><strong>locis</strong></span> <span class='ocrx_word' id='word_1_461' title='bbox 3192 3163 3629 3233; x_wconf 82' lang='lat' dir='ltr'><strong>temporibusque</strong></span> <span class='ocrx_word' id='word_1_462' title='bbox 3661 3163 3823 3217; x_wconf 85' lang='lat' dir='ltr'><strong>varia-</strong></span> 
     </span>
    </p>
   </div>
   <div class='ocr_carea' id='block_1_65' title="bbox 557 3236 2131 3318">
    <p class='ocr_par' dir='ltr' id='par_1_65' title="bbox 557 3236 2131 3318">
     <span class='ocr_line' id='line_1_65' title="bbox 557 3236 2131 3318; baseline 0.016 -38"><span class='ocrx_word' id='word_1_463' title='bbox 557 3237 671 3282; x_wconf 91' lang='lat' dir='ltr'><strong>met</strong></span> <span class='ocrx_word' id='word_1_464' title='bbox 693 3245 814 3286; x_wconf 90' lang='lat' dir='ltr'><strong>esse</strong></span> <span class='ocrx_word' id='word_1_465' title='bbox 835 3236 1200 3302; x_wconf 87' lang='lat' dir='ltr'><strong>aestimemus,</strong></span> <span class='ocrx_word' id='word_1_466' title='bbox 1219 3241 1361 3306; x_wconf 91' lang='lat' dir='ltr'><strong>quod</strong></span> <span class='ocrx_word' id='word_1_467' title='bbox 1382 3256 1480 3295; x_wconf 89' lang='lat' dir='ltr'><strong>nos</strong></span> <span class='ocrx_word' id='word_1_468' title='bbox 1505 3257 1609 3297; x_wconf 92' lang='lat' dir='ltr'><strong>non</strong></span> <span class='ocrx_word' id='word_1_469' title='bbox 1626 3258 1831 3301; x_wconf 91' lang='lat' dir='ltr'><strong>sumus.</strong></span> <span class='ocrx_word' id='word_1_470' title='bbox 1860 3246 2131 3318; x_wconf 86' lang='lat' dir='ltr'><strong>Scriptum</strong></span> 
     </span>
    </p>
   </div>
   <div class='ocr_carea' id='block_1_66' title="bbox 553 3320 1709 3396">
    <p class='ocr_par' dir='ltr' id='par_1_66' title="bbox 553 3320 1709 3396">
     <span class='ocr_line' id='line_1_66' title="bbox 553 3320 1709 3396; baseline 0.012 -26"><span class='ocrx_word' id='word_1_471' title='bbox 553 3324 636 3371; x_wconf 89' lang='lat' dir='ltr'><strong>cst</strong></span> <span class='ocrx_word' id='word_1_472' title='bbox 657 3320 800 3373; x_wconf 90' lang='lat' dir='ltr'><strong>enim</strong></span> <span class='ocrx_word' id='word_1_473' title='bbox 827 3336 841 3373; x_wconf 93' lang='lat'>:</span> <span class='ocrx_word' id='word_1_474' title='bbox 873 3321 1001 3376; x_wconf 83' lang='lat' dir='ltr'><strong>Noli</strong></span> <span class='ocrx_word' id='word_1_475' title='bbox 1028 3324 1193 3379; x_wconf 83' lang='lat' dir='ltr'><strong>altum</strong></span> <span class='ocrx_word' id='word_1_476' title='bbox 1221 3342 1421 3396; x_wconf 78' lang='lat' dir='ltr'><strong>sapere,</strong></span> <span class='ocrx_word' id='word_1_477' title='bbox 1451 3330 1543 3384; x_wconf 79' lang='lat' dir='ltr'><strong>sed</strong></span> <span class='ocrx_word' id='word_1_478' title='bbox 1568 3332 1709 3386; x_wconf 84' lang='lat' dir='ltr'><strong>time.</strong></span> 
     </span>
    </p>
   </div>
   <div class='ocr_carea' id='block_1_67' title="bbox 622 3406 2130 3491">
    <p class='ocr_par' dir='ltr' id='par_1_67' title="bbox 622 3406 2130 3491">
     <span class='ocr_line' id='line_1_67' title="bbox 622 3406 2130 3491; baseline 0.015 -32"><span class='ocrx_word' id='word_1_479' title='bbox 622 3406 678 3459; x_wconf 77' lang='grc'><strong>2.</strong></span> <span class='ocrx_word' id='word_1_480' title='bbox 722 3408 837 3463; x_wconf 85' lang='lat' dir='ltr'><strong>Hac</strong></span> <span class='ocrx_word' id='word_1_481' title='bbox 859 3409 1025 3479; x_wconf 85' lang='lat' dir='ltr'><strong>igitur</strong></span> <span class='ocrx_word' id='word_1_482' title='bbox 1051 3413 1262 3468; x_wconf 88' lang='lat' dir='ltr'><strong>ratione</strong></span> <span class='ocrx_word' id='word_1_483' title='bbox 1297 3418 1603 3484; x_wconf 86' lang='lat' dir='ltr'><strong>specialiter</strong></span> <span class='ocrx_word' id='word_1_484' title='bbox 1638 3421 1902 3491; x_wconf 88' lang='lat' dir='ltr'><strong>principia</strong></span> <span class='ocrx_word' id='word_1_485' title='bbox 1948 3439 2130 3482; x_wconf 88' lang='lat' dir='ltr'><strong>rerum</strong></span> 
     </span>
    </p>
   </div>
   <div class='ocr_carea' id='block_1_68' title="bbox 552 3494 2130 3581">
    <p class='ocr_par' dir='ltr' id='par_1_68' title="bbox 552 3494 2130 3581">
     <span class='ocr_line' id='line_1_68' title="bbox 552 3494 2130 3581; baseline 0.017 -34"><span class='ocrx_word' id='word_1_486' title='bbox 552 3494 623 3547; x_wconf 82' lang='lat' dir='ltr'><strong>ab</strong></span> <span class='ocrx_word' id='word_1_487' title='bbox 650 3497 764 3565; x_wconf 88' lang='lat' dir='ltr'><strong>ipsa</strong></span> <span class='ocrx_word' id='word_1_488' title='bbox 794 3513 893 3566; x_wconf 91' lang='lat' dir='ltr'><strong>per</strong></span> <span class='ocrx_word' id='word_1_489' title='bbox 938 3502 1172 3570; x_wconf 91' lang='lat' dir='ltr'><strong>seipsam</strong></span> <span class='ocrx_word' id='word_1_490' title='bbox 1226 3505 1466 3562; x_wconf 86' lang='lat' dir='ltr'><strong>bonitate</strong></span> <span class='ocrx_word' id='word_1_491' title='bbox 1510 3510 1752 3581; x_wconf 90' lang='lat' dir='ltr'><strong>incipere</strong></span> <span class='ocrx_word' id='word_1_492' title='bbox 1793 3514 2130 3576; x_wconf 90' lang='lat' dir='ltr'><strong>introductus</strong></span> 
     </span>
    </p>
   </div>
   <div class='ocr_carea' id='block_1_69' title="bbox 549 3587 2133 3672">
    <p class='ocr_par' dir='ltr' id='par_1_69' title="bbox 549 3587 2133 3672">
     <span class='ocr_line' id='line_1_69' title="bbox 549 3587 2133 3672; baseline 0.015 -31"><span class='ocrx_word' id='word_1_493' title='bbox 549 3601 693 3641; x_wconf 86' lang='lat' dir='ltr'><strong>smn.</strong></span> <span class='ocrx_word' id='word_1_494' title='bbox 721 3587 976 3657; x_wconf 80' lang='lat' dir='ltr'><strong>Perspexi</strong></span> <span class='ocrx_word' id='word_1_495' title='bbox 1003 3593 1283 3663; x_wconf 86' lang='lat' dir='ltr'><strong>siquidem,</strong></span> <span class='ocrx_word' id='word_1_496' title='bbox 1314 3612 1416 3653; x_wconf 90' lang='lat' dir='ltr'><strong>nec</strong></span> <span class='ocrx_word' id='word_1_497' title='bbox 1444 3601 1645 3672; x_wconf 88' lang='lat' dir='ltr'><strong>absque</strong></span> <span class='ocrx_word' id='word_1_498' title='bbox 1676 3615 1985 3663; x_wconf 85' lang='lat' dir='ltr'><strong>sanctorum</strong></span> <span class='ocrx_word' id='word_1_499' title='bbox 2028 3610 2133 3666; x_wconf 85' lang='lat' dir='ltr'><strong>Pa-</strong></span> 
     </span>
    </p>
   </div>
   <div class='ocr_carea' id='block_1_70' title="bbox 551 3679 2125 3771">
    <p class='ocr_par' dir='ltr' id='par_1_70' title="bbox 551 3679 2125 3771">
     <span class='ocr_line' id='line_1_70' title="bbox 551 3679 2125 3771; baseline 0.018 -43"><span class='ocrx_word' id='word_1_500' title='bbox 551 3684 694 3729; x_wconf 89' lang='lat' dir='ltr'><strong>trum</strong></span> <span class='ocrx_word' id='word_1_501' title='bbox 728 3679 1074 3748; x_wconf 86' lang='lat' dir='ltr'><strong>auctoritate,</strong></span> <span class='ocrx_word' id='word_1_502' title='bbox 1105 3692 1161 3739; x_wconf 91' lang='lat' dir='ltr'><strong>et</strong></span> <span class='ocrx_word' id='word_1_503' title='bbox 1193 3687 1428 3745; x_wconf 84' lang='lat' dir='ltr'><strong>maxime</strong></span> <span class='ocrx_word' id='word_1_504' title='bbox 1468 3690 1827 3765; x_wconf 78' lang='lat' dir='ltr'><strong>Areopagitae</strong></span> <span class='ocrx_word' id='word_1_505' title='bbox 1863 3697 2125 3771; x_wconf 88' lang='lat' dir='ltr'><strong>Dionysii,</strong></span> 
     </span>
    </p>
   </div>
   <div class='ocr_carea' id='block_1_71' title="bbox 550 3766 2126 3856">
    <p class='ocr_par' dir='ltr' id='par_1_71' title="bbox 550 3766 2126 3856">
     <span class='ocr_line' id='line_1_71' title="bbox 550 3766 2126 3856; baseline 0.017 -39"><span class='ocrx_word' id='word_1_506' title='bbox 550 3766 1012 3834; x_wconf 85' lang='lat' dir='ltr'><strong>generalissimam</strong></span> <span class='ocrx_word' id='word_1_507' title='bbox 1044 3772 1344 3830; x_wconf 85' lang='lat' dir='ltr'><strong>divinarum</strong></span> <span class='ocrx_word' id='word_1_508' title='bbox 1375 3778 1724 3837; x_wconf 89' lang='lat' dir='ltr'><strong>donationum</strong></span> <span class='ocrx_word' id='word_1_509' title='bbox 1747 3799 1871 3839; x_wconf 88' lang='lat' dir='ltr'><strong>esse</strong></span> <span class='ocrx_word' id='word_1_510' title='bbox 1916 3766 2016 3856; x_wconf 73' lang='lat' dir='ltr'><strong>per</strong></span> <span class='ocrx_word' id='word_1_511' title='bbox 2036 3804 2126 3843; x_wconf 88' lang='lat' dir='ltr'><strong>se-</strong></span> 
     </span>
    </p>
   </div>
   <div class='ocr_carea' id='block_1_72' title="bbox 550 3855 2122 3943">
    <p class='ocr_par' dir='ltr' id='par_1_72' title="bbox 550 3855 2122 3943">
     <span class='ocr_line' id='line_1_72' title="bbox 550 3855 2122 3943; baseline 0.017 -36"><span class='ocrx_word' id='word_1_512' title='bbox 550 3855 724 3923; x_wconf 87' lang='lat' dir='ltr'><strong>ipsam</strong></span> <span class='ocrx_word' id='word_1_513' title='bbox 754 3856 1072 3926; x_wconf 87' lang='lat' dir='ltr'><strong>bonitatem,</strong></span> <span class='ocrx_word' id='word_1_514' title='bbox 1097 3863 1339 3934; x_wconf 90' lang='lat' dir='ltr'><strong>aliasque</strong></span> <span class='ocrx_word' id='word_1_515' title='bbox 1356 3870 1753 3937; x_wconf 85' lang='lat' dir='ltr'><strong>quodammodo</strong></span> <span class='ocrx_word' id='word_1_516' title='bbox 1777 3855 2122 3943; x_wconf 89' lang='lat' dir='ltr'><strong>praecedere.</strong></span> 
     </span>
    </p>
   </div>
   <div class='ocr_carea' id='block_1_73' title="bbox 544 3945 2125 4037">
    <p class='ocr_par' dir='ltr' id='par_1_73' title="bbox 544 3945 2125 4037">
     <span class='ocr_line' id='line_1_73' title="bbox 544 3945 2125 4037; baseline 0.016 -37"><span class='ocrx_word' id='word_1_517' title='bbox 544 3945 718 4001; x_wconf 86' lang='lat' dir='ltr'><strong>Causa</strong></span> <span class='ocrx_word' id='word_1_518' title='bbox 751 3964 987 4020; x_wconf 89' lang='lat' dir='ltr'><strong>namque</strong></span> <span class='ocrx_word' id='word_1_519' title='bbox 1014 3956 1255 4012; x_wconf 90' lang='lat' dir='ltr'><strong>omnium</strong></span> <span class='ocrx_word' id='word_1_520' title='bbox 1286 3961 1524 4015; x_wconf 82' lang='lat' dir='ltr'><strong>creatrix</strong></span> <span class='ocrx_word' id='word_1_521' title='bbox 1556 3963 1787 4030; x_wconf 88' lang='lat' dir='ltr'><strong>bonitas,</strong></span> <span class='ocrx_word' id='word_1_522' title='bbox 1817 3980 1956 4037; x_wconf 90' lang='lat' dir='ltr'><strong>quae</strong></span> <span class='ocrx_word' id='word_1_523' title='bbox 1982 3970 2125 4026; x_wconf 89' lang='lat' dir='ltr'><strong>Deus</strong></span> 
     </span>
    </p>
   </div>
   <div class='ocr_carea' id='block_1_74' title="bbox 543 4038 2122 4126">
    <p class='ocr_par' dir='ltr' id='par_1_74' title="bbox 543 4038 2122 4126">
     <span class='ocr_line' id='line_1_74' title="bbox 543 4038 2122 4126; baseline 0.017 -36"><span class='ocrx_word' id='word_1_524' title='bbox 543 4043 652 4100; x_wconf 88' lang='lat' dir='ltr'><strong>est,</strong></span> <span class='ocrx_word' id='word_1_525' title='bbox 679 4038 746 4092; x_wconf 90' lang='lat' dir='ltr'><strong>ad</strong></span> <span class='ocrx_word' id='word_1_526' title='bbox 777 4039 881 4095; x_wconf 86' lang='lat' dir='ltr'><strong>hoc</strong></span> <span class='ocrx_word' id='word_1_527' title='bbox 907 4041 1078 4112; x_wconf 90' lang='lat' dir='ltr'><strong>ipsam</strong></span> <span class='ocrx_word' id='word_1_528' title='bbox 1108 4060 1349 4115; x_wconf 88' lang='lat' dir='ltr'><strong>causam,</strong></span> <span class='ocrx_word' id='word_1_529' title='bbox 1373 4064 1512 4120; x_wconf 87' lang='lat' dir='ltr'><strong>quae</strong></span> <span class='ocrx_word' id='word_1_530' title='bbox 1538 4066 1636 4122; x_wconf 89' lang='lat' dir='ltr'><strong>per</strong></span> <span class='ocrx_word' id='word_1_531' title='bbox 1656 4055 1886 4126; x_wconf 88' lang='lat' dir='ltr'><strong>seipsam</strong></span> <span class='ocrx_word' id='word_1_532' title='bbox 1908 4058 2122 4117; x_wconf 87' lang='lat' dir='ltr'><strong>bonitas</strong></span> 
     </span>
    </p>
   </div>
   <div class='ocr_carea' id='block_1_75' title="bbox 544 4126 2117 4220">
    <p class='ocr_par' dir='ltr' id='par_1_75' title="bbox 544 4126 2117 4220">
     <span class='ocr_line' id='line_1_75' title="bbox 544 4126 2117 4220; baseline 0.017 -39"><span class='ocrx_word' id='word_1_533' title='bbox 544 4126 772 4194; x_wconf 89' lang='lat' dir='ltr'><strong>dicitur,</strong></span> <span class='ocrx_word' id='word_1_534' title='bbox 798 4129 973 4201; x_wconf 91' lang='lat' dir='ltr'><strong>primo</strong></span> <span class='ocrx_word' id='word_1_535' title='bbox 1005 4136 1246 4191; x_wconf 91' lang='lat' dir='ltr'><strong>omnium</strong></span> <span class='ocrx_word' id='word_1_536' title='bbox 1275 4141 1502 4207; x_wconf 90' lang='lat' dir='ltr'><strong>creavit,</strong></span> <span class='ocrx_word' id='word_1_537' title='bbox 1542 4151 1601 4197; x_wconf 93' lang='lat' dir='ltr'><strong>ut</strong></span> <span class='ocrx_word' id='word_1_538' title='bbox 1635 4159 1735 4213; x_wconf 86' lang='lat' dir='ltr'><strong>per</strong></span> <span class='ocrx_word' id='word_1_539' title='bbox 1760 4160 1879 4202; x_wconf 90' lang='lat' dir='ltr'><strong>eam</strong></span> <span class='ocrx_word' id='word_1_540' title='bbox 1915 4152 2117 4220; x_wconf 83' lang='lat' dir='ltr'><strong>omnia,</strong></span> 
     </span>
    </p>
   </div>
   <div class='ocr_carea' id='block_1_76' title="bbox 544 4223 2122 4298">
    <p class='ocr_par' dir='ltr' id='par_1_76' title="bbox 544 4223 2122 4298">
     <span class='ocr_line' id='line_1_76' title="bbox 544 4223 2122 4298; baseline 0.018 -27"><span class='ocrx_word' id='word_1_541' title='bbox 544 4233 685 4288; x_wconf 90' lang='lat' dir='ltr'><strong>quae</strong></span> <span class='ocrx_word' id='word_1_542' title='bbox 707 4231 852 4289; x_wconf 90' lang='lat' dir='ltr'><strong>sunt,</strong></span> <span class='ocrx_word' id='word_1_543' title='bbox 877 4223 931 4278; x_wconf 91' lang='lat' dir='ltr'><strong>in</strong></span> <span class='ocrx_word' id='word_1_544' title='bbox 957 4230 1224 4285; x_wconf 85' lang='lat' dir='ltr'><strong>essentias</strong></span> <span class='ocrx_word' id='word_1_545' title='bbox 1246 4245 1307 4286; x_wconf 73' lang='lat' dir='ltr'><strong>ex</strong></span> <span class='ocrx_word' id='word_1_546' title='bbox 1356 4249 1461 4288; x_wconf 92' lang='lat' dir='ltr'><strong>non</strong></span> <span class='ocrx_word' id='word_1_547' title='bbox 1496 4236 1851 4296; x_wconf 77' lang='lat' dir='ltr'><strong>existentibus</strong></span> <span class='ocrx_word' id='word_1_548' title='bbox 1891 4243 2122 4298; x_wconf 83' lang='lat' dir='ltr'><strong>adduce-</strong></span> 
     </span>
    </p>
   </div>
   <div class='ocr_carea' id='block_1_77' title="bbox 543 4310 2121 4402">
    <p class='ocr_par' dir='ltr' id='par_1_77' title="bbox 543 4310 2121 4402">
     <span class='ocr_line' id='line_1_77' title="bbox 543 4310 2121 4402; baseline 0.016 -40"><span class='ocrx_word' id='word_1_549' title='bbox 543 4316 649 4363; x_wconf 86' lang='lat' dir='ltr'><strong>ret.</strong></span> <span class='ocrx_word' id='word_1_550' title='bbox 675 4310 897 4370; x_wconf 84' lang='lat' dir='ltr'><strong>Divinae</strong></span> <span class='ocrx_word' id='word_1_551' title='bbox 922 4314 1189 4386; x_wconf 87' lang='lat' dir='ltr'><strong>siquidem</strong></span> <span class='ocrx_word' id='word_1_552' title='bbox 1235 4321 1492 4378; x_wconf 86' lang='lat' dir='ltr'><strong>bonitatis</strong></span> <span class='ocrx_word' id='word_1_553' title='bbox 1536 4329 1812 4395; x_wconf 89' lang='lat' dir='ltr'><strong>proprium</strong></span> <span class='ocrx_word' id='word_1_554' title='bbox 1855 4340 1957 4393; x_wconf 91' lang='lat' dir='ltr'><strong>cst,</strong></span> <span class='ocrx_word' id='word_1_555' title='bbox 1982 4348 2121 4402; x_wconf 88' lang='lat' dir='ltr'><strong>quae</strong></span> 
     </span>
    </p>
   </div>
   <div class='ocr_carea' id='block_1_78' title="bbox 539 4406 2119 4477">
    <p class='ocr_par' dir='ltr' id='par_1_78' title="bbox 539 4406 2119 4477">
     <span class='ocr_line' id='line_1_78' title="bbox 539 4406 2119 4477; baseline 0.016 -24"><span class='ocrx_word' id='word_1_556' title='bbox 539 4414 647 4455; x_wconf 88' lang='lat' dir='ltr'><strong>non</strong></span> <span class='ocrx_word' id='word_1_557' title='bbox 669 4406 908 4465; x_wconf 85' lang='lat' dir='ltr'><strong>erant.in</strong></span> <span class='ocrx_word' id='word_1_558' title='bbox 930 4411 1221 4465; x_wconf 89' lang='lat' dir='ltr'><strong>essentiam</strong></span> <span class='ocrx_word' id='word_1_559' title='bbox 1235 4414 1836 4474; x_wconf 84' lang='lat' dir='ltr'><strong>vocare.Universitatis</strong></span> <span class='ocrx_word' id='word_1_560' title='bbox 1859 4424 2058 4477; x_wconf 85' lang='lat' dir='ltr'><strong>etenim</strong></span> <span class='ocrx_word' id='word_1_561' title='bbox 2075 4424 2119 4456; x_wconf 78' lang='lat'><strong>“</strong></span> 
     </span>
    </p>
   </div>
   <div class='ocr_carea' id='block_1_79' title="bbox 2235 3251 3808 3325">
    <p class='ocr_par' dir='ltr' id='par_1_79' title="bbox 2235 3251 3808 3325">
     <span class='ocr_line' id='line_1_79' title="bbox 2235 3251 3808 3325; baseline 0 -17"><span class='ocrx_word' id='word_1_562' title='bbox 2235 3264 2397 3325; x_wconf 87' lang='lat' dir='ltr'><strong>atque</strong></span> <span class='ocrx_word' id='word_1_563' title='bbox 2422 3256 2663 3325; x_wconf 86' lang='lat' dir='ltr'><strong>dispersa</strong></span> <span class='ocrx_word' id='word_1_564' title='bbox 2693 3255 2860 3310; x_wconf 89' lang='lat' dir='ltr'><strong>semel</strong></span> <span class='ocrx_word' id='word_1_565' title='bbox 2884 3263 2942 3310; x_wconf 90' lang='lat' dir='ltr'><strong>et</strong></span> <span class='ocrx_word' id='word_1_566' title='bbox 2967 3255 3126 3313; x_wconf 89' lang='lat' dir='ltr'><strong>simul</strong></span> <span class='ocrx_word' id='word_1_567' title='bbox 3147 3269 3268 3311; x_wconf 89' lang='lat' dir='ltr'><strong>esse</strong></span> <span class='ocrx_word' id='word_1_568' title='bbox 3292 3270 3397 3310; x_wconf 90' lang='lat' dir='ltr'><strong>non</strong></span> <span class='ocrx_word' id='word_1_569' title='bbox 3422 3254 3676 3311; x_wconf 88' lang='lat' dir='ltr'><strong>valentia.</strong></span> <span class='ocrx_word' id='word_1_570' title='bbox 3714 3251 3808 3308; x_wconf 80' lang='lat' dir='ltr'><strong>Vi-</strong></span> 
     </span>
    </p>
   </div>
   <div class='ocr_carea' id='block_1_80' title="bbox 2232 3344 3805 3418">
    <p class='ocr_par' dir='ltr' id='par_1_80' title="bbox 2232 3344 3805 3418">
     <span class='ocr_line' id='line_1_80' title="bbox 2232 3344 3805 3418; baseline -0.004 -15"><span class='ocrx_word' id='word_1_571' title='bbox 2232 3348 2399 3403; x_wconf 86' lang='lat' dir='ltr'><strong>desne</strong></span> <span class='ocrx_word' id='word_1_572' title='bbox 2425 3348 2608 3418; x_wconf 89' lang='lat' dir='ltr'><strong>igitur,</strong></span> <span class='ocrx_word' id='word_1_573' title='bbox 2640 3355 2898 3416; x_wconf 85' lang='lat' dir='ltr'><strong>quantum</strong></span> <span class='ocrx_word' id='word_1_574' title='bbox 2940 3344 3241 3416; x_wconf 81' lang='lat' dir='ltr'><strong>generalior</strong></span> <span class='ocrx_word' id='word_1_575' title='bbox 3266 3354 3350 3400; x_wconf 89' lang='lat' dir='ltr'><strong>est</strong></span> <span class='ocrx_word' id='word_1_576' title='bbox 3387 3344 3620 3408; x_wconf 88' lang='lat' dir='ltr'><strong>bonitas,</strong></span> <span class='ocrx_word' id='word_1_577' title='bbox 3643 3358 3805 3413; x_wconf 90' lang='lat' dir='ltr'><strong>quam</strong></span> 
     </span>
    </p>
   </div>
   <div class='ocr_carea' id='block_1_81' title="bbox 2229 3434 3816 3506">
    <p class='ocr_par' dir='ltr' id='par_1_81' title="bbox 2229 3434 3816 3506">
     <span class='ocr_line' id='line_1_81' title="bbox 2229 3434 3816 3506; baseline -0.003 -13"><span class='ocrx_word' id='word_1_578' title='bbox 2229 3438 2500 3493; x_wconf 81' lang='lat' dir='ltr'><strong>essentia?</strong></span> <span class='ocrx_word' id='word_1_579' title='bbox 2521 3437 2790 3491; x_wconf 88' lang='lat' dir='ltr'><strong>Bonorum</strong></span> <span class='ocrx_word' id='word_1_580' title='bbox 2815 3437 3079 3504; x_wconf 81' lang='lat' dir='ltr'><strong>siquidem</strong></span> <span class='ocrx_word' id='word_1_581' title='bbox 3102 3451 3215 3489; x_wconf 83' lang='lat' dir='ltr'><strong>una</strong></span> <span class='ocrx_word' id='word_1_582' title='bbox 3231 3435 3440 3506; x_wconf 89' lang='lat' dir='ltr'><strong>species</strong></span> <span class='ocrx_word' id='word_1_583' title='bbox 3470 3434 3724 3489; x_wconf 86' lang='lat' dir='ltr'><strong>bonitatis</strong></span> <span class='ocrx_word' id='word_1_584' title='bbox 3755 3435 3816 3472; x_wconf 64' lang='grc' dir='ltr'><strong>’θ’</strong></span> 
     </span>
    </p>
   </div>
   <div class='ocr_carea' id='block_1_82' title="bbox 2241 3524 3806 3594">
    <p class='ocr_par' dir='ltr' id='par_1_82' title="bbox 2241 3524 3806 3594">
     <span class='ocr_line' id='line_1_82' title="bbox 2241 3524 3806 3594; baseline -0.001 -13"><span class='ocrx_word' id='word_1_585' title='bbox 2241 3533 2326 3581; x_wconf 86' lang='lat' dir='ltr'><strong>est</strong></span> <span class='ocrx_word' id='word_1_586' title='bbox 2348 3527 2399 3580; x_wconf 89' lang='lat' dir='ltr'><strong>in</strong></span> <span class='ocrx_word' id='word_1_587' title='bbox 2425 3527 2511 3580; x_wconf 79' lang='lat' dir='ltr'><strong>liis</strong></span> <span class='ocrx_word' id='word_1_588' title='bbox 2537 3540 2677 3593; x_wconf 91' lang='lat' dir='ltr'><strong>quae</strong></span> <span class='ocrx_word' id='word_1_589' title='bbox 2704 3532 2849 3588; x_wconf 89' lang='lat' dir='ltr'><strong>sunt,</strong></span> <span class='ocrx_word' id='word_1_590' title='bbox 2876 3524 3040 3579; x_wconf 88' lang='lat' dir='ltr'><strong>altera</strong></span> <span class='ocrx_word' id='word_1_591' title='bbox 3066 3524 3121 3578; x_wconf 90' lang='lat' dir='ltr'><strong>in</strong></span> <span class='ocrx_word' id='word_1_592' title='bbox 3149 3524 3233 3579; x_wconf 83' lang='lat' dir='ltr'><strong>bis</strong></span> <span class='ocrx_word' id='word_1_593' title='bbox 3257 3538 3396 3594; x_wconf 89' lang='lat' dir='ltr'><strong>quae</strong></span> <span class='ocrx_word' id='word_1_594' title='bbox 3415 3538 3520 3579; x_wconf 92' lang='lat' dir='ltr'><strong>non</strong></span> <span class='ocrx_word' id='word_1_595' title='bbox 3549 3533 3692 3579; x_wconf 90' lang='lat' dir='ltr'><strong>sunt.</strong></span> <span class='ocrx_word' id='word_1_596' title='bbox 3724 3524 3806 3579; x_wconf 80' lang='lat' dir='ltr'><strong>Ac</strong></span> 
     </span>
    </p>
   </div>
   <div class='ocr_carea' id='block_1_83' title="bbox 2233 3612 3801 3685">
    <p class='ocr_par' dir='ltr' id='par_1_83' title="bbox 2233 3612 3801 3685">
     <span class='ocr_line' id='line_1_83' title="bbox 2233 3612 3801 3685; baseline 0.001 -19"><span class='ocrx_word' id='word_1_597' title='bbox 2233 3628 2330 3685; x_wconf 87' lang='lat' dir='ltr'><strong>per</strong></span> <span class='ocrx_word' id='word_1_598' title='bbox 2351 3615 2454 3669; x_wconf 87' lang='lat' dir='ltr'><strong>hoc</strong></span> <span class='ocrx_word' id='word_1_599' title='bbox 2479 3629 2508 3668; x_wconf 89' lang='lat' dir='ltr'><strong>a</strong></span> <span class='ocrx_word' id='word_1_600' title='bbox 2533 3613 3033 3683; x_wconf 62' lang='lat' dir='ltr'><strong>n“generalioribus</strong></span> <span class='ocrx_word' id='word_1_601' title='bbox 3072 3613 3286 3668; x_wconf 88' lang='lat' dir='ltr'><strong>divinae</strong></span> <span class='ocrx_word' id='word_1_602' title='bbox 3330 3612 3589 3684; x_wconf 89' lang='lat' dir='ltr'><strong>largitatis</strong></span> <span class='ocrx_word' id='word_1_603' title='bbox 3631 3613 3801 3667; x_wconf 80' lang='lat' dir='ltr'><strong>dona-</strong></span> 
     </span>
    </p>
   </div>
   <div class='ocr_carea' id='block_1_84' title="bbox 2228 3702 3813 3773">
    <p class='ocr_par' dir='ltr' id='par_1_84' title="bbox 2228 3702 3813 3773">
     <span class='ocr_line' id='line_1_84' title="bbox 2228 3702 3813 3773; baseline -0.002 -15"><span class='ocrx_word' id='word_1_604' title='bbox 2228 3704 2462 3759; x_wconf 90' lang='lat' dir='ltr'><strong>tionibus</strong></span> <span class='ocrx_word' id='word_1_605' title='bbox 2506 3704 2785 3768; x_wconf 86' lang='lat' dir='ltr'><strong>incboans,</strong></span> <span class='ocrx_word' id='word_1_606' title='bbox 2814 3713 2871 3758; x_wconf 84' lang='lat' dir='ltr'><strong>et</strong></span> <span class='ocrx_word' id='word_1_607' title='bbox 2915 3718 3014 3773; x_wconf 88' lang='lat' dir='ltr'><strong>per</strong></span> <span class='ocrx_word' id='word_1_608' title='bbox 3049 3702 3395 3772; x_wconf 85' lang='lat' dir='ltr'><strong>specialiores</strong></span> <span class='ocrx_word' id='word_1_609' title='bbox 3431 3702 3813 3773; x_wconf 81' lang='lat' dir='ltr'><strong>progrediens,.</strong></span> 
     </span>
    </p>
   </div>
   <div class='ocr_carea' id='block_1_85' title="bbox 2225 3791 3796 3863">
    <p class='ocr_par' dir='ltr' id='par_1_85' title="bbox 2225 3791 3796 3863">
     <span class='ocr_line' id='line_1_85' title="bbox 2225 3791 3796 3863; baseline -0.001 -14"><span class='ocrx_word' id='word_1_610' title='bbox 2225 3793 2471 3849; x_wconf 77' lang='lat' dir='ltr'><strong>ordinem</strong></span> <span class='ocrx_word' id='word_1_611' title='bbox 2497 3792 2765 3863; x_wconf 87' lang='lat' dir='ltr'><strong>quendam</strong></span> <span class='ocrx_word' id='word_1_612' title='bbox 2790 3791 3220 3862; x_wconf 82' lang='lat' dir='ltr'><strong>primordialiqu</strong></span> <span class='ocrx_word' id='word_1_613' title='bbox 3261 3807 3545 3848; x_wconf 88' lang='lat' dir='ltr'><strong>causarum</strong></span> <span class='ocrx_word' id='word_1_614' title='bbox 3586 3791 3796 3849; x_wconf 89' lang='lat' dir='ltr'><strong>theolo-</strong></span> 
     </span>
    </p>
   </div>
   <div class='ocr_carea' id='block_1_86' title="bbox 2226 3883 2768 3953">
    <p class='ocr_par' dir='ltr' id='par_1_86' title="bbox 2226 3883 2768 3953">
     <span class='ocr_line' id='line_1_86' title="bbox 2226 3883 2768 3953; baseline 0.004 -18"><span class='ocrx_word' id='word_1_615' title='bbox 2226 3883 2310 3953; x_wconf 83' lang='lat' dir='ltr'><strong>gia</strong></span> <span class='ocrx_word' id='word_1_616' title='bbox 2331 3883 2469 3938; x_wconf 86' lang='lat' dir='ltr'><strong>duce</strong></span> <span class='ocrx_word' id='word_1_617' title='bbox 2493 3883 2768 3938; x_wconf 90' lang='lat' dir='ltr'><strong>constitui.</strong></span> 
     </span>
    </p>
   </div>
   <div class='ocr_carea' id='block_1_87' title="bbox 2293 3970 3811 4041">
    <p class='ocr_par' dir='ltr' id='par_1_87' title="bbox 2293 3970 3811 4041">
     <span class='ocr_line' id='line_1_87' title="bbox 2293 3970 3811 4041; baseline -0.001 -15"><span class='ocrx_word' id='word_1_618' title='bbox 2293 3972 2348 4026; x_wconf 77' lang='lat'><strong>3.</strong></span> <span class='ocrx_word' id='word_1_619' title='bbox 2379 3971 2523 4027; x_wconf 82' lang='lat' dir='ltr'><strong>DISC.</strong></span> <span class='ocrx_word' id='word_1_620' title='bbox 2548 3970 2667 4025; x_wconf 71' lang='lat' dir='ltr'><strong>lam</strong></span> <span class='ocrx_word' id='word_1_621' title='bbox 2698 3970 2960 4041; x_wconf 83' lang='lat' dir='ltr'><strong>intelligo,</strong></span> <span class='ocrx_word' id='word_1_622' title='bbox 2991 3985 3098 4025; x_wconf 92' lang='lat' dir='ltr'><strong>non</strong></span> <span class='ocrx_word' id='word_1_623' title='bbox 3138 3970 3580 4025; x_wconf 85' lang='lat' dir='ltr'><strong>irrationabiliter</strong></span> <span class='ocrx_word' id='word_1_624' title='bbox 3626 3978 3679 4025; x_wconf 90' lang='lat' dir='ltr'><strong>te</strong></span> <span class='ocrx_word' id='word_1_625' title='bbox 3719 3970 3811 4026; x_wconf 52' lang='lat' dir='ltr'><strong>in-</strong></span> 
     </span>
    </p>
   </div>
   <div class='ocr_carea' id='block_1_88' title="bbox 2224 4060 3802 4132">
    <p class='ocr_par' dir='ltr' id='par_1_88' title="bbox 2224 4060 3802 4132">
     <span class='ocr_line' id='line_1_88' title="bbox 2224 4060 3802 4132; baseline -0.001 -15"><span class='ocrx_word' id='word_1_626' title='bbox 2224 4062 2450 4118; x_wconf 80' lang='lat' dir='ltr'><strong>clioasse</strong></span> <span class='ocrx_word' id='word_1_627' title='bbox 2495 4062 2883 4132; x_wconf 89' lang='lat' dir='ltr'><strong>principiorum</strong></span> <span class='ocrx_word' id='word_1_628' title='bbox 2929 4062 3436 4118; x_wconf 70' lang='lat' dir='ltr'><strong>considerationem.</strong></span> <span class='ocrx_word' id='word_1_629' title='bbox 3481 4060 3802 4130; x_wconf 87' lang='lat' dir='ltr'><strong>Quicunque</strong></span> 
     </span>
    </p>
   </div>
   <div class='ocr_carea' id='block_1_89' title="bbox 2223 4150 3807 4222">
    <p class='ocr_par' dir='ltr' id='par_1_89' title="bbox 2223 4150 3807 4222">
     <span class='ocr_line' id='line_1_89' title="bbox 2223 4150 3807 4222; baseline -0.001 -17"><span class='ocrx_word' id='word_1_630' title='bbox 2223 4151 2366 4205; x_wconf 88' lang='lat' dir='ltr'><strong>enim</strong></span> <span class='ocrx_word' id='word_1_631' title='bbox 2391 4161 2539 4206; x_wconf 85' lang='lat' dir='ltr'><strong>recte</strong></span> <span class='ocrx_word' id='word_1_632' title='bbox 2566 4151 2773 4217; x_wconf 86' lang='lat' dir='ltr'><strong>dividit,</strong></span> <span class='ocrx_word' id='word_1_633' title='bbox 2807 4166 2837 4205; x_wconf 89' lang='lat' dir='ltr'><strong>a</strong></span> <span class='ocrx_word' id='word_1_634' title='bbox 2874 4150 3296 4222; x_wconf 84' lang='lat' dir='ltr'><strong>generaiissimis</strong></span> <span class='ocrx_word' id='word_1_635' title='bbox 3337 4151 3498 4206; x_wconf 87' lang='lat' dir='ltr'><strong>debet</strong></span> <span class='ocrx_word' id='word_1_636' title='bbox 3536 4150 3807 4220; x_wconf 66' lang='lat' dir='ltr'><strong>incipere,</strong></span> 
     </span>
    </p>
   </div>
   <div class='ocr_carea' id='block_1_90' title="bbox 2221 4241 3797 4314">
    <p class='ocr_par' dir='ltr' id='par_1_90' title="bbox 2221 4241 3797 4314">
     <span class='ocr_line' id='line_1_90' title="bbox 2221 4241 3797 4314; baseline -0.002 -18"><span class='ocrx_word' id='word_1_637' title='bbox 2221 4258 2278 4297; x_wconf 75' lang='lat' dir='ltr'><strong>ei</strong></span> <span class='ocrx_word' id='word_1_638' title='bbox 2304 4257 2401 4312; x_wconf 89' lang='lat' dir='ltr'><strong>per</strong></span> <span class='ocrx_word' id='word_1_639' title='bbox 2421 4243 2755 4314; x_wconf 85' lang='lat' dir='ltr'><strong>generaliora</strong></span> <span class='ocrx_word' id='word_1_640' title='bbox 2778 4244 3051 4314; x_wconf 84' lang='lat' dir='ltr'><strong>progredi,</strong></span> <span class='ocrx_word' id='word_1_641' title='bbox 3070 4258 3135 4298; x_wconf 89' lang='lat' dir='ltr'><strong>ac</strong></span> <span class='ocrx_word' id='word_1_642' title='bbox 3162 4243 3262 4308; x_wconf 90' lang='lat' dir='ltr'><strong>sic,</strong></span> <span class='ocrx_word' id='word_1_643' title='bbox 3291 4248 3453 4313; x_wconf 90' lang='lat' dir='ltr'><strong>prout</strong></span> <span class='ocrx_word' id='word_1_644' title='bbox 3475 4241 3649 4297; x_wconf 89' lang='lat' dir='ltr'><strong>virtus</strong></span> <span class='ocrx_word' id='word_1_645' title='bbox 3667 4256 3797 4296; x_wconf 76' lang='lat' dir='ltr'><strong>con—</strong></span> 
     </span>
    </p>
   </div>
   <div class='ocr_carea' id='block_1_91' title="bbox 2227 4331 3791 4402">
    <p class='ocr_par' dir='ltr' id='par_1_91' title="bbox 2227 4331 3791 4402">
     <span class='ocr_line' id='line_1_91' title="bbox 2227 4331 3791 4402; baseline -0.001 -16"><span class='ocrx_word' id='word_1_646' title='bbox 2227 4334 2590 4402; x_wconf 85' lang='lat' dir='ltr'><strong>templationis</strong></span> <span class='ocrx_word' id='word_1_647' title='bbox 2612 4335 2903 4399; x_wconf 78' lang='lat' dir='ltr'><strong>succurrit,</strong></span> <span class='ocrx_word' id='word_1_648' title='bbox 2946 4335 3012 4388; x_wconf 89' lang='lat' dir='ltr'><strong>ad</strong></span> <span class='ocrx_word' id='word_1_649' title='bbox 3062 4333 3447 4402; x_wconf 84' lang='lat' dir='ltr'><strong>specialissima</strong></span> <span class='ocrx_word' id='word_1_650' title='bbox 3490 4331 3791 4402; x_wconf 86' lang='lat' dir='ltr'><strong>pervenire.</strong></span> 
     </span>
    </p>
   </div>
   <div class='ocr_carea' id='block_1_92' title="bbox 2223 4420 3807 4493">
    <p class='ocr_par' dir='ltr' id='par_1_92' title="bbox 2223 4420 3807 4493">
     <span class='ocr_line' id='line_1_92' title="bbox 2223 4420 3807 4493; baseline -0.002 -17"><span class='ocrx_word' id='word_1_651' title='bbox 2223 4422 2374 4488; x_wconf 84' lang='lat' dir='ltr'><strong>Quod</strong></span> <span class='ocrx_word' id='word_1_652' title='bbox 2404 4424 2568 4477; x_wconf 88' lang='lat' dir='ltr'><strong>etiam</strong></span> <span class='ocrx_word' id='word_1_653' title='bbox 2600 4422 2653 4476; x_wconf 92' lang='lat' dir='ltr'><strong>in</strong></span> <span class='ocrx_word' id='word_1_654' title='bbox 2693 4423 2825 4493; x_wconf 85' lang='lat' dir='ltr'><strong>ipsis</strong></span> <span class='ocrx_word' id='word_1_655' title='bbox 2864 4439 3044 4478; x_wconf 87' lang='lat' dir='ltr'><strong>rerum</strong></span> <span class='ocrx_word' id='word_1_656' title='bbox 3090 4422 3385 4491; x_wconf 86' lang='lat' dir='ltr'><strong>principiis,</strong></span> <span class='ocrx_word' id='word_1_657' title='bbox 3433 4435 3575 4489; x_wconf 89' lang='lat' dir='ltr'><strong>quae</strong></span> <span class='ocrx_word' id='word_1_658' title='bbox 3614 4420 3807 4490; x_wconf 73' lang='lat' dir='ltr'><strong>primo</strong></span> 
     </span>
    </p>
   </div>
   <div class='ocr_carea' id='block_1_93' title="bbox 539 4492 3803 4584">
    <p class='ocr_par' dir='ltr' id='par_1_93' title="bbox 539 4492 3803 4584">
     <span class='ocr_line' id='line_1_93' title="bbox 539 4492 3803 4584; baseline 0.007 -43"><span class='ocrx_word' id='word_1_659' title='bbox 539 4492 788 4547; x_wconf 88' lang='lat' dir='ltr'><strong>conditae</strong></span> <span class='ocrx_word' id='word_1_660' title='bbox 813 4494 867 4547; x_wconf 91' lang='lat' dir='ltr'><strong>in</strong></span> <span class='ocrx_word' id='word_1_661' title='bbox 900 4501 1297 4570; x_wconf 88' lang='lat' dir='ltr'><strong>essentiamquc</strong></span> <span class='ocrx_word' id='word_1_662' title='bbox 1322 4505 1587 4560; x_wconf 89' lang='lat' dir='ltr'><strong>adductae</strong></span> <span class='ocrx_word' id='word_1_663' title='bbox 1615 4506 1794 4562; x_wconf 89' lang='lat' dir='ltr'><strong>divina</strong></span> <span class='ocrx_word' id='word_1_664' title='bbox 1826 4510 2038 4566; x_wconf 90' lang='lat' dir='ltr'><strong>bonitas</strong></span> <span class='ocrx_word' id='word_1_665' title='bbox 2062 4523 2119 4567; x_wconf 92' lang='lat' dir='ltr'><strong>et</strong></span> <span class='ocrx_word' id='word_1_666' title='bbox 2149 4498 2196 4557; x_wconf 81' lang='lat' dir='ltr'><strong>D</strong></span> <span class='ocrx_word' id='word_1_667' title='bbox 2222 4513 2474 4583; x_wconf 88' lang='lat' dir='ltr'><strong>posuisti,</strong></span> <span class='ocrx_word' id='word_1_668' title='bbox 2496 4492 2725 4569; x_wconf 82' lang='lat' dir='ltr'><strong>interius</strong></span> <span class='ocrx_word' id='word_1_669' title='bbox 2753 4515 3103 4584; x_wconf 85' lang='lat' dir='ltr'><strong>perspiciens,</strong></span> <span class='ocrx_word' id='word_1_670' title='bbox 3131 4514 3184 4568; x_wconf 91' lang='lat' dir='ltr'><strong>ni</strong></span> <span class='ocrx_word' id='word_1_671' title='bbox 3219 4512 3394 4577; x_wconf 83' lang='lat' dir='ltr'><strong>fallor,</strong></span> <span class='ocrx_word' id='word_1_672' title='bbox 3425 4510 3683 4581; x_wconf 88' lang='lat' dir='ltr'><strong>intelligo.</strong></span> <span class='ocrx_word' id='word_1_673' title='bbox 3718 4509 3803 4565; x_wconf 84' lang='lat' dir='ltr'><strong>Ut-</strong></span> 
     </span>
    </p>
   </div>
   <div class='ocr_carea' id='block_1_94' title="bbox 538 4577 2118 4666">
    <p class='ocr_par' dir='ltr' id='par_1_94' title="bbox 538 4577 2118 4666">
     <span class='ocr_line' id='line_1_94' title="bbox 538 4577 2118 4666; baseline 0.017 -38"><span class='ocrx_word' id='word_1_674' title='bbox 538 4577 824 4648; x_wconf 89' lang='lat' dir='ltr'><strong>plusquam</strong></span> <span class='ocrx_word' id='word_1_675' title='bbox 867 4583 1080 4640; x_wconf 89' lang='lat' dir='ltr'><strong>bonitas</strong></span> <span class='ocrx_word' id='word_1_676' title='bbox 1114 4597 1168 4641; x_wconf 86' lang='lat' dir='ltr'><strong>et</strong></span> <span class='ocrx_word' id='word_1_677' title='bbox 1213 4593 1514 4648; x_wconf 82' lang='lat' dir='ltr'><strong>cssentialis</strong></span> <span class='ocrx_word' id='word_1_678' title='bbox 1558 4603 1614 4649; x_wconf 93' lang='lat' dir='ltr'><strong>et</strong></span> <span class='ocrx_word' id='word_1_679' title='bbox 1651 4600 2118 4666; x_wconf 82' lang='lat' dir='ltr'><strong>superessentialis</strong></span> 
     </span>
    </p>
   </div>
   <div class='ocr_carea' id='block_1_95' title="bbox 541 4669 2114 4752">
    <p class='ocr_par' dir='ltr' id='par_1_95' title="bbox 541 4669 2114 4752">
     <span class='ocr_line' id='line_1_95' title="bbox 541 4669 2114 4752; baseline 0.017 -34"><span class='ocrx_word' id='word_1_680' title='bbox 541 4680 705 4722; x_wconf 89' lang='lat' dir='ltr'><strong>causa</strong></span> <span class='ocrx_word' id='word_1_681' title='bbox 732 4678 834 4724; x_wconf 89' lang='lat' dir='ltr'><strong>est.</strong></span> <span class='ocrx_word' id='word_1_682' title='bbox 875 4669 930 4724; x_wconf 91' lang='lat' dir='ltr'><strong>Si</strong></span> <span class='ocrx_word' id='word_1_683' title='bbox 988 4674 1154 4741; x_wconf 85' lang='lat' dir='ltr'><strong>igitur</strong></span> <span class='ocrx_word' id='word_1_684' title='bbox 1196 4677 1422 4734; x_wconf 79' lang='lat' dir='ltr'><strong>Greater</strong></span> <span class='ocrx_word' id='word_1_685' title='bbox 1466 4699 1562 4752; x_wconf 90' lang='lat' dir='ltr'><strong>per</strong></span> <span class='ocrx_word' id='word_1_686' title='bbox 1614 4699 1768 4740; x_wconf 90' lang='lat' dir='ltr'><strong>suam</strong></span> <span class='ocrx_word' id='word_1_687' title='bbox 1820 4688 2114 4745; x_wconf 80' lang='lat' dir='ltr'><strong>bonitatem</strong></span> 
     </span>
    </p>
   </div>
   <div class='ocr_carea' id='block_1_96' title="bbox 539 4758 2113 4839">
    <p class='ocr_par' dir='ltr' id='par_1_96' title="bbox 539 4758 2113 4839">
     <span class='ocr_line' id='line_1_96' title="bbox 539 4758 2113 4839; baseline 0.018 -32"><span class='ocrx_word' id='word_1_688' title='bbox 539 4758 719 4810; x_wconf 88' lang='lat' dir='ltr'><strong>omnia</strong></span> <span class='ocrx_word' id='word_1_689' title='bbox 760 4759 826 4813; x_wconf 91' lang='lat' dir='ltr'><strong>de</strong></span> <span class='ocrx_word' id='word_1_690' title='bbox 875 4761 1061 4828; x_wconf 85' lang='lat' dir='ltr'><strong>nihilo,</strong></span> <span class='ocrx_word' id='word_1_691' title='bbox 1106 4773 1164 4819; x_wconf 92' lang='lat' dir='ltr'><strong>ut</strong></span> <span class='ocrx_word' id='word_1_692' title='bbox 1225 4779 1428 4834; x_wconf 90' lang='lat' dir='ltr'><strong>essent,</strong></span> <span class='ocrx_word' id='word_1_693' title='bbox 1474 4772 1759 4839; x_wconf 89' lang='lat' dir='ltr'><strong>derivavit,</strong></span> <span class='ocrx_word' id='word_1_694' title='bbox 1808 4780 2113 4836; x_wconf 88' lang='lat' dir='ltr'><strong>necessario</strong></span> 
     </span>
    </p>
   </div>
   <div class='ocr_carea' id='block_1_97' title="bbox 540 4843 2112 4938">
    <p class='ocr_par' dir='ltr' id='par_1_97' title="bbox 540 4843 2112 4938">
     <span class='ocr_line' id='line_1_97' title="bbox 540 4843 2112 4938; baseline 0.017 -39"><span class='ocrx_word' id='word_1_695' title='bbox 540 4843 845 4903; x_wconf 88' lang='lat' dir='ltr'><strong>intellectus</strong></span> <span class='ocrx_word' id='word_1_696' title='bbox 876 4866 974 4921; x_wconf 91' lang='lat' dir='ltr'><strong>per</strong></span> <span class='ocrx_word' id='word_1_697' title='bbox 1029 4854 1263 4923; x_wconf 85' lang='lat' dir='ltr'><strong>seipsum</strong></span> <span class='ocrx_word' id='word_1_698' title='bbox 1309 4858 1582 4927; x_wconf 82' lang='lat' dir='ltr'><strong>bonitatis,</strong></span> <span class='ocrx_word' id='word_1_699' title='bbox 1630 4864 1961 4921; x_wconf 86' lang='lat' dir='ltr'><strong>intellectum</strong></span> <span class='ocrx_word' id='word_1_700' title='bbox 2015 4886 2112 4938; x_wconf 88' lang='lat' dir='ltr'><strong>per</strong></span> 
     </span>
    </p>
   </div>
   <div class='ocr_carea' id='block_1_98' title="bbox 535 4938 2110 5026">
    <p class='ocr_par' dir='ltr' id='par_1_98' title="bbox 535 4938 2110 5026">
     <span class='ocr_line' id='line_1_98' title="bbox 535 4938 2110 5026; baseline 0.015 -33"><span class='ocrx_word' id='word_1_701' title='bbox 535 4938 766 5009; x_wconf 82' lang='lat' dir='ltr'><strong>seipsam</strong></span> <span class='ocrx_word' id='word_1_702' title='bbox 792 4940 834 4975; x_wconf 82' lang='grc'>¹¹</span> <span class='ocrx_word' id='word_1_703' title='bbox 856 4946 1124 5002; x_wconf 87' lang='lat' dir='ltr'><strong>essentiae</strong></span> <span class='ocrx_word' id='word_1_704' title='bbox 1150 4951 1439 5016; x_wconf 88' lang='lat' dir='ltr'><strong>praecedit.</strong></span> <span class='ocrx_word' id='word_1_705' title='bbox 1466 4951 1580 5007; x_wconf 87' lang='lat' dir='ltr'><strong>Non</strong></span> <span class='ocrx_word' id='word_1_706' title='bbox 1606 4955 1748 5009; x_wconf 89' lang='lat' dir='ltr'><strong>enim</strong></span> <span class='ocrx_word' id='word_1_707' title='bbox 1797 4972 1893 5026; x_wconf 88' lang='lat' dir='ltr'><strong>per</strong></span> <span class='ocrx_word' id='word_1_708' title='bbox 1929 4975 2110 5015; x_wconf 85' lang='lat' dir='ltr'><strong>essen-</strong></span> 
     </span>
    </p>
   </div>
   <div class='ocr_carea' id='block_1_99' title="bbox 534 5031 2112 5112">
    <p class='ocr_par' dir='ltr' id='par_1_99' title="bbox 534 5031 2112 5112">
     <span class='ocr_line' id='line_1_99' title="bbox 534 5031 2112 5112; baseline 0.014 -28"><span class='ocrx_word' id='word_1_709' title='bbox 534 5031 666 5085; x_wconf 82' lang='lat' dir='ltr'><strong>tiam</strong></span> <span class='ocrx_word' id='word_1_710' title='bbox 687 5034 986 5089; x_wconf 88' lang='lat' dir='ltr'><strong>introducta</strong></span> <span class='ocrx_word' id='word_1_711' title='bbox 1014 5045 1099 5091; x_wconf 90' lang='lat' dir='ltr'><strong>est</strong></span> <span class='ocrx_word' id='word_1_712' title='bbox 1123 5039 1350 5106; x_wconf 86' lang='lat' dir='ltr'><strong>bonitas,</strong></span> <span class='ocrx_word' id='word_1_713' title='bbox 1378 5042 1470 5098; x_wconf 91' lang='lat' dir='ltr'><strong>sed</strong></span> <span class='ocrx_word' id='word_1_714' title='bbox 1501 5058 1598 5112; x_wconf 90' lang='lat' dir='ltr'><strong>per</strong></span> <span class='ocrx_word' id='word_1_715' title='bbox 1621 5045 1917 5102; x_wconf 87' lang='lat' dir='ltr'><strong>bonitatem</strong></span> <span class='ocrx_word' id='word_1_716' title='bbox 1938 5050 2112 5106; x_wconf 89' lang='lat' dir='ltr'><strong>intro-</strong></span> 
     </span>
    </p>
   </div>
   <div class='ocr_carea' id='block_1_100' title="bbox 535 5120 2104 5213">
    <p class='ocr_par' dir='ltr' id='par_1_100' title="bbox 535 5120 2104 5213">
     <span class='ocr_line' id='line_1_100' title="bbox 535 5120 2104 5213; baseline 0.013 -35"><span class='ocrx_word' id='word_1_717' title='bbox 535 5120 697 5179; x_wconf 81' lang='lat' dir='ltr'><strong>ducta</strong></span> <span class='ocrx_word' id='word_1_718' title='bbox 725 5132 809 5181; x_wconf 91' lang='lat' dir='ltr'><strong>est</strong></span> <span class='ocrx_word' id='word_1_719' title='bbox 834 5128 1089 5185; x_wconf 87' lang='lat' dir='ltr'><strong>essentia.</strong></span> <span class='ocrx_word' id='word_1_720' title='bbox 1112 5129 1247 5188; x_wconf 89' lang='lat' dir='ltr'><strong>Nam</strong></span> <span class='ocrx_word' id='word_1_721' title='bbox 1269 5141 1322 5188; x_wconf 90' lang='lat' dir='ltr'><strong>et</strong></span> <span class='ocrx_word' id='word_1_722' title='bbox 1344 5134 1448 5191; x_wconf 85' lang='lat' dir='ltr'><strong>hoc</strong></span> <span class='ocrx_word' id='word_1_723' title='bbox 1466 5136 1806 5206; x_wconf 87' lang='lat' dir='ltr'><strong>apertissime</strong></span> <span class='ocrx_word' id='word_1_724' title='bbox 1826 5139 2104 5213; x_wconf 89' lang='lat' dir='ltr'><strong>Scriptura</strong></span> 
     </span>
    </p>
   </div>
   <div class='ocr_carea' id='block_1_101' title="bbox 2223 4601 3785 4674">
    <p class='ocr_par' dir='ltr' id='par_1_101' title="bbox 2223 4601 3785 4674">
     <span class='ocr_line' id='line_1_101' title="bbox 2223 4601 3785 4674; baseline -0.001 -17"><span class='ocrx_word' id='word_1_725' title='bbox 2223 4604 2366 4657; x_wconf 88' lang='lat' dir='ltr'><strong>enim</strong></span> <span class='ocrx_word' id='word_1_726' title='bbox 2398 4605 2609 4659; x_wconf 89' lang='lat' dir='ltr'><strong>bonitas</strong></span> <span class='ocrx_word' id='word_1_727' title='bbox 2628 4604 2788 4659; x_wconf 86' lang='lat' dir='ltr'><strong>veluti</strong></span> <span class='ocrx_word' id='word_1_728' title='bbox 2835 4606 3101 4674; x_wconf 86' lang='lat' dir='ltr'><strong>quoddam</strong></span> <span class='ocrx_word' id='word_1_729' title='bbox 3147 4619 3317 4674; x_wconf 82' lang='lat' dir='ltr'><strong>genus</strong></span> <span class='ocrx_word' id='word_1_730' title='bbox 3360 4610 3444 4661; x_wconf 83' lang='lat' dir='ltr'><strong>est</strong></span> <span class='ocrx_word' id='word_1_731' title='bbox 3492 4601 3785 4666; x_wconf 86' lang='lat' dir='ltr'><strong>cssentiae,</strong></span> 
     </span>
    </p>
   </div>
   <div class='ocr_carea' id='block_1_102' title="bbox 2218 4693 3797 4765">
    <p class='ocr_par' dir='ltr' id='par_1_102' title="bbox 2218 4693 3797 4765">
     <span class='ocr_line' id='line_1_102' title="bbox 2218 4693 3797 4765; baseline -0.001 -15"><span class='ocrx_word' id='word_1_732' title='bbox 2218 4696 2451 4751; x_wconf 87' lang='lat' dir='ltr'><strong>essentia</strong></span> <span class='ocrx_word' id='word_1_733' title='bbox 2481 4711 2610 4751; x_wconf 90' lang='lat' dir='ltr'><strong>vero</strong></span> <span class='ocrx_word' id='word_1_734' title='bbox 2636 4697 2843 4763; x_wconf 86' lang='lat' dir='ltr'><strong>species</strong></span> <span class='ocrx_word' id='word_1_735' title='bbox 2863 4699 3126 4765; x_wconf 90' lang='lat' dir='ltr'><strong>quaedam</strong></span> <span class='ocrx_word' id='word_1_736' title='bbox 3158 4695 3416 4751; x_wconf 89' lang='lat' dir='ltr'><strong>bonitatis</strong></span> <span class='ocrx_word' id='word_1_737' title='bbox 3457 4708 3581 4749; x_wconf 88' lang='lat' dir='ltr'><strong>esse</strong></span> <span class='ocrx_word' id='word_1_738' title='bbox 3612 4693 3797 4749; x_wconf 81' lang='lat' dir='ltr'><strong>credi—</strong></span> 
     </span>
    </p>
   </div>
   <div class='ocr_carea' id='block_1_103' title="bbox 2217 4782 3783 4855">
    <p class='ocr_par' dir='ltr' id='par_1_103' title="bbox 2217 4782 3783 4855">
     <span class='ocr_line' id='line_1_103' title="bbox 2217 4782 3783 4855; baseline -0.004 -15"><span class='ocrx_word' id='word_1_739' title='bbox 2217 4794 2334 4853; x_wconf 91' lang='lat' dir='ltr'><strong>tur;</strong></span> <span class='ocrx_word' id='word_1_740' title='bbox 2367 4786 2441 4840; x_wconf 89' lang='lat' dir='ltr'><strong>ita</strong></span> <span class='ocrx_word' id='word_1_741' title='bbox 2468 4787 2700 4841; x_wconf 85' lang='lat' dir='ltr'><strong>essentia</strong></span> <span class='ocrx_word' id='word_1_742' title='bbox 2728 4800 2897 4855; x_wconf 91' lang='lat' dir='ltr'><strong>genus</strong></span> <span class='ocrx_word' id='word_1_743' title='bbox 2941 4795 3024 4841; x_wconf 90' lang='lat' dir='ltr'><strong>est</strong></span> <span class='ocrx_word' id='word_1_744' title='bbox 3064 4788 3223 4841; x_wconf 86' lang='lat' dir='ltr'><strong>vitae.</strong></span> <span class='ocrx_word' id='word_1_745' title='bbox 3268 4785 3539 4854; x_wconf 88' lang='lat' dir='ltr'><strong>Siquidem</strong></span> <span class='ocrx_word' id='word_1_746' title='bbox 3581 4782 3783 4846; x_wconf 86' lang='lat' dir='ltr'><strong>omnia,</strong></span> 
     </span>
    </p>
   </div>
   <div class='ocr_carea' id='block_1_104' title="bbox 2218 4871 3791 4945">
    <p class='ocr_par' dir='ltr' id='par_1_104' title="bbox 2218 4871 3791 4945">
     <span class='ocr_line' id='line_1_104' title="bbox 2218 4871 3791 4945; baseline -0.001 -19"><span class='ocrx_word' id='word_1_747' title='bbox 2218 4887 2356 4941; x_wconf 88' lang='lat' dir='ltr'><strong>quae</strong></span> <span class='ocrx_word' id='word_1_748' title='bbox 2383 4881 2529 4938; x_wconf 87' lang='lat' dir='ltr'><strong>sunt,</strong></span> <span class='ocrx_word' id='word_1_749' title='bbox 2556 4874 2867 4929; x_wconf 88' lang='lat' dir='ltr'><strong>dividuntur</strong></span> <span class='ocrx_word' id='word_1_750' title='bbox 2897 4874 2951 4928; x_wconf 93' lang='lat' dir='ltr'><strong>in</strong></span> <span class='ocrx_word' id='word_1_751' title='bbox 2973 4890 3061 4938; x_wconf 90' lang='lat' dir='ltr'><strong>ea,</strong></span> <span class='ocrx_word' id='word_1_752' title='bbox 3090 4889 3230 4944; x_wconf 89' lang='lat' dir='ltr'><strong>quae</strong></span> <span class='ocrx_word' id='word_1_753' title='bbox 3246 4890 3341 4945; x_wconf 88' lang='lat' dir='ltr'><strong>per</strong></span> <span class='ocrx_word' id='word_1_754' title='bbox 3360 4888 3420 4928; x_wconf 89' lang='lat' dir='ltr'><strong>se</strong></span> <span class='ocrx_word' id='word_1_755' title='bbox 3439 4873 3484 4903; x_wconf 79' lang='lat'><strong>&quot;</strong></span> <span class='ocrx_word' id='word_1_756' title='bbox 3502 4871 3707 4934; x_wconf 86' lang='lat' dir='ltr'><strong>vivunt,</strong></span> <span class='ocrx_word' id='word_1_757' title='bbox 3729 4877 3791 4924; x_wconf 83' lang='lat' dir='ltr'><strong>et</strong></span> 
     </span>
    </p>
   </div>
   <div class='ocr_carea' id='block_1_105' title="bbox 2215 4962 3782 5035">
    <p class='ocr_par' dir='ltr' id='par_1_105' title="bbox 2215 4962 3782 5035">
     <span class='ocr_line' id='line_1_105' title="bbox 2215 4962 3782 5035; baseline 0.001 -19"><span class='ocrx_word' id='word_1_758' title='bbox 2215 4978 2278 5017; x_wconf 87' lang='lat' dir='ltr'><strong>ea</strong></span> <span class='ocrx_word' id='word_1_759' title='bbox 2294 4963 2360 5028; x_wconf 79' lang='lat'><strong>&quot;,</strong></span> <span class='ocrx_word' id='word_1_760' title='bbox 2378 4978 2516 5034; x_wconf 90' lang='lat' dir='ltr'><strong>quae</strong></span> <span class='ocrx_word' id='word_1_761' title='bbox 2543 4979 2640 5035; x_wconf 87' lang='lat' dir='ltr'><strong>per</strong></span> <span class='ocrx_word' id='word_1_762' title='bbox 2663 4965 2778 5021; x_wconf 73' lang='lat' dir='ltr'><strong>se&quot;</strong></span> <span class='ocrx_word' id='word_1_763' title='bbox 2792 4982 2897 5020; x_wconf 90' lang='lat' dir='ltr'><strong>non</strong></span> <span class='ocrx_word' id='word_1_764' title='bbox 2918 4966 3124 5021; x_wconf 83' lang='lat' dir='ltr'><strong>vivunt.</strong></span> <span class='ocrx_word' id='word_1_765' title='bbox 3150 4966 3265 5021; x_wconf 89' lang='lat' dir='ltr'><strong>Non</strong></span> <span class='ocrx_word' id='word_1_766' title='bbox 3287 4966 3425 5020; x_wconf 90' lang='lat' dir='ltr'><strong>enim</strong></span> <span class='ocrx_word' id='word_1_767' title='bbox 3437 4962 3674 5018; x_wconf 81' lang='lat' dir='ltr'><strong>omnis“</strong></span> <span class='ocrx_word' id='word_1_768' title='bbox 3693 4976 3782 5017; x_wconf 84' lang='lat' dir='ltr'><strong>es-</strong></span> 
     </span>
    </p>
   </div>
   <div class='ocr_carea' id='block_1_106' title="bbox 2216 5056 3789 5128">
    <p class='ocr_par' dir='ltr' id='par_1_106' title="bbox 2216 5056 3789 5128">
     <span class='ocr_line' id='line_1_106' title="bbox 2216 5056 3789 5128; baseline 0 -20"><span class='ocrx_word' id='word_1_769' title='bbox 2216 5056 2388 5109; x_wconf 89' lang='lat' dir='ltr'><strong>sentia</strong></span> <span class='ocrx_word' id='word_1_770' title='bbox 2423 5071 2520 5125; x_wconf 86' lang='lat' dir='ltr'><strong>per</strong></span> <span class='ocrx_word' id='word_1_771' title='bbox 2545 5073 2603 5112; x_wconf 90' lang='lat' dir='ltr'><strong>se</strong></span> <span class='ocrx_word' id='word_1_772' title='bbox 2626 5058 2776 5121; x_wconf 85' lang='lat' dir='ltr'><strong>vivit,</strong></span> <span class='ocrx_word' id='word_1_773' title='bbox 2809 5070 2900 5112; x_wconf 90' lang='lat' dir='ltr'><strong>aut</strong></span> <span class='ocrx_word' id='word_1_774' title='bbox 2932 5058 3039 5112; x_wconf 88' lang='lat' dir='ltr'><strong>vita</strong></span> <span class='ocrx_word' id='word_1_775' title='bbox 3068 5068 3170 5113; x_wconf 91' lang='lat' dir='ltr'><strong>est.</strong></span> <span class='ocrx_word' id='word_1_776' title='bbox 3206 5061 3285 5113; x_wconf 81' lang='lat' dir='ltr'><strong>Ac</strong></span> <span class='ocrx_word' id='word_1_777' title='bbox 3307 5073 3402 5128; x_wconf 92' lang='lat' dir='ltr'><strong>per</strong></span> <span class='ocrx_word' id='word_1_778' title='bbox 3430 5057 3532 5112; x_wconf 82' lang='lat' dir='ltr'><strong>hoc</strong></span> <span class='ocrx_word' id='word_1_779' title='bbox 3568 5069 3789 5116; x_wconf 78' lang='lat' dir='ltr'><strong>eorum,</strong></span> 
     </span>
    </p>
   </div>
   <div class='ocr_carea' id='block_1_107' title="bbox 2214 5142 3795 5219">
    <p class='ocr_par' dir='ltr' id='par_1_107' title="bbox 2214 5142 3795 5219">
     <span class='ocr_line' id='line_1_107' title="bbox 2214 5142 3795 5219; baseline 0.005 -26"><span class='ocrx_word' id='word_1_780' title='bbox 2214 5158 2354 5213; x_wconf 86' lang='lat' dir='ltr'><strong>quae</strong></span> <span class='ocrx_word' id='word_1_781' title='bbox 2382 5157 2526 5210; x_wconf 92' lang='lat' dir='ltr'><strong>sunt,</strong></span> <span class='ocrx_word' id='word_1_782' title='bbox 2556 5162 2661 5201; x_wconf 89' lang='lat' dir='ltr'><strong>una</strong></span> <span class='ocrx_word' id='word_1_783' title='bbox 2700 5147 2907 5218; x_wconf 83' lang='lat' dir='ltr'><strong>species</strong></span> <span class='ocrx_word' id='word_1_784' title='bbox 2935 5155 3016 5203; x_wconf 89' lang='lat' dir='ltr'><strong>est</strong></span> <span class='ocrx_word' id='word_1_785' title='bbox 3057 5147 3113 5201; x_wconf 91' lang='lat' dir='ltr'><strong>iu</strong></span> <span class='ocrx_word' id='word_1_786' title='bbox 3160 5148 3264 5215; x_wconf 87' lang='lat' dir='ltr'><strong>his,</strong></span> <span class='ocrx_word' id='word_1_787' title='bbox 3307 5162 3446 5219; x_wconf 88' lang='lat' dir='ltr'><strong>quae</strong></span> <span class='ocrx_word' id='word_1_788' title='bbox 3498 5161 3599 5217; x_wconf 84' lang='lat' dir='ltr'><strong>per</strong></span> <span class='ocrx_word' id='word_1_789' title='bbox 3635 5160 3697 5201; x_wconf 89' lang='lat' dir='ltr'><strong>se</strong></span> <span class='ocrx_word' id='word_1_790' title='bbox 3737 5142 3795 5175; x_wconf 73' lang='lat'><strong>“‘</strong></span> 
     </span>
    </p>
   </div>
   <div class='ocr_carea' id='block_1_108' title="bbox 1818 5273 2505 5337">
    <p class='ocr_par' dir='ltr' id='par_1_108' title="bbox 1818 5273 2505 5337">
     <span class='ocr_line' id='line_1_108' title="bbox 1818 5273 2505 5337; baseline 0.016 -10"><span class='ocrx_word' id='word_1_791' title='bbox 1818 5273 2068 5331; x_wconf 79' lang='lat' dir='ltr'><strong>VARIAE</strong></span> <span class='ocrx_word' id='word_1_792' title='bbox 2105 5276 2505 5337; x_wconf 81' lang='lat' dir='ltr'><strong>LECTIONES.</strong></span> 
     </span>
    </p>
   </div>
   <div class='ocr_carea' id='block_1_109' title="bbox 603 5390 1922 5460">
    <p class='ocr_par' dir='ltr' id='par_1_109' title="bbox 603 5390 1922 5460">
     <span class='ocr_line' id='line_1_109' title="bbox 603 5390 1922 5460; baseline 0.013 -17"><span class='ocrx_word' id='word_1_793' title='bbox 603 5390 623 5424; x_wconf 77' lang='grc' dir='ltr'>ί</span> <span class='ocrx_word' id='word_1_794' title='bbox 648 5391 833 5447; x_wconf 84' lang='lat' dir='ltr'><strong>habere</strong></span> <span class='ocrx_word' id='word_1_795' title='bbox 862 5410 970 5450; x_wconf 88' lang='lat' dir='ltr'><strong>om.</strong></span> <span class='ocrx_word' id='word_1_796' title='bbox 992 5396 1056 5457; x_wconf 84' lang='lat' dir='ltr'><strong>A,</strong></span> <span class='ocrx_word' id='word_1_797' title='bbox 1135 5398 1155 5429; x_wconf 79' lang='lat'>&#39;</span> <span class='ocrx_word' id='word_1_798' title='bbox 1177 5397 1217 5454; x_wconf 91' lang='lat' dir='ltr'>C</span> <span class='ocrx_word' id='word_1_799' title='bbox 1255 5402 1502 5457; x_wconf 86' lang='lat' dir='ltr'><strong>errando.</strong></span> <span class='ocrx_word' id='word_1_800' title='bbox 1579 5403 1692 5458; x_wconf 71' lang='grc' dir='ltr'><strong>ἐει</strong></span> <span class='ocrx_word' id='word_1_801' title='bbox 1719 5420 1828 5459; x_wconf 91' lang='lat' dir='ltr'><strong>om.</strong></span> <span class='ocrx_word' id='word_1_802' title='bbox 1859 5406 1922 5460; x_wconf 81' lang='grc' dir='ltr'><strong>Α.</strong></span> 
     </span>
    </p>
   </div>
   <div class='ocr_carea' id='block_1_110' title="bbox 536 5526 2024 5599">
    <p class='ocr_par' dir='ltr' id='par_1_110' title="bbox 536 5526 2024 5599">
     <span class='ocr_line' id='line_1_110' title="bbox 536 5526 2024 5599; baseline 0.015 -23"><span class='ocrx_word' id='word_1_803' title='bbox 536 5527 579 5599; x_wconf 30' lang='grc'><strong>’.³</strong></span> <span class='ocrx_word' id='word_1_804' title='bbox 604 5526 648 5578; x_wconf 80' lang='grc' dir='ltr'>Α</span> <span class='ocrx_word' id='word_1_805' title='bbox 685 5526 1043 5599; x_wconf 76' lang='lat' dir='ltr'><strong>essentia/iter.</strong></span> <span class='ocrx_word' id='word_1_806' title='bbox 1118 5538 1165 5569; x_wconf 74' lang='lat'><strong>&quot;’</strong></span> <span class='ocrx_word' id='word_1_807' title='bbox 1192 5538 1232 5592; x_wconf 88' lang='lat' dir='ltr'>C</span> <span class='ocrx_word' id='word_1_808' title='bbox 1261 5541 1499 5594; x_wconf 73' lang='lat' dir='ltr'><strong>existenti</strong></span> <span class='ocrx_word' id='word_1_809' title='bbox 1542 5526 1549 5527; x_wconf 16' lang='grc' dir='ltr'>ί</span> <span class='ocrx_word' id='word_1_810' title='bbox 1574 5542 1618 5574; x_wconf 84' lang='grc'><strong>¹⁵</strong></span> <span class='ocrx_word' id='word_1_811' title='bbox 1648 5526 2024 5599; x_wconf 45' lang='lat' dir='ltr'><strong>viréiih’ftig</strong></span> 
     </span>
    </p>
   </div>
   <div class='ocr_carea' id='block_1_111' title="bbox 2000 5408 2501 5469">
    <p class='ocr_par' dir='ltr' id='par_1_111' title="bbox 2000 5408 2501 5469">
     <span class='ocr_line' id='line_1_111' title="bbox 2000 5408 2501 5469; baseline 0.022 -10"><span class='ocrx_word' id='word_1_812' title='bbox 2000 5408 2021 5439; x_wconf 70' lang='lat'><strong>‘</strong></span> <span class='ocrx_word' id='word_1_813' title='bbox 2047 5408 2252 5466; x_wconf 75' lang='lat' dir='ltr'><strong>divinae</strong></span> <span class='ocrx_word' id='word_1_814' title='bbox 2288 5430 2396 5469; x_wconf 91' lang='lat' dir='ltr'><strong>om.</strong></span> <span class='ocrx_word' id='word_1_815' title='bbox 2437 5415 2501 5469; x_wconf 85' lang='lat' dir='ltr'><strong>A.</strong></span> 
     </span>
    </p>
   </div>
   <div class='ocr_carea' id='block_1_112' title="bbox 529 5462 2859 5543">
    <p class='ocr_par' dir='ltr' id='par_1_112' title="bbox 529 5462 2859 5543">
     <span class='ocr_line' id='line_1_112' title="bbox 529 5462 2859 5543; baseline 0.002 -29"><span class='ocrx_word' id='word_1_816' title='bbox 529 5472 640 5543; x_wconf 58' lang='lat' dir='ltr'><strong>opt:</strong></span> <span class='ocrx_word' id='word_1_817' title='bbox 672 5462 758 5513; x_wconf 69' lang='lat' dir='ltr'><strong>A.’</strong></span> <span class='ocrx_word' id='word_1_818' title='bbox 810 5464 1155 5543; x_wconf 36' lang='lat' dir='ltr'><strong>&#39;JAlgradu.“</strong></span> <span class='ocrx_word' id='word_1_819' title='bbox 1202 5472 1232 5543; x_wconf 60' lang='grc' dir='ltr'><strong>ξ</strong></span> <span class='ocrx_word' id='word_1_820' title='bbox 1249 5471 1290 5523; x_wconf 88' lang='lat' dir='ltr'>C</span> <span class='ocrx_word' id='word_1_821' title='bbox 1310 5472 1553 5543; x_wconf 75' lang='lat' dir='ltr'><strong>distenta.</strong></span> <span class='ocrx_word' id='word_1_822' title='bbox 1627 5475 1649 5508; x_wconf 74' lang='grc' dir='ltr'><strong><em>ο</em></strong></span> <span class='ocrx_word' id='word_1_823' title='bbox 1672 5474 1714 5529; x_wconf 76' lang='lat' dir='ltr'><strong>c</strong></span> <span class='ocrx_word' id='word_1_824' title='bbox 1739 5476 1855 5530; x_wconf 69' lang='lat' dir='ltr'><strong>sine</strong></span> <span class='ocrx_word' id='word_1_825' title='bbox 1875 5476 1986 5529; x_wconf 63' lang='grc' dir='ltr'><strong>,ιηο</strong></span> <span class='ocrx_word' id='word_1_826' title='bbox 2008 5462 2719 5543; x_wconf 47' lang='lat' dir='ltr'><strong>&quot;mima&quot;:&quot;&#39;ia&#39;Xeni,,;:m</strong></span> <span class='ocrx_word' id='word_1_827' title='bbox 2737 5462 2804 5520; x_wconf 62' lang='grc' dir='ltr'><strong>ἐἶ’</strong></span> 
     </span>
    </p>
   </div>
   <div class='ocr_carea' id='block_1_113' title="bbox 2105 5547 2641 5620">
    <p class='ocr_par' dir='ltr' id='par_1_113' title="bbox 2105 5547 2641 5620">
     <span class='ocr_line' id='line_1_113' title="bbox 2105 5547 2641 5620; baseline 0.009 -17"><span class='ocrx_word' id='word_1_828' title='bbox 2105 5547 2148 5577; x_wconf 86' lang='grc'><strong>¹⁶</strong></span> <span class='ocrx_word' id='word_1_829' title='bbox 2175 5569 2271 5620; x_wconf 84' lang='lat' dir='ltr'><strong>pro</strong></span> <span class='ocrx_word' id='word_1_830' title='bbox 2300 5570 2421 5609; x_wconf 86' lang='lat' dir='ltr'><strong>nam</strong></span> <span class='ocrx_word' id='word_1_831' title='bbox 2448 5556 2488 5608; x_wconf 87' lang='lat' dir='ltr'><strong><em>C</em></strong></span> <span class='ocrx_word' id='word_1_832' title='bbox 2520 5573 2641 5609; x_wconf 81' lang='lat' dir='ltr'><strong>non.</strong></span> 
     </span>
    </p>
   </div>
   <div class='ocr_carea' id='block_1_114' title="bbox 2580 5416 3778 5485">
    <p class='ocr_par' dir='ltr' id='par_1_114' title="bbox 2580 5416 3778 5485">
     <span class='ocr_line' id='line_1_114' title="bbox 2580 5416 3778 5485; baseline 0.001 -14"><span class='ocrx_word' id='word_1_833' title='bbox 2580 5416 2601 5449; x_wconf 79' lang='grc'>³</span> <span class='ocrx_word' id='word_1_834' title='bbox 2626 5417 2804 5480; x_wconf 87' lang='lat' dir='ltr'><strong>Corr.,</strong></span> <span class='ocrx_word' id='word_1_835' title='bbox 2841 5419 2881 5473; x_wconf 79' lang='grc' dir='ltr'>Α</span> <span class='ocrx_word' id='word_1_836' title='bbox 2911 5421 3146 5485; x_wconf 81' lang='lat' dir='ltr'><strong>climata,</strong></span> <span class='ocrx_word' id='word_1_837' title='bbox 3174 5421 3215 5474; x_wconf 84' lang='lat' dir='ltr'><strong>B</strong></span> <span class='ocrx_word' id='word_1_838' title='bbox 3248 5421 3463 5475; x_wconf 80' lang='lat' dir='ltr'><strong>bimam.</strong></span> <span class='ocrx_word' id='word_1_839' title='bbox 3538 5420 3559 5452; x_wconf 78' lang='grc'><strong>⁸</strong></span> <span class='ocrx_word' id='word_1_840' title='bbox 3582 5421 3680 5475; x_wconf 85' lang='lat' dir='ltr'><strong>Imc</strong></span> <span class='ocrx_word' id='word_1_841' title='bbox 3704 5426 3778 5472; x_wconf 77' lang='lat' dir='ltr'><strong>est</strong></span> 
     </span>
    </p>
   </div>
   <div class='ocr_carea' id='block_1_115' title="bbox 2890 5490 3775 5560">
    <p class='ocr_par' dir='ltr' id='par_1_115' title="bbox 2890 5490 3775 5560">
     <span class='ocr_line' id='line_1_115' title="bbox 2890 5490 3775 5560; baseline -0.007 -16"><span class='ocrx_word' id='word_1_842' title='bbox 2890 5506 2943 5558; x_wconf 77' lang='grc' dir='ltr'><strong>ρ.</strong></span> <span class='ocrx_word' id='word_1_843' title='bbox 2973 5492 3218 5560; x_wconf 77' lang='lat' dir='ltr'><strong>seipsam.</strong></span> <span class='ocrx_word' id='word_1_844' title='bbox 3299 5492 3340 5523; x_wconf 80' lang='lat'>“</span> <span class='ocrx_word' id='word_1_845' title='bbox 3374 5491 3415 5542; x_wconf 66' lang='grc' dir='ltr'><strong>(ἶ</strong></span> <span class='ocrx_word' id='word_1_846' title='bbox 3441 5490 3590 5544; x_wconf 73' lang='lat' dir='ltr'><strong>valde</strong></span> <span class='ocrx_word' id='word_1_847' title='bbox 3618 5492 3775 5560; x_wconf 70' lang='lat' dir='ltr'><strong>bona.</strong></span> 
     </span>
    </p>
   </div>
   <div class='ocr_carea' id='block_1_116' title="bbox 2741 5556 3777 5623">
    <p class='ocr_par' dir='ltr' id='par_1_116' title="bbox 2741 5556 3777 5623">
     <span class='ocr_line' id='line_1_116' title="bbox 2741 5556 3777 5623; baseline -0.005 -11"><span class='ocrx_word' id='word_1_848' title='bbox 2741 5559 2781 5590; x_wconf 84' lang='grc'>¹⁷</span> <span class='ocrx_word' id='word_1_849' title='bbox 2813 5556 2985 5613; x_wconf 77' lang='lat' dir='ltr'><strong>autem</strong></span> <span class='ocrx_word' id='word_1_850' title='bbox 3031 5556 3137 5614; x_wconf 78' lang='grc' dir='ltr'>όιιι.</span> <span class='ocrx_word' id='word_1_851' title='bbox 3188 5562 3251 5614; x_wconf 83' lang='grc' dir='ltr'><strong>Α.</strong></span> <span class='ocrx_word' id='word_1_852' title='bbox 3365 5561 3466 5613; x_wconf 82' lang='grc' dir='ltr'><strong>¹⁸Α</strong></span> <span class='ocrx_word' id='word_1_853' title='bbox 3513 5575 3624 5612; x_wconf 88' lang='lat' dir='ltr'><strong>om.</strong></span> <span class='ocrx_word' id='word_1_854' title='bbox 3672 5556 3777 5623; x_wconf 76' lang='lat' dir='ltr'><strong>dif—</strong></span> 
     </span>
    </p>
   </div>
   <div class='ocr_carea' id='block_1_117' title="bbox 532 5595 3770 5699">
    <p class='ocr_par' dir='ltr' id='par_1_117' title="bbox 532 5595 3770 5699">
     <span class='ocr_line' id='line_1_117' title="bbox 1685 5595 3768 5614; baseline 0.008 -13"><span class='ocrx_word' id='word_1_855' title='bbox 1685 5595 1690 5596; x_wconf 43' lang='grc' dir='ltr'><em>γ</em></span> <span class='ocrx_word' id='word_1_856' title='bbox 1739 5595 1746 5597; x_wconf 86' lang='grc'><strong>-</strong></span> <span class='ocrx_word' id='word_1_857' title='bbox 1889 5595 1897 5597; x_wconf 60' lang='grc' dir='ltr'><em>ν</em></span> <span class='ocrx_word' id='word_1_858' title='bbox 1949 5595 2024 5599; x_wconf 69' lang='grc' dir='ltr'><strong><em>--ν-</em></strong></span> <span class='ocrx_word' id='word_1_859' title='bbox 2193 5595 2270 5607; x_wconf 73' lang='grc' dir='ltr'><strong>νιν</strong></span> <span class='ocrx_word' id='word_1_860' title='bbox 2300 5595 2421 5609; x_wconf 66' lang='grc' dir='ltr'><strong>..κ-ιο</strong></span> <span class='ocrx_word' id='word_1_861' title='bbox 2451 5595 2488 5608; x_wconf 81' lang='grc' dir='ltr'>υ</span> <span class='ocrx_word' id='word_1_862' title='bbox 2520 5595 2641 5609; x_wconf 71' lang='grc' dir='ltr'><strong>σου-σο</strong></span> <span class='ocrx_word' id='word_1_863' title='bbox 2813 5595 2985 5613; x_wconf 64' lang='lat' dir='ltr'><strong>usu-ous</strong></span> <span class='ocrx_word' id='word_1_864' title='bbox 3031 5595 3098 5613; x_wconf 82' lang='grc'><strong>1111</strong></span> <span class='ocrx_word' id='word_1_865' title='bbox 3126 5602 3137 5613; x_wconf 73' lang='grc' dir='ltr'><em>ε</em></span> <span class='ocrx_word' id='word_1_866' title='bbox 3188 5595 3251 5614; x_wconf 72' lang='lat' dir='ltr'><strong>(Io</strong></span> <span class='ocrx_word' id='word_1_867' title='bbox 3431 5595 3466 5613; x_wconf 66' lang='grc' dir='ltr'><strong>τι</strong></span> <span class='ocrx_word' id='word_1_868' title='bbox 3513 5595 3624 5612; x_wconf 70' lang='lat' dir='ltr'><strong>Vl&quot;.</strong></span> <span class='ocrx_word' id='word_1_869' title='bbox 3672 5595 3723 5614; x_wconf 74' lang='grc' dir='ltr'><strong>η’</strong></span> <span class='ocrx_word' id='word_1_870' title='bbox 3755 5595 3768 5597; x_wconf 64' lang='grc'>⁷</span> 
     </span>
     <span class='ocr_line' id='line_1_118' title="bbox 532 5595 3770 5699; baseline 0.01 -53"><span class='ocrx_word' id='word_1_871' title='bbox 532 5595 880 5694; x_wconf 46' lang='lat' dir='ltr'><strong>gerendisque.</strong></span> <span class='ocrx_word' id='word_1_872' title='bbox 945 5602 1001 5699; x_wconf 47' lang='grc' dir='ltr'><strong>λ’</strong></span> <span class='ocrx_word' id='word_1_873' title='bbox 1030 5605 1467 5699; x_wconf 60' lang='lat' dir='ltr'><strong>Auaccirlemibus</strong></span> <span class='ocrx_word' id='word_1_874' title='bbox 1488 5628 1727 5699; x_wconf 42' lang='lat' dir='ltr'><strong>quoque.</strong></span> <span class='ocrx_word' id='word_1_875' title='bbox 1803 5614 1849 5645; x_wconf 71' lang='lat'><strong>’°</strong></span> <span class='ocrx_word' id='word_1_876' title='bbox 1877 5616 2121 5699; x_wconf 58' lang='lat' dir='ltr'><strong>bonitatis</strong></span> <span class='ocrx_word' id='word_1_877' title='bbox 2149 5595 2258 5677; x_wconf 58' lang='lat' dir='ltr'><strong>olm.</strong></span> <span class='ocrx_word' id='word_1_878' title='bbox 2284 5624 2328 5677; x_wconf 81' lang='grc' dir='ltr'>Α</span> <span class='ocrx_word' id='word_1_879' title='bbox 2404 5626 2446 5656; x_wconf 86' lang='grc'><strong>²¹</strong></span> <span class='ocrx_word' id='word_1_880' title='bbox 2476 5643 2509 5678; x_wconf 88' lang='lat' dir='ltr'><strong>a</strong></span> <span class='ocrx_word' id='word_1_881' title='bbox 2556 5640 2664 5679; x_wconf 91' lang='lat' dir='ltr'><strong>om.</strong></span> <span class='ocrx_word' id='word_1_882' title='bbox 2696 5627 2756 5681; x_wconf 90' lang='lat' dir='ltr'><strong>C.</strong></span> <span class='ocrx_word' id='word_1_883' title='bbox 2834 5631 2878 5661; x_wconf 82' lang='grc'>¹²</span> <span class='ocrx_word' id='word_1_884' title='bbox 2913 5647 3003 5699; x_wconf 82' lang='lat' dir='ltr'><strong>per</strong></span> <span class='ocrx_word' id='word_1_885' title='bbox 3029 5647 3083 5685; x_wconf 76' lang='lat' dir='ltr'><strong>se</strong></span> <span class='ocrx_word' id='word_1_886' title='bbox 3105 5595 3241 5686; x_wconf 52' lang='lat' dir='ltr'><strong>Ioui.</strong></span> <span class='ocrx_word' id='word_1_887' title='bbox 3272 5631 3338 5685; x_wconf 79' lang='grc' dir='ltr'><strong>Δ.</strong></span> <span class='ocrx_word' id='word_1_888' title='bbox 3416 5629 3460 5662; x_wconf 80' lang='grc'><em>³³</em></span> <span class='ocrx_word' id='word_1_889' title='bbox 3486 5645 3548 5682; x_wconf 71' lang='grc' dir='ltr'><em>θα</em></span> <span class='ocrx_word' id='word_1_890' title='bbox 3572 5645 3680 5684; x_wconf 89' lang='lat' dir='ltr'><strong>om.</strong></span> 
     </span>
    </p>
   </div>
   <div class='ocr_carea' id='block_1_118' title="bbox 536 5664 2114 5751">
    <p class='ocr_par' dir='ltr' id='par_1_118' title="bbox 536 5664 2114 5751">
     <span class='ocr_line' id='line_1_119' title="bbox 536 5664 2114 5751; baseline 0.014 -35"><span class='ocrx_word' id='word_1_891' title='bbox 536 5664 582 5694; x_wconf 75' lang='lat'>“</span> <span class='ocrx_word' id='word_1_892' title='bbox 614 5681 703 5731; x_wconf 81' lang='lat' dir='ltr'><strong>per</strong></span> <span class='ocrx_word' id='word_1_893' title='bbox 729 5664 783 5720; x_wconf 69' lang='lat' dir='ltr'><strong>se</strong></span> <span class='ocrx_word' id='word_1_894' title='bbox 805 5684 913 5721; x_wconf 82' lang='lat' dir='ltr'><strong>om.</strong></span> <span class='ocrx_word' id='word_1_895' title='bbox 937 5670 1002 5724; x_wconf 85' lang='lat' dir='ltr'><strong>A.</strong></span> <span class='ocrx_word' id='word_1_896' title='bbox 1079 5674 1125 5705; x_wconf 77' lang='lat'>&quot;</span> <span class='ocrx_word' id='word_1_897' title='bbox 1153 5678 1320 5730; x_wconf 77' lang='lat' dir='ltr'><strong>omnis</strong></span> <span class='ocrx_word' id='word_1_898' title='bbox 1352 5695 1457 5733; x_wconf 91' lang='lat' dir='ltr'><strong>om.</strong></span> <span class='ocrx_word' id='word_1_899' title='bbox 1585 5664 1593 5666; x_wconf 23' lang='grc'><strong><em>⁷</em></strong></span> <span class='ocrx_word' id='word_1_900' title='bbox 1621 5664 1668 5714; x_wconf 56' lang='grc'><strong>³⁸</strong></span> <span class='ocrx_word' id='word_1_901' title='bbox 1688 5664 1791 5751; x_wconf 64' lang='lat' dir='ltr'><strong>per</strong></span> <span class='ocrx_word' id='word_1_902' title='bbox 1828 5664 1887 5738; x_wconf 8' lang='lat' dir='ltr'><strong>sei</strong></span> <span class='ocrx_word' id='word_1_903' title='bbox 1910 5664 2017 5741; x_wconf 70' lang='lat' dir='ltr'><strong>om.</strong></span> <span class='ocrx_word' id='word_1_904' title='bbox 2050 5685 2114 5738; x_wconf 84' lang='lat' dir='ltr'><strong>A.</strong></span> 
     </span>
    </p>
   </div>
  </div>
