4236 6274
422 343 531 402 629
1271 331 1368 388 Ε
1396 324 1742 386 mm
1776 319 2133 379 PtATURAE.
2184 347 2244 359 —
2279 315 2482 372 LIBER
2517 311 2842 371 TERTIUS.
3592 291 3699 363 630

420 452 857 514 Multas
880 456 1038 514 um,
1058 446 1232 503 mra
1256 445 1312 499 in
1334 445 1444 507 bis,
1472 457 1614 512 quae
1640 453 1741 494 nec
1766 454 1863 508 per
1886 452 1945 491 se
1987 437 2005 467 ¹
2037 440 2085 497 Α
2117 435 2239 486 dem
2276 443 2486 484 summa
2516 434 2600 481 est
2621 422 2923 494 aequalitas
2949 437 3013 476 ac
3036 419 3179 474 nulla
3201 418 3510 480 diversitas.
3537 418 3592 473 in
3617 417 3704 473 his

427 548 601 601 vitam
625 541 973 613 participant,
1009 550 1110 592 nec
1135 536 1245 590 vita
1281 542 1424 587 sunt.
1455 509 1566 586 Hoc
1589 543 1805 599 quoque
1834 528 1889 581 iu
1930 536 2050 581 se-‘
2118 538 2249 578 vero
2287 520 2567 589 multiplex
2616 527 2671 573 et
2718 515 2925 569 inﬁnita
2971 511 3396 567 diﬂ'erentiarum
3445 509 3699 563 varietas.

433 637 726 709 quentibus
756 640 935 704 potest
954 629 1167 700 inspici.
1199 626 1336 681 Nam
1383 626 1495 679 vita
1539 622 1809 693 quoddam
1848 635 2017 691 genus

435 726 661 783 rationis
690 732 791 780 est.
816 721 1007 778 Omnia
1054 719 1341 788 siquidem,
1368 731 1513 785 quae
1549 714 1755 777 vivunt,
1783 720 1880 766 aut
1924 726 2014 765 ra-

436 814 710 874 tionabilis
739 821 888 877 sunt,
914 819 1010 865 aut
1036 806 1450 864 irrationabilia.
1499 804 1580 859 Ac
1623 797 1722 873 per
1763 802 1867 856 hoc
1910 813 2017 853 una

433 907 643 977 species
668 904 811 958 vitae
832 910 919 958 est
948 899 1254 963 rationalis,
1285 897 1457 953 altera
1477 891 1806 951 irrationalis
1835 891 1878 945 ².
1906 889 2017 943 Rs-

434 996 601 1053 tionis
634 995 760 1050 item
800 993 1000 1064 duplex
1044 990 1257 1061 species
1302 987 1528 1052 arridet,
1572 1000 1678 1039 una
1728 981 2017 1054 sapientia,

432 1087 603 1141 altera
641 1084 892 1142 scientia.
943 1082 1224 1154 Sapientia
1279 1094 1513 1150 namque
1558 1076 1777 1150 proprie
1824 1074 2022 1130 dicitur

433 1178 615 1232 virtus
642 1175 753 1243 illa,
785 1191 892 1247 qua
922 1172 1376 1244 contemplativus
1402 1172 1640 1235 animus,
1668 1170 1786 1224 sive
1826 1168 2021 1224 huma-

436 1284 566 1335 nus,
595 1268 709 1323 sive
732 1267 1029 1337 angelicus,
1057 1264 1259 1328 divina,
1287 1271 1505 1318 aeterna
1525 1270 1582 1316 et
1608 1257 2023 1315 incommutabi—

438 1360 513 1416 lia
562 1359 903 1424 considerat;
961 1357 1077 1412 sive
1114 1356 1259 1412 circa
1284 1354 1517 1424 primam
1539 1352 1778 1407 omnium
1804 1363 2024 1404 causam

440 1461 714 1517 versetur,
736 1452 850 1507 sive
877 1451 1022 1506 circa
1047 1447 1429 1519 primordiales
1449 1460 1630 1501 rerum
1654 1458 1869 1509 causas,
1887 1457 2027 1511 quas

444 1540 608 1596 Pater
642 1542 694 1595 in
720 1538 897 1595 Verbo
925 1554 1023 1596 suo
1046 1536 1215 1594 semel
1260 1536 1528 1606 simulque
1578 1534 1841 1599 condidit,
1886 1547 2028 1603 quae

444 1633 655 1702 species
704 1630 932 1687 rationis
985 1646 1017 1685 a
1058 1629 1393 1699 sapientibus
1434 1627 1704 1697 theologia
1738 1626 2026 1683 vocitatur.

444 1723 683 1779 Scientia
707 1737 836 1777 vero
878 1731 964 1777 est
1008 1722 1211 1787 virtus,
1267 1736 1372 1791 qua
1413 1721 1748 1777 theoreticus
1791 1720 2028 1783 animus,

2119 614 2226 669 Sed
2259 612 2386 682 quid
2439 609 2512 664 sit
2550 605 2918 679 participatio,
2965 603 3203 657 nomium
3260 599 3531 669 intelligo,
3588 596 3707 653 sine

2117 706 2272 775 cujus
2301 701 2655 770 intelligentia
2684 711 2846 752 nemo
2874 700 3055 765 potest
3080 691 3358 761 praedicta
3401 691 3469 743 ad
3511 702 3705 757 purum

2119 800 2462 869 dignoscere,
2489 801 2551 848 ut
2572 790 2834 847 arbitror.
2867 786 3009 842 MAG.
3062 784 3236 840 Omne
3276 780 3420 851 quod
3471 786 3587 845 est,
3615 785 3711 832 aut

2119 889 2478 961 participans,
2505 893 2600 939 aut
2638 879 3041 952 participatum,
3070 882 3163 929 aut
3213 869 3560 943 participatio
3600 877 3709 932 est,

2120 960 2214 1035 aut
2242 975 2626 1049 participatum
2645 971 2806 1027 simul
2819 979 2877 1026 et
2893 968 2933 1002 ¹¹
2951 965 3304 1038 participans.
3320 960 3713 1030 Participatum

2120 1071 2461 1128 solummodo
2485 1066 2752 1147 est,quod
2780 1062 2987 1119 nullum
3024 1057 3276 1129 superius
3313 1070 3372 1111 se
3398 1051 3712 1125 participat,

2121 1164 2265 1235 quod
2290 1162 2361 1217 de
2386 1143 2686 1216 summo-ac
2707 1155 2823 1212 solo
2843 1153 3083 1235 omnium
3106 1148 3391 1220 principio,
3407 1145 3548 1216 quod
3572 1143 3715 1199 Deus

2122 1228 2227 1322 est,
2264 1262 2411 1312 recte
2454 1249 2788 1320 intelligitur.
2814 1228 3014 1317 Ipsum.
3046 1241 3315 1311 siquidem
3338 1236 3544 1299 omnia,
3569 1247 3712 1305 quae

2125 1348 2194 1402 ab
2215 1361 2282 1416 eo
2302 1351 2448 1409 sunt,
2473 1339 2828 1411 participant,
2859 1331 3123 1404 quaedam
3161 1327 3378 1399 quidem
3401 1323 3717 1380 immediate

2124 1410 2452 1508 perseipsa,
2480 1410 2749 1501 quaedam
2779 1440 2910 1481 vero
2934 1437 3031 1493 per
3061 1419 3379 1475 medietates
3428 1410 3722 1481 interposi-

2129 1539 2233 1584 tas.
2271 1524 2609 1592 Partieipans
2635 1533 2769 1574 vero
2798 1513 3136 1572 solummodo
3157 1518 3260 1576 εει,
3298 1508 3442 1578 quod
3464 1517 3627 1574 supra
3656 1517 3719 1556 se

2129 1615 2451 1677 naturaliter
2474 1591 2830 1668 constitutum
2854 1604 3161 1677 participat,
3191 1616 3223 1655 a
3244 1598 3390 1654 nullo
3410 1609 3542 1651 vero
3569 1591 3712 1648 infra

2131 1727 2193 1768 se
2213 1709 2390 1781 posito
2417 1704 2791 1777 participatur,
2818 1698 3073 1768 quoniam
3104 1693 3240 1750 inira
3277 1706 3337 1746 se
3376 1687 3553 1743 nullus
3582 1683 3717 1740 ordo

441 1814 555 1868 sive
579 1814 871 1877 humanus,
902 1812 1020 1868 sive
1065 1812 1359 1883 augelicus,
1388 1813 1456 1866 de
1499 1818 1692 1866 natura
1737 1824 2030 1873 rerum,ex
2063 1792 2107 1851 Β
2135 1801 2399 1860 naturalis
2452 1796 2753 1859 invenitur;
2804 1791 2946 1849 sicut
2988 1795 3116 1844 sunt
3176 1796 3442 1853 corpora,
3484 1791 3715 1848 quorum

441 1902 884 1975 primordialibus
911 1903 1090 1960 causis
1133 1903 1540 1974 procedentium
1589 1916 1688 1971 per
1728 1900 2035 1972 generatio—

444 2011 590 2058 nem,
621 1995 787 2065 inque
810 2009 1009 2065 genera
1044 2010 1109 2049 ac
1134 1993 1341 2064 species
1370 1993 1666 2047 divisarum
1689 2032 1703 2056 ,
1743 2006 1842 2061 per
1883 1988 2038 2044 diﬂ‘e-

447 2087 676 2152 rentias,
718 2095 776 2139 et
815 2086 1174 2156 proprietates
1230 2090 1442 2149 tractat,
1497 2083 1613 2137 sive
1663 2080 2036 2136 accidentibus

448 2177 783 2242 succumbat,
801 2176 923 2260 sive
944 2175 1024 2230 eis
1048 2183 1265 2240 careat,
1313 2173 1433 2228 sive
1477 2170 1796 2241 corporibus
1840 2168 2037 2238 adjun—

451 2275 562 2331 cta,
589 2266 705 2321 sive
743 2266 959 2335 penitus
995 2265 1064 2319 ab
1088 2265 1169 2318 eis
1196 2263 1396 2327 libera“,
1442 2261 1554 2317 sive
1579 2260 1714 2315 locis
1739 2267 1795 2315 et
1825 2268 2035 2327 tempo-

454 2358 604 2413 ribus
627 2358 935 2424 distributa,
962 2355 1078 2411 sive
1106 2354 1247 2410 ultra
1276 2354 1393 2409 ioca
1417 2361 1474 2408 et
1510 2361 1752 2422 tempora
1782 2349 1866 2405 sui
1903 2349 2039 2403 sim—

455 2447 697 2516 plicitate
754 2446 905 2500 unita
969 2453 1133 2515 atque
1190 2442 1590 2512 inseparabilis.
1641 2439 1792 2507 Quae
1832 2437 2041 2508 species

458 2535 690 2591 rationis
717 2534 950 2606 Physica
972 2534 1192 2589 dicitur.
1231 2531 1330 2587 Est
1379 2531 1524 2587 enim
1550 2530 1782 2600 Physica
1825 2536 2043 2583 natura-

457 2640 580 2679 rum
602 2625 853 2680 sensibus
880 2622 1349 2691 intellectibusque
1378 2618 1846 2676 succumbentium
1886 2623 2043 2670 natu-

456 2715 587 2769 ralis
611 2714 862 2777 scientia,
889 2728 1053 2783 quam
1083 2726 1299 2782 semper
1346 2711 1591 2781 sequitur
1632 2723 1843 2763 morum
1885 2704 2045 2761 disci-

454 2807 620 2876 plina.
648 2804 716 2860 Et
739 2805 782 2859 si
800 2805 922 2874 quis
955 2803 1198 2858 intentus
1226 2801 1411 2867 fuerit,
1433 2801 1659 2856 eandem
1683 2799 1920 2870 regulam
1949 2806 2045 2853 aut

459 2897 515 2951 iu
543 2897 816 2962 omnibus,
848 2905 942 2950 aut
966 2897 1019 2950 in
1050 2894 1236 2949 multis
1276 2891 1712 2964 primordialibus
1750 2890 1930 2946 causis
1953 2905 2045 2944 re-

461 2989 665 3059 periet;
709 3004 818 3043 non
843 2987 1009 3057 quod,
1032 2995 1092 3041 ut
1113 2987 1374 3050 arbitror,
1404 2981 1828 3055 primordialium
1854 2996 2045 3036 causa-

462 3093 583 3131 rum
620 3077 885 3146 quaedam
933 3076 1149 3145 quidem
1198 3074 1538 3146 generaliora
1596 3072 1723 3135 sint,
1776 3072 2042 3141 ‘quaedam

2135 1891 2550 1967 participatione
2579 1884 2722 1940 nulla
2754 1896 2933 1937 rerum
2987 1874 3266 1938 subsistit;
3297 1886 3403 1926 non
3429 1868 3573 1924 enim
3604 1880 3723 1920 um—

2136 1953 2267 2041 bras
2332 1981 2473 2035 inter
2552 1974 2907 2029 subsistentes
2961 1981 3049 2021 res
3093 1970 3560 2019 connumeramus.
3587 1953 3724 2009 Cor-

2135 2087 2270 2145 pora
2292 2085 2438 2124 nunc
2466 2067 2510 2099 ³²
2536 2065 2682 2129 dico,
2730 2077 2838 2117 non
2869 2059 2956 2114 illa
2983 2053 3267 2126 simplicia,
3317 2043 3628 2106 invisibilia,
3672 2049 3728 2097 et

2140 2135 2488 2233 universalia,
2517 2158 2611 2213 sed
2643 2155 2755 2219 illa,
2781 2165 2922 2221 quae
2963 2162 3033 2204 ex
3064 2146 3195 2215 ipsis
3239 2149 3366 2199 sunt
3405 2135 3729 2206 composita,

2140 2225 2499 2320 sensibusque
2554 2255 2611 2302 et
2652 2240 3009 2313 corruptioui,
3042 2238 3145 2293 hoc
3189 2227 3579 2298 est,.solutioni
3629 2225 3724 2279 obs

2140 2346 2347 2403 noxia:
2390 2350 2572 2397 cetera
2618 2351 2775 2401 vero,
2823 2340 3176 2403 quaecunque
3228 2323 3297 2380 ab
3346 2336 3453 2376 uno
3488 2316 3733 2374 omnium

2140 2433 2409 2509 principio
2444 2446 2542 2501 per
2563 2425 2840 2483 naturales
2867 2419 3250 2479 descensiones
3297 2412 3606 2486 gradusque
3644 2405 3729 2461 di-

2141 2501 2269 2583 vina
2317 2501 2586 2593 sapientia
2636 2517 2952 2577 ordinatos,
2983 2525 3155 2580 usque
3227 2506 3294 2563 ad
3332 2501 3731 2559 extremitatem

2145 2617 2312 2674 totius
2336 2588 2588 2676 naturae,
2611 2622 2717 2678 qua
2762 2617 2992 2673 corpora
3044 2594 3492 2659 eontinentur,iu
3549 2588 3732 2645 medio

2145 2715 2271 2762 sunt
2298 2702 2612 2765 constituta,
2635 2705 2691 2752 et
2715 2689 3115 2765 participantia,
3145 2695 3202 2741 et
3256 2682 3576 2756 participata
3598 2684 3726 2732 sunt

2145 2807 2204 2857 et
2262 2801 2551 2850 vocantur.
2600 2782 3073 2843 Excellentissima
3121 2788 3378 2843 namque,
3404 2773 3546 2826 inter
3586 2780 3727 2837 quae

2146 2900 2199 2948 et
2225 2902 2492 2946 summmu
2520 2885 2721 2942 bonum
2748 2876 2998 2948 superius
3022 2872 3170 2928 nulla
3200 2878 3450 2925 creatura
3492 2864 3734 2929 interpo-

2148 2984 2250 3038 sita
2277 2988 2383 3045 est,
2408 2975 2719 3032 immediate
2748 2972 2917 3025 Deum
2961 2961 3312 3036 participant,
3339 2965 3388 3012 et
3419 2960 3547 3009 sunt.
3580 2950 3735 3020 priu-

2148 3073 2288 3143 cipia
2313 3069 2556 3126 omnium
2583 3078 2785 3127 rerum,
2811 3062 2916 3116 hoc
2964 3064 3073 3122 est,
3090 3046 3467 3125 primordiales
3512 3053 3735 3105 causae,

463 3184 597 3223 vero
626 3168 649 3199 ³
681 3168 1032 3239 specialiora;
1085 3167 1206 3222 talis
1229 3167 1372 3222 enim
1399 3165 1756 3235 inaequalitas
1803 3166 1826 3196 δ
1858 3165 1912 3218 in
1937 3165 2042 3229 his,
2072 3140 2118 3203 Ο
2147 3132 2293 3220 circa
2324 3170 2381 3217 et
2404 3167 2525 3231 post
2568 3169 2735 3212 unum
2762 3148 3087 3222 principium
3119 3138 3425 3199 universale
3469 3132 3737 3190 constitu—

466 3258 740 3328 inquibus
768 3274 978 3313 summa
1006 3258 1203 3323 unitas,
1227 3266 1284 3312 et
1310 3270 1517 3312 summa
1540 3255 1839 3326 aequalitas
1858 3255 2044 3322 pollet,

464 3353 810 3422 impossibilis
845 3353 888 3417 ⁸,
922 3362 982 3407 ut
1010 3352 1262 3416 arbitror,
1290 3360 1372 3407 est
1391 3351 1431 3417 °;
1469 3351 1562 3406 sed
1593 3352 1717 3419 quia
1744 3350 1797 3404 in
1838 3348 2047 3404 effecti-

461 3444 563 3498 bus
580 3458 767 3498 earum
811 3442 996 3512 plures
1045 3441 1489 3511 participationcs
1539 3440 1795 3506 aliarum,
1821 3438 2047 3492 aliarum

460 3549 590 3588 vero
612 3533 901 3604 pauciores
921 3532 1340 3602 contemplantis
1357 3532 1590 3595 animus,
1609 3543 1900 3598 rerumque
1914 3528 2051 3583 mul-

466 3623 627 3693 tiplex
656 3622 850 3679 divisio
880 3623 1108 3677 invenit.
1152 3621 1558 3693 Multipliciores
1608 3621 1873 3690 siquidem
1924 3625 2051 3673 sunt

466 3714 911 3784 participationes
955 3728 1054 3783 per
1102 3714 1334 3784 seipsam
1399 3713 1697 3776 bonitatis,
1746 3725 1907 3780 quam
1955 3723 2054 3779 per

469 3807 700 3874 seipsam
742 3805 1232 3861 essentiaezunam
1279 3804 1494 3873 quidem
1533 3801 1858 3873 participant
1913 3814 2053 3869 quae

471 3905 618 3960 sunt,
640 3904 694 3951 et
724 3910 865 3966 quae
911 3909 1018 3950 non
1064 3903 1220 3961 sunt;
1273 3895 1498 3948 alteram
1547 3909 1676 3948 vero
1717 3891 2052 3948 solummodo

471 4002 610 4056 quae
631 3995 777 4042 sunt.
824 3987 1026 4042 Eodem
1058 3988 1217 4042 modo
1257 3987 1326 4042 de
1358 3986 1558 4041 ceteris
1582 3985 1866 4055 principiis
1895 3984 2053 4039 intel-

470 4078 638 4148 ligere
664 4093 772 4133 non
815 4078 1047 4134 alienum
1095 4086 1181 4133 est
1224 4092 1255 4131 a
1291 4078 1542 4133 veritate.
1582 4077 1886 4133 Essentiam
1921 4090 2054 4144 quo-

471 4182 577 4238 que
609 4168 631 4200 ⁷
678 4167 1009 4238 participant
1029 4183 1169 4239 quae
1193 4168 1402 4235 vivunt,
1429 4176 1646 4238 etquae
1687 4184 1794 4223 non
1832 4168 2051 4234 vivunt;

469 4258 634 4312 vitam
664 4273 794 4313 vero
818 4258 1158 4314 solummodo
1182 4273 1324 4328 quae
1349 4259 1558 4314 vivunt.
1603 4258 1782 4313 Vitam
1825 4258 2055 4328 partici-

469 4356 601 4415 pant
652 4348 996 4403 rationabilis
1041 4357 1097 4403 et
1146 4347 1570 4412 irrationabilia;
1628 4346 1895 4401 rationem
1924 4361 2057 4402 vero

474 4436 586 4489 sola
611 4437 975 4491 rationabilis.
1011 4437 1296 4494 Rationem
1325 4438 1655 4507 participant
1696 4436 1966 4506 sapientia
2000 4444 2056 4491 et

474 4527 728 4594 scientia;
780 4528 1106 4598 sapientiam
1142 4544 1275 4586 vero
1321 4529 1421 4585 soli
1469 4529 1544 4584 illi
1598 4529 1920 4595 intellectus,
1965 4529 2058 4599 qui

473 4620 617 4673 circa
645 4619 814 4674 Deum
847 4620 989 4676 ultra
1011 4634 1227 4676 omnem
1256 4629 1505 4676 naturam
1528 4621 1823 4677 visibilium
1846 4632 1902 4677 et
1927 4622 2061 4677 invio

473 4710 732 4778 sibiiium,
755 4720 813 4768 et
844 4721 1001 4767 extra
1031 4712 1238 4783 seipsas
1266 4723 1487 4768 aeterno
1513 4721 1567 4769 et
1599 4712 1859 4770 ineti‘abili
1885 4724 2058 4779 motu,

475 4817 530 4861 et
556 4809 700 4863 circa
748 4824 932 4865 rerum
958 4811 1224 4880 principia
1269 4811 1559 4869 volvuntur
1605 4814 1650 4867 ⁸.
1698 4813 1778 4869 Ac
1821 4828 1921 4885 per
1958 4815 2062 4869 hoc

480 4910 585 4950 non
611 4898 664 4951 in
712 4899 845 4969 ipsis
887 4915 1072 4955 rerum
1126 4903 1410 4973 principiis
1457 4920 1657 4974 genera
1695 4906 1780 4960 vel
1829 4905 2059 4975 species,

482 4982 759 5053 pluralitas
781 4991 1137 5062 paueitasque
1157 4993 1182 5025 ’
1207 4993 1469 5049 intuenda
1490 5003 1637 5061 sunt,
1665 4996 1760 5050 sed
1789 5009 1895 5049 non
1941 4995 1987 5027 ¹⁰
2009 4996 2064 5050 in

483 5087 677 5179 eorum
699 5081 1223 5179 participationibus,
1251 5085 1358 5141 hoc
1378 5093 1484 5151 est,
1517 5101 1624 5141 non
1656 5087 1710 5141 in
1756 5087 1890 5156 ipsis
1934 5103 2064 5143 cau-

481 5171 564 5223 sis
586 5171 641 5221 in
672 5171 833 5227 verbo
857 5174 949 5229 Dei
979 5174 1327 5232 uniformiter
1352 5186 1409 5232 et
1451 5176 1970 5233 incommutabiliter
2010 5185 2065 5232 et

479 5260 785 5332 aequaliter
824 5262 1000 5334 factis,
1024 5282 1213 5324 verum
1244 5270 1296 5325 in
1324 5284 1511 5324 earum
1541 5268 1845 5335 eil'ectibus,
1868 5269 2065 5341 quibus

478 5355 715 5412 mundus
743 5357 975 5415 visibilis
1002 5369 1060 5415 et
1083 5361 1370 5417 invisibilis
1392 5361 1666 5432 impletur.
1693 5363 1749 5418 in
1785 5362 1915 5432 ipsis
1940 5364 2062 5431 qui-

2149 3266 2257 3321 tae,
2287 3224 2420 3324 post
2432 3264 2568 3319 quas
2596 3250 2887 3315 sequentes
2930 3234 3199 3295 essentiae
3226 3244 3416 3288 earum
3441 3224 3738 3297 participa-

2150 3314 2305 3406 tione.
2345 3314 2681 3400 subsistunt.
2718 3335 2973 3396 Videsne,
3007 3322 3462 3401 quemadmodum
3527 3314 3743 3388 primus

2148 3442 2282 3499 ordo
2311 3432 2682 3493 universitatis
2711 3426 2962 3485 conditae
3002 3429 3060 3477 et
3104 3416 3375 3489 particeps
3431 3416 3516 3465 est.
3566 3406 3734 3463 unius

2150 3533 2391 3589 omnium
2416 3525 2692 3600 principii,
2718 3530 2775 3577 et
2790 3516 3150 3591 participatus
3189 3525 3259 3566 ex
3287 3499 3743 3574 subsequentibus

2151 3643 2209 3682 se
2238 3621 2538 3679 creaturis?
2557 3592 2733 3672 Simili
2770 3606 3068 3667 rationc.de
3118 3601 3321 3661 ceteris
3348 3596 3630 3655 ordinibus
3659 3592 3743 3646 iu-

2153 3714 2522 3786 telligendum.
2548 3707 2742 3765 Omnis
2761 3704 2905 3759 enim
2929 3699 3065 3755 ordo
3086 3712 3117 3751 a
3142 3708 3359 3751 summo
3378 3702 3550 3760 usque
3575 3688 3736 3742 deor-

2152 3776 2348 3863 sumvin
2369 3802 2548 3859 medio
2581 3796 2933 3858 constitutus,
2963 3791 3070 3846 hoe
3094 3794 3202 3853 est,
3227 3801 3258 3840 a
3308 3784 3422 3840 Deo
3464 3795 3638 3850 usque
3670 3776 3741 3830 ad

2153 3908 2381 3964 corpora
2411 3889 2667 3954 visibilia,
2694 3895 2749 3942 et
2804 3881 3137 3954 superiorem
3163 3892 3223 3932 se
3246 3874 3492 3930 ordinem
3522 3867 3744 3941 partici-

2153 3962 2267 4060 pat,
2297 3995 2353 4041 et
2418 3984 2487 4038 ab
2540 3978 2784 4036 inferiori
2828 3991 2887 4029 se
2936 3969 3308 4042 participatur,
3343 3978 3407 4018 ac
3434 3962 3657 4031 perboc
3689 3965 3747 4013 et

2152 4049 2489 4150 participans
2510 4080 2595 4127 est
2612 4111 2628 4137 ,
2655 4078 2711 4125 et
2736 4065 3124 4143 participatus;
3154 4054 3502 4127 participatio
3523 4064 3653 4105 vero
3686 4049 3744 4103 in

2155 4148 2409 4226 omnibus
2431 4162 2766 4229 intelligitur.
2797 4156 2872 4212 Ut
2891 4154 3035 4209 enim
3066 4151 3211 4204 inter
3235 4156 3586 4201 numerorum
3635 4148 3746 4193 ter-

2157 4259 2354 4321 minos,
2383 4257 2487 4310 hoc
2500 4258 2602 4314 est,
2624 4250 2766 4304 inter
2796 4247 2943 4315 ipsos
2970 4252 3246 4302 numeros,
3275 4235 3377 4290 sub
3401 4246 3509 4287 una
3530 4227 3745 4284 ratione

2158 4351 2499 4412 constitutos,
2537 4342 2745 4400 similes
2790 4333 3208 4408 proportiones;
3239 4329 3314 4382 ita
3364 4325 3506 4380 inter
3552 4333 3745 4376 omnes

2160 4448 2380 4506 ordines
2406 4436 2706 4501 naturales,
2733 4448 2765 4487 a
2791 4440 3003 4487 summo
3030 4436 3201 4492 usque
3223 4418 3500 4480 deorsum,
3524 4412 3747 4485 particl-

2163 4502 2410 4615 pationes
2432 4531 2642 4589 similes
2661 4532 2811 4590 sunt,
2836 4517 3034 4591 quibus
3056 4514 3374 4584 junguntur.
3396 4507 3465 4563 Et
3487 4502 3747 4575 quemad-

2165 4600 2386 4694 inodum
2415 4631 2468 4685 in
2496 4618 2937 4698 proportionibus
2959 4622 3309 4668 numerorum
3368 4600 3747 4674 proportione-

2165 4731 2347 4784 litates
2371 4696 2516 4784 sunt,
2551 4719 2654 4773 hoc
2676 4724 2782 4779 est,
2810 4706 3219 4782 proportionem
3250 4699 3457 4756 similes
3482 4696 3747 4757 rationes,

2166 4817 2354 4872 eodem
2379 4813 2539 4867 modo
2554 4809 2611 4863 in
2624 4802 2950 4861 naturalium
2972 4798 3017 4830 “
3038 4790 3440 4851 ordinationum
3459 4787 3749 4859 participa-

2168 4906 2406 4964 tionibus
2444 4899 2722 4958 mirabiles
2761 4903 2925 4964 atque
2946 4885 3247 4946 ineffabiles
3273 4880 3586 4939 barmonias
3610 4891 3744 4933 cono

2166 4998 2343 5056 stituit
2370 4987 2868 5056 creatrixomnium
2915 4978 3201 5052 sapientia,
3227 4975 3426 5046 quibus
3458 4970 3639 5026 omnia
3692 4968 3750 5023 in

2165 5104 2326 5148 unam
2349 5084 2616 5158 quandam
2643 5076 3016 5140 concordiam,
3043 5087 3139 5128 seu
3175 5067 3491 5129 amicitiam,
3515 5076 3611 5119 seu
3654 5073 3750 5132 pa-

2167 5199 2306 5248 cem,
2339 5194 2435 5234 seu
2460 5187 2726 5236 amorem,
2750 5184 2847 5224 seu
2887 5174 3215 5236 quocunque
3240 5158 3398 5212 modo
3419 5168 3605 5209 rerum
3635 5165 3750 5204 om-

2165 5274 2316 5328 nium
2346 5265 2600 5324 adunatio
2614 5257 2907 5333 signiﬁcari
2935 5252 3126 5324 possit,
3153 5244 3485 5303 conveniunt
3521 5240 3676 5295 Sicut
3702 5233 3749 5268 θ’

2167 5362 2313 5416 enim
2343 5367 2717 5417 numerorum,
2744 5344 3059 5409 concordia,
3090 5333 3487 5411 proportionis;
3518 5343 3757 5402 propor-

1769 5469 2024 5525 VARIAE
2060 5467 2441 5526 LECTIONES

564 5582 691 5651 Ῥεῖ
742 5598 800 5636 se
853 5582 1060 5637 om.A.
1136 5584 1156 5616 ⁸
1198 5584 1239 5639 C
1281 5584 1684 5642 irralimmlrilis.
1764 5584 1785 5616 ⁸
1816 5601 1935 5638 vero
1988 5598 2098 5638 om.
2152 5583 2217 5637 Α.
2292 5580 2391 5635 *Α
2444 5569 2926 5651 αρφιοιίλταεη-ιςῖ
2976 5561 3317 5651 impossibile:
3390 5559 3623 5651 “9031.,
3660 5556 3753 5641 .AC

484 5664 613 5727 ςέδεο
688 5655 708 5684 ⁷
747 5653 789 5727 ᾼ
841 5669 1086 5727 "altique,
1163 5656 1251 5727 “'A
1284 5655 1632 5727 reponuntur.
1709 5656 1732 5688 ⁹
1780 5656 1823 5711 Δ
1852 5655 2170 5727 paucimsre.
2249 5653 2291 5685 ’°
2327 5669 2428 5706 non
2479 5649 2589 5705 om.
2637 5649 2702 5701 Δ.

490 5718 536 5751 ⁸⁸
557 5724 882 5778 naturalium
906 5718 1017 5778 om.
1048 5725 1115 5780 A.
1197 5725 1299 5778 "A
1328 5723 1416 5779 Ut.

2783 5645 2824 5675 ”
2860 5639 3017 5696 simul
3052 5630 3109 5690 ἰιι
3157 5633 3354 5691 om.A.
3431 5634 3475 5665 ¹¹
3501 5630 3548 5686 Δ
3588 5630 3751 5682 enim.
