4236 6274
529 360 626 414 651

1910 358 2190 415 JOANNIS
2224 360 2419 420 SCOTI

3680 366 3791 422 632

531 476 737 527 tionum
761 487 890 527 vero
916 470 1146 535 collatio,
1164 472 1682 543 proportionalitatis
1705 492 1717 526 :
1744 471 1824 528 sic
1853 474 2104 528 ordinum
2134 481 2180 537 Α
2210 486 2348 528 clum
2374 476 2647 529 desursum
2692 485 2787 539 est,
2850 470 3197 529 descendens“
3228 492 3260 528 a
3304 469 3465 528 Patre
3508 471 3788 531 luminum.

535 561 861 615 naturalium
892 560 1222 626 distributio,
1270 561 1703 632 participatiouis
1732 577 1949 626 nomen,
1999 564 2110 616 dis-

533 652 885 706 tributionmn
923 666 1054 705 vero
1083 652 1369 724 copulatio,
1400 654 1602 707 amoris
1650 653 1913 723 generalis
1958 670 2111 709 arce.-

536 743 634 809 pit,
663 740 754 809 qui
777 740 957 793 omnia
996 739 1245 794 ineﬂ‘abili
1292 744 1524 810 quadam
1576 742 1812 796 amicitia
1865 743 1917 796 in
1949 759 2113 796 unum

536 829 758 898 colligit.
790 829 884 882 Est
905 828 1069 899 igitur
1097 830 1464 898 participatior
1490 847 1595 884 non
1625 830 1904 897 cujusdam
1947 833 2115 900 partis

538 919 853 986 assumptio,
886 918 980 972 sed
1010 917 1313 971 divinarum
1337 919 1611 972 dationum
1636 927 1689 973 et
1714 920 2059 973 donationum
2083 935 2115 973 a

542 1024 753 1062 summo
778 1024 949 1079 usque
993 1010 1243 1062 deorsum
1271 1024 1367 1078 per
1402 1010 1708 1078 superiores
1763 1010 1981 1063 ordines
2032 1010 2115 1063 in-

542 1097 833 1153 ferioribus
858 1098 1187 1151 distributio.
1223 1098 1459 1151 Primum
1504 1099 1766 1166 siquidem
1801 1100 1975 1167 primo
2030 1115 2115 1153 or-

540 1188 655 1242 dini
687 1189 994 1243 immediate
1015 1204 1043 1240 a
1075 1205 1285 1248 summo
1307 1190 1545 1243 omnium
1584 1189 1722 1243 bono
1761 1199 1815 1243 et
1855 1189 2032 1253 datur,
2065 1200 2120 1244 et

542 1280 805 1343 donatur;
842 1278 989 1333 verbi
1038 1281 1228 1350 gratia,
1280 1281 1438 1334 datur
1465 1294 1603 1342 esse,
1634 1279 1865 1334 donatur
1914 1279 1928 1310 ¹
1986 1282 2120 1333 bene

544 1386 663 1424 esse
693 1385 706 1423 :
737 1372 847 1440 ipse
883 1386 1011 1425 vero
1038 1373 1241 1440 primus
1294 1372 1427 1425 ordo
1448 1372 1690 1439 sequenti
1740 1386 1798 1425 se
1848 1371 2123 1425 distribuit

549 1478 671 1514 esse
721 1471 775 1515 et
830 1463 966 1515 bene
1013 1477 1165 1527 esse;
1201 1478 1265 1516 ac
1320 1463 1399 1517 sic
1447 1463 1755 1516 distributio
1792 1463 2028 1526 esseudi,
2067 1472 2121 1516 et

546 1550 682 1604 bene
708 1552 941 1615 essendi,
973 1567 1001 1605 a
1028 1568 1238 1606 summo
1286 1554 1525 1605 omnium
1552 1554 1814 1607 bonorum
1866 1554 2118 1607 datorum

546 1642 629 1693 vel
660 1642 1007 1696 donationum
1038 1642 1182 1697 fonte
1204 1644 1465 1712 gradatim
1499 1658 1592 1712 per
1614 1645 1919 1713 superiores
1945 1647 1996 1698 in
2042 1645 2124 1698 in—

546 1732 776 1786 feriores
800 1749 968 1801 usque
992 1734 1055 1785 ad
1081 1745 1355 1787 extremos
1382 1736 1597 1788 ordines
1638 1734 1837 1787 deﬂuit.
1874 1735 1969 1790 Ubi
2026 1750 2123 1788 no-

2219 563 2389 633 Saepe
2413 573 2590 619 tamen
2613 580 2768 619 sacra
2795 564 3076 633 Scriptura
3105 572 3159 616 et
3187 563 3369 616 datum
3402 578 3499 633 pro
3553 563 3717 627 dono,
3738 575 3791 616 et

2218 654 2416 707 donum
2447 670 2543 722 pro
2590 656 2718 708 dato
2765 654 2901 708 solet
2946 670 3167 722 ponere.
3204 654 3494 709 Sciendum
3549 669 3786 722 quoque,

2218 745 2780 813 virtutemtripliciter
2829 746 3250 814 intelligendam.
3282 744 3377 798 Est
3421 743 3565 798 enim
3622 746 3794 799 virtus

2219 830 2587 887 substantialis
2613 849 2626 896 ;
2654 848 2814 886 onme
2838 850 3072 901 namque
3101 832 3242 901 quod
3273 832 3517 886 subsistit
3561 832 3791 886 naturali

2218 921 2447 989 quadam
2478 921 2716 975 trinitate
2773 922 3039 986 subsistit,
3062 922 3318 984 essentia,
3350 922 3565 983 virtute,
3586 929 3789 990 etope-

2223 1013 2447 1077 rationc,
2476 1014 2540 1067 de
2578 1015 2773 1082 quibus
2797 1014 2847 1065 in
2902 1014 3075 1081 primo
3113 1012 3245 1065 libro
3285 1013 3417 1065 satis
3467 1012 3790 1080 disputatum

2221 1113 2320 1156 est.
2349 1104 2593 1157 Secunda
2629 1103 2833 1170 species
2879 1103 3093 1155 virtutis
3121 1110 3202 1155 est
3230 1100 3273 1165 ⁸,
3306 1116 3442 1169 qiiae
3482 1109 3679 1169 pugnat
3701 1100 3793 1152 ad-

2224 1207 2411 1245 versus
2459 1191 2859 1258 corruptionem
2912 1200 3155 1249 naturae,
3184 1198 3240 1241 ιιι
3277 1190 3483 1243 sanitas
3536 1190 3792 1242 adversus

2224 1284 2648 1352 aegritudinem,
2673 1283 2895 1337 scientia
2940 1293 2993 1337 et
3038 1284 3299 1352 sapientia
3333 1284 3588 1337 adversus
3615 1283 3792 1352 :igno-

2226 1376 2455 1429 rantiam
2512 1384 2567 1429 et
2616 1374 2920 1430 stultitiam.
2950 1373 3131 1427 Tertia
3180 1384 3281 1438 est,
3313 1389 3452 1443 quae
3501 1375 3787 1441 opponitur

2226 1465 2482 1529 malitiae,
2514 1474 2573 1519 ut
2630 1466 2906 1520 lntmilitas
2967 1464 3268 1534 superbiae,
3299 1464 3523 1518 castitas
3569 1463 3791 1516 libidini.

2227 1554 2376 1618 Quae
2413 1555 2625 1623 species
2673 1555 2726 1607 in
2760 1563 2967 1607 tantum
2993 1562 3159 1623 patet,
3186 1554 3237 1607 in
3288 1562 3546 1622 quantum
3598 1552 3796 1605 liberae

2225 1642 2515 1695 voluntatis
2558 1643 2943 1697 irrationabilis
2990 1653 3167 1697 motus
3217 1640 3605 1695 intellectuali’
3633 1653 3789 1694 natu-

2226 1748 2321 1788 rae
2354 1734 2665 1802 porrigitur.
2699 1732 2753 1786 ln
2801 1741 3058 1802 quantum
3083 1728 3224 1785 enim
3280 1730 3484 1784 malitia
3538 1729 3793 1783 vitiorum

547 1821 787 1882 tandum,
819 1821 1026 1876 duobus
1058 1825 1231 1877 modis
1254 1826 1387 1878 bene
1422 1839 1541 1878 esse
1597 1825 1839 1895 intelligi,
1859 1841 1984 1889 uno,
2016 1840 2123 1894 quo
2158 1819 2198 1876 Β
2228 1825 2434 1893 species
2456 1823 2793 1893 multiplicat,
2816 1825 2867 1876 in
2895 1831 3098 1877 tantum
3121 1824 3329 1878 bonitas
3356 1823 3609 1875 virtutum
3633 1836 3801 1889 oppu-

546 1913 753 1976 omnia,
784 1928 921 1981 quae
955 1925 1100 1981 sunt,
1126 1916 1263 1970 bona
1314 1915 1565 1970 dicuntur
1612 1932 1751 1980 esse,
1795 1918 2048 1986 quoniam
2095 1933 2125 1972 a

549 2023 760 2061 summo
788 2010 926 2061 bono
960 2008 1095 2063 facta
1118 2018 1263 2074 sunt,
1289 2020 1341 2064 et
1364 2012 1415 2064 in
1442 2020 1644 2064 tantum
1686 2020 1830 2075 sunt,
1857 2012 1907 2065 in
1957 2029 2125 2080 quan-

553 2109 664 2153 tum
693 2102 1019 2169 participant
1070 2101 1440 2165 bonitatem';
1489 2103 1660 2155 altero
1717 2111 1893 2155 autem
1922 2103 1961 2167 ³,
2020 2121 2125 2172 quo

551 2189 751 2249 omnia,
799 2202 936 2256 quae
977 2189 1293 2243 naturaliter
1328 2192 1465 2244 bona
1509 2192 1826 2254 subsistunt,
1867 2192 2123 2245 virttttum

551 2277 949 2341 donationibus,
972 2287 1030 2330 ut
1053 2293 1237 2331 eorum
1266 2278 1525 2333 naturalis
1552 2261 1763 2333 bonitas
1793 2278 1912 2348 plus
1964 2296 2126 2349 appa-

554 2374 689 2428 reat,
713 2375 1064 2421 exornantur.
1094 2365 1352 2432 Quamvis
1383 2369 1525 2421 enim
1557 2369 1791 2421 maxime
1823 2384 1885 2422 ac
1917 2369 2118 2437 princi-

554 2455 748 2523 paliter
776 2455 1022 2509 rationali
1046 2464 1099 2508 et
1123 2456 1467 2510 intellectuali
1495 2466 1780 2511 creaturae
1819 2460 1957 2510 dona
2004 2474 2127 2527 gra-

553 2546 682 2609 tiae,
709 2560 847 2614 quae
871 2545 1086 2599 virtutis
1116 2547 1374 2601 vocabulo
1399 2546 1573 2601 solent
1595 2547 1914 2614 signiﬁcari,
1945 2549 2125 2601 distri-

556 2636 808 2700 buantur,
843 2635 985 2689 nulla
1017 2644 1192 2690 tmnen
1226 2645 1537 2691 naturarum
1566 2637 1727 2691 etiam
1759 2648 2123 2693 extremarum

555 2726 847 2779 secundum
919 2740 1070 2779 suam
1163 2726 1562 2794 proportionem
1642 2726 1854 2780 divinae
1924 2727 2127 2797 gratiae

556 2817 984 2886 participationis
1023 2833 1215 2886 expers
1243 2834 1360 2872 esse
1416 2819 1725 2873 arbitranda
1753 2829 1853 2874 est.
1883 2820 1952 2874 Ut
1983 2822 2125 2874 enim

555 2908 733 2959 omnia
760 2908 1080 2975 participant
1107 2909 1419 2973 bonitatem,
1461 2911 1533 2963 ita
1574 2912 1899 2979 participant
1928 2922 1982 2965 et
2011 2928 2127 2981 gra-

558 2996 686 3049 tiam
710 2998 754 3061 ‘;
785 2996 1077 3051 bonitatem
1104 3000 1318 3068 quidem
1351 3011 1408 3053 ut
1456 3002 1584 3063 sint,
1615 3001 1845 3071 gratiam
1891 3017 2021 3055 vero
2070 3009 2128 3055 ut

556 3093 613 3137 et
651 3084 841 3139 ‘bona
891 3095 944 3140 et
1002 3087 1220 3156 pulchra
1271 3089 1398 3141 sint.
1450 3089 1710 3144 Similiter
1766 3092 1831 3145 de
1879 3091 2018 3153 vita,
2060 3092 2126 3145 de

2229 1913 2450 1983 gnacula
2471 1914 2710 1982 opponit.
2741 1913 3135 1976 Etuotaudum,
3166 1913 3306 1982 quod
3335 1911 3671 1982 participatio
3720 1909 3798 1962 si-

2229 2003 2570 2073 gniﬁcantius
2596 2004 3026 2073 expressiusque,
3053 2014 3108 2056 et
3158 2004 3223 2056 ad
3268 2002 3665 2072 intelligendum
3714 1998 3791 2050 l‘a-

2229 2092 2678 2147 cilinsaGraecis
2726 2093 2969 2156 dicatur,
2999 2092 3049 2145 iu
3100 2107 3327 2161 quorum
3378 2093 3549 2160 lingua
3591 2100 3795 2161 μετοχή

2231 2184 2309 2238 vel
2337 2187 2584 2256 μετουσία
2640 2183 3101 2254 participationem
3152 2183 3432 2253 signiﬁcat,
3465 2192 3657 2257 μετοχή
3693 2204 3791 2239 au-

2231 2286 2336 2331 tent
2395 2278 2547 2347 quasi
2598 2278 2954 2347 μεταέχουσα,
3013 2277 3115 2329 hoc
3157 2284 3261 2339 est,
3298 2283 3415 2343 post
3462 2274 3666 2330 habens
3707 2277 3795 2330 vel

2228 2366 2465 2419 secundo
2517 2366 2734 2426 habens,
2766 2369 3011 2434 μετουσία
3053 2379 3265 2433 quoque
3298 2363 3445 2431 quasi
3491 2370 3792 2435 μεταουσίει,

2231 2458 2331 2511 hoc
2389 2468 2491 2521 est,
2539 2458 2914 2526 post-essentia
2962 2458 3043 2510 vel
3094 2442 3327 2511 secunda
3364 2460 3617 2511 essentia.
3660 2458 3795 2513 lliue

2229 2544 2481 2597 facillime
2510 2545 2667 2597 datur
2689 2544 2932 2614 intelligi,
2959 2544 3089 2598 nihil
3116 2545 3258 2599 aliud
3288 2561 3409 2600 esse
3430 2547 3795 2615 participatio-

2231 2634 2578 2697 nem,nisiex
2610 2633 2870 2702 superiori
2922 2635 3154 2688 essentia
3200 2637 3467 2689 secundae
3510 2645 3629 2705 post
3674 2652 3791 2690 eam

2230 2725 2494 2777 essentiac
2520 2723 2923 2788 derivationem,
2950 2731 3004 2777 et
3025 2723 3092 2777 ab
3119 2738 3203 2787 ea,
3226 2738 3363 2793 quae
3384 2724 3611 2792 primum
3638 2724 3799 2778 habet

2230 2829 2370 2877 esse,
2403 2815 2686 2876 secundae,
2716 2824 2772 2867 ut
2803 2815 2893 2878 sit,
2925 2811 3250 2869 distributio.
3288 2814 3354 2868 Ει
3379 2816 3481 2870 hoc
3538 2817 3795 2886 exemplis

2230 2912 2452 2957 naturae
2472 2919 2752 2973 possumus
2780 2907 3160 2973 argumentari.
3689 2903 3710 2928 ⁵

2300 2993 2353 3046 4.
2392 2992 2665 3062 Siquidem
2716 3010 2781 3048 ex
2809 2994 2953 3049 fonte
2989 3004 3153 3048 totum
3195 2995 3390 3050 ﬂumen
3429 2997 3797 3067 principaliter

2233 3096 2437 3149 manat,
2479 3096 2529 3139 et
2564 3102 2658 3154 per
2687 3083 2802 3152 ejus
2829 3085 3035 3139 alveum
3065 3102 3224 3155 aqua,
3264 3102 3403 3155 quae
3432 3088 3798 3157 primo_surgit

556 3192 740 3239 sensu,
774 3177 839 3229 de
883 3179 1108 3243 ratione,
1142 3180 1207 3231 de
1263 3181 1546 3248 sapientia,
1572 3183 1873 3249 celerisque
1929 3183 2126 3236 divinis
2158 3161 2203 3223 ε
2237 3175 2288 3228 in
2323 3174 2485 3235 fonte,
2517 3174 2567 3227 in
2609 3181 3076 3242 quantamcunqnc
3105 3174 3483 3242 longitudinem
3517 3176 3801 3245 protenda-

560 3268 867 3321 dationibus
933 3278 988 3322 et
1049 3269 1426 3323 donationibus
1492 3272 1890 3338 accipiendum;
1939 3275 2127 3326 eodem

558 3357 702 3410 enim
736 3358 894 3412 modo
914 3374 1011 3426 per
1036 3360 1315 3425 superiora
1345 3360 1688 3415 inferioribus
1714 3363 2126 3427 distribuuntur,

558 3446 613 3499 in
645 3458 903 3514 quantum
942 3448 1416 3515 perveniunt.Non
1460 3450 1602 3503 enim
1649 3466 1838 3505 omnes
1885 3452 2129 3506 (lationes

558 3554 727 3608 usque
749 3542 813 3593 ad
831 3550 1072 3594 extrema
1097 3542 1455 3605 descendunt;
1488 3559 1606 3597 esse
1632 3544 1893 3611 siquidem
1917 3554 1969 3598 et
1997 3547 2131 3599 bene

560 3643 680 3682 esse
706 3629 998 3682 secundum
1031 3637 1277 3682 naturam
1303 3644 1473 3699 usque
1498 3631 1563 3684 ad
1595 3640 1895 3684 extremum
1918 3636 2132 3688 univer-

561 3720 738 3776 sitatis
761 3722 1010 3774 conditae
1034 3722 1390 3787 distribuitur,
1432 3725 1539 3778 vita
1567 3740 1695 3778 vero
1723 3734 2020 3779 extremum
2052 3742 2133 3779 or-

566 3809 744 3864 dinem
780 3825 883 3862 non
931 3810 1169 3881 attingit.
1203 3810 1315 3866 Non
1367 3813 1511 3867 enim
1560 3830 1785 3883 corpora
1818 3831 1911 3885 per
1958 3818 2132 3886 seipsa

562 3905 767 3970 vivunt,
793 3904 875 3958 vel
901 3905 1005 3958 vita
1028 3915 1174 3973 sunt,
1203 3906 1293 3959 sed
1326 3924 1421 3977 per
1450 3910 1783 3978 superiorem
1808 3928 1866 3965 se
1888 3912 2004 3964 ordi
2047 3926 2132 3967 ein

562 3996 746 4052 vivere
776 3997 1072 4066 recipiunt;
1106 3998 1194 4066 qui
1216 3999 1345 4053 ordo
1374 4001 1426 4054 in
1461 4002 1712 4055 nutritiva
1743 4013 1797 4056 ct
1827 4005 1996 4057 activa
2029 4005 2132 4057 vita

563 4088 885 4141 constitutus
906 4097 1007 4149 est,
1039 4089 1196 4157 inque
1224 4091 1520 4143 seminibus
1565 4092 1730 4161 viget.
1773 4092 1910 4159 Quid
1958 4094 2132 4147 dicam

563 4174 632 4228 de
656 4191 835 4237 sensu,
860 4185 913 4229 et
937 4178 1163 4239 ratione,
1201 4188 1255 4231 et
1296 4179 1610 4234 intellectu?
1637 4180 1835 4249 Nempe
1887 4184 2135 4236 omnibus

566 4274 738 4334 patet,
772 4268 895 4334 quia
924 4282 1113 4322 sensus
1135 4284 1306 4336 usque
1338 4271 1402 4322 ad
1447 4270 1834 4325 irrationabilia
1864 4272 2137 4326 descendit

566 4357 880 4419 animantia,
926 4359 1063 4413 ratio
1088 4370 1142 4411 et
1178 4359 1480 4413 intellectus
1519 4360 1859 4413 rationabilia
1901 4368 1955 4413 et
1986 4360 2139 4413 intel-

566 4443 812 4497 lectualia
845 4461 949 4497 non
975 4449 1259 4500 excedunt.
1291 4447 1432 4509 later
1460 4449 1703 4500 dationes
1731 4455 1911 4499 autem
1950 4448 2013 4500 ἐι
2039 4448 2133 4501 do-

564 4533 814 4585 nationes
841 4534 963 4586 talis
991 4535 1289 4588 ditTerentia
1316 4546 1399 4588 est
1432 4553 1446 4588 :
1478 4537 1718 4590 datioues
1757 4536 1972 4603 quidem
2013 4546 2139 4590 sunt

565 4629 623 4674 et
671 4622 925 4675 dicuntur
966 4626 1214 4692 propriae
1264 4627 1689 4692 distributiones,
1721 4628 1919 4696 quibus
1963 4629 2140 4682 omnis

569 4716 766 4762 natura
800 4709 1081 4775 subsistit;
1111 4714 1426 4768 donationes
1458 4731 1584 4769 vero
1632 4718 1839 4783 gratiae
1884 4716 2138 4771 distribu-

568 4795 761 4859 tiones,
807 4796 1005 4864 quibus
1054 4801 1232 4854 umnis
1287 4812 1476 4855 natura
1522 4806 1821 4858 subsistens
1889 4815 2135 4859 ornatttr.

560 4885 748 4954 Itaque
804 4893 1000 4940 natura
1039 4888 1218 4953 datur,
1277 4890 1506 4942 donatur
1556 4892 1726 4959 gratia
1759 4892 1813 4955 °;
1873 4893 2138 4960 siquidem

559 4977 740 5032 omnis
766 4985 1013 5031 creatura
1040 4978 1275 5047 perfecta
1304 4994 1368 5034 ex
1395 4989 1585 5034 natura
1601 4990 1805 5036 constat
1824 4992 1879 5035 et
1906 4983 2075 5051 gratia
2094 4983 2135 5035 ⁷.

561 5062 705 5119 Hinc
755 5066 1040 5120 coniicitur
1070 5109 1086 5130 ,
1134 5084 1349 5123 omnem
1393 5071 1682 5124 essentiam
1737 5073 1954 5137 datum,
2015 5088 2137 5127 om-

567 5169 689 5210 nem
726 5157 980 5212 virtutem
1010 5159 1205 5215 donum
1235 5159 1448 5228 proprie
1466 5162 1670 5215 voeari.
1696 5160 1832 5216 llinc
1872 5162 2139 5231 theologia

564 5243 697 5299 dicit
728 5262 742 5301 :
774 5245 940 5301 Omne
956 5246 1140 5301 datum
1165 5249 1437 5318 optimum,
1463 5258 1511 5304 et
1554 5266 1705 5305 omne
1732 5253 1925 5305 donum
1965 5251 2140 5321 perfe-

2237 3276 2363 3328 tur,
2424 3280 2634 3332 semper
2697 3280 2760 3317 ac
2821 3265 2935 3318 sine
2979 3264 3083 3318 ulla
3151 3265 3549 3319 intermissione
3615 3264 3799 3317 defun-

2234 3356 2394 3409 ditur.
2433 3355 2523 3407 Sic
2565 3354 2741 3407 divina
2793 3352 3022 3417 bonitas,
3066 3362 3116 3408 et
3170 3355 3420 3417 essentia,
3468 3365 3521 3407 et
3571 3356 3700 3419 vita,
3748 3364 3802 3408 et

2236 3445 2519 3514 sapientia,
2566 3453 2619 3498 et
2657 3444 2858 3508 omnia,
2892 3460 3029 3513 quae
3077 3446 3129 3498 in
3175 3445 3317 3497 fonte
3367 3446 3604 3498 onmium
3656 3458 3799 3510 sunt,

2236 3534 2410 3603 primo
2438 3534 2489 3585 iu
2528 3531 2899 3601 primordiales
2949 3549 3138 3587 causas
3173 3533 3427 3597 deﬂuunt,
3468 3544 3522 3586 et
3564 3552 3656 3589 eas
3686 3552 3805 3588 esse

2242 3621 2465 3685 faciunt,
2496 3621 2688 3674 deinde
2715 3635 2809 3690 per
2832 3620 3202 3690 primordiales
3222 3638 3411 3676 causas
3440 3621 3486 3653 ¹⁶
3515 3623 3564 3676 in
3615 3639 3801 3676 earum

2238 3699 2462 3767 effectus
2484 3710 2733 3766 ineﬂ'abili
2766 3719 2922 3767 modo
2943 3728 3038 3782 per
3066 3715 3443 3768 convenientes
3472 3714 3569 3768 sibi
3586 3713 3799 3766 univer-

2239 3802 2414 3855 sitatis
2437 3800 2655 3855 ordines
2694 3800 3004 3865 decurrunt,
3051 3817 3145 3870 per
3179 3804 3451 3872 superiora
3492 3817 3701 3872 semper
3738 3802 3805 3854 ad

2239 3893 2493 3947 inferiora
2521 3891 2803 3946 deﬂuentia
2844 3893 2908 3954 “,
2948 3893 3248 3961 iterumque
3289 3909 3383 3961 per
3418 3892 3808 3947 secretissimos

2240 3991 2465 4035 naturae
2497 3997 2657 4051 poros
2683 3981 3045 4036 occultissnno
3085 3990 3263 4035 meatu
3309 3983 3375 4035 ad
3415 3983 3614 4036 fontem
3653 3998 3805 4036 suum

2240 4071 2484 4125 redeunt.
2539 4071 2664 4125 lnde
2734 4072 2874 4125 enim
2931 4071 2974 4100 ³¹
3025 4080 3107 4123 est
3153 4086 3312 4123 υιιιιιυ
3361 4071 3584 4135 bonum,
3635 4072 3807 4124 omnis

2241 4164 2501 4228 essentia,
2553 4166 2729 4218 omnis
2776 4164 2906 4228 vita,
2954 4163 3131 4217 omnis
3174 4179 3378 4225 sensus,
3428 4165 3604 4219 omnis
3652 4165 3806 4229 ratio,

2242 4254 2417 4307 omnis
2451 4254 2734 4321 sapientia,
2772 4268 2931 4307 omne
2956 4268 3146 4322 genus,
3177 4254 3351 4306 omnis
3381 4254 3607 4321 species,
3637 4255 3811 4307 omnis

2241 4344 2585 4414 pulchritudo
2635 4343 2712 4409 ιδ,
2754 4343 2928 4398 onmis
2964 4343 3119 4407 ordo,
3161 4344 3335 4397 onmis
3385 4345 3581 4408 unitas,
3637 4346 3810 4397 omnis

2246 4435 2573 4504 aequalitas,
2622 4435 2796 4489 omnis
2836 4434 3171 4503 dill'erentia,
3215 4435 3389 4489 omnis
3432 4435 3600 4499 locus,
3653 4450 3810 4487 oniue

2247 4534 2479 4594 tempus,
2509 4534 2562 4578 et
2588 4540 2747 4579 omne
2774 4526 2914 4594 quod
2944 4535 3049 4590 est,
3093 4534 3147 4579 et
3187 4541 3348 4580 onme
3389 4527 3528 4594 quod
3571 4543 3675 4580 non
3706 4536 3808 4591 est,

2243 4627 2296 4672 et
2324 4632 2484 4670 omne
2523 4618 2665 4684 quod
2710 4617 3041 4687 intelligitur,
3084 4627 3140 4671 et
3176 4634 3335 4672 omne
3376 4619 3516 4687 quod
3557 4618 3808 4674 sentitur.

2243 4715 2301 4760 et
2323 4720 2481 4759 omne
2505 4705 2645 4772 quod
2681 4716 2898 4774 superat
2921 4721 3138 4760 sensum
3168 4715 3221 4759 et
3260 4706 3608 4760 intellectum.
3654 4705 3811 4758 Sum-

2244 4813 2365 4851 mae
2392 4794 2654 4864 siquidem
2687 4811 2750 4848 ac
2777 4796 2949 4850 tuinae
2979 4798 3247 4866 solitusque
3275 4810 3431 4849 verae
3460 4793 3711 4847 bonitatis
3753 4794 3805 4845 iu

2245 4888 2419 4957 seipsa
2466 4886 2812 4940 immutabilis
2858 4898 3036 4941 motus
3084 4898 3139 4942 et
3174 4887 3395 4956 simplex
3436 4884 3808 4953 multiplicatio

2243 4986 2300 5031 et
2333 4977 2649 5031 inexhausta
2693 4994 2723 5029 a
2756 4977 2954 5044 seipsa,
2984 4979 3035 5031 iu
3066 4979 3266 5047 seipsa,
3293 4978 3358 5031 ad
3387 4976 3615 5044 seipsam
3656 4974 3817 5028 ditia-

2244 5069 2326 5121 sio
2362 5084 2523 5121 causa
2557 5068 2819 5131 omnium,
2868 5068 3031 5122 immo
3082 5070 3259 5123 omnia
3303 5077 3404 5122 est.
3454 5066 3511 5120 Si
3558 5066 3700 5119 enim
3732 5066 3811 5117 in-

2250 5157 2495 5212 tellectus
2524 5158 2762 5211 omnium
2802 5166 2887 5212 est
2925 5158 3123 5219 munia,
3161 5166 3217 5211 ct
3265 5159 3375 5227 ipsa
3416 5156 3526 5209 sola
3565 5155 3812 5221 intelligit

2247 5250 2457 5314 munia;
2503 5249 2616 5318 ipsa
2657 5250 2822 5319 igitur
2867 5248 2982 5302 sola
3023 5256 3110 5302 est
3154 5249 3360 5313 omnia,
3406 5247 3658 5317 quoniam
3699 5244 3810 5299 sola

1841 5424 2095 5482 VARIAE
2132 5422 2532 5481 LECTlONES.

1542 5563 1564 5593 ³
1584 5563 1630 5617 Α
1655 5561 1808 5616 bona.

643 5566 659 5595 ι
684 5555 727 5607 Α
751 5567 799 5608 et
825 5559 982 5609 datur
1001 5576 1119 5614 esse
1144 5570 1192 5615 et
1214 5560 1466 5616 donatur.
1542 5563 1564 5593 ³
1584 5563 1630 5616 Α
1655 5561 1808 5616 bona.
1885 5561 1907 5592 ³
1928 5561 1972 5613 Α
2008 5576 2149 5612 vero.

2227 5567 2249 5588 ⁵
2277 5570 2324 5611 et
2352 5559 2574 5628 gratiam
2605 5572 2716 5610 om.

567 5625 739 5701 gratia
767 5626 1081 5701 denuntia}?
1103 5639 1291 5701 natura
1315 5632 1429 5701 det,
1451 5632 1621 5701 gratia
1649 5632 1834 5695 donat,
1860 5628 1901 5684 Ο
1923 5639 2109 5683 natura
2132 5627 2245 5690 dal,
2276 5625 2439 5701 donat
2456 5628 2653 5701 gratia.

2885 5558 2906 5589 '
2928 5566 2974 5610 el
3005 5571 3112 5611 om.
3142 5558 3205 5610 A.
3283 5558 3305 5590 ⁸
3341 5558 3383 5611 Α
3418 5566 3605 5610 natura
3633 5557 3808 5616 datur,

2748 5627 2765 5656 ⁷
2795 5626 2836 5680 Α
2857 5629 3110 5691 siquidem
3139 5629 3306 5681 omnis
3334 5638 3588 5693 -—grntm
3610 5644 3714 5679 om.
3744 5629 3776 5676 Λ
3794 5662 3806 5673 .

569 5695 592 5726 ⁸
622 5703 695 5747 est
719 5710 826 5748 υιιι.
846 5696 906 5748 (1.
964 5698 983 5729 '
1002 5695 1040 5749 C
1059 5695 1471 5755 ξηιείίιεειιιιιιὶι.⁷
1508 5701 1552 5735 ιθ
1583 5703 1817 5770 deﬂuunt
1836 5729 1907 5743 -υ
1928 5712 2247 5770 causas_om.
2267 5698 2326 5752 (ὲ.
2390 5695 2833 5766 “prﬂuentiu.
2895 5698 2937 5729 υ
2957 5699 3091 5751 enim
3112 5714 3218 5752 om.
3248 5700 3310 5753 Α.
3380 5698 3424 5729 ⁸³
3444 5697 3487 5750 Α
3520 5697 3807 5765 plenitudo.
