4236 6274
462 317 565 374 6ὖῦ

1307 313 1394 366 DE
1429 312 1764 370 DlV'lSlONE
1797 311 2148 371 NATURAE.
2185 344 2254 352 —
2290 313 2491 368 LIBER
2531 313 2849 372 TERTIUS.
3610 315 3716 373 654

462 430 704 502 gnostica
752 427 920 484 virtus
955 436 1038 482 est
1078 427 1224 496 ipsa,
1277 441 1438 494 quae,
1488 443 1801 496 priusquam
1853 439 2033 482 essent
2062 431 2110 486 Α
2139 443 2238 482 nec
2265 439 2369 490 est,
2403 445 2496 496 per
2525 431 2929 482 universitatem
2961 429 3029 482 ab
3071 430 3182 496 ipsa
3235 429 3530 494 conditam,
3575 447 3716 500 quae

462 523 668 583 omnia,
705 519 952 590 cognovit
992 518 1192 580 omnia,
1238 525 1292 569 et
1331 527 1482 570 extra
1525 532 1585 571 se
1632 533 1736 570 non
1781 519 2036 586 cognovit

463 613 668 676 omnia,
693 611 818 678 quia
845 618 996 662 extra
1021 622 1138 660 eam
1185 607 1318 659 nihil
1343 616 1448 670 est,
1479 607 1568 660 sed
1603 607 1740 660 intra
1781 622 1840 660 se
1875 607 2036 660 habet

463 705 663 756 munia.
691 701 872 754 Ambit
911 699 1052 752 enim
1089 698 1294 760 omnia,
1322 709 1376 751 et
1419 699 1552 752 nihil
1595 699 1736 752 intra
1765 713 1824 752 se
1847 708 1952 760 est,
1981 700 2033 752 in

464 805 720 863 quantum
767 809 890 848 vere
939 801 1046 854 est,
1090 791 1194 844 nisi
1243 790 1380 858 ipsa,
1427 791 1552 856 quia
1602 788 1712 844 sola
1761 804 1887 842 vere
1927 798 2028 842 est.

462 887 650 940 Cetera
689 891 730 946 ι,
792 897 933 951 quae
978 883 1233 936 dicuntur
1273 895 1416 944 esse,
1463 880 1628 948 ipsius
1677 879 2034 948 theOphaniae

461 985 604 1038 sant,
635 989 774 1043 quae
787 975 948 1028 etiam
976 973 1028 1024 in
1057 973 1178 1040 ipsa~
1194 985 1320 1024 vere
1341 971 1656 1024 subsistunt.
1685 970 1826 1022 Deus
1851 969 2034 1036 itaque

460 1074 768 1124 est'omue,
803 1061 946 1132 quod
985 1077 1108 1122 vere
1135 1069 1238 1122 est,
1269 1061 1522 1128 quoniam
1550 1063 1661 1128 ipse
1689 1058 2030 1122 facitomnia,

459 1167 512 1210 et
541 1158 598 1208 Iit
625 1156 678 1208 in
718 1154 992 1212 omnibus.
1027 1161 1086 1206 ut
1125 1151 1201 1203 ait
1241 1159 1460 1204 sanctus
1489 1148 1774 1216 Dionysius
1799 1148 2036 1214 Areopa—

462 1249 592 1316 gita.
621 1245 794 1299 Omne
825 1258 1055 1310 namque
1086 1241 1130 1298 ³.
1180 1241 1320 1308 quod
1361 1239 1676 1307 intelligitur
1702 1247 1756 1294 et
1783 1239 2034 1296 sentitur,

463 1338 600 1390 nihil
628 1337 772 1390 aliud
795 1341 898 1396 est,
931 1333 1030 1386 nisi
1059 1348 1162 1384 non
1195 1333 1506 1400 apparentis
1529 1330 1809 1397 apparitio,
1839 1329 2034 1382 occulti

468 1427 854 1490 manifestatio,
901 1422 1076 1492 negati
1127 1420 1434 1482 afﬁrmatio,
1485 1417 2039 1488 incomprehensibilis

464 1517 894 1586 comprehensio,
947 1511 1232 1566 incll‘ahilis
1281 1511 1422 1564 fattts
1453 1550 1468 1572 ,
1515 1509 1902 1564 inaccessibilis
1951 1525 2040 1562 ac-

461 1623 664 1666 cessus,
703 1601 1108 1672 inintelligibilis
1155 1601 1476 1664 intellectus,
1525 1599 1880 1668 incorporalis
1921 1615 2040 1654 cor—

458 1712 581 1766 pus,
609 1691 1076 1762 superessentialis
1105 1692 1362 1755 essentia,
1414 1689 1659 1744 informis
1698 1689 1894 1752 forma,
1939 1690 2038 1742 im-

2137 517 2422 570 iueil‘abilis
2451 517 2710 582 diffusio,9
2733 527 2787 570 et
2817 519 2938 570 facit
2961 520 3163 582 omnia,
3192 528 3246 572 et
3271 519 3330 572 ﬁt
3359 520 3410 572 in
3442 522 3715 586 munibus,

2137 617 2190 662 et
2232 610 2411 662 omnia
2468 617 2569 662 est.
2634 610 2778 662 Disc.
2833 607 3115 660 Sufﬁciunt
3161 625 3327 674 sane,
3395 619 3450 662 et
3502 611 3720 678 copiose

2136 695 2382 760 ailluunt,
2411 699 2461 750 in
2492 709 2752 766 quantum
2786 713 2870 752 res
2898 696 3178 752 incffabilis
3208 698 3529 766 quibusdam
3566 699 3718 752 sinti-

2135 789 2447 842 litudinibus
2494 789 2591 841 fari
2642 795 2860 856 potest,
2909 790 3034 842 dum
3083 788 3232 842 omni
3277 788 3319 825 1°
3371 789 3721 843 similitudine

2135 887 2340 930 remota
2386 878 2475 930 sit.
2521 877 2802 932 Praedicta
2850 877 3112 945 siquidem
3177 877 3506 962 similitpdo,
3555 893 3720 946 quam

2134 971 2360 1038 exempli
2392 972 2564 1040 gratia
2605 973 2672 1024 ab
2701 971 2972 1026 intellectu
3005 979 3191 1024 nostro
3239 971 3280 1002 ¹¹
3331 971 3634 1039 suscepisti,
3663 969 3722 1025 in

2136 1061 2238 1116 hoc
2265 1060 2465 1124 deﬁcit,
2510 1068 2565 1112 ut
2594 1061 2804 1127 opinor,
2855 1060 2922 1112 ab
2965 1074 3046 1122 ea,
3094 1058 3246 1124 cujus
3294 1059 3588 1112 similitudo
3613 1067 3720 1128 est,

2137 1149 2278 1218 quod
2306 1148 2626 1212 intellectus,
2659 1157 2716 1200 ut
2740 1148 2894 1210 dicis,
2927 1147 3168 1200 vehicula
3204 1147 3312 1208 illa,
3339 1149 3392 1199 in
3421 1148 3616 1216 quibus
3641 1147 3714 1204 ad

2139 1239 2362 1292 a‘liornm
2387 1253 2576 1291 sensus
2605 1238 2892 1300 invehitur,
2912 1239 2976 1290 de
3009 1237 3232 1290 materia
3255 1247 3404 1289 extra
3434 1253 3490 1290 se
3537 1251 3718 1292 creata

2139 1339 2192 1380 ct
2245 1327 2392 1389 facit,
2449 1335 2504 1380 et
2559 1327 2818 1396 suscipit;
2863 1329 3038 1380 divina
3081 1345 3208 1382 vero
3259 1329 3502 1392 bonitas,
3557 1341 3714 1384 extra

2141 1435 2302 1488 quam
2364 1420 2494 1472 nihil
2533 1429 2636 1482 est,
2680 1434 2786 1472 non
2834 1420 2900 1472 de
2961 1421 3140 1486 aliquo
3191 1421 3543 1490 apparitionis
3588 1435 3721 1476 suae

2140 1511 2422 1564 ιιιίιιοιοὶιιιιι
2447 1511 2697 1579 sumpsit,
2731 1511 2822 1563 sed
2849 1511 2915 1563 de
2943 1511 3128 1562 nihilo.

2211 1599 2262 1652 5.
2307 1601 2410 1652 Sed
2449 1616 2568 1652 ctnn
2611 1601 2792 1662 audio,
2837 1599 2918 1654 vel
2966 1601 3104 1658 dico.
3147 1599 3382 1653 divinant
3423 1601 3718 1654 bonitatem

2142 1691 2324 1744 omnia
2354 1692 2420 1742 de
2462 1689 2626 1742 nihilo
2662 1705 2901 1754 creasse,
2943 1707 3046 1743 non
3077 1690 3334 1759 intelligo,
3360 1690 3486 1758 quid
3533 1707 3596 1743 eo
3627 1707 3720 1742 no-

458 1763 837 1838 inensurabilis
902 1795 1154 1832 mensura
1182 1816 1198 1842 ,
1261 1777 1670 1830 innumerabilis
1735 1792 1992 1830 numerus
2017 1817 2032 1841 ,
2064 1763 2110 1822 Β
2139 1781 2304 1842 mine,
2335 1781 2476 1848 quod
2500 1790 2582 1834 est
2614 1781 2742 1832 nihil
2771 1782 2836 1834 de
2863 1781 3028 1834 nihilo
3057 1781 3119 1843 ι’,
3149 1780 3503 1850 significatur,
3539 1790 3716 1834 ntrmu

457 1873 698 1926 carentis
743 1869 980 1938 pondere
1025 1866 1232 1936 pondus
1259 1906 1274 1930 ,
1329 1865 1626 1934 Spiritualis
1671 1865 2032 1930 incrassatio,

459 1962 746 2018 invisibilis
795 1959 1119 2022 visibililas,
1184 1958 1408 2012 illocalis
1457 1957 1744 2022 localitas,
1799 1957 2034 2012 carentis

459 2063 700 2122 tempore
749 2049 1130 2118 temporalitas,
1183 2047 1376 2100 inﬁniti
1419 2045 1693 2110 deﬁnitio,
1743 2047 2034 2100 incircmn-

463 2143 644 2211 scripti
695 2141 1146 2208 circumscriptio,
1193 2149 1248 2192 et
1285 2150 1484 2201 cetera,
1528 2155 1666 2206 quae
1706 2155 1840 2206 puro
1875 2140 2036 2192 intel-

461 2234 598 2286 lectu
625 2241 678 2286 et
707 2233 1030 2300 cogitantur,
1071 2243 1127 2284 et
1171 2229 1590 2298 perspiciuntur,
1637 2239 1694 2283 et
1734 2246 1874 2298 quae
1919 2247 2034 2286 me-

466 2323 668 2374 moriae
693 2319 882 2374 ﬁnibus
897 2319 1012 2387 capi
1037 2318 1302 2380 nesciunt,
1326 2330 1380 2372 et
1401 2319 1778 2374 tncntisaeiem
1803 2321 2031 2390 fugiunt.

465 2417 536 2470 Et
582 2417 684 2470 hoc
727 2414 984 2482 exemplis
1028 2421 1244 2466 nostrae
1281 2422 1508 2466 naturae
1546 2428 1830 2481 possumus
1869 2414 2036 2470 conﬁ-

462 2523 607 2562 cere.
638 2505 771 2560 Nam
798 2513 853 2558 et
891 2513 1071 2558 noster
1099 2504 1424 2566 intellectus,
1458 2520 1580 2558 cum
1630 2522 1728 2573 per
1761 2521 1819 2560 se
1855 2508 1924 2560 sit
1955 2508 2038 2560 in-

463 2597 692 2650 visibilis
724 2605 777 2648 et
803 2592 1378 2661 incomprehensibilis,
1419 2593 1588 2662 signis
1619 2603 1796 2648 tamen
1821 2595 2036 2664 quibus-

461 2691 583 2738 dam
611 2693 666 2738 ct
697 2682 1069 2736 manifestatur
1112 2689 1166 2733 et
1207 2681 1697 2750 comprehenditur,
1739 2683 1862 2736 dum
1895 2684 2036 2736 voci-

461 2775 562 2826 bus
605 2772 688 2826 vel
729 2771 902 2824 literis
944 2770 1028 2824 vel
1065 2769 1188 2823 aliis
1227 2769 1467 2830 nutibus,
1507 2771 1668 2822 veluti
1717 2773 2034 2838 quibusdam

462 2865 776 2932 corporibus
817 2864 1170 2924 incrassatur,
1201 2872 1256 2916 et
1295 2862 1422 2915 dum
1451 2865 1531 2916 sic
1565 2864 1901 2918 extrinsecus
1936 2881 2033 2934 ap.-

462 2963 620 3022 paret
667 2953 720 3016 5,
769 2967 981 3021 semper
1025 2952 1366 3006 intrinsecus.
1402 2953 1684 3008 invisibilis
1733 2965 2030 3022 permanet,

466 3046 700 3111 dumque
728 3044 780 3096 in
811 3044 984 3095 varias
1011 3040 1210 3109 figuras
1249 3043 1494 3098 sensibus
1527 3045 2034 3113 comprehensibiles

2135 1874 2368 1942 privatio
2417 1873 2578 1926 totius
2613 1873 2899 1936 essentiae,
2947 1871 3030 1925 vel
3070 1871 3422 1935 substantiae,
3457 1871 3540 1923 vel
3578 1871 3720 1924 acci-

2138 1963 2336 2024 dentis,
2375 1978 2441 2014 an
2491 1961 2704 2014 divinae
2752 1960 3314 2029 superessentialitatis
3376 1959 3716 2014 excellentia.

2139 2053 2276 2106 illac.
2307 2052 2421 2104 Non
2467 2052 2620 2106 facile
2659 2053 3014 2106 concesserim
3042 2091 3056 2114 ,
3097 2052 3330 2104 divinam
3362 2065 3712 2118 superessen-

2139 2144 2419 2200 tialitalem
2469 2145 2600 2198 nihil
2634 2160 2753 2198 esse
2791 2145 2856 2208 ³³,
2904 2144 2987 2198 vel
3021 2144 3110 2197 tali
3155 2145 3367 2197 nomine
3403 2146 3719 2212 privationis

2135 2249 2294 2302 posse
2324 2233 2524 2286 vocari.
2555 2233 2809 2299 Quamvis
2831 2234 2972 2286 enim
3011 2251 3038 2286 a
3083 2233 3342 2302 theologis
3371 2235 3580 2286 dicatur
3611 2251 3717 2288 non

2137 2339 2276 2386 esse,
2309 2339 2413 2376 non
2449 2339 2570 2376 eam
2595 2333 2771 2376 tamen
2803 2324 2933 2376 nihil
2963 2338 3082 2378 esse
3127 2323 3374 2386 suadent,
3417 2323 3510 2376 sed
3561 2324 3710 2393 plus-

2137 2428 2297 2481 quam
2337 2427 2477 2466 esse.
2525 2411 2802 2477 Quomodo
2849 2413 2992 2464 enim
3040 2427 3199 2466 causa
3248 2411 3487 2465 onmium
3522 2452 3534 2476 ,
3578 2429 3718 2482 quae

2137 2511 2280 2564 sunt,
2314 2503 2456 2556 nulla
2481 2503 2712 2556 essentia
2751 2503 3138 2572 intelligeretur
3163 2516 3302 2562 esse,
3341 2519 3462 2556 cum
3511 2505 3714 2566 omnia,

2138 2608 2278 2660 quae
2307 2601 2453 2656 sunt,
2485 2606 2603 2644 eam
2629 2607 2754 2646 vere
2780 2608 2900 2646 esse
2928 2593 3183 2650 doceant,
3231 2593 3376 2646 nullo
3404 2609 3529 2647 vero
3556 2609 3706 2663 argu-

2139 2693 2320 2738 mento
2351 2699 2562 2746 eorum,
2595 2698 2732 2751 quae
2769 2693 2913 2747 sunt,
2943 2684 3281 2752 intelligitur,
3324 2683 3450 2752 quid
3499 2683 3612 2736 sit?
3659 2685 3716 2738 Si

2141 2775 2301 2842 igitur
2331 2783 2549 2842 propter
2575 2769 2896 2826 ineffabilem
2929 2771 3304 2824 excellentiam
3333 2779 3386 2824 et
3415 2773 3716 2843 inccnipre-

2136 2865 2453 2918 bensibilem
2507 2865 2826 2916 inﬁnitatem
2886 2863 3060 2915 divina
3121 2871 3310 2915 natura
3363 2863 3558 2916 dicitur
3606 2881 3712 2916 non

2135 2971 2270 3016 esse,
2303 2953 2540 3022 nttnquid
2589 2954 2633 2992 1"
2683 2954 2946 3021 sequitur,
2975 2954 3194 3006 omnino
3235 2953 3363 3006 nihil
3401 2969 3543 3016 esse,
3587 2955 3712 3008 dum

2138 3061 2242 3096 non
2274 3043 2430 3096 aliam
2457 3042 2525 3096 ob
2556 3059 2772 3096 causam
2813 3042 3154 3111 praedicetur
3185 3059 3289 3096 non
3319 3058 3456 3108 esse,
3485 3045 3577 3096 sed
3626 3061 3716 3097 su-

469 3133 699 3199 prosilit,
729 3145 942 3198 semper
969 3137 1167 3183 statum
1197 3145 1328 3186 suae
1359 3141 1582 3186 naturae
1615 3133 2030 3201 incomprehen-
2060 3108 2104 3168 δ
2137 3131 2536 3200 peresscutialis
2563 3133 2626 3188 η.
2665 3133 2767 3185 nisi
2803 3131 2943 3208 quod
2987 3133 3038 3184 iu
3070 3147 3293 3185 numero
3338 3147 3544 3195 eorum,
3576 3151 3714 3202 quae

463 3224 678 3277 sibilent
719 3239 822 3278 non
867 3223 1067 3276 deserit
1096 3263 1110 3286 ,
1149 3234 1202 3278 et
1247 3224 1558 3292 priusquam
1602 3227 1841 3278 exterius
1885 3234 2033 3293 pate-

465 3311 638 3366 factus
685 3313 796 3374 ﬁat,
836 3315 974 3368 intra
1013 3317 1284 3386 ‘seipsum
1317 3317 1554 3385 seipsum
1589 3324 1788 3369 movet.
1833 3317 1910 3368 Ac
1941 3331 2034 3382 per

462 3401 564 3454 hoc
593 3410 646 3455 et
667 3403 810 3465 silet,
841 3413 896 3456 et
917 3406 1140 3469 clamat;
1165 3415 1220 3459 et
1241 3407 1364 3458 dum
1393 3405 1534 3466 silet,
1560 3404 1797 3468 clamat;
1828 3414 1884 3458 et
1907 3405 2030 3458 dum

463 3490 678 3552 clamat,
707 3493 862 3556 silet;
895 3504 948 3548 et
983 3496 1267 3549 invisibilis
1293 3497 1522 3558 videtur,
1552 3505 1607 3548 et
1641 3496 1766 3547 dum
1801 3495 2029 3558 videtur,

463 3581 744 3636 invisibilis
773 3593 886 3648 est;
927 3595 982 3638 et
1011 3585 1510 3654 incircumscriptus
1547 3585 2029 3646 circumscribitur,

465 3683 520 3725 et
557 3673 684 3738 dum
731 3675 1212 3737 circumscribitur,
1257 3675 1752 3742 incircumscriptus
1787 3688 2034 3742 perseve-

467 3773 584 3828 rat;
614 3773 670 3818 et
711 3765 836 3818 dmn
877 3767 1008 3830 vult,
1053 3767 1276 3820 vocibus
1320 3775 1375 3820 et
1403 3766 1583 3832 literis
1623 3767 2029 3833 incorporatur;

466 3863 522 3908 et
545 3856 670 3907 dum
693 3855 1081 3923 incorporatur,
1103 3857 1450 3925 incorporeus
1475 3858 1526 3908 in
1555 3857 1731 3923 seipse
1755 3856 2029 3918 subsistit;

466 3953 520 3996 et
547 3945 670 3996 dum
691 3945 790 3998 sibi
817 3945 980 3998 veluti
1007 3947 1266 4012 quaedam
1293 3945 1554 4006 vehicula,
1582 3945 1776 4013 quibus
1805 3945 1870 3997 ad
1902 3944 2032 3998 alio-

409 4053 418 4110 ξ
465 4049 584 4086 rum
636 4049 824 4088 sensus
850 4037 1024 4102 possit.
1049 4036 1264 4104 provehi
1311 4035 1353 4098 ⁵,
1386 4037 1453 4090 de
1502 4035 1640 4088 aeris
1671 4035 1916 4096 materia,
1949 4032 2030 4086 vel

414 4111 436 4152 ’⁸
465 4123 814 4176 seusihilihus
854 4125 1040 4194 ﬁguris
1070 4123 1248 4188 cflicit,
1285 4141 1430 4188 mox,
1477 4134 1534 4178 ut
1561 4126 1626 4177 ad
1669 4139 1858 4176 sensus
1884 4133 2035 4176 exte—

421 4199 426 4204 ’
463 4212 632 4264 riorcs
682 4227 866 4266 eorum
911 4214 1247 4279 pervenerit,
1311 4213 1422 4280 ipsa
1469 4211 1710 4265 vehicula
1757 4213 2030 4274 deserens,

463 4298 607 4352 solus
635 4315 730 4368 per
755 4301 988 4369 seipsum
1014 4301 1306 4362 absolutus,
1351 4302 1536 4354 intima
1567 4301 1726 4354 corda
1765 4310 2029 4368 penetrat,

461 4389 690 4457 aliisque
737 4390 1091 4444 intellectibus
1146 4407 1203 4443 se
1247 4393 1452 4452 miscet,
1494 4401 1548 4443 et
1595 4390 1652 4442 lit
1697 4406 1858 4442 unum
1907 4406 2027 4444 cum

461 4477 570 4540 bis,
610 4480 802 4548 quibus
827 4482 1122 4548 cOpnlatur.
1175 4481 1239 4533 Et
1287 4497 1408 4534 cum
1446 4483 1543 4532 hoc
1569 4481 1586 4510 ⁷
1621 4488 1858 4550 peragat,
1891 4497 2030 4534 sem-

459 4583 556 4636 per
589 4569 639 4622 in
665 4571 844 4639 seipso
875 4580 1085 4634 inanet;
1128 4581 1182 4623 et
1209 4573 1334 4624 dtnn
1363 4581 1627 4634 movetur,
1657 4581 1794 4635 stat;
1823 4581 1878 4624 et
1897 4553 2028 4624 'dum

459 4666 588 4722 stat,
623 4671 901 4720 movetur;
944 4671 1026 4714 est
1071 4661 1212 4713 enim
1266 4671 1438 4716 status
1484 4663 1714 4726 mobilis,
1757 4672 1809 4715 et
1857 4673 2031 4716 inotns

461 4753 698 4816 stabilis;
745 4763 800 4806 et
847 4755 972 4806 dum
1016 4753 1135 4806 aliis
1167 4752 1488 4824 atljungitur,
1533 4771 1683 4810 suam
1717 4757 2027 4826 simplicita-

464 4849 570 4894 trm
599 4859 701 4894 non
733 4843 1016 4911 relinquit;
1067 4852 1120 4896 et
1145 4844 1310 4897 multa
1377 4846 1505 4910 alia,
1536 4861 1674 4913 quae
1715 4848 2031 4902 mirabiliter

467 4942 520 4984 ct
567 4935 905 4988 ineliabiliter
949 4937 1014 4988 de
1061 4947 1274 5000 natura,
1325 4951 1462 5004 quae
1506 4940 1572 4990 ad
1601 4939 1890 5006 imaginem
1935 4940 2028 4994 Dei

467 5023 608 5074 farta
646 5033 745 5087 est,
783 5025 1075 5094 excogitari
1118 5037 1342 5094 possunt
1371 5028 1412 5078 ⁸.
1461 5025 1566 5078 Sed
1601 5028 1732 5080 haec
1785 5029 2029 5096 exemplo

465 5113 736 5166 sufﬁciunt
765 5115 832 5168 ad
861 5116 1234 5170 iusinuandam
1265 5117 1476 5170 divinae
1499 5117 1753 5170 bonitatis
1786 5117 2033 5172 ineffabi-

463 5203 570 5257 lem
592 5201 924 5256 diﬂ‘usionem
951 5220 1046 5273 per
1067 5206 1245 5258 omnia
1275 5221 1304 5258 a
1334 5220 1542 5258 summo
1565 5221 1734 5273 usque
1757 5209 2026 5272 deorsum,

2133 3232 2278 3286 sunt,
2329 3222 2598 3276 nmucrari
2654 3237 2772 3278 eam
2808 3221 2850 3259 ιθ
2880 3237 3007 3275 vera
3055 3237 3160 3274 non
3209 3221 3337 3274 sinit
3383 3223 3538 3284 ratio,
3587 3223 3714 3276 dum

2131 3329 2296 3380 super
2327 3313 2530 3374 omnia,
2561 3328 2697 3380 quae
2746 3319 2871 3366 sunt
2899 3319 2952 3365 et
2991 3325 3127 3379 quae
3171 3326 3276 3364 non
3307 3317 3451 3375 sunt,
3486 3327 3606 3365 esse
3634 3312 3714 3365 in-

2137 3404 2422 3472 telligatur.
2471 3406 2618 3458 Disc.
2665 3405 2802 3468 Quid
2850 3419 2977 3472 ergo
3021 3403 3333 3470 intelligam,
3377 3418 3596 3471 quaeso,
3653 3415 3704 3456 te

2133 3497 2378 3558 audiens,
2413 3495 2578 3548 Deum
2619 3497 2684 3548 de
2715 3494 2880 3548 nihilo
2903 3495 3108 3558 onmia,
3138 3509 3276 3561 quae
3306 3503 3448 3556 sunt,
3481 3492 3711 3548 fecisse?

2133 3585 2271 3637 Illac.
2323 3585 2562 3652 lntellige
2613 3601 2677 3638 ex
2736 3603 2838 3638 non
2886 3584 3240 3637 existentibus
3279 3584 3564 3638 existentia
3619 3600 3714 3652 per

2131 3677 2387 3730 virtutem
2418 3675 2458 3706 ”
2483 3675 2740 3728 bonitatis
2775 3675 2984 3728 divinae
3027 3674 3165 3728 facta
3207 3673 3390 3726 fuisse.
3417 3673 3491 3726 Ea
3541 3677 3706 3736 cuiut,

2132 3783 2270 3834 quae
2300 3782 2404 3818 non
2444 3775 2618 3826 erant,
2648 3773 2970 3831 acceperunt
2998 3780 3117 3818 esse
3151 3765 3216 3817 de
3244 3763 3430 3816 nihilo.
3471 3765 3710 3832 Namque

2133 3855 2276 3907 facta
2306 3863 2452 3918 sunt,
2481 3856 2604 3921 quia
2646 3870 2750 3906 non
2804 3863 2978 3917 erant,
3021 3854 3332 3920 priusquam
3377 3853 3583 3906 ﬁerent.
3637 3855 3710 3906 Et)

2135 3961 2366 4012 namque
2411 3944 2689 4002 vocabulo,
2732 3943 2873 4011 quod
2927 3951 3010 3994 est
3071 3943 3331 4004 nihilum,
3379 3957 3482 3994 non
3533 3943 3709 4010 aliqua

2137 4035 2386 4090 materies
2427 4035 2765 4122 existimatur
2811 4033 2874 4094 η,
2903 4047 3006 4082 ιιοιι
3051 4047 3212 4082 causa
3261 4030 3522 4100 quaedam
3572 4033 3713 4084 cxis-

2137 4128 2383 4188 tentium,
2418 4125 2652 4180 nonulla
2696 4123 2968 4192 processio
3005 4137 3095 4174 seu
3139 4123 3372 4184 occasio,
3417 4136 3574 4188 quam
3621 4137 3709 4174 se-

2136 4224 2392 4286 queretur
2427 4229 2636 4276 eorum,
2688 4227 2824 4281 quae
2867 4220 3009 4273 sunt,
3055 4210 3312 4272 conditio,
3363 4225 3464 4262 non
3513 4211 3708 4278 aliquid

2135 4310 2244 4362 Deo
2274 4304 2624 4360 coessentiale
2663 4314 2716 4358 et
2748 4311 3115 4362 coaeterunm,
3145 4315 3316 4368 nct‘pte
3358 4308 3508 4352 extra
3546 4300 3711 4352 licunt

2135 4417 2230 4466 per
2259 4414 2315 4452 se
2345 4399 2662 4458 subsistens,
2696 4410 2786 4447 seu
2829 4393 2895 4444 ab
2935 4390 3133 4458 aliquo,
3180 4391 3320 4443 unde
3365 4390 3506 4442 Deus
3547 4390 3711 4444 veluti

2136 4489 2414 4542 materiem
2443 4487 2710 4555 quandam
2755 4481 3122 4535 fabricationis
3169 4481 3350 4532 mundi
3387 4480 3707 4548 susceperit,

2135 4580 2463 4650 signiﬁcari;
2505 4576 2852 4632 sed.omuino
2885 4572 3048 4626 totius
3092 4569 3359 4624 essentiae
3389 4572 3709 4638 privationis

2135 4680 2512 4730 tunncn.cral,
2561 4676 2636 4730 et,
2691 4675 2748 4719 ut
2791 4663 2969 4716 verius
3021 4662 3218 4724 dicam,
3269 4661 3582 4714 vocabulum
3630 4670 3712 4714 est

2136 4761 2378 4816 absentia
2408 4760 2572 4813 totius
2598 4755 2864 4812 essentiae
2895 4755 2956 4807 ‘9.
2999 4753 3232 4806 Privatio
3263 4753 3404 4806 enim
3447 4751 3712 4806 habitudi-

2135 4854 2220 4908 nis
2248 4863 2332 4906 est
2355 4852 2572 4906 ablatio.
2603 4848 2881 4916 Quomodo
2915 4854 3115 4908 autem,
3155 4843 3400 4918 fortassis
3424 4845 3544 4913 quis
3565 4845 3712 4896 dixe-

2135 4945 2206 4997 rit
2249 4943 2313 5008 ”,
2368 4949 2576 5010 poterat
2620 4938 2733 4992 fieri
2789 4936 2830 4968 ²¹
2884 4935 3143 5002 privatio,
3199 4934 3507 5002 priusquam
3559 4933 3711 4984 ﬁeret

2135 5033 2384 5088 habitus?
2411 5030 2594 5084 Nullus
2616 5028 2757 5081 enim
2786 5025 2999 5078 habitus
3023 5031 3161 5082 erat,
3193 5031 3480 5088 antequam
3505 5019 3706 5080 omnia,

2135 5137 2274 5190 quae
2321 5127 2472 5182 sunt,
2523 5116 2892 5170 habitudiuen't
2953 5109 3328 5162 subsistentiae
3381 5107 3704 5174 acciperent.

2138 5213 2280 5264 Disc.
2313 5211 2388 5262 Eo
2431 5210 2592 5278 igitur
2627 5206 2864 5264 nomine,
2911 5200 3052 5266 quod
3091 5205 3172 5251 est
3209 5195 3455 5260 nihilum,
3495 5197 3706 5264 negatio

1725 5321 1975 5376 ΥΛΗΙΛΕ
2013 5323 2389 5377 LECTlO-NES

533 5413 549 5442 ⁸
604 5410 646 5462 Α
686 5419 865 5463 cetera
913 5412 1048 5462 enim
1119 5415 1142 5445 ³
1197 5410 1241 5462 Α
1294 5419 1366 5462 est
1409 5410 1597 5478 itaque.
1677 5413 1696 5442 ³
1735 5413 1776 5464 Α
1813 5413 1969 5464 enim.

457 5480 546 5532 ’Δ
597 5481 742 5532 haec.
818 5480 840 5510 ⁸
894 5479 984 5532 Sic
1031 5481 1140 5533 AC.
1217 5483 1237 5512 θ
1277 5481 1318 5531 (Σ
1357 5479 1561 5532 divisio.

459 5565 566 5603 esse
620 5564 730 5601 om.
784 5549 845 5603 (ἶ.
926 5549 970 5578 ”
1025 5565 1122 5617 pro
1167 5550 1417 5610 numquid
1470 5550 1510 5600 (3
1554 5551 1698 5603 nihil.

459 5635 549 5688 per
607 5620 848 5670 virtutem
892 5619 932 5672 C
1003 5622 1209 5671 virtute.
1289 5619 1334 5650 ¹⁸
1372 5619 1702 5676 existimantur
1737 5637 1843 5675 om.
1895 5621 1958 5671 Λ.

462 5689 644 5741 dixerit
687 5703 795 5741 om.
833 5690 895 5741 Α.
975 5689 1016 5718 ²¹
1047 5689 1090 5740 Λ
1119 5688 1234 5752 [ἐστὶ
1263 5697 1479 5754 poterat.

2049 5411 2070 5442 ⁵
2109 5419 2320 5478 apparet
2381 5426 2488 5462 om.
2533 5408 2596 5459 A.

1644 5482 1684 5512 ¹⁰
1737 5483 1778 5534 Λ
1821 5483 1882 5532 ab
1925 5482 2088 5533 omni.

1781 5552 1824 5582 ¹⁵
1869 5551 2047 5613 Corn;
2085 5550 2214 5603 ABG
2275 5551 2508 5613 superior
2569 5541 2876 5613 essenliulis.
2977 5541 3019 5566 ¹¹⁵
3065 5550 3101 5613 ςς

2037 5601 2292 5671 “iiuna-it
2339 5601 2450 5670 crat
2492 5644 2563 5656 -ι
2596 5611 2846 5668 assentire
2905 5623 3012 5660 om.
3064 5601 3124 5652 (Σ.

2674 5404 2808 5456 l’Sic
2858 5399 2941 5460 C;
2987 5396 3029 5447 A
3074 5403 3241 5445 extra.
3320 5393 3338 5422 ⁶
3389 5393 3430 5444 Α
3479 5394 3703 5459 parre/ii.

2773 5474 2816 5504 η
2862 5471 2926 5520 de
2989 5463 3148 5515 nihilo
3205 5477 3310 5512 om.
3361 5463 3421 5514 C.
3499 5463 3540 5490 ¹³
3579 5464 3708 5515 nihil

2977 5535 3019 5566 ιδ
3065 5548 3176 5581 cum
3225 5547 3330 5582 om.
3385 5533 3448 5583 Α.
3529 5533 3566 5562 ³⁷
3597 5533 3705 5584 Pro

3205 5600 3248 5630 ‘°
3281 5601 3517 5667 fortassis
3588 5603 3706 5668 quia

2169 5475 2209 5510 ίλ
2257 5491 2430 5532 uestro
2465 5494 2572 5528 mn.
2620 5475 2682 5526 Δ.
