4236 6274
576 362 681 419 655

1941 338 2105 397 JOAN‘
2115 342 2220 397 NIS
2260 342 2456 398 SCOTI

3714 350 3822 409 636

577 485 736 545 atque
759 467 1001 526 absentia
1025 465 1187 520 totius
1205 462 1475 519 essentiae
1499 458 1581 515 vel
1603 455 1959 520 substantiae,
1984 456 2150 510 immo
2176 463 2225 519 Α
2252 455 2528 525 praecedit
2553 454 2734 510 omnia
2754 496 2770 523 ,
2801 471 2943 528 quae
2973 458 3026 513 in
3061 473 3124 513 ea
3141 500 3155 525 ,
3187 468 3243 515 et
3270 475 3369 530 per
3396 476 3519 517 eam
3538 502 3555 529 ,
3584 474 3641 520 et
3663 469 3732 523 ab
3757 484 3823 524 ea

578 565 743 619 etiam
772 567 1115 621 cunctorum,
1137 569 1275 625 quae
1298 555 1353 607 in
1382 560 1572 607 natura
1596 563 1778 604 rerum
1802 556 1981 603 creata
2002 557 2148 612 sunt,

576 652 922 709 insinuantur
975 647 1015 702 ³.
1086 644 1228 699 Μλσ.
1282 645 1361 698 Ita
1411 650 1527 705 est,
1598 649 1659 693 ut
1709 638 1963 693 arbitror.
2015 636 2149 691 Nam

575 756 747 814 paene
786 749 808 780 ι
855 752 1046 794 omnes
1109 749 1298 790 sacrae
1344 730 1658 799 Scripturae
1698 728 2032 797 expositores
2097 727 2151 781 in

576 834 679 889 hoc
704 828 1067 892 consentiunt,
1103 824 1244 894 quod
1277 821 1521 876 conditor
1548 818 1831 873 universae
1869 826 2152 872 creaturae

576 943 683 980 non
716 925 781 979 de
810 922 1018 992 aliquo,
1067 919 1161 974 sed
1190 917 1257 971 de
1292 914 1515 969 omnino
1570 911 1761 977 nihilo,
1801 924 2153 979 quaecunque

576 1015 748 1069 voluit
790 1012 926 1076 ﬁeri,
975 1010 1125 1065 fecit.
1185 1006 1326 1061 Dtsc.
1381 1002 1599 1058 Nebulis
1652 1001 1807 1055 valde
1853 1000 2152 1054 tenebrosis

577 1105 959 1174 cogitationum
1020 1113 1264 1155 mearum
1321 1094 1559 1165 undique
1612 1092 1847 1147 cinctum
1890 1106 1981 1146 me
2032 1103 2155 1145 esse

576 1196 769 1250 sentio.
820 1194 878 1248 In
911 1191 1107 1247 talibus
1132 1189 1154 1221 ³
1183 1187 1430 1257 equidem
1459 1185 1534 1239 nil
1586 1183 1716 1238 mihi
1756 1189 2017 1246 remanet,
2047 1180 2151 1234 nisi

577 1287 688 1341 sola
712 1284 864 1349 ﬁdes,
891 1297 1053 1353 quam
1076 1288 1384 1335 sanctorum
1410 1276 1631 1330 Patrum
1655 1273 1818 1329 tradit
1837 1271 2149 1327 auctoritas.

577 1370 714 1430 Dum
755 1387 884 1427 vero
936 1372 1003 1425 de
1053 1371 1157 1434 liis,
1207 1381 1345 1436 quae
1387 1365 1500 1420 sola
1542 1364 1646 1419 fide
1688 1364 1912 1428 retineo,
1955 1361 2154 1431 aliquid

575 1478 743 1517 conor
781 1463 848 1516 ad
891 1474 1085 1530 purum
1130 1455 1514 1527 intelligentiae
1543 1454 1783 1509 habitum
1824 1453 2153 1523 perspicere,

576 1552 894 1624 fugientium
925 1565 1011 1604 me
1045 1547 1516 1603 snbtilissimarum
1556 1545 1826 1599 rationum
1860 1543 2026 1597 nimia
2053 1544 2153 1597 ob-

576 1645 856 1706 scuritate,
889 1643 1054 1696 immo
1083 1640 1246 1694 etiam
1275 1637 1439 1691 nimia
1467 1635 1732 1700 claritate,
1755 1634 1927 1689 aciem
1958 1634 2155 1689 mentis

573 1730 912 1801 reperculsus
958 1728 979 1759 ’⁵
1049 1728 1294 1797 repellor.
1362 1726 1498 1779 Μιο.
1566 1725 1744 1789 Dicas,
1787 1738 2010 1794 quaeso,
2064 1722 2151 1777 ubi

2252 546 2590 614 subsistunt;
2623 562 2809 604 eorum
2841 565 3076 622 namque
3103 569 3267 608 causa
3295 565 3399 610 est.
3432 558 3571 613 lliuc
3599 562 3821 617 conﬁci-

2253 641 2359 699 tur,
2394 635 2448 690 in
2475 634 2653 692 Patris
2675 637 2934 707 sapientia
2965 642 3145 695 omnia
3173 651 3393 698 aeterna
3422 660 3541 701 esse
3559 688 3573 713 ,
3608 664 3717 705 non
3745 660 3827 706 ta-

2251 738 2374 779 men
2403 725 2452 779 ei
2482 735 2787 782 coaeterna.
2812 726 2953 783 Illae.
2986 728 3195 786 Haec“
3213 732 3531 803 jamdudum
3558 738 3701 794 inter
3726 757 3826 797 nos

2252 814 2519 881 discussa,
2538 827 2595 872 et
2621 817 2690 872 ad
2712 818 3089 874 inconcussum
3112 823 3307 878 mentis
3328 825 3571 881 habitum
3598 829 3826 887 deducta

2252 912 2381 959 sunt
2403 904 2451 936 ⁸⁹
2474 920 2603 961 vera
2632 907 2842 962 ratione
2862 947 2878 974 ,
2904 923 3294 979 sacrorumque
3319 911 3544 968 Patrum
3578 917 3823 974 testimo-

2251 994 2357 1048 niis
2390 995 2445 1049 in
2472 996 2574 1050 hoc
2600 999 3082 1056 consentientibus.
3114 1001 3261 1057 DISC.
3290 1004 3336 1045 ιο
3360 1003 3507 1079 ⁹Νυιι]
3534 1007 3714 1078 itaque
3739 1011 3826 1066 vi-

2250 1083 2366 1149 des,
2382 1089 2525 1153 quod
2544 1101 2650 1142 non
2673 1088 2942 1145 immerito
2961 1101 3270 1159 moveor,et
3290 1094 3698 1154 adversantibus
3715 1102 3822 1158 sibi

2254 1173 2484 1229 invicem
2515 1177 2848 1233 diversarum
2878 1181 3266 1251 cogitationum
3301 1183 3555 1241 ﬂuctibus
3591 1189 3824 1245 allidor?

2254 1261 2388 1318 Nam
2415 1268 2686 1333 quomodo
2708 1269 2842 1324 haec
2872 1271 2974 1325 sibi
3000 1272 3230 1328 invicem
3252 1278 3542 1332 convenire
3565 1283 3823 1349 possunt?

2254 1354 2313 1410 Si
2341 1358 2549 1423 omnia,
2582 1374 2723 1428 quae
2750 1369 2898 1425 sunt,
2928 1362 2981 1415 in
3015 1364 3279 1433 sapientia
3313 1368 3580 1422 creatrice
3602 1380 3820 1425 aeterna

2254 1452 2409 1510 sunt,
2438 1447 2709 1514 quomodo
2733 1448 2801 1502 de
2826 1449 2995 1503 nihilo
3019 1460 3146 1505 sunt
3174 1451 3352 1508 facta?
3374 1453 3654 1521 Quomodo
3676 1460 3819 1513 enim

2252 1541 2435 1603 potest
2458 1546 2738 1590 aeternum
2767 1551 2888 1593 esse
2906 1578 2921 1602 ,
2952 1542 3095 1609 quod
3122 1541 3435 1612 priusquam
3476 1545 3666 1610 ﬁeret,
3714 1563 3820 1602 non

2252 1626 2416 1680 erat?
2461 1627 2599 1680 Et"
2629 1630 2770 1698 quod
2818 1630 3007 1701 incipit
3051 1646 3172 1688 esse
3216 1634 3271 1687 in
3312 1644 3556 1706 tempore
3601 1648 3656 1692 et
3696 1656 3820 1696 cum

2256 1723 2524 1784 tempore,
2550 1720 2819 1788 quomodo
2844 1729 3020 1789 potest
3039 1737 3163 1778 esse
3188 1724 3242 1779 in
3269 1729 3628 1784 aeternitate?
3651 1730 3821 1789 Omne

573 1838 716 1876 nunt:
750 1820 1010 1883 haesitas,
1034 1827 1088 1872 et
1126 1819 1253 1888 quid
1292 1826 1344 1871 te
1382 1824 1590 1870 tantum
1637 1816 1932 1886 perturbat,
1980 1823 2035 1868 ut
2085 1813 2151 1868 ad
2185 1808 2227 1867 Β
2255 1805 2517 1873 siquidem
2544 1809 2880 1865 aeternitatis
2908 1813 3176 1882 particeps
3204 1829 3306 1870 nec
3333 1815 3698 1887 ineipitesse,
3722 1838 3819 1877 nec

575 1913 779 1967 nullum
814 1925 979 1981 purae
1015 1908 1402 1979 intelligentiae
1439 1907 1682 1961 habitum
1725 1905 1924 1970 valeas,
1951 1911 2011 1958 ut
2047 1904 2148 1968 ais,

573 2003 875 2074 pervenire,
947 2009 1040 2053 aut
1112 1998 1203 2051 uhi
1261 2005 1446 2050 nostra
1513 1994 1855 2049 ratiocinatio
1912 1992 2149 2058 vacillat,

575 2092 790 2164 quando
814 2103 865 2145 te
892 2090 959 2144 ad
982 2088 1182 2142 nullam
1211 2095 1417 2141 certam
1448 2084 1811 2140 deﬁnitionem
1865 2097 2152 2153 rcrmnqne

573 2185 936 2256 cognitionem
968 2189 1142 2251 potest
1171 2179 1459 2233 adducere.
1507 2179 1652 2232 Dtsc.
1677 2176 2072 2247 Magnanimum
2102 2186 2153 2231 te

573 2290 714 2339 esse,
738 2287 997 2340 meaeque
1021 2268 1291 2324 tarditatis
1310 2267 1557 2322 'morulas
1590 2266 1857 2337 patienter
1887 2268 2153 2322 sustinere

572 2365 805 2437 postulo.
845 2362 1179 2418 Crediderim
1226 2376 1478 2430 namque,
1529 2361 1627 2414 has
1670 2375 1852 2415 rerum
1903 2361 2153 2416 tenuissi-

574 2472 692 2515 mas
737 2454 1114 2524 inquisitiones
1141 2451 1307 2507 etiam
1338 2449 1725 2521 perfectiorum
1755 2465 1842 2505 me
1876 2450 2152 2505 interiori-

580 2547 684 2602 bus
711 2546 880 2602 oculis
918 2558 1023 2599 non
1063 2553 1173 2596 tam
1214 2541 1373 2597 facile
1419 2542 1691 2595 lucescere
1714 2578 1730 2607 ,
1778 2549 1840 2594 ut
1869 2539 2152 2595 confestim

574 2634 644 2692 ad
665 2637 881 2691 ﬁrmum
902 2633 1067 2689 animi
1083 2631 1320 2686 hahitmn
1345 2632 1553 2701 possint
1573 2631 1888 2693 adhaerere,
1912 2645 2156 2700 praescr-

578 2729 674 2781 tim
702 2728 828 2781 dum
858 2741 925 2780 ex
954 2725 1059 2789 his,
1108 2738 1248 2792 quae
1286 2723 1547 2777 hactenus
1576 2722 1717 2776 inter
1744 2736 1844 2776 nos
1868 2720 1889 2753 ⁸
1920 2720 2033 2790 jam
2058 2722 2155 2776 du-

572 2820 699 2875 dum
742 2818 764 2848 ⁶
805 2817 967 2871 veluti
1028 2814 1096 2868 ad
1140 2814 1401 2883 liquidum
1451 2813 1711 2883 perducta
1763 2813 1784 2844 ⁷
1826 2820 1974 2877 sunt,
2017 2813 2155 2866 haec

570 2909 705 2966 mihi
733 2923 876 2963 nunc
912 2908 1143 2962 obscura
1184 2898 1437 2961 videntur
1485 2905 1677 2973 ingeri.
1724 2902 2039 2959 Confectum
2068 2913 2154 2960 est

569 2991 715 3055 enim
763 2999 904 3054 inter
946 3013 1045 3052 nos
1088 2997 1154 3052 de
1194 2994 1639 3067 primordialibus
1683 3008 1863 3049 rerum
1910 2992 2151 3049 omnium

569 3091 771 3153 causis,
825 3089 969 3160 quod
1007 3089 1031 3121 ⁸
1066 3104 1098 3142 a
1129 3086 1291 3142 Patre
1335 3087 1387 3141 in
1420 3086 1584 3142 verbo
1609 3102 1707 3142 suo
1750 3087 2011 3158 ingenito,
2048 3087 2152 3143 hoc
2179 3146 2221 3168 Α

570 3190 675 3246 est,
705 3181 759 3234 in
788 3153 885 3234 sua
908 3178 1171 3248 sapientia
1190 3187 1246 3233 et
1267 3177 1288 3208 °
1310 3177 1470 3232 simul
1495 3185 1552 3232 et
1578 3176 1743 3232 semel
1765 3188 1891 3232 sunt
1909 3189 2153 3232 aeterna-
2178 3153 2224 3207 (ἶ

571 3272 698 3327 liter
740 3273 901 3339 facta,
960 3270 1035 3324 ita
1081 3277 1159 3335 ut,
1212 3268 1663 3338 quemadmodum
1712 3268 1827 3337 ipsa
1889 3269 2151 3338 sapientia

570 3363 747 3417 Patris
773 3370 992 3416 aeterna
1019 3359 1061 3389 ¹⁰
1089 3366 1193 3422 est,
1235 3373 1437 3425 suoque
1460 3356 1607 3412 Patri
1653 3366 1957 3423 coaeterna,
1988 3359 2068 3413 sic
2110 3359 2151 3390 ”

569 3451 733 3503 etiam
765 3455 981 3512 cuncta,
1010 3460 1147 3515 quae
1178 3446 1230 3498 in
1259 3459 1322 3497 ea
1360 3452 1404 3482 η
1428 3443 1571 3499 facta
1599 3453 1749 3510 sunt,
1774 3454 1991 3499 aeterna
2023 3446 2150 3513 sint,

570 3546 638 3592 eo
682 3545 930 3606 excepto,
964 3535 1191 3605 quodin
1239 3534 1355 3603 ipso
1401 3534 1583 3588 omnia
1629 3534 1770 3590 facta
1808 3545 1963 3602 sunt;
2012 3552 2153 3606 quae

570 3642 681 3682 non
724 3635 808 3680 est
844 3626 1006 3690 facta,
1057 3624 1150 3678 sed
1194 3624 1398 3695 genita,
1435 3633 1490 3677 et
1524 3623 1739 3678 factrix.
1790 3625 2066 3694 Siquidem
2096 3628 2151 3682 in

572 3717 851 3773 condenda
894 3715 1182 3768 universali
1231 3723 1479 3768 creatura
1527 3716 1669 3770 sicut
1704 3732 1809 3770 una
1857 3718 2152 3785 eademque

568 3817 653 3869 est
683 3806 726 3837 “
752 3806 927 3859 Patris
955 3814 1005 3860 et
1036 3802 1155 3858 Filii
1178 3803 1444 3870 voluntas,
1489 3794 1562 3859 ita
1594 3821 1696 3859 una
1728 3807 2022 3876 eademque
2067 3817 2151 3863 est

572 3894 835 3967 operatio.
870 3893 925 3948 In
952 3893 1388 3963 primordialibus
1413 3893 1596 3962 itaque
1620 3895 1734 3949 suis
1764 3895 1940 3950 causis
1968 3898 2148 3950 omnia

569 3987 625 4042 in
665 3986 927 4057 sapientia
971 3983 1147 4039 Patris
1184 3991 1402 4038 aeterna
1449 3994 1596 4049 sunt,
1646 3998 1750 4039 non
1797 3993 1974 4039 tamen
2013 3987 2063 4041 ei
2105 3986 2149 4018 “

569 4085 876 4132 coaeterna.
911 4074 1193 4131 Praecedit
1234 4073 1379 4129 enim
1438 4091 1604 4131 causa
1642 4074 1863 4132 effectus
1882 4092 2028 4132 suos.
2077 4077 2148 4133 Ut

569 4169 716 4225 enim
753 4166 1053 4223 intellectus
1083 4165 1306 4222 artiﬁcis
1332 4169 1465 4224 artis
1495 4168 1823 4224 intellectum
1849 4171 2143 4239 praecedit,

567 4258 872 4327 intellectus
898 4267 1077 4312 autem
1102 4257 1235 4312 artis
1269 4257 1545 4327 praecedit
1573 4257 1903 4312 intellectum
1934 4271 2143 4324 eorum,

568 4324 708 4421 quae
736 4350 790 4404 in
813 4364 879 4405 ea
904 4359 960 4405 et
990 4365 1088 4420 per
1116 4365 1235 4405 eam
1263 4324 1399 4404 fiunt
1425 4349 1493 4414 η,
1528 4349 1601 4404 ita
1633 4349 1935 4405 intellectus
1968 4348 2145 4403 Patris

568 4441 792 4495 artiﬁcis
818 4440 1147 4495 intellectum
1175 4455 1307 4495 suae
1337 4440 1490 4506 artis,
1510 4440 1614 4494 hoc
1643 4449 1746 4505 est,
1774 4455 1904 4495 suae
1929 4440 2143 4507 sapien-

570 4532 697 4593 tiae,
729 4529 785 4583 in
816 4543 919 4596 qua
964 4531 1204 4583 condidit
1244 4531 1444 4596 omnia,
1492 4530 1778 4584 antecedit.
1830 4529 2030 4582 Deinde
2058 4529 2141 4582 in-

569 4617 842 4672 tellectum
887 4617 1052 4686 ipsius
1091 4619 1223 4672 artis
1261 4620 1522 4682 oumium,
1569 4630 1708 4689 quae
1746 4620 1801 4673 in
1845 4633 1908 4674 ea
1950 4627 2005 4673 et
2045 4634 2142 4688 per

567 4719 688 4758 eam
729 4704 868 4758 facta
912 4713 1054 4769 sunt,
1099 4705 1342 4773 sequitur
1381 4708 1613 4776 cognitio
1643 4707 1708 4762 ".
1750 4706 1922 4763 Omne
1968 4708 2142 4777 siqui-

568 4795 714 4857 dem,
755 4791 899 4861 quod
941 4808 1065 4846 vera
1105 4793 1242 4845 ratio
1287 4810 1502 4862 quoquo
1545 4797 1703 4849 modo
1749 4797 2135 4865 praecessionis

567 4880 889 4952 praecedere
927 4878 969 4911 "
1018 4879 1245 4944 invenit,
1276 4880 1427 4947 juxta
1474 4882 1771 4935 naturalem
1802 4898 2135 4952 consequen-

568 4971 698 5025 tiam
747 4969 1071 5040 praecedere
1116 4984 1336 5024 neccsse
1379 4978 1482 5024 est.
1531 4970 1610 5022 Ac
1655 4984 1753 5039 per
1793 4970 1894 5025 hoc
1936 4971 2131 5026 artifex

567 5059 807 5112 omnium
835 5055 976 5112 Deus
1005 5057 1163 5113 Pater
1186 5059 1481 5112 secundum
1506 5074 1723 5113 causam
1769 5069 1939 5115 artem
1977 5074 2129 5123 suam

564 5148 865 5218 praecedit;
891 5149 1085 5203 artifex
1110 5148 1374 5217 siquidem
1397 5164 1557 5205 causa
1581 5166 1710 5205 suae
1738 5152 1871 5207 artis
1897 5162 2009 5217 est,
2043 5169 2130 5209 ars

565 5249 745 5296 autem
790 5241 875 5297 sui
920 5241 1146 5298 artiﬁcis
1184 5258 1292 5297 non
1330 5250 1414 5297 est
1461 5260 1660 5311 causa;
1712 5247 1825 5316 ipsa
1869 5262 1999 5301 vero
2040 5264 2129 5302 ars

2253 1893 2470 1949 desinit.
2502 1895 2654 1963 Quod
2683 1907 2865 1953 autem
2896 1912 3004 1954 non
3040 1912 3190 1969 erat,
3218 1912 3275 1958 et
3311 1906 3503 1978 incipit
3535 1924 3656 1966 esse
3677 1952 3693 1977 ,
3727 1927 3822 1967 ne-

2253 1986 2493 2041 cessario
2545 1988 2754 2042 desinet
2799 2005 2951 2057 esse,
2996 1995 3141 2061 quod
3186 2003 3286 2050 est.
3343 1995 3515 2054 Omne
3554 2018 3819 2072 namque,

2253 2076 2394 2143 quod
2429 2076 2582 2130 initio
2620 2092 2725 2131 non
2759 2090 2942 2144 caret,
2982 2082 3089 2138 ﬁne
3125 2098 3313 2140 carere
3346 2103 3452 2144 non
3480 2101 3673 2158 potest.
3701 2094 3820 2151 Non

2252 2163 2468 2217 invenio
2515 2164 2727 2235 itaque,
2777 2171 3046 2237 quomodo
3089 2172 3223 2228 haec
3276 2176 3376 2231 sibi
3428 2179 3654 2235 invicem
3705 2199 3815 2238 non

2256 2264 2603 2323 oppugnant,
2643 2271 2750 2326 qua
2785 2259 2993 2314 ratione
3027 2268 3084 2315 et
3121 2264 3303 2319 omnia
3337 2265 3390 2320 in
3421 2269 3683 2337 sapientia
3719 2274 3818 2328 Dei

2252 2352 2473 2397 aeterna
2497 2354 2653 2410 sunt,
2680 2355 2735 2400 et
2759 2348 2825 2402 de
2848 2349 3015 2404 nihilo
3038 2350 3180 2407 facta
3198 2393 3214 2419 ,
3239 2353 3343 2408 hoc
3363 2365 3445 2411 est
3463 2397 3478 2422 ,
3504 2360 3819 2430 priusquam

2253 2432 2470 2500 ﬁerent,
2502 2448 2607 2490 non
2636 2447 2811 2493 erant.
2840 2439 2955 2496 Nisi
2987 2442 3126 2499 forte
3141 2446 3425 2514 quisdicat,
3450 2451 3823 2520 primordiales

2253 2537 2438 2577 rerum
2470 2526 2714 2581 omnium
2764 2544 2957 2585 causas
2990 2532 3044 2586 in
3100 2535 3365 2603 sapientia
3398 2538 3577 2596 Patris
3612 2557 3823 2615 semper

2254 2625 2375 2666 esse
2408 2623 2662 2669 aeternas
2684 2655 2699 2680 ,
2736 2618 3017 2674 informem
3048 2637 3178 2677 vero
3207 2628 3523 2695 materiem,
3554 2630 3608 2684 in
3632 2647 3737 2700 qua
3767 2643 3823 2688 et

2252 2716 2351 2770 per
2377 2717 2536 2770 quam
2567 2703 2621 2758 in
2653 2704 2875 2762 effectos
2905 2723 3031 2763 suos
3059 2724 3154 2778 per
3181 2715 3586 2782 generationem
3622 2733 3818 2788 prove-

2252 2792 2408 2846 niunt
2434 2792 2487 2846 in
2517 2808 2716 2863 genera
2755 2805 2812 2851 et
2848 2801 3090 2868 species,
3132 2802 3329 2871 quibus
3366 2808 3598 2862 mundus
3638 2810 3819 2881 imple-

2255 2890 2363 2948 tur,
2395 2893 2674 2940 aeternam
2705 2902 2812 2943 non
2849 2904 2989 2944 esse.
3028 2891 3133 2947 Sed
3171 2895 3417 2966 quisquis
3454 2899 3555 2955 hoc
3591 2901 3820 2969 dixerit,

2252 2982 2474 3043 cogetur
2496 2974 2688 3042 fateri,
2716 2980 3000 3034 materiam
3025 2982 3091 3036 de
3115 2982 3285 3038 nihilo
3310 2984 3508 3041 factam
3535 2991 3822 3045 causaliter

2253 3064 2397 3122 intra
2432 3077 2683 3124 aeternas
2714 3086 2905 3126 rerum
2943 3088 3133 3130 causas
3164 3087 3271 3131 nan
3309 3086 3818 3140 connumerandam.

2253 3154 2321 3209 Et
2368 3156 2413 3209 si
2461 3158 2567 3212 hoc
2608 3163 2972 3227 concesserit,
3021 3168 3330 3223 necessario
3375 3171 3728 3227 concludetur
3765 3184 3820 3229 et

2251 3254 2475 3334 cogetur
2495 3248 2657 3314 dare,
2686 3266 2794 3305 non
2820 3252 2999 3308 omnia
3018 3293 3034 3321 ,
3063 3256 3157 3310 sed
3184 3259 3448 3326 quaedam
3477 3262 3532 3315 in
3560 3265 3819 3334 sapientia

2251 3333 2427 3391 Patris
2460 3346 2682 3394 aeterna
2717 3356 2855 3397 esse.
2896 3344 3175 3401 Materiem
3210 3360 3392 3404 autem
3435 3333 3721 3409 informem
3766 3357 3818 3412 in

2250 3439 2475 3480 numero
2498 3430 2738 3484 omnium
2759 3471 2774 3497 ,
2799 3448 2939 3501 quae
2965 3450 2996 3489 a
3026 3436 3136 3492 Deo
3160 3439 3303 3494 facta
3328 3453 3455 3497 sunt
3482 3443 3535 3498 in
3560 3446 3820 3514 sapientia

2248 3532 2346 3573 sua
2363 3558 2379 3584 ,
2407 3529 2780 3583 connumerari
2805 3570 2821 3595 ,
2851 3546 3010 3589 nemo
3038 3546 3183 3590 recte
3212 3538 3696 3609 philosophantium
3722 3546 3819 3598 ab-

2249 3612 2476 3680 negarit.
2515 3614 2794 3681 Quomodo
2842 3623 2985 3677 enim
3032 3640 3210 3682 rerum
3259 3632 3500 3686 omnium
3549 3650 3738 3691 causas
3762 3637 3815 3688 in

2250 3696 2430 3755 Verbo
2454 3702 2547 3757 Dei
2574 3710 2922 3765 aeternafiter
2943 3715 3187 3771 conditas
3206 3733 3345 3785 esse,
3379 3721 3655 3776 informem
3683 3739 3815 3778 vero

2249 3793 2529 3848 materiem
2576 3810 2673 3852 sua
2718 3814 2881 3856 causa
2929 3818 3119 3860 carere
3161 3809 3284 3876 quis
3329 3821 3506 3880 potest
3541 3815 3719 3870 dicere
3746 3826 3813 3882 η,

2246 3884 2468 3940 omnino
2509 3902 2616 3942 non
2656 3893 2887 3960 reperio.
2925 3894 3154 3952 Proinde
3184 3898 3252 3964 ³³,
3283 3901 3327 3954 si
3366 3901 3419 3956 in
3448 3918 3675 3959 numero
3700 3906 3816 3959 uni-

2246 3978 2520 4033 versitatis
2548 3983 2800 4039 conditae
2840 3988 3065 4042 materia
3106 3992 3462 4061 concluditur,
3509 4000 3813 4053 necessario
3876 4040 3881 4049 .

2246 4073 2507 4141 sequitur,
2531 4083 2592 4131 ut
2618 4077 2784 4146 ipsius
2808 4094 2970 4135 causa
2996 4097 3061 4136 cx
3090 4099 3314 4141 numero
3334 4103 3615 4142 causarum
3641 4101 3814 4145 aeter-
3892 4102 3903 4109 ‘

2247 4161 2448 4217 naliter
2475 4164 2531 4219 in
2575 4168 2837 4235 sapientia
2879 4169 2972 4224 Dei
3003 4180 3307 4229 creatarum
3339 4191 3441 4230 non
3472 4177 3809 4234 excludatur.

2246 4250 2384 4306 MAG.
2411 4254 2488 4308 De
2511 4253 2727 4311 informi
2756 4261 2983 4313 materia
3000 4299 3014 4324 ,
3039 4276 3201 4330 quant
3226 4263 3416 4319 Graeci
3439 4265 3559 4325 ὕλην
3580 4276 3772 4321 vocant
3791 4309 3806 4333 ,

2246 4341 2425 4397 nullus
2450 4343 2503 4397 in
2528 4360 2681 4400 sacra
2712 4345 2989 4416 Scriptura
3016 4352 3433 4407 cxercitatorum
3454 4395 3468 4417 ,
3496 4365 3806 4410 naturarum

2244 4431 2603 4487 conditionem
2628 4445 2772 4489 recta
2797 4439 3005 4493 ratione
3023 4441 3390 4508 considerans,
3408 4447 3651 4516 ambigit,
3668 4448 3806 4517 quod

2243 4537 2273 4573 a
2301 4523 2576 4578 conditore
2597 4527 2853 4581 omnium
2874 4539 2929 4582 et
2961 4531 3249 4586 causaliter
3287 4535 3426 4589 inter
3452 4539 3723 4603 causalcs,
3753 4547 3807 4592 et

2244 4611 2386 4664 inter
2405 4628 2690 4669 causarum
2717 4617 2939 4675 effectus
2964 4623 3258 4678 secundum
3285 4640 3409 4681 suas
3436 4630 3807 4699 preportioncs

2243 4701 2458 4756 condita
2498 4707 2586 4759 sit.
2617 4706 2718 4772 Qui
2747 4711 2890 4765 enim
2922 4712 3052 4768 fecit
3081 4717 3337 4770 mundum
3366 4718 3433 4772 de
3463 4722 3687 4775 materia
3721 4724 3805 4776 in-

2242 4791 2436 4857 formi,
2468 4794 2580 4863 ipse
2606 4796 2731 4851 fecit
2761 4800 3042 4857 informem
3074 4807 3354 4861 materiem
3385 4809 3451 4862 de
3477 4811 3696 4863 omnino
3722 4813 3805 4865 ni-

2238 4879 2370 4946 hilo,
2400 4884 2664 4954 siquidem
2692 4898 2798 4942 non
2827 4888 2964 4945 alius
2992 4902 3077 4948 est
3105 4906 3293 4950 auctor
3325 4897 3506 4950 mundi
3539 4900 3604 4951 de
3630 4899 3801 4954 infor-

2238 4972 2309 5025 mi
2341 4976 2564 5030 materia
2592 4975 2753 5042 facti,
2775 4987 2830 5033 et
2856 4981 2993 5036 alius
3017 4983 3187 5053 ipsius
3213 4987 3469 5042 materiae
3493 4987 3559 5042 de
3580 4991 3803 5044 omnino

2238 5061 2404 5115 nihilo
2433 5066 2581 5131 prius
2612 5077 2858 5135 creatae,
2901 5072 2997 5129 sed
3042 5088 3182 5128 unus
3223 5086 3384 5146 atque
3428 5077 3566 5131 idem
3604 5079 3803 5132 utrius-

2235 5164 2341 5218 que
2382 5162 2465 5206 est
2505 5156 2771 5220 conditor,
2812 5162 3067 5227 quoniam
3098 5164 3167 5217 ab
3196 5180 3300 5218 uno
3330 5166 3594 5235 principio
3622 5169 3798 5221 onniia

2235 5257 2376 5310 quae
2404 5254 2557 5306 sunt,
2588 5248 2704 5303 sive
2729 5247 2981 5305 informia
3001 5290 3014 5317 ,
3047 5253 3164 5308 sive
3191 5252 3421 5310 formata
3442 5295 3456 5321 ,
3486 5258 3796 5326 procedunt.

1854 5381 1934 5436 VA
1944 5384 2100 5437 lilAE
2133 5384 2527 5441 LECTIONES.

1415 5492 1436 5524 ³
1468 5493 1522 5547 In
1553 5493 1745 5547 talibus
1779 5508 1887 5547 om.
1923 5494 1987 5547 Δ.

1558 5564 1580 5594 ’
1608 5573 1654 5616 et
1703 5576 1811 5614 om.
1844 5564 1909 5615 Α.

1219 5632 1263 5662 ¹⁶
1300 5633 1533 5698 sequitur
1597 5631 1819 5698 cognitio
1872 5647 1980 5683 om.
2019 5631 2079 5685 C.

639 5495 660 5527 ι
688 5490 733 5542 Α
753 5492 1069 5547 insinuatur.
1146 5500 1168 5530 ¹¹
1194 5490 1239 5545 Α
1264 5501 1336 5546 et.

565 5556 587 5589 τ
623 5557 668 5610 A
694 5560 964 5632 producta.
1019 5563 1059 5632 κδ
1087 5563 1222 5632 quod
1261 5578 1369 5615 om.
1417 5562 1480 5616 Δ.

564 5641 673 5679 om.
701 5626 762 5679 C.
841 5627 883 5658 ⁸⁸
918 5629 959 5680 Α
991 5626 1139 5694 ﬁant.

566 5694 610 5730 ι’
637 5705 756 5746 sunt
782 5710 887 5749 om.
921 5697 984 5748 A.

2065 5493 2092 5569 ξ
2116 5494 2158 5549 C
2196 5495 2485 5569 perculsus.
2556 5497 2588 5569 "
2608 5496 2743 5569 inter
2771 5514 2864 5552 nos
2891 5513 2999 5551 om.
3028 5501 3090 5553 (λ.
3167 5500 3188 5531 ⁸
3211 5500 3327 5569 jam
3364 5501 3564 5554 dudum
3591 5515 3701 5554 om.
3732 5501 3797 5555 Α.

1989 5563 2030 5593 ³⁸
2053 5563 2093 5617 C
2126 5563 2347 5619 exaeutt'a
2373 5577 2473 5618 est.
2549 5566 2593 5603 ιί
2614 5567 2657 5618 Λ
2693 5566 2789 5619 ita.

2866 5572 2912 5604 ι’
2934 5573 2971 5621 Α
3007 5570 3058 5623 in
3081 5586 3160 5621 eo.
3238 5570 3282 5608 ι³
3303 5581 3377 5623 est
3404 5586 3513 5625 om.
3545 5569 3607 5624 C.
3686 5570 3727 5601 ”
3752 5572 3799 5624 ei

2158 5633 2200 5664 ¹⁷
2229 5634 2272 5685 Α
2302 5635 2680 5708 pii-occasiones“
2703 5638 2998 5708 procedere.
3073 5640 3118 5680 ι⁸
3145 5656 3243 5708 pro
3271 5639 3408 5693 illae.
3440 5639 3571 5694 haec
3596 5639 3640 5692 A
3667 5639 3796 5693 Nec.

1062 5698 1104 5726 ²⁰
1128 5697 1272 5750 Disc.
1303 5697 1411 5751 om.
1444 5702 1489 5753 Α
1561 5707 1602 5737 ﬂ
1634 5697 1678 5753 Α
1706 5710 1816 5753 aut.
1892 5703 1937 5735 ³³
1963 5701 2008 5753 Α
2037 5701 2204 5755 dicere
2227 5697 2411 5771 potest.
2487 5704 2534 5738 ⁸³
2560 5704 2607 5756 Α
2637 5697 2885 5760 Perinde.
