4236 6274
513 330 616 386 637

1351 324 1441 381 DE
1481 322 1820 379 DIVISIONE
1857 320 2204 377 NA'I'URAE.
2247 350 2316 359 -—
2351 313 2554 371 LIBER
2586 314 2909 371 TERTIUS.

3654 316 3757 375 658

514 445 598 495 Ab
621 458 728 495 uno
747 439 893 493 enim
923 436 1243 491 universitas
1262 443 1445 488 creata
1468 443 1552 487 est
1571 473 1585 495 ,
1608 433 1748 487 sicut
1784 449 1813 485 a
1853 431 2079 485 monade
2106 433 2152 491 Λ
2185 428 2389 494 riisque
2437 423 2626 476 formis
2646 462 2660 486 ,
2691 421 3063 476 diﬂ'ercntibus
3091 437 3304 492 quoque
3331 424 3755 482 substantiartun

511 548 705 587 omnes
733 529 975 593 numeri,
1004 538 1059 582 et
1076 543 1116 581 ιι
1145 534 1330 579 centro
1354 539 1543 577 oumes
1570 523 1741 576 lineae
1766 529 2076 590 erumpunt.

514 619 648 674 Nam
677 627 733 673 et
760 618 813 672 in
855 618 957 670 hoc
988 616 1221 670 maxime
1243 612 1567 685 secularium
1598 610 2037 679 philosophorum
2061 649 2075 672 ,

512 706 601 776 qui
627 706 692 761 de
716 704 902 759 mundi
929 701 1085 770 hujus
1109 699 1318 755 factura
1346 709 1583 753 tractare
1603 697 1718 752 ausi
1743 705 1899 761 sunt,
1924 710 2081 750 error

507 794 863 858 convincitur,
893 792 1148 862 quoniam
1182 790 1468 844 informem
1514 787 1792 842 materiem
1822 794 2066 841 coaeter-

508 899 632 937 nam
660 882 770 937 Deo
793 896 917 936 esse
942 881 1227 943 dixerunt,
1253 877 1322 932 de
1347 892 1452 946 qua
1479 877 1621 931 Deus
1646 876 1809 930 veluti
1836 884 1992 930 extra
2016 887 2077 928 se

509 972 840 1028 subsistente
867 979 924 1025 et
953 979 1243 1024 coaeterna
1274 968 1375 1023 sibi
1405 982 1622 1022 suormn
1665 981 1886 1036 operum
1934 981 2077 1020 sum-

502 1063 614 1134 psit
640 1073 659 1103 ι
713 1060 1035 1131 auspicium.
1072 1058 1355 1127 Indignum
1388 1071 1618 1125 namque
1647 1056 1728 1111 eis
1752 1056 1925 1109 visum
1960 1064 2072 1121 est,

506 1150 791 1206 materiem
819 1147 1107 1202 informem
1134 1161 1163 1198 a
1194 1146 1304 1199 Deo
1335 1145 1452 1199 fieri
1496 1152 1752 1199 creatam.
1797 1144 2076 1210 Quomodo

503 1240 649 1294 enim
672 1280 687 1304 ,
720 1237 999 1307 inquiunt,
1029 1249 1097 1289 ex
1124 1234 1297 1289 forma
1337 1235 1576 1288 omnium
1616 1233 1843 1287 informe
1886 1232 2072 1298 fieret,

506 1330 578 1384 ab
607 1325 864 1382 immobili
889 1331 941 1380 et
971 1325 1027 1377 in
1056 1324 1206 1377 nullo
1226 1323 1278 1376 in
1307 1322 1485 1391 seipse
1507 1320 1746 1376 variabili
1773 1321 1979 1375 variqu
2010 1336 2075 1376 ac

508 1416 799 1481 mutabile,
825 1414 895 1469 ab
922 1427 1021 1478 eo,
1051 1412 1137 1466 cui
1180 1411 1314 1464 nihil
1354 1411 1587 1475 accidit,
1625 1410 1792 1465 variis
1826 1410 2074 1464 acciden-

504 1508 653 1562 tibus
689 1504 986 1573 subjectum
1007 1542 1023 1569 ,
1070 1519 1103 1557 a
1134 1517 1240 1557 non
1268 1513 1289 1543 ι
1314 1503 1550 1573 distento
1578 1516 1676 1571 per
1713 1502 1883 1572 spatia
1923 1501 2072 1556 Ioco-

504 1613 623 1651 rum
651 1605 706 1651 et
734 1607 1030 1665 temporum
1047 1634 1063 1659 ,
1092 1596 1234 1665 quod
1261 1595 1454 1665 recipit
1480 1594 1721 1650 locorum
1747 1603 2072 1665 temporum-

499 1699 606 1754 que
649 1684 962 1748 intervalla,
1003 1693 1061 1739 et
1101 1682 1510 1754 quantitatum?
1555 1682 1818 1738 Similiter
1855 1684 1923 1739 ab
1965 1699 2068 1746 eo,

2183 526 2238 571 et
2286 515 2643 568 accidentium
2691 511 3009 575 ordinibus,
3062 513 3115 566 in
3166 515 3430 568 unitatem
3479 518 3751 583 quandam

2181 602 2507 659 ineffabilem
2532 610 2834 670 compacta.
2867 599 2937 655 Ut
2959 601 3102 655 enim
3128 603 3442 671 organicqu
3486 604 3654 657 melos
3682 620 3751 658 ex

2180 695 2410 750 diversis
2435 708 2625 748 vocum
2667 691 3018 762 qualitatibus
3045 699 3100 746 et
3128 693 3521 760 quautitatibus
3553 694 3594 724 ιι
3624 708 3755 748 con-

2179 787 2381 851 ﬁcitur,
2413 786 2539 842 dum
2568 782 2773 839 viritim
2804 784 3207 853 separatimque
3235 783 3565 844 sentiuntur.
3596 784 3756 857 longe

2178 892 2208 931 a
2237 892 2297 931 se
2326 874 2758 945 discrepantibus
2808 872 3123 928 intentionis
3163 881 3220 927 et
3256 873 3594 927 remissionis
3632 890 3755 942 pro-

2177 966 2520 1037 portionibus
2543 972 2875 1036 segregatae,
2901 964 3028 1018 dum
3058 978 3185 1019 vero
3212 963 3314 1019 sibi
3342 963 3569 1017 invicem
3594 979 3750 1033 coap-

2180 1069 2364 1116 tantur
2402 1059 2699 1115 secundum
2729 1065 2909 1113 certas
2935 1056 3395 1125 rationabilesque
3423 1056 3557 1110 artis
3587 1056 3749 1110 musi-

2176 1163 2274 1204 cae
2315 1146 2527 1218 regulas
2564 1161 2663 1215 per
2697 1146 2935 1215 singulos
2981 1155 3194 1214 tropos,
3236 1144 3535 1199 naturalem
3563 1160 3754 1214 quam-

2177 1238 2299 1291 dam
2330 1235 2670 1290 dulcedinem
2702 1232 3050 1287 reddentibus
3078 1249 3092 1286 :
3122 1232 3196 1286 ita
3226 1231 3594 1286 universitatis
3619 1248 3751 1287 con-

2175 1327 2376 1390 cordia,
2407 1340 2474 1380 ex
2502 1324 2733 1380 diversis
2757 1332 2984 1378 naturae
3027 1323 3187 1377 unius
3228 1323 3684 1378 subdivisionibus
3706 1339 3749 1397 _a

2175 1431 2237 1472 se
2278 1416 2543 1479 invicem,
2585 1412 2713 1467 dum
2750 1412 3105 1482 singulariter
3144 1411 3527 1482 inspiciuntur,
3570 1411 3745 1465 disso-

2174 1504 2461 1568 nantibus,
2502 1501 2657 1571 juxta
2704 1501 3004 1556 conditoris
3047 1498 3373 1555 uniformem
3418 1499 3747 1555 voluntatem

2175 1597 2476 1651 coaduuata
2507 1602 2609 1648 est.
2652 1592 2749 1648 llis
2799 1593 2985 1660 itaque
3026 1590 3261 1646 deﬁnitis
3304 1605 3412 1644 non
3442 1590 3746 1653 immerito,

2173 1696 2237 1744 ut
2264 1688 2479 1757 inquis,
2511 1685 2739 1741 diversis
2765 1685 3150 1754 cogitationum
3177 1681 3427 1736 ﬂuctibus
3465 1680 3569 1735 sibi
3609 1679 3746 1733 iuvi-

498 1772 641 1842 quod
670 1772 802 1827 nulli
829 1772 1077 1842 qualitati
1115 1772 1425 1836 subditum,
1463 1772 1796 1828 diversarum
1833 1773 2067 1841 qualita-
2098 1785 2144 1844 Β
2173 1791 2293 1831 cem
2334 1774 2745 1829 adversantibus
2769 1772 3005 1828 allideris
3030 1777 3094 1825 ³³.
3121 1770 3435 1825 Confectum
3477 1777 3561 1824 est
3598 1769 3744 1823 enim

496 1871 611 1917 tum
664 1863 1071 1934 figurarumque
1124 1862 1452 1932 receptivum
1480 1902 1496 1927 ,
1552 1862 1622 1918 ab
1674 1862 2068 1933 incorruptibili

497 1952 870 2023 corruptibile,
898 1968 929 2006 a
954 1950 1182 2020 simplici
1210 1950 1567 2019 compositum
1599 1959 1655 2006 et
1681 1958 1865 2006 cetera
1894 1950 1945 2004 id
1976 1965 2070 2021 ge-

494 2058 628 2110 nus,
667 2058 797 2098 suae
832 2042 1001 2098 falsae
1039 2041 1462 2098 ratiocinationis
1503 2041 1712 2097 nebulis
1752 2043 2068 2098 obcaecati?

496 2133 603 2189 Nos
628 2142 806 2189 autem
828 2147 1018 2189 sacrae
1043 2131 1355 2201 Scripturae
1380 2133 1667 2187 veritatem
1692 2131 2062 2201 inspicientes,

492 2225 901 2295 divinorumque
926 2224 1094 2294 ipsius
1122 2224 1475 2292 interpretum
1501 2223 1725 2294 vestigia
1752 2233 2061 2294 sequentes,

499 2327 556 2371 et
584 2316 971 2371 informitatcm
996 2328 1177 2371 rerum
1203 2316 1475 2380 omnium,
1508 2324 1564 2371 et
1594 2315 1799 2372 formas
1816 2355 1832 2381 ,
1860 2325 1913 2371 et
1939 2332 2059 2370 om-

496 2420 598 2470 ne,
622 2405 765 2474 quod
800 2405 855 2459 in
879 2406 990 2468 eis,
1017 2405 1130 2460 sive
1160 2406 1456 2461 secundum
1483 2407 1773 2461 essentiam
1790 2445 1806 2471 ,
1832 2407 1946 2461 sive
1973 2420 2060 2461 se-

495 2495 729 2549 cundum
767 2495 1024 2549 accidens
1049 2502 1168 2559 est,
1208 2495 1278 2550 ab
1312 2509 1418 2548 una
1456 2494 1697 2555 omnium
1735 2510 1896 2549 causa
1935 2510 2063 2549 con-

491 2584 603 2637 dita
632 2598 774 2649 esse,
803 2593 859 2638 et
885 2597 985 2654 per
1011 2583 1170 2638 fidem
1201 2584 1502 2648 credimus,
1533 2593 1588 2638 et
1617 2594 1877 2655 quantum
1904 2586 2060 2640 datur

496 2685 595 2740 per
620 2670 955 2725 intellectum
994 2671 1421 2725 consideramus.

559 2760 616 2814 6.
645 2759 763 2815 Non
787 2760 935 2816 enim
974 2760 1348 2815 universitatis
1399 2760 1648 2815 conditor
1693 2759 2054 2831 omnipotens,

489 2855 547 2903 et
572 2849 626 2903 in
653 2848 801 2903 nullo
829 2848 1111 2914 deficiens,
1136 2857 1192 2904 et
1216 2850 1270 2903 in
1297 2848 1562 2904 inﬁnitum
1590 2849 1832 2914 tendens,
1859 2849 2054 2905 similia

490 2941 593 2995 sibi
624 2939 978 3005 solummodo,
1009 2955 1195 2996 verum
1223 2940 1388 3013 etiam
1415 2940 1695 2997 dissimilia
1722 2954 1914 2996 creare
1953 2957 2053 3011 po-

491 3030 596 3085 tuit
635 3029 657 3061 ³
693 3038 750 3084 et
785 3030 1009 3085 creavit.
1054 3028 1191 3085 Nam
1233 3030 1278 3085 si
1325 3028 1659 3085 solummodo
1697 3030 1779 3085 sui
1819 3030 2050 3094 similia,

2171 1876 2229 1922 et
2258 1866 2576 1920 inconcusse
2602 1864 2879 1919 definitum
2900 1902 2916 1926 ,
2943 1862 3126 1917 omnia
3146 1901 3161 1928 ,
3189 1875 3327 1931 quae
3366 1868 3494 1915 sunt
3522 1867 3744 1929 etquae

2168 1970 2276 2011 non
2309 1963 2465 2016 sunt,
2502 1953 2572 2007 ab
2602 1968 2706 2007 uno
2736 1951 2976 2007 omnium
3007 1950 3271 2020 principio
3298 1946 3601 2012 conﬂuere,
3630 1946 3743 2002 sive

2169 2044 2224 2099 in
2270 2042 2710 2114 prlmordialibus
2752 2040 2933 2112 causis
2971 2039 3138 2094 semel
3184 2048 3240 2093 et
3281 2036 3441 2092 simul
3478 2036 3533 2090 iu
3563 2034 3745 2089 Verbo

2166 2139 2263 2194 Dei
2312 2138 2590 2209 unigenito
2629 2137 2977 2191 aeternaliter
3018 2134 3205 2199 factis,
3251 2133 3365 2188 sive
3412 2133 3466 2187 in
3512 2132 3739 2185 materia

2165 2228 2419 2294 informi,
2450 2242 2518 2282 ex
2545 2241 2651 2296 qua
2680 2224 3053 2296 primordiales
3091 2237 3290 2278 causae
3326 2221 3554 2276 visibilis
3590 2236 3743 2275 crea-

2166 2328 2322 2375 turae
2364 2319 2721 2391 apparitionis
2763 2333 2894 2374 suae
2924 2317 2968 2356 ³⁸
2994 2331 3091 2386 per
3136 2315 3541 2385 generationem
3586 2327 3740 2365 occa-

2167 2414 2350 2469 siones
2378 2412 2423 2444 “
2446 2417 2798 2480 acceperunt,
2827 2410 2942 2465 sive
2969 2409 3023 2462 in
3053 2407 3329 2461 effectibus
3369 2419 3584 2466 earum,
3616 2404 3738 2472 qui-

2162 2503 2264 2558 bus
2295 2502 2527 2557 mundus
2558 2501 2660 2555 iste
2687 2500 2755 2553 ab
2785 2498 2940 2552 initio
2979 2511 3148 2566 usque
3188 2497 3256 2548 ad
3301 2493 3467 2547 linem
3506 2491 3737 2544 naturali

2162 2588 2350 2646 Ordine
2387 2590 2566 2644 divina
2597 2587 2935 2657 providentia
2977 2586 3021 2616 ¹³
3070 2584 3411 2638 ministrante
3440 2581 3735 2650 peragitur.

2161 2679 2318 2736 Sicut
2341 2681 2386 2719 ¹⁶
2411 2678 2755 2734 aitDominus
2775 2695 2786 2729 :
2807 2676 2965 2729 Pater
2991 2692 3134 2728 meus
3164 2688 3324 2743 usque
3356 2673 3411 2725 in
3441 2688 3524 2724 me
3546 2673 3587 2710 ³⁷
3618 2686 3736 2738 ope-

2161 2780 2318 2825 ratur
2343 2779 2391 2825 et
2423 2786 2515 2839 ego
2547 2782 2751 2838 operor.
2790 2766 2898 2821 Sed
2924 2764 3377 2835 quemadmodum
3406 2762 3538 2814 haec
3564 2760 3731 2812 veluti

2158 2860 2383 2915 sibimet
2405 2856 2748 2913 adversantia
2772 2855 2826 2909 in
2853 2870 3013 2909 unam
3043 2852 3312 2923 quandam
3341 2849 3726 2918 intelligentiae

2158 2950 2405 3020 copulam
2446 2948 2801 3010 conveniunt,
2830 2946 2933 3000 hoc
2974 2955 3087 3009 est,
3129 2942 3401 3013 quomodo
3439 2942 3620 2995 omnia
3658 2943 3727 2993 si-

2158 3037 2269 3092 mul
2300 3045 2357 3091 et
2383 3044 2600 3090 aeterna
2625 3046 2678 3089 et
2707 3035 2845 3088 facta
2873 3042 3027 3096 sunt,
3059 3048 3164 3087 non
3190 3030 3364 3085 solum
3393 3028 3486 3085 tibi
3506 3069 3522 3093 ,
3546 3044 3731 3081 verum

491 3117 596 3171 hoc
621 3125 705 3172 est
730 3131 858 3173 vere
896 3117 1182 3172 eaisteutia
1211 3156 1228 3180 ,
1267 3125 1515 3185 aeterna,
1556 3117 2013 3172 iucommutabilia
2033 3157 2051 3184 ,
2079 3128 2125 3190 ί]
2160 3149 2164 3173 ι

2079 3128 2125 3190 C
2160 3127 2327 3181 etiam
2375 3133 2430 3179 et
2474 3124 2603 3179 mihi
2653 3123 3064 3195 diligentissima
3104 3119 3331 3175 rationis
3379 3116 3729 3186 inquisitione

497 3205 779 3273 simplicia,
806 3204 1236 3274 inseparabiliter
1260 3205 1408 3260 unita
1426 3244 1442 3270 ,
1467 3205 1892 3275 iucorruptibilia
1910 3246 1924 3272 ,
1950 3207 2051 3260 im-

483 3292 728 3347 mortalia
751 3332 767 3359 ,
796 3293 1101 3359 rationalia,
1129 3292 1532 3359 intellectualia,
1560 3296 1808 3361 scientia,
1835 3296 2049 3366 sapien-

481 3382 552 3436 tia
574 3422 591 3448 ,
617 3392 935 3454 ceterasque
965 3384 1192 3439 virtutes
1231 3386 1570 3451 condiderit,
1601 3385 1654 3440 in
1700 3387 2046 3443 dissimilium

477 3481 532 3527 et
551 3474 919 3543 oppositorum
946 3476 1222 3531 creatione
1248 3476 1513 3532 defecisse
1537 3478 1833 3543 videretur,
1859 3489 1915 3534 et
1940 3494 2047 3535 non

478 3564 694 3619 omnino
721 3574 1075 3634 cunctorum,
1131 3582 1271 3637 quae
1308 3569 1447 3623 ratio
1482 3584 1641 3639 posse
1669 3569 1784 3625 ﬁeri
1816 3572 1972 3627 docet
2000 3573 2045 3640 ⁸,

476 3652 655 3723 opifex
703 3654 1059 3725 judicaretur.
1093 3655 1384 3712 Dissimilia
1422 3667 1604 3714 autem
1655 3660 1736 3714 sui
1780 3669 1837 3715 et
1873 3676 2044 3732 oppo-

484 3745 591 3799 sita
617 3746 865 3801 dicuntur
911 3761 1032 3803 esse
1054 3747 1081 3781 '
1109 3757 1165 3804 et
1191 3757 1317 3804 sunt
1343 3750 1556 3815 omnia,
1589 3766 1730 3821 quae
1756 3754 2046 3820 praedictis

479 3831 765 3889 virtutibus
801 3844 1162 3907 opponuntur,
1207 3852 1313 3893 non
1352 3846 1411 3892 ut
1450 3841 1698 3909 negativa
1734 3856 1831 3895 seu
1868 3843 2046 3911 priva-

481 3924 623 3989 tiva,
651 3926 743 3981 sed
769 3936 996 3983 naturae
1021 3929 1460 3986 dissimilitudine
1485 3941 1540 3987 et
1565 3932 1917 4004 oppositione.
1963 3936 2046 3992 Si-

475 4013 692 4082 quidem
711 4014 1259 4084 perfectae-essentne
1268 4020 1586 4078 similiterin
1603 4039 1797 4095 genera
1815 4024 2047 4083 formas-

475 4116 583 4172 que
610 4116 708 4173 per
740 4104 1069 4164 diﬂ'erentias
1095 4116 1150 4164 et
1181 4111 1560 4180 proprietates,
1599 4115 2044 4186 uniformiterque

462 4190 749 4248 ordinatae
778 4208 876 4265 per
900 4194 1138 4267 singulas
1164 4198 1391 4268 species,
1412 4201 1560 4254 omni
1586 4201 1898 4258 confusione
1912 4208 2044 4262 sub-

473 4291 664 4349 tracta,
709 4285 1095 4356 imperfectio‘
1122 4288 1367 4345 informis
1412 4290 1589 4346 adhuc
1618 4294 1876 4350 materiae
1919 4297 1938 4328 ⁷
1987 4306 2041 4353 et

473 4371 744 4427 mobilitas
769 4375 1059 4444 opponitur
1076 4376 1120 4443 ⁸,
1152 4379 1387 4434 aeternis
1417 4382 1729 4449 temporalia
1750 4422 1766 4449 ,
1791 4383 2041 4440 immuta-

2152 3219 2381 3288 dignum
2412 3232 2533 3273 esse
2563 3218 2796 3272 videtur.
3341 3291 3345 3295 _

2223 3308 2277 3362 7.
2315 3308 2461 3363 DISC.
2505 3308 2730 3377 Dignum
2773 3307 3010 3376 quidem.
3056 3304 3169 3360 liae
3208 3303 3353 3359 enim
3399 3299 3719 3372 quaestione

2148 3399 2352 3454 nullam
2372 3399 2618 3454 altiorem
2648 3397 3058 3467 inquisitoribus
3089 3394 3333 3451 veritatis
3355 3391 3724 3463 quaerendam

2148 3502 2268 3542 esse
2291 3487 2546 3542 arbitror.
2578 3486 2813 3551 Etenim,
2845 3492 2907 3538 ut
2949 3482 3334 3554 praediximus,
3379 3481 3523 3536 facta
3552 3488 3728 3533 aeter-

2148 3576 2233 3631 nis
2274 3584 2635 3646 oppouuntur.
2708 3575 2789 3630 Ac
2828 3589 2924 3644 per
2971 3574 3096 3640 hoc,
3144 3574 3189 3628 si
3232 3571 3400 3637 facta,
3446 3586 3551 3625 non
3601 3579 3726 3623 sunt

2147 3677 2399 3734 acterna;
2428 3668 2473 3723 si
2496 3675 2736 3731 aeterna,
2762 3682 2868 3720 non
2891 3666 3019 3721 Sunt
3042 3666 3084 3697 ⁸⁸
3109 3663 3271 3718 facta.
3300 3662 3433 3717 Nam
3460 3670 3516 3715 ut
3536 3662 3726 3714 eadem

2147 3771 2202 3815 ct
2230 3765 2274 3797 ¹⁹
2301 3769 2520 3816 aeterna
2561 3759 2721 3814 simul
2743 3767 2797 3815 et
2826 3758 2967 3813 facta
2999 3757 3127 3820 sint,
3161 3771 3265 3824 qua
3296 3756 3503 3808 ratione
3543 3751 3723 3807 doceri

2145 3851 2341 3913 valeat,
2369 3864 2478 3904 non
2516 3850 2645 3903 mihi
2673 3847 2928 3903 occurrit.
2974 3846 3208 3900 Proinde
3242 3844 3288 3882 ²⁰
3331 3844 3406 3897 nil
3451 3841 3595 3895 aliud
3636 3856 3724 3894 re-

2145 3948 2273 4004 stat,
2305 3950 2364 3993 ttt
2391 3940 2647 4004 aestimo,
2674 3939 2775 3992 nisi
2807 3947 2865 3991 ut
2885 3945 2978 3991 aut
3004 3936 3104 3991 ista
3138 3935 3352 4004 penitus
3378 3946 3512 4003 prae
3551 3930 3718 3984 nimia

2146 4030 2229 4086 sui
2257 4029 2543 4084 altitudine
2566 4026 2784 4083 silentio
2806 4027 3215 4087 honorificetur,
3249 4031 3365 4086 aut,
3390 4022 3435 4074 si
3471 4020 3599 4088 quid
3625 4019 3719 4073 tibi

2144 4120 2211 4175 de
2236 4133 2300 4173 ea
2345 4120 2559 4173 videtur
2596 4115 3053 4185 investigandum,
3105 4110 3428 4179 investigare
3468 4106 3715 4173 incipias.

2142 4209 2282 4277 me.
2314 4207 2614 4277 Utrumque
2636 4206 2767 4260 mihi
2790 4204 3017 4265 videtur,
3044 4209 3104 4256 ut
3125 4210 3182 4255 et
3201 4201 3246 4236 ’⁸
3271 4198 3517 4261 eandem,
3542 4207 3719 4264 quan-

2143 4311 2258 4356 tum
2299 4301 2444 4355 acies
2471 4294 2943 4367 contemplationis
2975 4302 3192 4348 nostrae
3218 4291 3330 4345 Deo
3378 4286 3716 4342 illutuinaute

2140 4409 2209 4449 ex
2236 4394 2407 4448 nimio
2432 4392 2744 4446 subtilitatis
2768 4403 2896 4444 suae
2930 4386 3138 4455 fulgore
3165 4397 3271 4438 non
3298 4379 3594 4448 repellitur,
3630 4378 3714 4432 in-

471 4458 669 4553 bilibns
740 4464 1037 4553 mutabilia,
1091 4466 1424 4536 simplicibus
1470 4473 1798 4539 composita,
1848 4483 1904 4527 et
1949 4491 2036 4530 ce-
2067 4484 2114 4543 D
2141 4484 2410 4553 vestigare
2447 4498 2550 4535 non
2585 4482 2779 4550 pigeat,
2822 4495 2890 4533 ne
2929 4477 3167 4532 desidiae
3206 4488 3300 4530 seu
3339 4469 3565 4526 inertiae
3592 4467 3712 4521 culo

468 4554 584 4601 tera
609 4546 654 4615 ’,
680 4563 819 4620 quae
846 4552 1012 4607 veluti
1039 4566 1103 4607 ex
1132 4555 1395 4609 diametro
1436 4556 1536 4611 sibi
1568 4556 1796 4615 invicem
1835 4575 1866 4615 e
1904 4578 2032 4617 con-

469 4639 639 4696 trario
664 4642 1011 4713 respondent.
1041 4643 1244 4700 llorum
1277 4646 1456 4717 itaque
1478 4651 1748 4716 oumium,
1779 4652 2031 4709 similium

464 4727 587 4786 dico
613 4740 668 4787 et
696 4733 1069 4800 dissimilium,
1113 4751 1255 4792 unus
1294 4746 1456 4808 atque
1494 4740 1633 4794 idem
1677 4743 1869 4798 artifex
1909 4755 2029 4812 est,

469 4815 621 4886 cujus
646 4822 1036 4894 omnipotentia
1064 4824 1118 4878 in
1149 4825 1345 4880 nullius
1382 4836 1609 4883 naturae
1638 4831 1817 4885 deficit
1843 4849 2033 4902 opera-

471 4908 635 4965 tione.
654 4910 885 4969 Proinde
900 4915 945 4946 ¹⁶
965 4916 1306 4985 pulchritudo
1330 4919 1489 4973 totius
1510 4920 1879 4979 universitatis
1900 4940 2031 4981 con-

470 4992 646 5062 ditae,
690 4998 942 5057 similium
990 5012 1046 5058 et
1089 5005 1464 5070 dissimilium,
1515 5006 1749 5063 mirabili
1795 5014 2027 5080 quadam

467 5085 748 5144 harmonia
792 5094 1079 5151 constituta
1118 5106 1233 5164 est,
1262 5111 1328 5153 ex
1358 5097 1585 5154 diversis
1614 5101 1900 5171 generibus
1939 5121 2028 5160 va-

2139 4589 2262 4644 pam
2290 4575 2657 4637 incurramus;
2700 4572 2787 4626 ubi
2831 4584 2960 4624 vero
3006 4565 3322 4621 intentionis
3357 4569 3574 4618 nostrae
3600 4560 3712 4613 vir-

2140 4670 2307 4716 tutem
2333 4667 2653 4730 exsuperat,
2676 4668 2733 4715 et
2749 4675 2857 4713 non
2879 4658 3082 4728 patitur
3108 4655 3376 4711 mentibus
3402 4651 3579 4705 adhuc
3604 4657 3708 4703 tero

2138 4765 2268 4805 reua
2314 4750 2644 4805 habitatione
2683 4751 2953 4821 depressis
2997 4748 3252 4820 perspici,
3302 4751 3358 4799 et
3401 4742 3468 4796 ad
3515 4755 3707 4811 purum

2138 4844 2401 4914 dignosci,
2451 4844 2667 4899 silentio
2693 4844 2874 4900 cordis
2914 4852 2971 4898 et
3011 4843 3124 4897 oris
3154 4835 3553 4895 honorificauda
3600 4842 3704 4895 est,

2135 4946 2204 4987 ne
2232 4933 2359 5002 quid
2390 4942 2593 4988 temere
2618 4933 2685 4987 de
2710 4948 2774 4988 ea
2802 4933 3143 4988 deliniamus.
3181 4931 3326 4986 DISC.
3360 4927 3437 4980 lta
3482 4925 3594 4987 fiat,
3641 4937 3705 4975 ac

2133 5021 2251 5075 sine
2279 5036 2428 5076 mora
2459 5021 2620 5091 hujus
2653 5023 3018 5092 inquisitionis
3044 5021 3186 5074 viam
3224 5017 3423 5085 arripe.

2203 5109 2257 5164 8.
2298 5109 2437 5164 MAG.
2479 5111 2555 5168 De
2582 5127 2669 5176 eo,
2711 5112 2850 5182 quod
2879 5111 3057 5167 onmia
3098 5109 3151 5164 in
3179 5107 3356 5163 Verbo
3394 5103 3490 5159 Dei
3519 5102 3702 5168 unige-

1746 5253 2001 5311 VARIAE
2038 5260 2435 5322 LECTlONES.

528 5389 555 5470 ἶ
575 5379 787 5470 AC
811 5400 826 5449 δ
850 5383 1214 5470 ῙοέηπΨεθΓίί
1233 5386 1256 5439 ῗ
1274 5461 1294 5470 -
1326 5388 1365 5470 ,Ϊ
1390 5386 1494 5441 Pr"
1517 5405 1547 5441 π
1572 5404 1673 5469 ἷ¹⁰η
1761 5409 1851 5470 [³⁷³-
1896 5466 1899 5467 ,
1931 5394 1952 5424 ³
1980 5404 2021 5448 υ
2048 5400 2255 5470 Ροίθτῦιφ
2302 5403 2352 5470 β
2380 5401 2420 5455 Α
2442 5402 2628 5456 iurem:
2657 5418 2804 5466 posse
2826 5402 2956 5470 ﬁeri.
3033 5399 3238 5454 'Aesse
3264 5399 3529 5452 dicuntur.
3606 5399 3627 5429 ⁶
3655 5400 3698 5454 Λ

454 5452 775 5526 nuperfecto.
805 5524 813 5526 _
850 5455 870 5486 '
963 5452 1199 5510 materie.
1273 5461 1295 5492 ⁸
1319 5460 1361 5515 C
1398 5459 1622 5526 opponit.
1699 5459 1720 5488 ⁹
1747 5461 1791 5513 Α
1838 5452 2069 5518 (teter-mf.
2147 5468 2189 5504 ¹⁰
2220 5468 2259 5520 Α
2290 5452 2731 5524 Peﬁ’nd‘é.""i:"éi

2785 5471 3161 5540 quantitatith
3206 5486 3314 5523 om.
3345 5470 3406 5523 (ὲ.
3486 5470 3529 5500 ³³
3557 5470 3594 5521 Λ
3621 5471 3699 5522 ηι-

455 5518 641 5608 (ζάέηδί
704 5522 763 5608 7"
862 5525 991 5608 δίυῇ
1058 5526 1113 5608 -¹’⁶
1161 5526 1331 5608 Clpcr
1349 5529 1708 5608 geltergliqnes
1733 5532 2101 5608 accusihwzema
2157 5536 2199 5570 ¹⁵
2228 5541 2269 5591 Α
2318 5541 2617 5608 prudentia.
2696 5541 2741 5573 ¹⁶
2785 5518 2830 5593 έὶ
2861 5540 2972 5593 Sir.
3052 5540 3091 5574 ί⁷
3120 5538 3225 5593 Pro
3269 5541 3322 5593 in
3344 5555 3424 5593 me
3449 5540 3490 5595 Ο
3518 5542 3693 5593 modo.

458 5586 503 5621 ³⁸
523 5599 641 5643 sunt
692 5607 780 5645 om
807 5593 871 5646 Α.

949 5593 991 5627 ¹⁹
1021 5606 1065 5648 et
1095 5612 1180 5650 om
1209 5585 1269 5652 (ξ.
1346 5585 1389 5636 ίδ
1419 5599 1463 5649 A
1499 5595 1741 5653 Perinde.
1817 5601 1859 5632 ²¹
1887 5598 1928 5655 C
1956 5610 2009 5655 ut
2034 5604 2121 5656 ad.

3758 5088 3759 5101 ς
3774 5072 3805 5113 3
