4236 6274
557 321 666 377 659

1922 315 2039 371 10A
2051 313 2204 370 NNIS
2244 309 2439 368 SCOTI

3707 315 3814 371 64'.)

558 433 672 485 aito
698 438 917 485 aeterna
947 435 1074 483 sunt
1129 427 1170 489 ί,
1214 429 1388 496 primo
1416 428 1701 483 dicendum
1734 424 1938 495 judico.
1976 426 2124 479 Disc.
2158 427 2200 483 Λ
2232 423 2503 476 desinunt.
2572 418 2708 475 Msa.
2772 418 3058 474 Simillimo
3129 420 3521 492 verissimoquc
3571 440 3702 481 usus
3753 445 3814 485 es

559 520 672 575 Nec
723 521 879 574 aliter
922 518 1062 570 volo.
1108 518 1189 569 Ab
1235 534 1299 569 eo
1346 519 1508 579 enim,
1561 518 1703 585 quod
1732 517 2022 585 praecedit,
2049 532 2137 568 ra-

561 609 839 664 tiocinatio
866 615 949 661 est
989 607 1313 661 inchoanda.
1336 606 1621 660 Praecedit
1647 614 1826 659 autem
1856 610 1876 639 ³
1904 605 2137 657 aeterni-

560 713 645 753 tas
703 700 989 752 facturam.
1061 698 1144 749 Ab
1204 711 1268 750 ea
1327 696 1348 727 ³
1408 696 1569 763 igitur
1619 704 1700 748 est
1753 694 2132 747 inchoandum.

558 790 698 842 Mite.
735 788 862 841 Esto
891 786 1052 856 igitur
1072 786 1090 815 ⁵
1122 786 1379 845 intentus,
1421 792 1473 837 et
1501 783 1640 842 vide,
1667 798 1735 837 ne
1755 784 1882 850 quid
1920 784 2135 835 incaute

558 876 840 937 concedas,
869 890 936 927 ne
964 875 1155 927 iterum
1203 882 1253 927 te
1281 872 1621 927 concessisse
1644 872 1935 939 poeniteat.
1985 871 2131 923 DISC.

558 965 872 1034 Ingredere;
906 964 1146 1016 intentus
1172 978 1310 1023 sum,
1343 977 1408 1015 ne
1440 962 1566 1030 quid
1595 972 1793 1015 temere
1818 962 2130 1015 concedam.

558 1054 697 1107 llas.
736 1053 874 1118 Quid
924 1053 1016 1104 tibi
1068 1050 1323 1103 videtur?
1386 1049 1520 1102 Num
1580 1050 1723 1102 Deus
1772 1050 2130 1102 accidentium

559 1158 728 1210 eaan
755 1141 875 1195 est?
904 1141 1047 1194 Disc.
1079 1139 1321 1191 Absitab
1346 1138 1450 1201 his,
1486 1138 1574 1205 qui
1599 1138 1665 1190 de
1697 1138 1922 1191 veritate
1942 1152 2129 1191 sanum

558 1233 838 1296 sentiunt,
892 1232 994 1284 hoc
1049 1231 1230 1284 dicere
1276 1230 1357 1282 vel
1408 1231 1666 1298 cogitare.
1731 1228 1933 1281 Natura
1986 1229 2130 1283 enim

560 1323 727 1391 ipsius
759 1322 982 1390 simplex
1015 1330 1117 1380 est,
1162 1330 1215 1373 et
1244 1318 1525 1387 plusquam
1566 1318 1813 1385 simplex,
1857 1318 2134 1375 omnibus,-

560 1427 664 1479 que
713 1410 1081 1465 accidentibus
1129 1409 1390 1471 absoluta,
1437 1418 1489 1461 et
1540 1408 1820 1476 plusquam
1867 1408 2131 1461 absoluta.

556 1503 696 1557 ΜΑσ.
731 1502 871 1556 Nihil
920 1517 1047 1570 ergo
1092 1501 1200 1553 Deo
1245 1500 1475 1552 accidit?
1506 1499 1647 1551 Dtse.
1699 1497 1928 1550 Omnino
1978 1497 2129 1551 nihil.

559 1593 703 1647 MAG.
738 1592 922 1660 Itaque
951 1608 1056 1645 non
1084 1600 1166 1643 est
1200 1592 1249 1643 ei
1278 1588 1546 1646 accidens,
1574 1588 1977 1642 universitatem
2005 1603 2134 1639 con-

562 1682 711 1734 dere.
752 1681 883 1733 Eam
920 1689 1098 1731 tamen
1144 1678 1450 1732 condidisse
1497 1676 1777 1745 Scriptura
1827 1692 1979 1728 sacra
2023 1691 2127 1728 non

2237 510 2509 580 exemplo.
2551 510 2879 564 Testimonia
2920 525 3133 579 quoquc
3179 520 3233 563 et
3274 527 3461 566 sacrae
3504 514 3818 583 Seripturae

2238 610 2295 654 et
2327 610 2639 655 sanctorum
2677 601 2895 652 Patrum
2926 602 3109 653 omnia
3170 602 3220 654 in
3270 601 3382 656 Deo
3423 618 3545 656 esse
3592 615 3812 660 aeterna

2235 692 2518 760 perhibent
2560 691 2601 742 ⁸.
2657 691 2944 760 Apostolus
2987 707 3001 743 :
3051 691 3117 744 In
3163 709 3263 758 quo
3333 694 3571 760 t'irimus,
3624 697 3813 765 inquit,

2235 779 2336 832 et’
2394 796 2680 843 movemur,
2728 789 2774 831 et
2821 797 3023 833 sumus.
3055 780 3112 833 lu
3163 780 3270 833 Deo
3314 784 3456 836 enim
3504 800 3689 838 sumus
3721 803 3817 855 per

2235 868 2584 922 excellentem
2625 878 2679 921 et
2722 878 2847 923 ante
2875 871 3196 923 existentem
3237 871 3289 924 in
3340 873 3453 939 ipso
3484 883 3695 928 nostrae
3723 893 3815 931 es-

2235 960 2442 1013 sentiae
2482 961 2775 1025 rationem;
2820 975 3099 1014 movemur
3141 971 3317 1014 autem
3366 963 3417 1015 in
3470 962 3574 1017 Deo
3617 980 3813 1018 secun-

2236 1050 2359 1107 dum
2411 1049 2826 1119 praecedentem
2872 1050 2925 1103 iu
2966 1050 3081 1119 ipso
3123 1052 3257 1104 bene
3284 1052 3496 1105 essendi
3549 1054 3812 1106 rationem

2236 1155 2331 1206 per
2364 1140 2591 1192 virtutes
2643 1141 2813 1192 bonae
2846 1139 3095 1193 actionis.
3143 1139 3310 1194 Porro
3357 1142 3408 1194 iu
3450 1141 3559 1195 Deo
3586 1144 3815 1198 vivimus

2236 1230 2532 1283 secundum
2599 1231 3010 1297 praecedentem
3058 1216 3131 1283 in
3202 1232 3316 1301 ipso
3371 1232 3413 1262 ’⁸
3467 1249 3680 1303 semper
3730 1236 3812 1288 vi-

2236 1317 2394 1369 vendi
2432 1326 2488 1369 et
2517 1317 2781 1371 existcndi
2815 1318 3096 1371 rationem.
3135 1320 3199 1374 Et
3243 1335 3310 1375 ne
3371 1322 3493 1388 quis
3561 1324 3813 1376 aestima-

2241 1416 2365 1470 ret,
2432 1406 2576 1460 aliud
2635 1423 2731 1460 nos
2806 1422 2959 1471 esse,
3038 1417 3091 1461 et
3149 1408 3290 1462 aliud
3365 1420 3579 1465 uestras
3649 1413 3812 1465 ratio-

2237 1510 2357 1559 nes,
2420 1512 2524 1550 non
2580 1497 2738 1561 dixit,
2795 1496 2847 1549 in
2907 1514 3014 1567 quo
3068 1508 3284 1552 nostrae
3336 1503 3573 1554 rationes
3608 1503 3811 1564 vivum,

2235 1596 2289 1637 ct
2322 1597 2624 1652 n:0veutur,
2657 1597 2711 1642 et
2743 1601 2885 1652 sunt,
2917 1590 3007 1641 sed
3039 1590 3195 1654 dixit,
3225 1591 3274 1644 in
3322 1608 3429 1661 quo
3477 1593 3725 1659 vivimus,
3756 1607 3812 1647 ct

2236 1691 2535 1739 movemur,
2567 1687 2619 1731 et
2654 1694 2865 1739 sumus.
2899 1679 3039 1733 Nihil
3068 1681 3209 1733 enim
3240 1681 3382 1736 aliud
3413 1700 3510 1737 nos
3531 1701 3727 1745 sumus,
3758 1687 3812 1739 in

558 1778 724 1830 tacet,
763 1769 856 1822 sed
898 1775 1082 1836 aperte
1128 1766 1345 1827 clamat,
1378 1766 1598 1818 dicens:
1629 1764 1694 1817 In
1731 1763 1984 1834 principio
2015 1765 2134 1832 fecit
2168 1761 2208 1819 Β
2238 1777 2496 1834 quantum
2529 1782 2735 1831 sunms,
2766 1769 2865 1821 nisi
2893 1769 3039 1838 ipsae
3063 1770 3299 1825 rationes
3326 1783 3543 1827 nostrae
3568 1785 3811 1828 aeterna-

557 1860 697 1911 Deus
724 1855 947 1919 caelum,
974 1864 1021 1907 et
1052 1866 1265 1917 terram,
1291 1864 1346 1907 et
1373 1864 1581 1918 cetera,
1625 1869 1762 1921 quae
1785 1856 1851 1906 de
1885 1854 2137 1922 operibus

553 1949 850 2017 primorum
901 1961 994 1999 sex
1039 1946 1245 1998 dierum
1295 1945 1563 2013 leguntur.
1613 1945 1757 1998 Dtsc.
1812 1944 1951 1997 Deus
2012 1943 2033 1974 ⁵
2081 1953 2137 1997 et

554 2041 964 2095 universitatem
994 2047 1364 2093 creaturarum
1398 2036 1659 2099 comlidit,
1690 2051 1917 2104 eamque
1946 2036 2134 2105 cendi-

555 2135 700 2185 disse
728 2145 831 2183 non
861 2129 1014 2183 estei
1059 2129 1328 2181 accidens.
1365 2127 1505 2181 MAG.
1552 2127 1667 2180 Non
1699 2143 1826 2196 ergo
1861 2136 1981 2180 erat
2010 2128 2136 2178 sul:-

555 2221 774 2280 sistens,
821 2226 1109 2285 antequam
1155 2216 1563 2270 universitatem
1613 2216 1889 2268 conderet.
1931 2214 2132 2268 Namsi

551 2317 717 2372 esset,
752 2308 991 2362 conditio
1042 2307 1143 2360 sibi
1200 2321 1378 2358 rerum
1423 2306 1715 2359 accideret.
1772 2306 1911 2358 lhsc.
1966 2305 2131 2358 Deum

552 2399 876 2469 praecedere
910 2397 1316 2450 universitatem
1358 2395 1632 2449 credimus
1658 2434 1674 2457 ,
1716 2410 1821 2446 non
1873 2403 2131 2461 tempore,

554 2492 651 2543 sed
682 2505 743 2543 ea
772 2489 883 2543 sola
916 2490 1149 2551 ratione,
1188 2503 1292 2557 qua
1322 2502 1484 2541 causa
1512 2487 1753 2539 onmium
1788 2487 1902 2555 ipse
1934 2485 2131 2540 intelli-

554 2584 718 2651 gitur.
774 2581 830 2635 Si
882 2581 1025 2634 enim
1078 2589 1319 2649 tempore
1365 2580 1734 2647 praecederet,
1788 2577 2034 2632 accidens
2084 2576 2132 2631 ei

552 2672 849 2726 secundum
884 2678 1096 2739 tempus
1136 2670 1314 2723 facere
1352 2669 1755 2723 universitatem
1786 2668 1943 2723 foret.
1991 2667 2135 2732 Quo-

552 2762 698 2815 niam
730 2775 860 2813 vero
890 2774 950 2814 ea
981 2760 1092 2813 sola
1126 2760 1355 2823 ratione,
1389 2776 1494 2828 qua
1522 2776 1684 2815 causa
1716 2770 1820 2824 est,
1870 2758 2135 2813 universi-

555 2856 721 2903 tatem
760 2850 829 2902 ab
856 2863 922 2902 eo
948 2848 1218 2903 conditam
1246 2849 1539 2918 praecedit,
1571 2851 1832 2920 sequitur,
1870 2849 2134 2903 universi-

558 2943 685 2995 tatis
717 2941 1080 2996 eonditionem
1114 2956 1219 2994 non
1248 2955 1367 2996 esse
1398 2940 1505 2995 Deo
1529 2943 1824 2996 secundum
1859 2941 2129 3005 accidens,

553 3032 648 3085 sed
689 3032 984 3087 secundmn
1031 3032 1299 3098 quandam
1327 3030 1648 3086 iueﬂ‘ahilem
1683 3041 1979 3094 rationem,
2029 3049 2131 3101 qua

2239 1859 2360 1912 liter
2396 1860 2446 1910 in
2493 1858 2600 1912 Deo
2645 1860 2989 1914 substitutae.
3025 1861 3258 1915 Sanctus
3309 1863 3435 1915 item
3487 1864 3815 1932 Augustinus

2237 1950 2290 2002 in
2320 1950 2589 2019 opusculis
2616 1952 2727 2004 suis
2770 1951 3095 2020 operationis
3124 1952 3338 2013 divinae
3383 1954 3807 2022 quadriformcm

2238 2042 2508 2096 rationem
2540 2056 2833 2111 exponens,
2857 2043 3092 2096 secunda
3121 2043 3171 2095 in
3202 2042 3358 2096 Verbi
3402 2045 3492 2097 Dei
3535 2046 3817 2114 dispensa-

2240 2132 2385 2185 tione
2414 2148 2520 2189 non
2554 2131 2719 2195 lacte,
2750 2133 2845 2185 sed
2881 2142 3101 2187 acterna
3139 2149 3258 2187 esse
3288 2133 3541 2199 allirmat;
3578 2137 3665 2188 ubi
3702 2153 3810 2189 non

2235 2217 2405 2270 Solum
2438 2218 2640 2282 secula,
2675 2234 2859 2271 verum
2911 2220 3076 2272 etiam
3109 2221 3305 2285 omnia,
3334 2222 3486 2276 uibus
3513 2223 3725 2290 qseeula
3755 2237 3814 2277 et

2234 2318 2566 2379 peraguntur
2593 2318 2647 2361 et
2679 2309 2988 2378 implentur,
3027 2310 3197 2362 voluit
3244 2310 3479 2380 intelligi.
3524 2311 3771 2380 Operatio
3794 2353 3810 2375 ,

2237 2398 2429 2465 inquit,
2462 2399 2662 2463 divina,
2695 2416 2828 2468 quae
2853 2399 3027 2453 secula
3054 2401 3243 2452 crearit
3280 2410 3325 2452 et
3356 2401 3641 2469 gubernat,
3681 2419 3812 2470 qua-

2235 2487 2479 2554 driformi
2512 2489 2712 2540 ratione
2751 2487 3110 2557 distinguitur.
3157 2489 3362 2551 Primo,
3393 2490 3530 2559 quod
3571 2492 3623 2542 in
3661 2490 3815 2544 Verbi

2232 2575 2331 2629 Dei
2356 2567 2738 2644 dispensatione
2784 2596 2887 2630 non
2934 2579 3097 2647 facta,
3130 2579 3220 2631 sed
3265 2591 3477 2633 aeterna
3537 2591 3676 2644 sunt,
3721 2584 3812 2651 qui

2236 2683 2328 2719 nos
2359 2667 2607 2735 Apostolo
2638 2678 2762 2720 teste
2793 2679 2911 2721 ante
2958 2681 3188 2738 tempora
3237 2671 3493 2723 seru/aria
3534 2673 3814 2740 praedesti-

2238 2761 2378 2811 navit
2428 2761 2481 2811 in
2515 2776 2747 2827 regnum.
2782 2759 2915 2811 Item
2960 2760 3085 2812 alibi
3129 2759 3194 2812 de
3222 2760 3484 2813 Triuitatc
3525 2762 3762 2814 scribens
3792 2778 3806 2813 :

2248 2847 2472 2901 Verbum
2521 2848 2633 2911 Dei,
2667 2848 2857 2917 inquit,
2885 2865 2977 2917 per
3001 2848 3138 2917 quod
3170 2847 3313 2916 facta
3348 2859 3469 2902 sunt
3500 2852 3695 2913 omnia,
3723 2851 3810 2902 ubi

2235 2943 2724 2997 inrommutabiliter
2751 2943 2920 2996 vivunt
2953 2942 3150 3004 omnia,
3181 2959 3281 2994 non
3317 2941 3504 3005 solum,
3533 2958 3664 3011 quae
3690 2942 3808 3010 [ue-

2242 3044 2383 3097 runt,
2410 3050 2583 3087 rerum
2607 3035 2787 3095 etiam,
2809 3049 2941 3102 quae
2973 3034 3151 3101 futura
3181 3042 3302 3085 sunt
3319 3048 3338 3095 ;
3370 3048 3460 3085 nec
3482 3043 3591 3083 tum
3624 3033 3675 3084 in
3704 3033 3813 3099 ipso

556 3122 834 3175 causativa
884 3121 936 3173 in
966 3135 1127 3174 causa
1167 3135 1262 3173 sua
1293 3135 1504 3188 semper
1549 3120 1865 3177 subsistunt.
1903 3120 2041 3176 MAG.
2076 3120 2132 3175 Si
2163 3097 2206 3157 C
2239 3124 2475 3191 fuerant,
2507 3141 2597 3177 nec
2625 3124 2807 3195 futura
2837 3133 2956 3179 sunt
2984 3124 3048 3188 “,
3070 3124 3160 3177 sed
3188 3123 3548 3177 tantummodo
3582 3133 3699 3176 sunt
3718 3138 3737 3185 ,°
3761 3130 3812 3173 et

553 3211 718 3279 igitur
766 3210 909 3263 nulla
964 3209 1063 3261 alia
1108 3209 1316 3262 ratione
1355 3211 1494 3263 Deus
1543 3211 1945 3264 universitatem
1999 3228 2026 3262 a
2076 3226 2134 3264 se

553 3303 827 3356 conditam
858 3302 1156 3369 praecedit,
1201 3312 1414 3368 praeter
1460 3301 1601 3353 illam
1649 3301 1838 3364 solam,
1869 3318 1974 3371 qua
2020 3301 2133 3370 ipse

554 3408 716 3445 causa
748 3404 858 3454 est;
901 3407 963 3443 ca
1011 3406 1137 3443 vero
1175 3392 1470 3455 causativa,
1511 3401 1563 3445 et
1598 3407 1757 3446 omne
1798 3393 2129 3446 causativum

551 3495 767 3548 semper
818 3481 871 3532 in
925 3495 1087 3533 causa
1130 3480 1415 3542 subsistit,
1460 3479 1617 3533 aliter
1651 3480 1793 3533 enim
1840 3495 1939 3533 nec
1967 3496 2129 3535 causa

548 3582 712 3620 caiisa
741 3575 855 3631 est,
889 3582 986 3620 nec
1009 3567 1344 3621 causativum
1366 3568 1703 3621 causativum
1729 3583 1744 3631 ;
1774 3569 1990 3636 Deoque
2024 3586 2127 3621 non

551 3656 753 3709 accidit
797 3654 1030 3709 causalis
1058 3671 1200 3719 esse,
1233 3671 1445 3724 semper
1488 3656 1630 3710 enim
1679 3673 1843 3713 causa
1881 3669 1933 3712 et
1965 3658 1985 3688 ⁸
2025 3667 2128 3723 est,

550 3756 609 3797 et
630 3752 768 3808 erat,
786 3754 843 3798 et
869 3745 1004 3807 erit;
1037 3760 1250 3813 semper
1277 3746 1442 3814 igitur
1465 3748 1737 3802 causativa
1771 3750 1821 3802 in
1850 3765 1944 3803 sua
1968 3765 2128 3803 causa

550 3833 882 3897 subsistunt,
940 3843 996 3886 et
1044 3835 1423 3897 subsutcrunt,
1477 3844 1533 3889 et
1592 3838 1892 3891 substitura
1955 3847 2125 3892 sunt:

551 3926 779 3995 proinde
809 3925 1132 3981 universitas
1160 3927 1211 3979 in
1240 3941 1333 3979 sua
1362 3942 1549 3990 causa,
1580 3930 1831 3996 quoniam
1856 3930 2126 3983 causativa

550 4022 657 4078 est;
705 4016 807 4070 hoc
851 4023 956 4079 est,
1008 4030 1139 4068 suae
1182 4030 1378 4069 causae
1423 4017 1716 4086 particeps,
1761 4028 1980 4072 acterna
2024 4027 2126 4073 est.

553 4104 744 4159 Totius
804 4119 934 4173 ergo
979 4104 998 4134 "
1053 4112 1335 4157 creaturae
1391 4105 1791 4161 universitatem
1849 4116 2127 4160 aeternam

551 4207 674 4247 esse
703 4194 755 4251 in
788 4192 964 4247 Verbo
992 4193 1086 4246 Dei
1113 4192 1474 4247 manifestum
1517 4204 1619 4247 est.
1661 4195 1806 4253 Disc.
1838 4194 1974 4248 Huic
2001 4211 2129 4247 con-

550 4281 779 4339 clusioni
812 4282 1184 4335 contradicere
1205 4297 1306 4335 von
1331 4282 1506 4346 valeo,
1537 4286 1662 4334 dum
1691 4284 1804 4335 sine
1830 4283 1936 4334 ulla
1965 4281 2128 4334 ambi-

546 4378 753 4444 guitate
802 4376 1106 4440 cotisidcro,
1152 4391 1343 4429 omnes
1387 4391 1638 4428 nurneros
1685 4376 1736 4427 iu
1784 4376 2027 4438 mouade,
2073 4384 2127 4428 et

548 4483 741 4521 omnes
786 4466 954 4520 lineas
1002 4468 1052 4519 iu
1086 4478 1272 4522 centro
1321 4467 1666 4521 aeternaliter
1710 4475 1764 4520 et
1794 4466 2130 4520 uniformiter

549 4556 869 4609 subsistere.
899 4556 966 4608 Et
995 4557 1242 4621 quamvis
1276 4564 1397 4609 actu
1439 4564 1493 4609 et
1517 4572 1680 4625 opere
1717 4557 2051 4617 numerantis
2077 4567 2131 4612 et

547 4637 805 4694 lineantis
852 4642 905 4693 in
947 4641 1127 4695 varias
1180 4658 1523 4697 tuuncrorum
1573 4646 1780 4713 species
1828 4646 2130 4714 ﬁgurasque

550 4729 879 4793 formentur,
914 4745 1131 4798 semper
1159 4741 1335 4784 tamen
1368 4734 1419 4784 in
1458 4735 1735 4805 principiis
1764 4738 1898 4801 suis,
1932 4738 1984 4790 in
2015 4752 2129 4791 mo-

550 4821 692 4875 uade
730 4823 850 4875 dico
888 4832 943 4876 ct
980 4832 1194 4886 centro,
1241 4824 1587 4878 uniformiter
1623 4838 1980 4895 permanent,
2031 4845 2129 4885 nec

548 4926 784 4980 unquam
825 4914 942 4967 sine
987 4912 1067 4965 eis
1111 4913 1373 4982 principia
1409 4914 1775 4984 intelliguntur
1813 4918 1992 4979 fuisse,
2025 4936 2125 4975 nec

549 5003 606 5057 in
655 5003 788 5072 ipsis
830 5003 1112 5072 principiis
1153 5004 1269 5058 fieri
1322 5006 1629 5070 inchoasse,
1681 5016 1736 5062 et
1775 5009 1899 5062 dum
1931 5011 1999 5063 ab
2046 5012 2125 5069 eis

484 5082 495 5093 ’
546 5088 920 5160 multipliciter
982 5091 1287 5162 proﬂuunt,
1356 5095 1608 5149 uniformi
1667 5106 1843 5153 tamen
1920 5103 2125 5159 ratione

545 5190 768 5238 aeterno
810 5193 971 5253 atque
1000 5184 1420 5240 incommutabili
1468 5198 1609 5243 statu
1656 5189 1707 5243 in
1755 5192 1832 5247 cis
1861 5208 1983 5248 esse
2017 5211 2122 5250 non

2237 3217 2411 3269 omnia
2447 3232 2609 3267 unum
2638 3226 2779 3276 sunt,
2826 3229 2870 3267 et
2902 3215 3067 3284 magis
3102 3232 3259 3268 unum
3302 3224 3397 3267 est.
3425 3213 3555 3267 ltcm
3588 3214 3639 3265 in
3672 3212 3813 3265 Exe-

2237 3321 2391 3358 mero
2421 3305 2484 3357 de
2517 3303 2628 3356 Deo
2658 3301 2867 3356 Verbo:
2896 3303 3079 3366 Aliter,
3112 3303 3299 3372 inquit,
3329 3306 3421 3356 sub
3446 3303 3555 3371 ipso
3585 3313 3700 3354 sunt
3724 3319 3811 3366 ea,

2235 3413 2371 3464 quae
2400 3413 2491 3464 per
2513 3396 2680 3462 ipsum
2707 3395 2847 3463 facta
2872 3404 3017 3458 sunt,
3042 3395 3193 3447 aliter
3218 3396 3270 3447 in
3300 3396 3407 3464 ipso
3430 3405 3548 3447 sunt
3574 3411 3655 3458 ea,
3681 3410 3813 3462 quae

2231 3486 2341 3554 ipse
2388 3494 2484 3537 est.
2521 3483 2798 3552 Tanquam
2836 3492 3019 3553 aperte
3065 3483 3266 3536 diceret
3313 3502 3325 3537 :
3377 3484 3546 3538 Aliter
3579 3487 3678 3537 sub
3725 3483 3812 3536 illo

2234 3584 2381 3639 sunt,
2412 3576 2539 3627 dum
2568 3591 2665 3644 per
2693 3575 3096 3642 generationem
3140 3576 3277 3629 facta
3310 3576 3359 3628 in
3405 3578 3718 3645 generibus,
3757 3584 3812 3628 et

2232 3674 2441 3736 formis,
2472 3675 2602 3727 locis
2624 3688 2856 3742 quoque,
2883 3672 3317 3741 temporibusque
3347 3674 3389 3704 ¹¹
3414 3672 3690 3726 visibl1iter
3712 3685 3811 3740 per

2236 3764 2515 3817 materiem
2545 3773 2842 3832 apparent;
2870 3763 3028 3818 aliter
3052 3764 3104 3816 in
3140 3764 3253 3832 ipso
3282 3772 3424 3826 sunt,
3457 3763 3579 3815 dum
3607 3762 3659 3815 in
3696 3762 3808 3830 pri—

2237 3856 2591 3909 niordialibus
2622 3870 2799 3917 rerum
2842 3855 3043 3921 causis,
3078 3871 3215 3923 quae
3251 3871 3354 3907 non
3385 3854 3554 3908 solum
3586 3855 3637 3907 in
3678 3854 3809 3911 Deo.

2231 3962 2416 4000 verum
2463 3946 2627 3999 etiam
2656 3945 2799 3998 Deus
2827 3953 2973 4008 sunt,
3023 3943 3369 3997 acternaliter
3415 3942 3806 4012 intelliguntur.

2234 4036 2297 4089 Et
2322 4038 2440 4090 ideo
2466 4036 2543 4088 ait
2568 4036 2610 4066 ¹³
2636 4053 2647 4088 :
2678 4051 2763 4098 ea,
2791 4049 2928 4103 quae
2955 4033 3065 4102 ipse
3094 4042 3207 4098 est;
3233 4048 3338 4086 non
3364 4032 3502 4100 quod
3538 4032 3640 4085 alia
3680 4031 3809 4094 sint,

2228 4142 2368 4195 quae
2416 4126 2468 4179 in
2499 4126 2608 4179 Deo
2637 4135 2782 4186 sunt,
2830 4132 2886 4176 et
2931 4122 3074 4176 Deus
3118 4135 3237 4176 esse
3272 4121 3550 4174 discuntur
3594 4128 3809 4188 propter

2230 4218 2489 4270 unitatem
2517 4226 2763 4278 naturae,
2795 4222 2847 4267 et
2871 4213 2994 4277 alia,
3027 4228 3164 4279 quae
3190 4228 3286 4279 per
3316 4211 3714 4279 generationem
3748 4209 3803 4260 in

2229 4308 2485 4361 mundum
2535 4307 2773 4369 veniunt,
2818 4305 2910 4357 sed
2951 4303 3074 4371 quia
3123 4318 3223 4354 una
3279 4301 3571 4369 eademque
3623 4314 3801 4353 rermn

2234 4404 2423 4447 natura
2459 4396 2616 4447 aliter
2662 4394 3038 4448 consideratur
3066 4393 3115 4444 in
3149 4390 3469 4447 aeternitate
3504 4387 3658 4441 Verbi
3693 4387 3803 4449 Dei,

2233 4484 2393 4536 aliter
2433 4486 2482 4537 iu
2546 4483 2944 4552 lemporalitate
2984 4482 3274 4536 constituta
3314 4481 3354 4509 “
3412 4480 3615 4533 mutuli.
3670 4480 3807 4532 San—

2232 4584 2350 4630 ctus
2378 4575 2419 4605 ⁸⁵
2444 4591 2657 4643 quoque
2684 4575 2968 4643 Dionysius
3010 4572 3332 4639 Aeropagita
3363 4570 3415 4622 in
3466 4569 3697 4639 capitulo
3740 4569 3805 4622 dc

2230 4664 2470 4734 perfecto
2496 4674 2550 4717 et
2573 4681 2680 4718 uno
2708 4666 2818 4719 Deo
2848 4665 3103 4731 loquens:
3136 4659 3333 4723 Unum,
3367 4661 3561 4727 inquit,
3591 4660 3803 4720 dicitur,

2229 4756 2352 4824 quia
2386 4754 2559 4807 omnia
2584 4754 2946 4807 unit‘ersaliter
2967 4764 3073 4815 est;
3098 4751 3295 4803 nullum
3320 4751 3453 4803 enim
3478 4749 3805 4801 existentium

2231 4857 2303 4898 est
2335 4861 2435 4897 non
2467 4845 2787 4914 participans
2817 4846 2990 4896 unius.
3032 4844 3099 4897 Et
3143 4841 3298 4910 paulo
3333 4850 3452 4908 post
3482 4858 3496 4892 :
3526 4837 3711 4907 Itaq'le
3755 4849 3805 4891 et

2230 4936 2326 4987 hoc
2344 4936 2779 5003 cognoscentium,
2809 4934 2931 5004 quia
2957 4933 3239 4985 secundum
3274 4945 3431 4980 unum
3467 4926 3806 4995 tmiusrujus-
3846 4915 3856 4923 ’

2228 5040 2327 5091 que
2370 5025 2721 5093 praecogitata
2767 5024 2812 5054 ¹⁶
2841 5033 2915 5075 est
2959 5022 3175 5090 species,
3215 5018 3360 5071 unire
3402 5017 3593 5070 dicitur
3622 5017 3801 5079 unia;

2184 5166 2187 5169 .
2229 5126 2275 5169 et
2306 5115 2539 5167 omnium
2565 5125 2640 5167 est
2670 5131 2829 5168 unum
2859 5112 3141 5179 exemplar,
3176 5121 3222 5163 et
3251 5110 3295 5162 si
3318 5109 3585 5161 interimas
3617 5122 3798 5169 unum,

2230 5221 2391 5275 neque
2420 5207 2752 5269 universitas,
2778 5219 2938 5273 neque
2971 5200 3116 5255 aliud
3153 5199 3365 5268 aliquod
3394 5198 3435 5228 ¹⁷
3478 5198 3801 5251 existentium

1827 5306 2078 5364 VARIAE
2112 5312 2491 5370 LECTIONES

1361 5418 1457 5471 Ἀ
1503 5437 1581 5474 eo.

1204 5488 1225 5518 ’
1261 5500 1309 5542 et
1340 5505 1447 5543 om.
1478 5490 1543 5542 A.

615 5422 636 5456 ι
694 5417 736 5469 C
794 5421 914 5473 sint.
991 5416 1284 5472 iA‘enim.

1660 5422 1684 5495 ¹ξ
1736 5424 1781 5477 Α
1832 5426 2023 5495 itaque.

548 5499 617 5534 na
671 5488 934 5551 perhibent
961 5506 1047 5543 om
1069 5488 1129 5542 C.

556 5640 598 5673 ³⁸
619 5641 659 5691 A
691 5643 1031 5709 percogitata.
1106 5644 1153 5678 ⁸⁷
1189 5644 1235 5696 A
1259 5646 1489 5713 aliquod.

2102 5429 2123 5459 ⁵
2148 5431 2188 5482 Α
2251 5429 2521 5487 Dominus.

1646 5493 1690 5529 ¹⁰
1717 5496 1840 5547 bene
1866 5493 2068 5549 essendi
2094 5528 2157 5537 —
2185 5502 2239 5551 in
2269 5501 2382 5568 ipso
2407 5520 2518 5557 om.
2543 5504 2606 5559 C.

544 5571 659 5659 ac:
689 5574 1024 5659 ςςῖτφοτξριξδ-
1099 5576 1153 5659 ἶῖ
1173 5575 1277 5659 ltro
1373 5578 1489 5659 ίιιερ
1518 5579 1592 5631 an
1625 5578 1666 5636 ο
1694 5580 1799 5645 Qui
2016 5585 2117 5636 ηίεί
2401 5589 2577 5659 Οοιιὶι.
2610 5594 2655 5644 Α
3038 5586 3079 5639 c
3118 5564 3394 5635 ’conswz‘i

2615 5434 2637 5466 ⁸
2682 5435 2725 5488 A
2778 5443 2825 5487 et
2880 5446 3063 5485 causa.
3159 5424 3182 5458 "
3221 5423 3265 5477 A
3294 5424 3473 5495 igitur.
3568 5426 3589 5457 ⁸
3638 5432 3804 5495 aeter.

2685 5514 2727 5545 ιι
2753 5520 2843 5556 nec
2873 5514 2982 5554 tum
3012 5501 3067 5551 in
3096 5497 3208 5565 ipso
3228 5523 3296 5534 --
3316 5505 3438 5565 sunt
3476 5508 3585 5547 om.
3620 5494 3682 5549 C.
3759 5500 3803 5530 “

3495 5582 3541 5616 ⁸⁵
3564 5582 3609 5636 Α
3645 5582 3798 5635 sicut.
