4236 6274
433 539 539 608 (iis!

1270 535 1359 590 DE
1395 532 1733 606 DIVISIQNE
1768 532 2117 589 NATURAE.
2155 559 2227 571 —
2261 527 2464 586 LIBER
2502 526 2819 583 TERTIUS.

3574 531 3679 586 64?.
3752 605 3759 617 '

437 658 568 720 erit;
600 656 773 709 omnia
798 652 932 705 enim
960 650 1016 703 in
1038 649 1205 718 seipso
1233 663 1395 701 unum
1414 646 1747 714 uniformiter
1768 662 2008 716 praeam-
2032 646 2085 716 λ
2111 645 2315 709 stione,
2366 643 2412 698 si
2474 641 2602 710 quid
2641 638 2926 695 dicendum
2958 678 2973 702 ,
3030 648 3084 695 et
3125 640 3398 711 inquirere
3450 652 3507 700 et
3552 659 3681 703 ane-

436 744 535 812 bit,
562 754 609 799 et
649 739 1071 810 circumprendit.
1122 737 1218 793 His
1258 747 1419 807 atque
1476 735 1778 805 huiusmodi
1821 751 2005 791 exem-

432 834 541 909 plis
564 844 723 904 atque
755 842 771 870 ι
805 829 1124 885 testimoniis
1168 829 1223 882 in
1253 843 1417 882 unum
1458 827 1695 882 collectis
1715 866 1728 889 ,
1778 826 2004 895 apertis-

434 928 573 985 sime
600 926 758 980 datur
785 922 1032 993 intelligi,
1072 920 1255 975 omnia
1286 924 1339 974 in
1371 920 1547 975 Verbo
1573 918 1669 973 Dei
1698 932 1805 972 non
1830 917 2002 972 solum

431 1024 673 1080 aeterna,
703 1028 892 1068 verum
914 1012 1079 1067 etiam
1118 1012 1141 1042 ³
1191 1011 1363 1080 ipsum
1398 1009 1632 1064 Verbum
1676 1024 1815 1064 esse.
1862 1008 2006 1075 Quo-

433 1106 580 1160 niam
610 1119 738 1160 vero
761 1112 817 1158 et
838 1102 981 1156 facta
1009 1100 1168 1156 simul
1189 1100 1390 1164 omnia,
1420 1107 1474 1154 et
1500 1108 1718 1153 aeterna
1753 1112 1874 1154 esse
1906 1097 1927 1128 ³
1949 1097 2004 1151 in

431 1197 612 1253 Verbo
640 1196 737 1251 Dei
766 1209 958 1250 sacrae
991 1192 1302 1261 Scripturae
1337 1191 1659 1246 testimoniis
1694 1189 2006 1261 planissime

430 1286 763 1349 declaratur,
813 1282 1049 1338 Joannes
1100 1281 1442 1351 Evangelista
1489 1297 1503 1332 :
1556 1279 1765 1346 Omnia,
1810 1279 2002 1348 inquit,

431 1391 530 1447 per
554 1376 724 1445 ipsum
764 1375 906 1444 facta
955 1382 1098 1438 sunt,
1142 1381 1188 1425 et
1237 1372 1348 1426 sine
1397 1373 1506 1441 ipso
1531 1372 1727 1441 factum
1755 1380 1827 1426 est
1854 1371 2002 1425 nihil.

435 1467 599 1533 Ecce,
620 1465 957 1537 apertissime
971 1464 1106 1519 facta
1127 1478 1245 1518 esse
1261 1464 1439 1518 omnia
1458 1462 1691 1519 inVerbo
1712 1462 1855 1517 dicit.
1876 1462 2006 1528 Sed,

434 1577 506 1619 ne
535 1562 655 1632 quis
709 1560 1041 1615 existimaret
1086 1557 1138 1624 ⁸,
1177 1556 1319 1612 facta
1372 1571 1492 1612 esse
1536 1556 1903 1622 solummodo,
1954 1562 2010 1609 et

431 1668 541 1708 non
572 1660 811 1716 aeterna,
841 1650 1082 1720 sequitur
1110 1666 1124 1702 :
1151 1648 1305 1714 Quod
1332 1648 1530 1717 factum
1564 1657 1639 1701 est
1659 1649 1717 1701 in
1740 1647 1875 1716 ipso,
1902 1647 2009 1700 vita

430 1751 564 1796 erat.
600 1742 679 1795 Ac
701 1740 746 1796 si
775 1738 1022 1805 dixisset,
1051 1739 1193 1809 quod
1220 1737 1422 1793 factum
1452 1745 1555 1802 est,
1584 1737 1698 1792 sive
1728 1737 1780 1789 in
1807 1735 2008 1804 princi-

427 1834 638 1903 palibus
692 1832 889 1896 causis,
936 1831 1050 1886 sive
1098 1831 1151 1884 in
1198 1846 1383 1885 earum
1437 1828 1737 1893 eﬁ'ectibus,
1781 1828 1834 1881 in
1889 1827 2005 1896 ipso

435 1921 628 1986 Verbo,
659 1921 713 1975 in
754 1936 862 1990 quo
890 1921 1127 1975 rationes
1152 1921 1391 1976 omnium
1422 1927 1674 1974 aeternae
1719 1927 1865 1984 sunt,
1895 1934 2005 1972 vua

2105 734 2232 786 rire.

2174 823 2227 877 9.
2268 821 2406 895 Msa.
2447 821 2705 877 Rationes
2745 821 2986 877 onmium
3024 837 3206 878 rerum
3230 864 3248 892 ,
3277 826 3405 881 dum
3456 828 3511 882 in
3558 828 3676 899 ipsa

2105 919 2299 965 natura
2336 910 2524 976 Verbi,
2551 925 2690 980 quae
2733 912 3199 981 superessentialis
3248 923 3349 980 est,
3375 915 3680 988 intelligun-

2106 1011 2217 1068 tur,
2251 1010 2500 1059 aeternas
2547 1017 2665 1058 esse
2718 1002 2970 1058 arbitror.
3005 1003 3268 1073 Quicquid
3310 1008 3453 1062 enim
3486 1008 3541 1063 in
3569 1010 3681 1065 Deo

2106 1091 2286 1147 Verbo
2311 1092 2737 1147 substantialiter
2762 1101 2863 1158 est,
2889 1093 3141 1164 quoniam
3164 1108 3273 1149 non
3293 1095 3433 1152 aliud
3463 1108 3683 1169 praeter

2106 1183 2281 1252 ipsum
2305 1182 2541 1238 Verbum
2570 1170 2691 1250 est,
2723 1193 3001 1253 aeternum
3051 1199 3176 1239 esse
3204 1200 3424 1241 necesse
3451 1198 3552 1245 est.
3602 1191 3681 1246 Ac

2107 1287 2203 1342 per
2225 1273 2328 1328 hoc
2349 1273 2657 1339 conﬁcitur,
2680 1261 2740 1328 et
2762 1274 2936 1343 ipsum
2968 1274 3224 1339 Verbum,
3249 1286 3303 1330 et
3331 1277 3679 1348 multiplicem

2108 1360 2276 1416 totius
2299 1361 2667 1416 universitatis
2686 1362 2934 1416 conditae
2956 1363 3574 1435 principalissimamque
3595 1383 3686 1421 ra-
3740 1361 3775 1373 “’

2107 1452 2309 1507 tionem
2337 1453 2390 1507 id
2434 1453 2609 1521 ipsum
2652 1468 2789 1508 esse.
2830 1451 3126 1527 Possumus
3150 1455 3313 1510 etiam
3344 1456 3424 1511 sic
3454 1457 3635 1513 dicere
3666 1476 3679 1511 :

2110 1544 2351 1613 Simplex
2374 1553 2430 1598 et
2450 1542 2726 1613 multiplex
2752 1558 2932 1597 rerum
2962 1546 3200 1598 omnium
3230 1546 3679 1615 principalissima

2114 1635 2252 1689 ratio
2294 1633 2437 1688 Deus
2465 1631 2699 1689 Verbum
2727 1642 2827 1689 est.
2872 1634 3005 1689 Nam
3037 1650 3067 1688 a
3094 1635 3317 1691 Graecis
3344 1638 3490 1711 λόγος
3518 1654 3680 1693 voca-

2107 1733 2217 1790 tur,
2245 1726 2349 1780 hoc
2366 1732 2468 1790 est,
2495 1724 2733 1791 verbum,
2760 1726 2841 1780 vel
2869 1727 3028 1791 ratio,
3052 1727 3134 1782 vel
3159 1741 3341 1781 causa.
3366 1728 3514 1795 lnde,
3540 1732 3678 1800 quod

2106 1819 2163 1874 in
2190 1833 2383 1889 graeco
2412 1817 2700 1889 Evangelio
2726 1818 2980 1874 scribitur
3001 1820 3073 1872 ‘9:
3100 1820 3179 1874 'Ea
3203 1823 3349 1896 ἀρχῇ
3369 1819 3428 1881 ἧν
3456 1822 3482 1877 ὁ
3514 1823 3657 1895 λόγος

2105 1919 2287 1980 potest
2313 1910 2659 1981 interpretari
2686 1928 2699 1964 :
2733 1909 2802 1964 In
2823 1912 3077 1980 principio
3096 1921 3205 1965 erat
3240 1911 3485 1980 Verbum,
3512 1914 3597 1968 vel
3623 1913 3677 1966 in

428 2020 563 2066 erat.
599 2011 728 2065 Item
766 2010 787 2041 "
817 2009 1106 2080 Apostolus
1146 2028 1159 2062 :
1192 2008 1262 2063 In
1300 2024 1400 2078 quo
1444 2017 1621 2062 creata
1657 2015 1777 2061 sunt
1806 2006 2002 2071 omnia,
2034 2039 2081 2099 Β
2108 2002 2371 2072 principio
2418 2010 2537 2056 erat
2589 2002 2759 2067 ratio,
2788 2001 2872 2056 vel
2918 2002 2974 2056 in
3008 2002 3269 2072 principio
3318 2013 3439 2057 erat
3493 2020 3676 2059 causa.

429 2120 561 2173 quae
585 2113 705 2158 sunt
732 2104 786 2158 in
820 2102 976 2157 caelis
999 2113 1047 2156 et
1085 2118 1217 2172 quae
1245 2102 1301 2155 in
1322 2110 1483 2166 terra,
1519 2101 1624 2155 sive
1655 2099 1878 2154 visibilia
1902 2100 2005 2153 sive
2034 2091 2077 2099 ”
2111 2091 2480 2162 Quodcunque
2508 2093 2652 2146 enim
2683 2092 2728 2123 ²⁰
2760 2092 2951 2147 horum
2990 2093 3111 2163 (Illis
3139 2092 3359 2159 dixerit»
3388 2109 3420 2148 εὶ
3466 2095 3509 2126 ²¹
3537 2095 3680 2149 νενί-

428 2193 725 2259 ίηυὶδὶὺὶιὶα,
754 2195 856 2247 sive
883 2192 1097 2258 Throni,
1113 2192 1215 2246 sive
1236 2190 1648 2256 Dominationes,
1671 2190 1775 2243 sive
1796 2188 2007 2243 Princié

431 2294 606 2353 patus,
632 2286 738 2338 sive
762 2282 1091 2347 Potestates;
1126 2283 1299 2335 omnia
1327 2298 1391 2335 ea:
1425 2281 1537 2350 ipso
1566 2290 1613 2334 et
1637 2296 1729 2351 per
1757 2281 1926 2349 ipsum
1954 2288 2003 2333 et

435 2372 488 2426 in
514 2373 623 2442 ipso
650 2383 826 2425 creata
846 2381 986 2425 sunt.
1009 2371 1210 2426 Causas
1238 2370 1404 2434 enim,
1426 2377 1485 2424 ut
1515 2368 1593 2422 ait
1617 2368 1805 2423 beatus
1836 2367 2005 2422 Maxi-

436 2476 577 2524 mus,
608 2475 820 2525 eorum,
847 2474 983 2529 quae
1012 2458 1150 2513 facta
1186 2467 1333 2523 sunt,
1372 2457 1581 2512 habens
1600 2458 1622 2489 ⁸
1652 2465 1778 2512 ante
1825 2456 2004 2511 secula

431 2552 884 2624 praesubstitutas
910 2551 1187 2605 voluntate
1228 2551 1386 2614 bona,
1424 2550 1718 2603 secundum
1744 2563 1839 2602 eas
1871 2547 2002 2603 visi-

432 2642 593 2697 bilem
636 2650 693 2695 et
718 2641 1039 2696 invisibilem
1090 2654 1157 2694 ex
1218 2653 1325 2692 non
1371 2638 1639 2692 existente
1674 2637 1694 2668 "
1735 2636 2008 2691 substituit

429 2738 769 2795 creaturam;
813 2730 1021 2784 ratione
1044 2738 1099 2783 et
1126 2728 1391 2798 sapientia
1420 2726 1713 2783 secundum
1749 2733 2003 2795 opportu-

430 2838 555 2876 num
582 2830 794 2892 tempus
826 2830 882 2876 et
924 2820 1070 2885 fecit,
1102 2829 1158 2876 et
1191 2820 1342 2888 facit,
1376 2828 1431 2875 et
1460 2834 1598 2891 quae
1626 2818 2005 2874 universaliter

431 2920 574 2977 sunt,
604 2921 657 2967 et
682 2928 821 2981 quae
853 2928 950 2983 per
984 2913 1190 2983 singula
1211 2943 1285 2954 -—
1305 2928 1521 2968 causam
1546 2913 1758 2983 quidem
1789 2912 2001 2983 angelo-

432 3018 553 3057 rum
597 3018 788 3058 creans
815 3004 1133 3074 produxisse
1173 3005 1442 3060 credimus
1486 3019 1703 3063 causam
1749 3003 2003 3059 uniuscu-

425 3092 622 3165 jusque
662 3096 1047 3166 eomplentium
1094 3098 1371 3162 mundum,
1420 3097 1511 3167 qui
1548 3093 1848 3166 supernos
1894 3104 2000 3163 est,

432 3186 790 3241 essentiarum
839 3196 893 3242 et
921 3188 1199 3253 virtutum,
1246 3189 1507 3243 rationem
1559 3188 1860 3253 hominum,
1914 3202 2003 3241 ra-

434 3277 673 3331 tionem"
704 3278 1119 3349 uniuscujusque
1162 3294 1229 3335 ex
1256 3280 1365 3335 Deo
1390 3295 1509 3335 esse
1534 3280 1912 3349 accipientium
1933 3308 2002 3320 —

428 3366 482 3420 in
515 3381 574 3420 se
615 3366 791 3436 ipsum
824 3368 1005 3423 omnia
1043 3368 1432 3438 recapitulans,
1483 3370 1587 3424 hoc
1625 3377 1710 3424 est
1751 3384 2001 3425 consum-

426 3471 597 3523 mans,
627 3472 725 3527 per
751 3474 911 3529 quem
936 3467 992 3515 et
1014 3474 1155 3526 esse,
1179 3468 1236 3515 et
1260 3474 1601 3530 permanere,
1630 3468 1687 3516 et
1720 3461 1742 3491 ⁹
1774 3476 1840 3516 ex
1868 3475 1995 3530 quo,

427 3562 564 3617 quae
598 3548 774 3619 genita
800 3557 950 3615 sunt,
995 3559 1255 3620 quantum
1291 3551 1470 3620 genita
1506 3559 1649 3617 sunt,
1676 3560 1731 3605 et
1750 3551 1814 3605 ad
1840 3565 1999 3619 quem

426 3636 602 3708 genita
650 3648 793 3704 sunt,
849 3641 1120 3695 manentia
1149 3649 1204 3695 et
1242 3648 1386 3695 mota
1439 3640 1761 3710 participant
1807 3640 1997 3695 Deum.

425 3725 616 3785 Omnia
646 3731 788 3785 enim
817 3731 1166 3800 participant,
1198 3732 1340 3800 quod
1365 3730 1408 3769 ιο
1435 3746 1502 3785 ex
1531 3731 1641 3786 Deo
1668 3729 1810 3785 facta
1848 3740 1996 3795 sunt,

426 3819 893 3886 proportionaliter
914 3821 1219 3886 Dominum,
1247 3821 1359 3876 sive
1388 3835 1485 3891 per
1512 3819 1858 3884 intellectum,
1886 3820 2001 3874 sive

425 3908 715 3975 ratiOnem,
764 3912 876 3967 sive
915 3928 1153 3980 sensum,
1189 3914 1303 3969 sive
1347 3921 1551 3968 motum
1597 3912 1836 3977 vitalem,
1886 3912 2000 3967 sive

428 3998 774 4053 essentialem
800 4009 853 4054 et
882 4001 1117 4056 habitam
1146 4002 1622 4072 opportunitatem,
1648 4010 1707 4055 ut
1730 4015 1924 4072 magno
1945 4008 2002 4055 et

425 4089 613 4145 divino
648 4092 1035 4148 manifestatori
1066 4094 1330 4166 [Dionysio
1366 4093 1577 4149 videtur
1621 4093 1995 4163 AreOpagitae.

423 4179 704 4239 Neminem
736 4185 920 4255 itaque
946 4185 1179 4241 ﬁdelium
1205 4186 1400 4257 pieque
1432 4200 1642 4241 sacram
1666 4184 2000 4252 Scripturam

424 4270 864 4345 investigantium
893 4274 1139 4331 dubitare
1168 4285 1382 4347 oportet
1415 4277 1482 4331 de
1511 4290 1576 4331 eo
1607 4275 1675 4340 ⁸⁸,
1705 4275 1848 4344 quod
1885 4288 2001 4329 om-

421 4360 513 4416 nia
551 4363 607 4416 in
648 4364 757 4421 Deo
786 4365 964 4421 Verbo
992 4375 1050 4421 et
1077 4366 1121 4397 “
1149 4375 1368 4421 aeterna
1406 4364 1566 4421 simul
1593 4373 1649 4420 et
1674 4364 1815 4419 facta
1852 4371 1995 4419 sunt.

423 4448 569 4509 Nam
592 4461 645 4507 ct
668 4470 794 4509 vera
823 4456 961 4510 ratio
987 4463 1041 4510 et
1075 4472 1263 4511 sacrae
1290 4455 1601 4526 Scripturae
1633 4456 1924 4511 auctoritas
1944 4455 1999 4508 in

424 4547 529 4603 hoc
552 4546 877 4601 unanimiter
911 4548 1274 4614 consentiunt,
1317 4557 1373 4603 et
1400 4564 1505 4603 non
1547 4548 1651 4603 alia
1688 4562 1829 4614 esse,
1860 4563 2000 4617 quae

423 4646 647 4693 aeterna
671 4646 817 4704 sunt,
858 4646 916 4694 et
954 4639 1079 4705 alia,
1106 4656 1245 4710 quae
1272 4639 1438 4709 facta,
1468 4641 1562 4697 sed
1590 4644 1775 4699 eadem
1802 4650 1929 4697 sunt
1951 4642 1997 4677 "

422 4730 579 4786 simul
598 4740 654 4786 et
674 4740 893 4788 aeterna
920 4741 976 4787 et
1000 4730 1162 4788 facta.
1187 4733 1302 4800 Qua
1328 4750 1456 4789 vero
1482 4734 1527 4774 ιδ
1549 4736 1755 4792 ratione
1774 4744 1994 4792 aeterna
2019 4755 2073 4815 ι)

424 4829 547 4874 sunt
569 4821 614 4853 "
638 4822 805 4889 facta,
832 4830 887 4877 et
916 4822 1060 4879 facta
1087 4832 1304 4880 aeterna
1341 4825 1384 4857 ¹⁸
1417 4826 1685 4897 possimus
1714 4828 1759 4866 ιτ
1797 4827 1993 4882 intelli-

424 4921 568 4979 gere,
610 4913 784 4983 exigis
813 4928 845 4966 a
879 4928 967 4967 me
1012 4929 1121 4969 non
1165 4914 1436 4971 immerito
1467 4916 1774 4985 explanare.
1814 4915 1997 4986 Siqui—

425 4999 549 5055 dem
585 5002 639 5056 id
678 5005 850 5074 ipsum
897 5016 1179 5063 aeternum
1215 5017 1270 5063 et
1310 5008 1512 5064 factum
1547 5007 1871 5072 subsistere,
1908 5007 1990 5061 vi-

423 5086 584 5143 detur
608 5090 701 5145 tibi
743 5093 787 5125 ¹⁸
831 5111 994 5152 verae
1032 5097 1229 5153 rationi
1265 5112 1372 5153 non
1421 5097 1739 5161 convenire,
1784 5106 1838 5151 et
1879 5097 1990 5151 for-

423 5178 584 5234 tassis
620 5184 856 5238 nondum
880 5199 978 5256 ego
1004 5186 1141 5257 ipse,
1175 5186 1443 5257 quomodo
1463 5186 1566 5242 hoc
1600 5186 1901 5252 conveniat,
1924 5186 1993 5241 ad

413 5278 618 5341 parum
653 5272 928 5345 dignosco.
982 5276 1131 5334 Disc.
1165 5276 1347 5349 Incipe
1383 5277 1567 5347 itaque
1606 5275 1672 5332 de
1698 5276 1802 5332 hac
1829 5288 1993 5345 quae-

2112 2191 2221 2238 tate
2245 2199 2353 2241 non
2377 2183 2630 2239 deviabit.
2666 2183 2800 2238 Nam
2829 2184 3135 2254 unigenitus
3158 2184 3250 2238 Dei
3276 2183 3446 2240 Filius
3472 2194 3526 2240 et
3550 2184 3683 2240 Ver-

2108 2276 2235 2330 bum
2267 2282 2370 2338 est,
2392 2283 2447 2330 et
2497 2275 2652 2336 ratio,
2678 2283 2733 2329 et
2780 2282 2962 2331 caiisa.
3002 2274 3239 2330 Verbum
3287 2276 3526 2346 quidem,
3553 2277 3680 2346 quia

2108 2380 2206 2435 per
2233 2366 2404 2435 ipsum
2426 2365 2566 2420 Deus
2590 2365 2752 2420 Pater
2786 2367 2923 2421 dixit
2950 2366 3067 2422 ﬁeri
3094 2366 3295 2431 omnia,
3323 2365 3488 2421 immo
3513 2366 3680 2422 etiam

2108 2457 2224 2526 ipse
2261 2464 2345 2511 est
2376 2456 2421 2487 “
2446 2456 2621 2511 Patris
2650 2456 2850 2521 dicere,
2880 2466 2936 2512 et
2977 2458 3163 2522 dictio,
3191 2466 3245 2512 et
3274 2472 3448 2513 sermo
3484 2458 3530 2488 ’³
3555 2474 3570 2521 ;
3604 2458 3680 2513 si-

2107 2559 2198 2603 cut
2242 2550 2357 2619 ipse
2396 2549 2471 2604 ait
2519 2550 2573 2603 in
2620 2548 2910 2617 Evangelia
2944 2568 2958 2602 :
2992 2547 3061 2602 Et
3108 2566 3295 2615 sermo,
3330 2567 3483 2620 quem
3525 2550 3674 2606 locu-

2108 2651 2192 2696 tus
2220 2659 2335 2696 sum
2360 2643 2525 2709 vobis,
2555 2658 2658 2696 non
2684 2651 2758 2697 est
2784 2659 2947 2707 meus,
2974 2643 3063 2696 sed
3086 2643 3272 2712 ipsius,
3293 2644 3383 2714 qui
3409 2644 3546 2697 misit
3571 2661 3672 2699 me.

2109 2731 2385 2803 Tanquam
2426 2733 2633 2789 diceret
2660 2742 2844 2803 aperte
2873 2748 2887 2787 :
2917 2734 3049 2804 Ego,
3072 2736 3163 2803 qui
3202 2750 3320 2790 sum
3366 2750 3542 2792 sermo
3569 2736 3675 2791 Pa-

2109 2824 2227 2891 tris,
2263 2825 2354 2895 qui
2381 2825 2593 2882 locutus
2623 2841 2742 2881 sum
2782 2826 2956 2892 vobis,
2983 2842 3088 2882 non
3119 2842 3237 2882 sum
3276 2843 3447 2894 meus,
3480 2831 3571 2884 sed
3600 2830 3677 2885 lo-

2106 2915 2322 2984 quentis
2366 2917 2422 2971 in
2467 2932 2552 2973 me
2576 2916 2773 2982 Patris,
2805 2925 2862 2972 et
2903 2932 2971 2972 ex
2998 2916 3047 2947 “
3074 2917 3297 2974 secretis
3343 2918 3679 2977 substantiae

2106 3020 2246 3079 suae
2262 3006 2470 3062 sinibus
2492 3020 2579 3061 me
2599 3006 2885 3078 gignentis,
2906 2994 2968 3063 et
2984 3003 3173 3062 'omnia
3194 3023 3291 3078 per
3310 3024 3413 3072 me,
3448 3010 3549 3065 hoc
3571 3019 3675 3076 est,

2105 3098 2370 3168 gignendo
2395 3113 2482 3153 me
2523 3098 2789 3155 facientis.
2818 3099 2977 3156 Ratio
3005 3115 3157 3166 vero,
3181 3101 3432 3170 quoniam
3458 3101 3571 3172 ipse
3590 3114 3673 3158 est

2103 3189 2343 3243 omnium
2369 3188 2661 3244 visibilium
2701 3196 2756 3244 et
2785 3189 3132 3245 invisibilium
3155 3191 3447 3260 principale
3486 3206 3671 3248 errem-

2051 3280 2055 3285 ’
2102 3279 2242 3348 plar,
2261 3279 2487 3350 ideoque
2517 3294 2550 3335 a
2575 3279 2797 3337 Graecis
2823 3281 2956 3349 ἰδέα,
2979 3282 3032 3336 id
3053 3291 3137 3337 est
3159 3283 3365 3352 species
3389 3283 3473 3337 vel
3496 3283 3674 3341 forma

2026 3400 2071 3464 ο
2104 3370 2317 3434 dicitur.
2346 3370 2404 3425 1n
2433 3371 2551 3443 ipso
2577 3372 2721 3428 enim
2752 3371 2913 3427 Pater
2937 3372 3139 3438 omnia,
3169 3386 3307 3441 quae
3332 3373 3501 3429 voluit
3532 3373 3667 3441 ﬁeri,

2100 3462 2415 3532 priusquam
2439 3461 2651 3528 ﬁerent,
2673 3463 2807 3537 vidit
2828 3462 3096 3519 facienda.
3126 3463 3301 3519 Causa
3326 3480 3537 3535 quoque
3566 3475 3669 3532 est,

2099 3552 2353 3620 quoniam
2381 3553 2696 3609 occasiones
2723 3554 2966 3608 omnium
2995 3554 3342 3609 aeternaliter
3368 3567 3422 3611 et
3468 3557 3673 3613 incom-

2100 3641 2433 3698 mutabiliter
2456 3642 2513 3697 in
2560 3644 2677 3713 ipso
2706 3643 3023 3699 subsistunt.
3075 3643 3338 3710 Quoniam
3384 3646 3547 3716 igitur
3575 3647 3672 3703 Dei

2098 3729 2267 3785 Filius
2290 3739 2345 3785 et
2373 3732 2619 3798 verbum,
2648 3741 2703 3787 et
2730 3734 2887 3807 ratio,
2920 3741 2974 3788 et
3002 3749 3163 3789 causa
3188 3744 3289 3801 est,
3320 3752 3428 3792 non
3482 3736 3669 3791 incon-

2099 3833 2291 3887 gruum
2311 3818 2511 3886 dicere,
2534 3819 2761 3890 simplex
2784 3831 2838 3877 et
2855 3822 2908 3876 in
2924 3835 2983 3877 se
3003 3822 3211 3877 inﬁnite
3226 3823 3504 3893 multiplex
3522 3839 3671 3881 crea-

2097 3909 2207 3963 trix
2221 3910 2583 3977 universitatis
2603 3914 2851 3967 conditae
2874 3914 3011 3967 ratio
3023 3922 3078 3968 et
3088 3928 3248 3969 causa
3260 3916 3352 3969 Dei
3372 3915 3605 3972 Verbum
3622 3919 3670 3951 "

2099 4007 2203 4053 est.
2234 3997 2312 4052 Ac
2339 3999 2418 4052 sic
2460 4009 2796 4066 recurreret,
2825 4001 2920 4054 Dei
2952 4003 3176 4057 verbum
3211 4013 3294 4057 est
3337 4004 3584 4073 simplex,
3615 4017 3671 4062 et

2098 4091 2152 4145 in
2170 4107 2229 4146 se
2243 4091 2449 4146 inﬁnite
2463 4092 2739 4163 multiplex
2757 4094 2993 4149 creatrix
3014 4095 3376 4150 universitatis
3396 4098 3666 4164 conditae,

2097 4191 2153 4237 et
2168 4182 2322 4248 ratio,
2346 4191 2399 4237 et
2418 4197 2578 4238 causa
2601 4183 2666 4235 ".
2702 4183 2937 4253 Simplex
2951 4184 3187 4253 quidem,
3204 4185 3326 4253 quia
3352 4199 3528 4239 rerum
3553 4202 3668 4241 om-

2097 4271 2248 4326 nium
2279 4271 2600 4326 universitas
2627 4271 2681 4325 in
2709 4271 2825 4341 ipso
2854 4287 3020 4326 unum
3045 4272 3374 4327 individuum
3430 4283 3484 4328 et
3526 4274 3668 4329 inse-

2096 4362 2337 4432 parabile
2356 4370 2469 4428 est;
2498 4362 2582 4417 vel
2608 4370 2757 4417 certe
2780 4361 3053 4416 individua
3073 4369 3129 4416 et
3151 4362 3525 4432 inseparabilis
3550 4366 3666 4420 uni-

2100 4461 2181 4509 tas
2201 4454 2442 4509 omnium
2469 4453 2563 4509 Dei
2587 4452 2823 4509 Verbum
2848 4461 2950 4519 est,
2994 4453 3251 4521 quoniam
3280 4453 3454 4522 ipsum
3485 4456 3671 4512 omnia

2098 4555 2200 4600 est.
2235 4543 2510 4613 Multiplex
2557 4559 2685 4598 vero
2715 4559 2822 4598 non
2856 4543 3130 4598 immerito
3158 4542 3477 4614 intelligitur
3523 4560 3666 4612 esse,

2098 4635 2351 4703 quoniam
2398 4648 2494 4703 per
2537 4634 2718 4688 omnia
2750 4634 2804 4687 in
2852 4633 3119 4687 inﬁnitum
3161 4632 3474 4690 diffunditur
3504 4637 3546 4668 ’⁷
3570 4677 3587 4702 ,
3611 4646 3668 4693 et

2097 4728 2214 4798 ipsa
2242 4725 2456 4782 diﬁ‘usio
2485 4726 2835 4783 subsistentia
2868 4726 3107 4782 omnium
3136 4735 3237 4782 est.
3269 4726 3497 4799 Attingit
3524 4730 3670 4786 enim

2098 4836 2130 4875 a
2158 4819 2266 4876 ﬁne
2292 4834 2462 4886 usque
2493 4818 2538 4850 ’⁸
2576 4819 2644 4873 ad
2668 4818 2828 4873 ﬁnem
2877 4818 3110 4883 fortiter,
3160 4828 3216 4874 et
3267 4818 3502 4888 disponit
3547 4835 3671 4876 om-

2098 4913 2187 4967 nia
2218 4910 2475 4967 suaviter.
2502 4909 2633 4964 Item
2662 4910 2715 4964 in
2742 4908 2957 4964 Psalmo
2982 4928 2994 4963 :
3034 4906 3290 4963 Velociter
3309 4912 3471 4964 currit
3497 4926 3669 4966 sermo

2097 5006 2230 5074 ejus.
2254 5004 2567 5060 Sermonem
2585 5002 2769 5058 dicit"
2792 5001 3056 5073 Propheta
3078 5003 3298 5056 verbum
3314 5002 3509 5067 Patris,
3525 5002 3668 5070 quod

2098 5096 2356 5151 velociter
2414 5096 2585 5150 currit
2636 5110 2731 5164 per
2760 5095 2962 5158 omnia,
2996 5102 3054 5147 ut
3106 5094 3283 5148 omnia
3313 5094 3439 5148 sint.
3492 5094 3666 5163 lpsius

2100 5186 2243 5239 enim
2266 5200 2456 5240 cursus
2483 5199 2580 5254 per
2607 5184 2787 5239 omnia
2811 5182 3084 5250 multiplex
3113 5191 3169 5235 et
3198 5180 3405 5235 inﬁnita
3425 5181 3667 5236 omnium

2100 5273 2443 5330 subsistentia
2470 5282 2571 5330 est.
2616 5273 2754 5329 Hinc
2780 5281 3000 5328 sanctus
3027 5271 3311 5342 Dionysius
3350 5270 3402 5325 in
3432 5268 3668 5339 capitula

1707 5426 1959 5483 VARIAE
1995 5425 2395 5485 LECTIONES.

489 5575 511 5611 ί
535 5572 581 5625 Α
602 5586 685 5624 ac.
858 5579 1017 5625 etiam
1038 5585 1146 5627 om.
1178 5570 1246 5625 A.
1342 5570 1365 5603 ³
1390 5570 1431 5625 C
1454 5578 1595 5625 sunt.

420 5635 444 5671 ⁷
464 5636 511 5692 Δ
531 5649 580 5694 et
613 5656 718 5694 non
742 5640 1129 5695 subsistentem.
1206 5642 1229 5675 ⁸
1250 5641 1355 5696 Pro
1381 5642 1633 5694 rationem
1658 5639 1702 5693 A
1732 5650 1796 5693 et.

419 5705 468 5747 ⁸⁸
495 5721 612 5762 sunt
634 5727 741 5763 om.
771 5713 835 5763 A.

427 5786 569 5839 ptum
594 5790 688 5831 est.

425 5848 468 5876 ²⁶
496 5866 555 5901 ac
577 5852 623 5901 si
655 5859 939 5903 rccurreret
962 5879 1028 5889 —
1052 5862 1098 5903 et
1123 5867 1281 5903 causa
1302 5866 1409 5905 om.
1434 5848 1494 5902 C.
1570 5850 1614 5882 ‘7
1638 5850 1683 5904 A
1702 5850 1966 5918 deﬁnitur,
2042 5850 2089 5882 "
2117 5866 2275 5917 usque
2312 5863 2420 5904 om.
2442 5850 2505 5902 Α.

664 5941 938 6002 ΡΑτιιοι..
985 5944 1244 6004 CXXII.

2768 5553 2797 5565 δ-

1690 5568 1712 5600 ”
1736 5569 1784 5623 Α
1828 5554 2325 5627 αδειὴηανθι.ψ⁸(ὶ
2366 5569 2437 5624 Et
2466 5553 2881 5640 apostolus-.w.‘
2925 5568 3031 5624 Pro
3073 5568 3267 5623 habens
3321 5570 3368 5625 Α
3406 5571 3661 5632 homines.

1690 5666 1702 5692 ι
1732 5650 1796 5692 et.
1892 5639 1913 5670 ’
1936 5649 1985 5692 et
2007 5654 2093 5692 om
2125 5639 2191 5692 A.
2285 5642 2328 5679 ιο
2355 5640 2401 5692 Α
2435 5656 2494 5692 eo
2529 5642 2691 5692 quod.
2770 5646 2810 5677 ιι
2842 5638 2906 5691 de
2927 5655 2983 5692 eo
3013 5654 3122 5692 om.
3149 5640 3194 5692 A
3287 5640 3331 5672 “
3356 5651 3403 5692 et
3453 5658 3560 5692 om.
3586 5643 3659 5692 Α.

918 5650 1129 5695 tentent.
1206 5649 1229 5675 '
1250 5649 1355 5696 Pro
1381 5649 1633 5694 rationem
1658 5649 1702 5693 A
1732 5650 1796 5693 et.
1892 5649 1913 5670 '
1936 5649 1985 5692 et
2007 5654 2093 5692 om
2125 5649 2191 5693 Λ.
2285 5649 2328 5679 λυ
2355 5649 2401 5693 Α
2435 5656 2483 5693 ec

916 5709 961 5741 "
993 5711 1038 5763 A
1064 5727 1203 5765 vera.
1281 5710 1327 5743 ¹⁹
1352 5725 1449 5779 pro
1463 5712 1640 5765 suntA
1657 5718 1726 5763 et.
1803 5709 1848 5743 ¹⁶
1873 5709 1919 5763 Α
1938 5718 1994 5779 et
2015 5709 2155 5762 facta
2175 5718 2223 5763 et
2245 5720 2483 5765 aeterna.

2285 5642 2328 5679 ιο
2355 5640 2401 5693 Α
2435 5638 2513 5693 ου’
2529 5642 2691 5708 quod.
2770 5646 2810 5677 ιι
2842 5638 2906 5691 de
2927 5655 2983 5692 eo
3013 5654 3122 5693 om.
3149 5640 3194 5692 A
3287 5640 3331 5672 “
3356 5651 3403 5694 et
3453 5658 3560 5697 om.
3585 5643 3659 5699 Α..

2563 5710 2605 5747 ι⁷
2632 5709 2671 5763 C
2699 5724 2993 5776 possumus.
3071 5710 3173 5763 ¹⁸Α
3198 5712 3313 5763 sibi.
3396 5710 3437 5741 ¹⁹
3458 5716 3502 5764 Α
3524 5711 3659 5767 seri-

782 5779 828 5811 ’θ
855 5781 994 5834 enim
1033 5794 1144 5835 om.
1173 5781 1238 5836 C.
1309 5778 1419 5833 ἰίο
1449 5796 1533 5834 επ.
1607 5780 1653 5810 ⁸³
1683 5789 1756 5833 est
1783 5794 1891 5832 om.
1921 5778 1984 5832 Α.
2064 5779 2110 5809 ²³
2140 5779 2183 5832 Α
2222 5795 2401 5835 sermo
2426 5788 2522 5832 est.
2600 5778 2645 5809 "
2673 5794 2735 5831 ea:
2757 5793 2863 5831 om.
2887 5779 2950 5832 Δ.
3027 5779 3074 5811 ’⁵
3100 5778 3195 5834 Dei
3227 5780 3431 5835 verbum
3458 5797 3570 5839 om.
3596 5778 3664 5843 C.

2590 5849 2633 5880 ²⁹
2660 5849 2703 5903 Λ
2735 5847 2884 5902 Δῖπὶτ.

3115 5944 3189 6002 21

2512 6021 2519 6028 '
2564 6018 2650 6035 rh.
