4236 6274
606 418 709 471 645

1959 399 2238 458 JOANNIS
2279 395 2474 454 SCOTI

3752 399 3863 453 644

603 535 668 588 de
699 531 938 603 perfecto
974 541 1029 585 et
1075 547 1180 584 uno
1212 547 1224 583 :
1256 529 1550 600 Perfectum
1583 527 1790 598 quiJem
1834 536 1933 590 est,
1969 525 2166 593 inquit,
2199 527 2246 586 Α
2272 529 2552 590 superant,
2593 531 2820 588 quorum
2861 530 2982 573 esse
3036 525 3117 572 est
3183 517 3327 572 omni
3392 521 3870 588 eomprehensibili

603 642 706 680 non
746 621 935 686 solum,
959 631 1014 674 ut
1039 614 1131 692 per
1152 639 1204 674 se
1235 621 1400 690 ipsum
1422 618 1707 688 perfectum
1729 615 2013 670 secundum
2032 615 2170 682 seip-

603 733 718 769 sztm
745 733 777 768 a
831 714 1000 782 seipso
1043 712 1371 780 uniformiter
1423 717 1767 780 segregatum,
1801 720 1846 760 et
1883 715 2046 759 totum
2084 721 2175 774 per

605 815 770 858 totum
801 811 848 858 et
879 806 896 837 ⁸
920 801 1372 872 perfectissimum,
1393 800 1482 853 sed
1503 809 1549 853 et
1569 799 1842 869 plusquam
1862 797 2170 868 perfectum,

600 895 884 948 secundum
935 893 1162 945 ontnium
1213 889 1587 953 excellentiam,
1638 898 1683 942 et
1719 904 1922 941 onmem
1967 887 2173 956 quidem

605 984 988 1039 multitudinem
1010 982 1292 1037 terminans
1315 981 1366 1046 ²;
1389 981 1530 1034 omni
1552 995 1666 1034 vero
1688 979 1977 1034 summitati
1997 995 2173 1048 super-

605 1091 914 1150 espansum,
944 1082 991 1128 et
1023 1092 1054 1126 a
1079 1073 1221 1126 nullo
1245 1071 1470 1128 locatum
1490 1081 1582 1123 aut
1607 1071 2051 1139 comprehensum,
2081 1069 2172 1122 sed

601 1176 864 1224 extentum
893 1167 950 1220 in
979 1165 1153 1219 omnia
1193 1163 1367 1229 simul,
1399 1171 1446 1216 et
1489 1177 1646 1229 super
1683 1161 1856 1214 omnia
1888 1175 1989 1213 non
2039 1159 2169 1226 deﬁ-

601 1265 852 1320 cientibus
881 1261 1170 1331 augmentis
1195 1267 1242 1312 et
1270 1257 1489 1326 infinitis
1537 1255 1942 1325 operationibus.
1995 1252 2173 1320 Perfe-

601 1366 736 1408 ctum
781 1354 967 1407 iterum
996 1351 1188 1404 dicitur
1232 1358 1279 1403 et
1319 1348 1456 1402 velut
1503 1365 1605 1401 non
1635 1355 1846 1398 auctum
1877 1353 1922 1397 et
1975 1359 2175 1412 semper

597 1443 882 1513 perfectum
913 1451 961 1496 et
987 1451 1041 1494 ut
1069 1439 1436 1494 indiminutum
1455 1477 1472 1503 ,
1503 1446 1556 1490 ut
1580 1435 1755 1489 omnia
1785 1435 1840 1487 in
1859 1450 1914 1488 se
1953 1433 2064 1504 ipso
2088 1449 2176 1487 su-

597 1551 786 1602 perans
810 1543 857 1587 et
880 1547 1254 1603 supermanans
1302 1527 1584 1583 secundum
1615 1543 1774 1580 unam
1813 1534 1858 1579 et
1883 1523 2170 1578 incessabi-

597 1621 695 1674 lem
719 1639 810 1690 per
829 1637 881 1675 se
909 1620 1268 1688 superplenam
1293 1628 1340 1672 et
1371 1634 1472 1671 non
1500 1616 1814 1670 minoratam
1855 1614 2170 1683 largitatem.

599 1713 776 1766 Manet
811 1727 941 1781 ergo
975 1711 1028 1764 in
1078 1724 1135 1764 se
1177 1709 1290 1778 ipso
1332 1706 1705 1762 universaliter
1733 1714 1790 1761 et
1833 1705 2168 1774 simpliciter,

595 1804 846 1874 quoniam
875 1801 1080 1871 in-ipso
1106 1815 1271 1853 urutm
1302 1808 1425 1853 sunt
1458 1799 1658 1853 omnia.
1684 1797 1913 1865 Attingit
1949 1804 2126 1850 autem
2152 1795 2172 1826 ³

2273 612 2508 666 essentia
2529 611 2576 643 ⁸³
2597 625 2800 676 carere,
2825 608 2958 666 nihil
2977 609 3120 664 aliud
3131 610 3444 676 subsistere,
3461 621 3676 682 praeter
3711 615 3870 674 utrius

2271 703 2437 757 solius
2458 702 2698 758 omnium
2733 715 2928 756 causae
2949 701 3433 771 participationem.
3459 702 3631 760 Omne
3661 715 3865 776 autem,

2273 796 2416 865 quod
2439 795 2814 865 partieipatur,
2854 803 2909 847 et
2938 792 2984 834 ι’*
3009 794 3473 864 participationem
3506 797 3586 849 sui
3623 806 3678 852 et
3702 797 3867 866 parti-

2278 888 2512 956 (:ipanlia
2543 901 2603 940 se
2635 885 2929 955 praecedit.
2983 885 3126 940 Deus
3179 885 3340 954 igitur
3362 888 3634 954 praecedit
3659 889 3859 956 omnia,

2273 992 2628 1048 quaecunque
2667 993 2726 1032 se
2747 977 3090 1046 participant,
3121 985 3174 1031 et
3202 993 3431 1046 quorum
3459 980 3688 1052 essentia
3732 997 3861 1050 par-

2274 1070 2514 1138 ticipatio
2543 1069 2657 1136 ejus
2686 1077 2790 1122 est.
2818 1067 2954 1122 Hinc
2988 1083 3212 1136 magnus
3226 1069 3514 1138 Dionysius
3533 1069 3856 1142 Areopagita

2275 1160 2326 1213 iu
2359 1159 2494 1214 libro
2522 1158 2836 1230 dereaelesti
2879 1157 3169 1220 lerarcbia,
3233 1159 3335 1218 hoc
3377 1167 3480 1222 est,
3523 1159 3852 1230 episcopatu,

2274 1259 2467 1320 quarto
2496 1229 2729 1319 capitulo
2769 1268 2780 1302 :
2818 1246 3077 1308 Primum.
3106 1249 3301 1318 inquit,
3329 1251 3560 1310 omnium
3592 1229 3721 1308 illud
3770 1256 3855 1308 di-

2276 1359 2389 1397 cere
2415 1359 2589 1397 verum
2609 1351 2705 1404 est,
2743 1351 2797 1395 ut
2824 1341 3051 1397 bonitate
3077 1341 3355 1398 universali
3411 1346 3855 1412 superessentialis

2274 1435 2518 1490 divinitas
2537 1450 2735 1497 eorum,
2751 1450 2883 1503 quae
2903 1441 3041 1495 sunt,
3065 1432 3311 1488 essentias
3331 1434 3647 1490 substitueus
3667 1435 3734 1490 ad
3749 1453 3855 1492 esse

2280 1526 2520 1579 adduxit.
2555 1525 2648 1578 Est
2673 1527 2811 1579 enim
2839 1525 2935 1578 hoc
2963 1525 3192 1578 omnium
3219 1539 3410 1586 causae
3433 1535 3650 1594 etsuper
3680 1529 3853 1588 omnia

2277 1615 2523 1669 bonitatis
2551 1615 2840 1684 proprium,
2879 1615 2948 1668 ad
2991 1615 3401 1676 conmmnioacm
3432 1631 3582 1671 suam
3615 1634 3695 1682 ea,
3725 1636 3853 1689 quae

2275 1715 2419 1768 sunt,
2450 1712 2737 1768 vocare,‘ut
2765 1704 3041 1773 unicuique
3074 1720 3274 1768 eorum,
3297 1721 3429 1774 quae
3473 1717 3618 1769 sunt,
3651 1723 3712 1760 eat
3733 1725 3852 1776 pro-

2273 1796 2388 1866 pria
2427 1796 2675 1864 deﬁnitur
2699 1795 2965 1866 analogia.
2994 1795 3186 1853 Omnia
3204 1797 3365 1866 igitur
3388 1797 3699 1868 participant
3735 1816 3853 1868 pro-

595 1911 624 1947 a
657 1894 758 1946 line
789 1907 957 1961 usque
987 1891 1051 1944 ad
1080 1890 1330 1955 linem,et
1352 1889 1608 1944 velociter
1636 1888 1806 1942 currit
1835 1903 1930 1957 per
1957 1887 2160 1952 omnia,
2199 1883 2247 1942 Β
2275 1888 2552 1942 videntium
2582 1905 2646 1942 ex
2669 1887 3084 1957 superessentiali
3119 1899 3166 1942 et
3199 1889 3561 1948 causalissima
3586 1892 3852 1948 divinitate

595 1984 697 2036 hoc
730 1991 833 2046 est,
863 1982 981 2035 sine
1012 1996 1162 2034 mora
1205 1979 1330 2034 facit
1356 1978 1598 2043 ‘omnia,
1631 1985 1684 2033 et
1708 1979 1766 2032 lit
1788 1978 1810 2009 ⁵
1839 1979 1891 2032 in
1924 1979 2172 2034 omnibus

595 2073 808 2136 omnia,
837 2079 891 2126 et
919 2073 1043 2125 dum
1095 2071 1147 2125 in
1177 2071 1352 2140 seipse
1379 2086 1543 2124 unum
1576 2068 1873 2139 perfectum
1918 2077 1972 2122 et
2017 2070 2166 2140 plus-

595 2179 755 2232 quam
785 2159 1078 2232 perl'eetum
1107 2171 1160 2214 et
1189 2161 1255 2214 ab
1274 2161 1524 2215 omnibus
1546 2169 1882 2230 segregatum
1906 2161 2168 2226 subsistit,

599 2255 841 2310 extendit
863 2271 920 2309 se
946 2255 998 2308 in
1025 2254 1224 2319 omnia,
1243 2261 1298 2308 et
1320 2253 1431 2322 ipsa
1454 2253 1699 2307 extensio
1723 2261 1806 2307 est
1832 2253 2031 2307 omnia.
2060 2253 2174 2308 Hoc

606 2349 766 2402 etiam
786 2347 999 2402 nomine
1025 2347 1191 2416 ipsius
1206 2346 1454 2401 caelestis
1474 2345 1762 2410 essentiae,
1777 2346 1918 2414 quod
1931 2353 2012 2400 est
2031 2345 2172 2402 Che-

605 2440 804 2505 rubim,
831 2440 1120 2510 signiﬁcari
1150 2440 1380 2495 videtur.
1411 2440 1686 2510 Siquidem
1704 2441 1995 2496 Cherubim
2032 2441 2172 2510 fusio

603 2531 889 2600 sapientiae
905 2531 1373 2602 interpretatur,ut
1395 2532 1664 2602 sapientes
1680 2532 2045 2588 Hebraeorum
2061 2541 2171 2585 tra-

595 2622 864 2676 diderunt.
899 2622 1000 2678 Ubi
1030 2623 1378 2679 subtilissime
1407 2623 1828 2694 intelligendum,
1860 2622 2001 2692 quod
2032 2623 2168 2678 t‘usio

594 2714 918 2782 sapientiae,
949 2714 1034 2770 vel
1055 2715 1322 2780 extensio,
1351 2714 1434 2768 vel
1459 2731 1682 2782 cursus,
1712 2715 1796 2770 vel
1818 2729 2034 2785 quoquo
2065 2715 2167 2768 alio

589 2806 750 2860 modo
779 2805 990 2860 inﬁnita
1020 2806 1168 2861 verbi
1199 2805 1569 2875 multiplicatio
1609 2807 1840 2870 dicatur,
1877 2821 1982 2860 non
2012 2805 2167 2874 quasi

590 2897 642 2949 in
675 2911 761 2961 ea,
791 2912 930 2966 quae
959 2897 1106 2966 prius
1136 2905 1310 2960 erant,
1345 2910 1505 2965 quam
1534 2895 1847 2951 fittttleretur
1868 2896 1950 2952 vel
1979 2904 2167 2950 exten-

593 2988 812 3042 deretur
841 2987 926 3042 vel
954 2997 1198 3043 curreret
1224 2987 1448 3042 verbum
1475 2985 1652 3041 Patris
1681 2996 1735 3041 et
1757 2987 2042 3057 sapientia,
2070 2985 2166 3040 sed

529 3111 543 3125 ο
585 3079 754 3148 ipsius
787 3080 946 3147 l'usio,
978 3080 1061 3136 vel
1101 3081 1366 3144 extensio,
1393 3079 1477 3134 vel
1511 3096 1702 3135 cursus
1727 3083 2002 3150 praecedit
2043 3096 2160 3153 om-

586 3171 696 3238 nia,
718 3179 774 3226 et
799 3187 956 3226 causa
981 3173 1299 3227 existentiae
1328 3172 1568 3225 omnium
1595 3180 1700 3238 est,
1728 3183 1781 3227 et
1803 3174 2004 3228 omnia.
2031 3174 2162 3240 Quis

2277 1969 2595 2031 manantem.
2615 1975 2737 2030 Non
2749 1979 2888 2032 enim
2909 1977 3147 2046 fortassis
3173 1990 3358 2046 essent,
3381 1981 3482 2037 nisi
3501 1997 3700 2046 eorum,
3721 2000 3851 2052 quae

2273 2077 2412 2131 sunt,
2457 2068 2708 2121 essentiae
2755 2077 2802 2122 et
2841 2067 3082 2138 principii
3141 2071 3506 2140 assumptione.
3561 2073 3850 2138 Existentia

2271 2157 2432 2227 igitur
2467 2159 2642 2212 omnia
2668 2175 2776 2212 esse
2805 2159 3140 2227 participant.
3179 2159 3306 2216 Esse
3329 2163 3462 2218 enim
3490 2165 3718 2236 omnium
3745 2177 3841 2228 est,

2274 2265 2540 2319 superesse
2559 2251 2807 2304 divinitas
2839 2250 2902 2303 ι’.
2949 2250 3200 2306 .Viventia
3253 2262 3418 2308 autem
3447 2255 3660 2311 eandem
3690 2273 3846 2322 super

2273 2356 2475 2393 onmem
2503 2341 2660 2394 vitam
2686 2340 2937 2408 vivi/icam
2961 2343 3224 2408 virtutem,
3253 2344 3580 2398 rationabilia
3606 2345 3649 2384 ιδ
3685 2356 3729 2401 et
3761 2353 3844 2399 ina
3910 2399 3930 2416 ,

2275 2431 2593 2486 tellectualia
2621 2433 2837 2487 eandem
2865 2450 3020 2503 super
3047 2449 3249 2489 omnem
3279 2445 3326 2489 et
3357 2436 3605 2500 rationem
3629 2446 3673 2490 et
3699 2437 3847 2490 intel-

2271 2521 2459 2575 lectum
2477 2539 2569 2592 per
2601 2540 2654 2577 se
2674 2524 2955 2593 perfectam
2979 2534 3031 2579 et
3049 2541 3172 2581 ante
3197 2526 3482 2596 perfectam
3511 2529 3842 2596 sapientiora.

2271 2612 2485 2667 Audisti
2511 2615 2710 2668 summi
2745 2615 2979 2686 theologi
3017 2617 3371 2687 Areopagitae
3396 2619 3657 2690 Dionysii,
3695 2636 3848 2689 prac-

2271 2705 2552 2760 clarissimi
2569 2707 2904 2761 Athenarum
2927 2708 3182 2780 episcopi,
3199 2711 3265 2764 de
3281 2711 3688 2780 participatione
3713 2713 3846 2768 divi-

2271 2813 2375 2853 nae
2399 2813 2554 2854 essen
2564 2800 2668 2854 tiae
2681 2801 3024 2866 sententiam,
3043 2804 3499 2873 qua.apertiss'une
3519 2806 3842 2872 manifestat,

2271 2891 2450 2944 omnia
2465 2907 2604 2961 quae
2618 2901 2741 2948 sunt
2753 2902 2956 2963 etquae
2968 2911 3072 2948 non
3091 2904 3231 2961 sunt,
3245 2896 3376 2950 nihil
3389 2897 3534 2962 aliud
3547 2898 3846 2968 intelligen-

2267 2986 2586 3056 da,praeter
2613 2989 2824 3044 divinae
2853 2991 3117 3046 essentiae
3139 2993 3606 3062 participationem
3633 3009 3648 3060 ;
3673 2994 3839 3064 ipsam

2265 3095 2393 3136 vero
2429 3083 2895 3152 participationem
2914 3085 3199 3141 nihilaliud
3217 3104 3354 3152 esse,
3370 3097 3583 3159 praeter
3607 3088 3842 3157 ejusdem

2267 3173 2531 3226 essentiae
2546 3176 2961 3244 assun‘tptionem
2981 3177 3045 3230 ι’.
3065 3177 3176 3232 Non
3199 3181 3360 3244 enim,
3391 3180 3585 3250 inquit,
3602 3181 3842 3238 fortassis

585 3262 729 3315 enim
757 3264 1035 3316 veritatem
1065 3261 1350 3316 consulens
1377 3261 1666 3315 crediderit
1693 3261 1771 3314 vel
1822 3263 2155 3332 cogitaverit,
2262 3273 2462 3329 essent,
2485 3265 2960 3336 nisieorum,quae
2985 3279 3128 3334 sunt,
3146 3270 3739 3343 essentiaeetprinripii
3757 3290 3840 3328 as-

584 3353 752 3406 Deum
789 3369 1140 3421 praeparasse
1172 3354 1274 3407 sibi
1305 3352 1472 3417 locos,
1499 3367 1596 3422 per
1639 3367 1775 3422 quos
1807 3368 1926 3408 sese
1959 3353 2156 3408 diffun-

583 3443 756 3504 deret,
783 3429 871 3510 qu'i
902 3441 1046 3494 nullo
1068 3442 1188 3495 loco
1221 3443 1551 3509 continetur,
1581 3443 1710 3497 dum
1738 3445 1886 3500 locus
1911 3447 2151 3502 omnium

581 3531 881 3586 communis
907 3531 1009 3585 sit?
1034 3531 1110 3584 Ae
1135 3546 1231 3600 per
1263 3533 1365 3586 hoc
1397 3531 1546 3587 locus
1577 3525 1816 3590 lecorum
1849 3535 1994 3590 nullo
2037 3536 2155 3592 loco

582 3622 812 3691 capitur.
839 3621 944 3674 Aut
974 3622 1074 3676 sibi
1105 3638 1458 3693 praeparasse
1480 3626 1647 3695 spatia
1679 3627 1865 3682 localia
1893 3644 1986 3683 seu
2019 3637 2152 3683 tem-

578 3714 807 3786 poralia,
832 3729 928 3784 per
951 3730 1088 3782 quae
1109 3729 1230 3770 sese
1253 3716 1586 3783 extenderet,
1610 3733 1839 3772 cursuve
1865 3735 1960 3775 suo
1977 3736 2155 3776 curre-

577 3814 680 3872 ret,
712 3809 800 3875 qui
833 3805 853 3837 ⁸
874 3807 1019 3860 omni
1069 3807 1241 3876 spatio
1270 3815 1439 3871 caret,
1471 3817 1525 3862 et
1555 3809 1734 3863 omnia
1763 3819 2000 3880 tempora
2054 3827 2148 3866 sua

579 3897 900 3952 aeternitate
949 3897 1191 3966 superat?
1228 3897 1336 3950 Aut
1379 3897 1500 3966 quis
1529 3899 1742 3964 dixerit,
1785 3900 1924 3968 quod
1972 3901 2150 3956 incre-

581 3987 798 4042 dibilius
820 3987 840 4019 "
867 3995 969 4052 est,
1001 3987 1126 4058 ipsi,
1156 3987 1264 4040 Deo
1292 3986 1431 4052 dico,
1469 3989 1535 4043 ab
1566 3988 1670 4043 alio
1691 3989 1856 4043 veluti
1889 3993 2151 4061 principio

575 4086 896 4148 praeparata
927 4077 1092 4132 fuisse
1117 4077 1354 4132 locorum
1393 4085 1798 4148 temporumque
1829 4083 2020 4150 spatia,
2055 4098 2148 4136 seu

573 4173 1029 4244 qualiumcunque
1053 4171 1412 4240 quantitatnm
1440 4171 1738 4236 intervalla,
1764 4189 1902 4242 quae
1925 4189 2016 4227 sua
2045 4175 2146 4227 dif-

569 4261 782 4320 fusione
834 4262 1099 4333 impleret,
1152 4261 1230 4314 vel
1259 4275 1357 4316 suo
1385 4275 1545 4315 cursu
1569 4271 1874 4332 perageret,
1931 4264 2015 4318 vel
2051 4281 2148 4318 sua

571 4355 886 4408 extensione
915 4351 1212 4407 solidaret?
1242 4350 1351 4406 Nec
1379 4351 1522 4406 enim
1553 4351 1618 4404 de
1660 4361 1848 4405 natura
1895 4354 2148 4409 ineffabili

567 4455 620 4500 et
650 4446 673 4478 ³
709 4443 1142 4514 superessentiali
1176 4459 1279 4497 non
1316 4443 1488 4498 solum
1536 4442 1736 4506 dicere,
1775 4459 1958 4497 verum
1983 4447 2144 4499 etiam

567 4535 828 4602 COgitarc,
843 4534 1097 4604 falsisque
1111 4533 1578 4602 imaginationibus
1593 4531 1810 4605 lingere,
1830 4542 1884 4590 et.
1898 4534 2142 4605 ridiculo-

565 4623 840 4679 sissimum
868 4630 950 4674 est
972 4628 1026 4674 et
1047 4623 1616 4690 perniciosissimum’.
1643 4623 1757 4679 Non
1792 4627 1932 4680 enim
1965 4594 2004 4657 ιδ
2043 4629 2146 4682 alia

564 4725 714 4764 mors
728 4709 1005 4763 rationalis
1015 4709 1225 4762 animae
1242 4713 1446 4778 turpior
1459 4712 1714 4782 pejorque
1726 4725 1826 4778 est,
1843 4731 2002 4785 quam
2023 4717 2146 4770 talia

563 4807 809 4854 monstra
835 4797 1298 4867 abominandaque
1322 4801 1459 4854 idola
1509 4801 1575 4854 de
1601 4801 1857 4858 Creatore
1905 4809 2144 4862 omnium

564 4893 830 4968 cogitare,
864 4905 985 4945 cum
1025 4888 1225 4943 veritas
1257 4889 1371 4960 ipsa
1393 4890 1446 4943 in
1478 4890 1842 4947 intellectibus
1867 4896 1951 4963 pie
1972 4911 2140 4964 quae-

563 4984 800 5037 rentium
834 4995 898 5035 ac
927 4981 970 5020 ιι
999 4978 1330 5050 diligentium
1377 4977 1686 5036 Creatorem
1715 4997 1868 5038 suum
1895 4986 2146 5058 intelligi-

561 5067 658 5126 bili
680 5083 811 5127 voce
821 5069 1120 5141 proclamet
1139 5068 1462 5138 generaliter
1481 5070 1548 5126 de
1566 5075 1834 5142 omnibus,
1857 5093 1996 5148 quae
2016 5088 2140 5136 sunt

559 5169 620 5219 et
639 5175 777 5234 quae
797 5176 906 5218 non
933 5167 1076 5224 sunt,
1101 5157 1205 5215 hoc
1219 5167 1325 5228 est,
1348 5175 1488 5232 quae
1509 5177 1670 5219 sensu
1689 5174 1781 5221 aut
1798 5165 1840 5200 ³³
1868 5168 2140 5228 intellectu

559 5255 942 5329 comprehendi
961 5259 1281 5326 possunt,fet
1304 5271 1440 5326 quae
1465 5270 1681 5315 sensum
1701 5259 1786 5316 vel
1813 5262 2140 5322 intellectum

2261 3355 2585 3424 sumptionc.
2605 3356 2698 3410 Est
2713 3357 2874 3427 igitur
2887 3359 3228 3428 participatio
3242 3361 3454 3416 divinae
3478 3364 3741 3418 essentiae
3755 3379 3838 3419 as-

2259 3446 2829 3518 sumptio.Assumptio
2842 3463 2972 3505 vero
2983 3451 3669 3523 ejusl'sapientiacdivinae
3681 3453 3835 3520 fusio,

2259 3548 2492 3607 quaeest
2511 3541 2746 3596 omnium
2767 3545 3064 3600 substantia
3083 3555 3137 3601 et
3150 3549 3404 3615 essentia,
3419 3557 3474 3605 et
3487 3566 3838 3622 quaecunque

2261 3626 2314 3681 in
2358 3629 2438 3682 eis
2467 3629 2780 3686 naturaliter
2819 3632 3206 3705 intelliguntur.
3249 3636 3387 3692 Audi
3405 3640 3562 3693 etiam
3593 3639 3831 3706 ejusdem

2259 3717 2324 3771 de
2344 3720 2685 3786 processione
2707 3723 2798 3777 Dei
2833 3739 2930 3793 per
2952 3727 3155 3790 omnia,
3175 3737 3229 3781 et
3253 3729 3534 3784 mansione
3554 3730 3605 3784 in
3631 3731 3829 3801 seipse,

2257 3805 2310 3860 in
2356 3808 2604 3877 epistola,
2637 3827 2796 3880 quam
2844 3815 3118 3885 rescripsit
3165 3815 3286 3872 Tito
3315 3819 3550 3888 pontifici
3599 3822 3828 3876 interro-

2256 3901 2420 3968 ganti,
2459 3917 2597 3972 quae
2617 3906 2904 3975 sapientiae
2925 3908 3134 3975 domus,
3168 3911 3287 3978 quis
3311 3921 3502 3980 crater,
3527 3923 3576 3968 et
3611 3916 3699 3986 qui
3727 3917 3829 3971 cibi

2255 3989 2371 4058 ejus
2397 3999 2452 4046 et
2477 4003 2632 4062 potus
2664 4013 2675 4048 :
2703 3995 2992 4066 Duplicem,
3018 3999 3213 4070 inquit,
3239 4018 3408 4056 escam
3431 4005 3606 4060 divina
3629 4005 3829 4078 sapien-

2255 4081 2328 4133 tia
2346 4083 2627 4150 proponit:
2657 4100 2813 4137 unam
2843 4089 3046 4155 quidem
3073 4089 3294 4144 solidam
3323 4103 3369 4146 et
3393 4097 3825 4165 manducabilcm,

2255 4172 2473 4226 alteram
2531 4190 2646 4227 vero
2696 4175 2963 4232 humidam
2987 4189 3032 4232 et
3079 4181 3370 4249 profusam.
3425 4184 3496 4238 Et
3519 4187 3575 4240 in
3634 4199 3828 4242 cratere

2252 4265 2468 4334 porrigit
2497 4268 2770 4333 providens
2810 4285 2934 4323 suas
2961 4269 3234 4328 bonitates.
3264 4275 3384 4345 Ipse
3409 4280 3453 4316 ⁸³
3477 4278 3635 4348 igitur
3661 4291 3830 4334 crater

2253 4354 2508 4408 rotundus
2528 4355 2653 4409 dum
2691 4359 2754 4410 sit
2779 4369 2826 4412 et
2853 4362 3134 4430 repandus,
3162 4367 3452 4434 symbolum
3477 4380 3550 4422 est
3572 4388 3826 4440 ea'pltti-S’Ic

2251 4443 2408 4496 simul
2433 4456 2479 4498 et
2511 4447 2565 4499 in
2595 4451 2770 4502 omnia
2799 4451 3167 4510 circumeuntis
3188 4459 3299 4510 sine
3323 4460 3578 4529 principio
3624 4473 3670 4516 ct
3707 4463 3826 4532 infi-

2252 4535 2392 4590 nitae
2438 4537 2622 4594 horum
2664 4541 2708 4574 ³⁸
2744 4543 2974 4600 omnium
3039 4547 3410 4618 providentiae.
3483 4550 3821 4612 l’eruntcmen

2251 4627 2496 4694 quoniam
2535 4631 2587 4684 in
2641 4635 2816 4688 omnia
2860 4639 3160 4705 proveniens
3189 4655 3362 4696 manet
3419 4645 3476 4699 in
3514 4664 3570 4701 se
3596 4649 3727 4717 ipsa,
3775 4658 3820 4702 et

2253 4729 2355 4774 stat
2380 4721 2689 4776 immutabili
2718 4736 2938 4782 naturae
2966 4731 3324 4799 similitudine,
3366 4743 3415 4788 et
3445 4739 3820 4805 perfectissima

2249 4813 2652 4866 inremeabiliter
2664 4831 2718 4868 se
2731 4817 2842 4885 ipsa
2857 4819 3112 4875 collocata
3137 4823 3459 4893 uniformiter
3479 4836 3525 4878 et
3541 4827 3664 4892 ﬁre,
3683 4831 3756 4881 sic
3775 4830 3819 4861 ³⁸

2249 4911 2419 4958 crater
2464 4913 2587 4958 stat.
2628 4905 2925 4976 Aediﬁcans
2954 4921 3129 4966 autem
3170 4915 3422 4984 sapientia
3469 4916 3683 4971 domum
3721 4921 3820 4974 sibi

2245 4995 2456 5064 dicitur,
2497 5008 2546 5052 et
2582 5000 2635 5052 in
2673 5001 2786 5070 ipsa
2808 5002 3005 5058 solidas
3039 5021 3183 5060 escas
3220 5017 3266 5061 et
3314 5017 3466 5076 potus
3512 5019 3560 5063 et
3614 5021 3818 5066 cratera

2244 5103 2533 5156 proponens
2555 5110 2568 5145 :
2586 5093 2660 5147 sic
2681 5109 2790 5148 esse
2801 5094 2978 5150 divina
3001 5097 3246 5154 divinitus
3263 5101 3494 5170 symbola
3509 5103 3818 5172 facientibus

2246 5175 2468 5247 clarum,
2491 5183 2615 5251 quia
2639 5193 2686 5238 et
2707 5185 3032 5255 providentia
3043 5188 3418 5258 perfectissima
3433 5203 3505 5248 est
3525 5195 3632 5264 ipse
3649 5211 3815 5250 essen-

2247 5269 2301 5322 di
2317 5279 2364 5325 et
2390 5271 2516 5329 bene
2535 5277 2736 5332 essendi
2752 5279 2927 5332 omnia
2947 5281 3199 5348 causalis,
3215 5291 3264 5338 et
3293 5284 3350 5338 in
3366 5287 3543 5342 omnia
3562 5289 3812 5355 orocedit,

1847 5415 2093 5473 VARIAE
2130 5419 2532 5484 LECTIONES.

624 5569 645 5606 ί
669 5571 716 5618 et
738 5577 850 5638 om,
878 5564 943 5638 ᾼ.
1043 5566 1066 5638 _'
1095 5565 1141 5638 Α
1181 5565 1550 5638 deter-minans.
1647 5567 1668 5598 ⁸
1691 5567 1738 5621 Α
1765 5584 1905 5638 ergo.

558 5645 732 5702 atque.
831 5633 917 5686 Ἀ
943 5635 1440 5703 periculosissimum
1513 5637 1556 5669 ¹⁰
1605 5638 1740 5692 enim
1765 5633 1872 5692 orn.
1911 5641 1976 5696 A.

556 5705 905 5775 ticipationem
924 5733 992 5775 —_—
1019 5714 1064 5756 et
1090 5719 1204 5775 om.
1235 5705 1294 5760 C.
1373 5707 1418 5738 ³⁸
1446 5705 1536 5761 Sic
1563 5707 1635 5774 C;
1666 5709 1707 5760 A
1733 5709 2035 5766 divinitatis.

551 5771 779 5825 titionem
805 5785 912 5824 om.
943 5771 1008 5825 Α.
1087 5772 1131 5804 ¹⁸
1157 5783 1230 5826 est
1266 5774 1576 5842 sapientiae.
1622 5771 1629 5774 ⁷
1655 5781 1698 5812 ¹⁰
1720 5779 1765 5831 Α
1791 5779 1983 5848 Ipsius.

2010 5571 2032 5602 ⁸
2053 5572 2094 5627 C
2117 5574 2260 5644 fecit.

2048 5651 2088 5682 “
2117 5645 2164 5699 Δ
2184 5655 2250 5700 et.

2113 5715 2158 5750 ²⁶
2185 5714 2226 5770 C
2249 5717 2550 5772 rationalia.

2061 5781 2106 5815 ²⁰
2135 5786 2320 5842 horum
2353 5803 2462 5842 om.
2487 5788 2544 5843 C.

3076 5589 3096 5618 "
3140 5587 3185 5641 A
3209 5587 3286 5642 vel
3305 5571 3624 5646 credibilius.
3767 5593 3814 5646 A

2660 5651 2769 5730 f’_A
2791 5651 3013 5710 essentia
3042 5658 3510 5730 comprehensibili.
3611 5662 3654 5700 1‘
3681 5677 3781 5730 par

2623 5723 2673 5824 ἔξ
2704 5725 2876 5848 gstitat
2907 5744 3022 5782 vero
3046 5723 3500 5798 participationem
3516 5723 3808 5784 -'--ass'unt-

2775 5811 2806 5847 ιι
2835 5834 2846 5846 .

2775 5811 2846 5847 ιιι.

2353 5579 2441 5633 ³0

2474 5580 2615 5649 fecit.

2331 5649 2374 5679 ¹²
2399 5649 2441 5702 Α
2477 5648 2571 5702 vel.

2720 5583 2749 5656 °A
2765 5583 2806 5638 A
2837 5588 2981 5656 quia.
