4236 6274
498 346 599 402 647

1874 330 2159 389 JOANNIS
2194 330 2395 390 SCOTI

3666 326 3772 384 648

497 456 726 516 materia
753 452 1000 517 informi,
1022 466 1185 522 quam
1208 453 1350 509 Deus
1373 451 1441 507 de
1458 449 1682 507 omnino
1702 446 1872 504 nihilo
1900 446 2067 502 veluti
2097 451 2149 511 Α
2174 464 2301 503 num
2318 460 2496 502 rerum
2512 443 2846 500 conditorem
2858 440 3231 511 proclamante
3244 441 3309 493 ιιι
3329 438 3505 509 Opera
3519 456 3772 507 manuum

499 547 798 619 auspicium
838 542 1106 612 quoddam
1133 555 1263 595 suae
1291 539 1624 610 operationis
1652 536 1873 601 creavit,
1904 534 2076 590 factus

499 646 769 699 narratur,
805 641 858 685 et
883 641 1021 697 erat,
1075 632 1289 701 quando
1316 631 1482 685 totius
1525 630 1709 684 mundi
1751 627 2078 683 universitas

500 744 610 784 non
639 730 774 779 erat.
804 721 882 774 Ac
910 736 1006 789 per
1036 721 1136 775 hoc
1167 722 1220 773 iu
1252 720 1565 788 primordiis
1587 717 1915 774 conditionis
1944 730 2078 771 suae

503 819 570 874 de
594 814 815 870 omnino
842 810 1010 865 nihilo
1059 810 1112 863 in
1160 809 1447 864 informem
1474 809 1741 879 processit
1775 807 2077 868 materiem,

504 915 560 962 et
605 911 999 972 consequenter
1039 915 1137 970 per
1176 914 1375 970 genera
1417 910 1473 953 et
1524 899 1727 954 formas
1768 907 2082 965 ceterosque

504 1008 764 1051 numeros
785 974 1059 1045 naturales
1080 988 1146 1041 ad
1169 987 1552 1056 perfectionem
1570 988 1839 1056 quandam
1861 987 2085 1041 Creato-

506 1086 553 1141 ri
583 1084 683 1141 soli
711 1081 980 1153 cognitam
1021 1079 1266 1150 pervenit
1308 1079 1348 1133 ¹.
1410 1076 1521 1131 Nec
1564 1077 1667 1131 hoc
1700 1093 1797 1147 per
1849 1077 2086 1131 morulas

510 1188 815 1246 temporum
860 1173 1063 1228 factum
1095 1172 1261 1227 fuisse
1292 1188 1323 1226 a
1374 1179 1561 1225 sancto
1596 1178 1750 1239 patre
1787 1170 2086 1241 Augustino

511 1270 567 1324 in
597 1268 861 1322 Exemero
908 1279 1006 1318 suo
1048 1277 1267 1317 suasum
1292 1272 1392 1316 est.
1423 1259 1540 1315 Non
1572 1261 1715 1315 enim
1746 1260 1801 1314 in
1824 1268 2083 1328 tempore,

509 1357 787 1429 praecedit
818 1354 1123 1409 informitas
1172 1353 1422 1418 formam,
1464 1353 1556 1407 sed
1608 1351 1843 1405 naturali
1879 1351 2086 1415 ordine,

513 1465 621 1519 quo
668 1462 827 1504 causa
860 1445 1142 1516 praevenit
1188 1443 1458 1498 effectum.
1504 1441 1711 1511 Nempe
1742 1458 1843 1497 vox
1870 1450 1923 1497 et
1968 1456 2093 1495 ver-

513 1545 641 1600 bum
672 1541 829 1599 simul
859 1555 927 1593 ex
958 1553 1054 1593 ore
1090 1537 1359 1607 loquentis
1386 1537 1686 1605 prodeunt;
1718 1546 1770 1590 ct
1792 1545 1969 1589 tamen
1999 1548 2093 1587 an-

513 1634 715 1690 tevenit
764 1648 867 1687 vox
922 1632 1170 1694 verbum,
1218 1642 1323 1682 non
1370 1627 1589 1696 quidem
1643 1635 1885 1697 tempore
1915 1626 1957 1691 ’,
2000 1625 2093 1679 sed

516 1739 701 1780 causa.
741 1724 817 1777 De
845 1736 974 1776 voce
1004 1722 1147 1775 enim
1174 1717 1403 1774 efﬁcitur
1425 1718 1669 1783 verbum,
1710 1718 1775 1771 de
1811 1718 1977 1771 verbo
2002 1731 2094 1769 au-

2182 549 2392 595 tuarum
2414 548 2534 592 sunt
2564 535 2736 599 caeli;
2788 535 2886 604 ipsi
2914 533 3176 601 peribunt,
3199 541 3256 585 tu
3288 540 3465 584 autem
3498 547 3776 601 permane-

2182 631 2260 686 bis
2282 648 2303 696 ;
2332 638 2377 683 et
2410 644 2587 682 omnes
2610 626 2741 680 sicut
2772 624 3132 680 vestimentum
3160 631 3496 686 reterasceut,
3543 633 3589 677 et
3641 624 3773 676 sicut

2182 719 2560 786 opertoriorum
2586 716 2813 771 mutabis
2838 730 2947 781 eos,
2990 722 3038 767 et
3092 714 3460 780 mutabuntur,
3511 723 3567 766 tu
3598 724 3772 768 autem

2181 813 2318 866 idem
2340 810 2448 880 ipse
2469 826 2545 875 es,
2562 819 2608 863 et
2637 808 2763 862 anni
2791 807 2870 860 uti
2892 821 2995 859 non
3019 804 3283 872 deﬁcient.
3308 804 3426 873 Ipse
3447 804 3612 859 etiam
3637 819 3770 859 con-

2186 903 2330 957 ditor
2355 901 2592 956 omnium
2628 917 2641 952 :
2675 897 2914 962 Caelum,
2942 896 3118 965 inquit
3140 894 3206 961 ³³,
3222 904 3269 949 et
3295 905 3434 949 terra
3452 895 3771 961 transibunt,

2186 995 2337 1049 verba
2366 1003 2540 1048 autem
2569 1008 2684 1046 mea
2714 1008 2819 1044 non
2865 990 3141 1042 transient.
3192 987 3250 1043 Si
3299 997 3480 1043 autem
3534 990 3772 1045 maxima

2188 1085 2380 1154 spatio,
2413 1081 2885 1153 pulcherrimaque
2942 1078 3273 1133 sublimitate
3316 1079 3583 1144 siderum,
3630 1086 3686 1133 et
3723 1078 3769 1113 “

2188 1174 2475 1246 purissima
2497 1170 2793 1228 subtilitate
2818 1178 3225 1234 naturae,statu
3250 1180 3522 1225 astrorum
3542 1170 3769 1234 consita,

2192 1264 2707 1336 cursu’planetarum
2730 1262 3039 1317 harmonica
3060 1263 3125 1328 ι’,
3146 1262 3364 1317 luminis
3386 1277 3599 1332 semper
3619 1263 3777 1332 plena

2193 1372 2320 1428 pars
2347 1353 2532 1409 mundi
2578 1353 2819 1424 peritura
2874 1354 2964 1417 sit,
3020 1360 3156 1408 teste
3189 1351 3491 1422 Scriptura,
3535 1352 3776 1423 nunquid

2193 1447 2513 1520 putandum,
2536 1445 2822 1499 interiores
2839 1452 3042 1514 partes,
3070 1460 3132 1500 ac
3157 1444 3329 1499 multo
3350 1444 3637 1500 inferiores
3659 1461 3780 1515 per-

2196 1538 2517 1595 mansuras?
2556 1537 2866 1591 Melioribus
2889 1537 3031 1591 enim
3080 1537 3479 1592 intereuntibus
3522 1535 3780 1592 inferiora

2197 1643 2305 1685 non
2332 1627 2554 1683 interire
2590 1627 2921 1695 impossibile
2946 1634 3048 1693 est,
3076 1636 3132 1683 et
3180 1628 3307 1683 dum
3345 1627 3609 1693 aufertur,
3635 1626 3782 1698 quod

2200 1718 2459 1782 continet,
2491 1717 2633 1787 quod
2690 1718 3017 1781 continetur,
3048 1732 3275 1772 manere
3318 1732 3448 1772 vera
3504 1733 3607 1772 non
3654 1715 3785 1774 sinit

517 1828 624 1871 tem
654 1814 801 1870 nullo
829 1814 988 1868 modo
1026 1827 1151 1866 vox.
1196 1811 1275 1865 Ita
1304 1825 1484 1865 rerum
1513 1808 1751 1863 omnium
1789 1807 2095 1862 informitas
2124 1816 2172 1875 Β
2200 1808 2358 1862 ratio.
2408 1806 2521 1861 Hoc
2558 1816 2736 1861 autem
2784 1808 3014 1863 dicimus
3053 1807 3121 1861 ad
3167 1806 3525 1863 differentiam
3571 1822 3786 1876 eorum,

517 1917 571 1964 et
607 1907 858 1962 formatio
886 1916 1047 1975 atque
1082 1904 1102 1935 ³
1136 1903 1399 1973 perfectio
1427 1902 1659 1956 naturali
1682 1902 1913 1970 quadam
1939 1915 2096 1971 prae-

517 1999 764 2054 cessione
791 1997 813 2028 ⁶
841 2006 897 2052 et
923 1996 1224 2066 sequentia,
1277 2010 1385 2049 non
1414 2000 1593 2049 autem
1630 2002 1932 2061 temporum
1965 1992 1986 2021 ⁸
2016 1992 2097 2045 in-

520 2089 781 2156 tervallis,
829 2088 1084 2142 distincte
1120 2085 1280 2141 simul
1330 2094 1385 2140 et
1428 2085 1595 2141 semel
1630 2087 1697 2139 de
1736 2083 1904 2138 nihilo
1933 2084 1986 2137 in
2009 2097 2095 2137 es-

521 2180 752 2236 sentiam
794 2179 1071 2233 voluntate
1107 2176 1381 2232 Creatoris
1409 2177 1673 2230 adductae
1703 2186 1845 2230 sunt.
1876 2175 1942 2228 Et
1968 2176 2100 2229 haec

524 2280 643 2325 erat
661 2284 783 2323 mea
810 2268 965 2332 ﬁdes,
986 2282 1215 2336 meaque
1229 2266 1707 2336 quantulacunque
1723 2265 2097 2335 intelligentia.

521 2362 594 2416 At
631 2374 774 2415 nunc
798 2359 956 2413 aliter
976 2374 1004 2412 a
1028 2367 1079 2413 te
1107 2358 1288 2423 audio,
1318 2372 1458 2427 quae
1482 2357 1708 2411 multum
1752 2372 1838 2411 me
1861 2364 2098 2421 movent,

523 2458 579 2505 et
607 2450 675 2505 ab
702 2450 810 2514 his,
840 2463 978 2518 quae
1004 2449 1263 2502 hactenus
1290 2448 1562 2511 tenebam,
1590 2445 1838 2512 firmiter,
1862 2446 1939 2499 uti
1968 2444 2099 2499 mihi

522 2541 698 2597 visum
729 2548 832 2605 est,
865 2540 1092 2593 invitum
1116 2548 1389 2594 revocant.
1415 2538 1679 2593 Praesens
1700 2538 1846 2593 enim
1878 2538 2097 2591 ratioci—

526 2632 695 2697 natio,
738 2641 798 2686 ut
831 2646 976 2696 reor,
1025 2631 1099 2685 nil
1124 2630 1267 2687 aliud
1301 2632 1518 2686 videtur
1544 2630 1682 2685 velle
1717 2630 1964 2695 suadere,
1997 2630 2103 2685 nisi

526 2736 614 2786 ea,
646 2736 787 2791 quae
840 2722 905 2775 de
952 2720 1120 2775 nihilo
1177 2722 1433 2790 putabam
1481 2735 1601 2775 esse
1640 2720 1803 2784 facta,
1853 2728 1906 2774 et
1959 2720 2104 2775 nullo

529 2811 690 2867 modo
743 2818 962 2865 aeterna
991 2840 1062 2849 —-
1099 2820 1218 2865 erat
1275 2811 1457 2877 enim,
1508 2811 1719 2879 quando
1776 2825 1883 2865 non
1927 2820 2103 2877 erant,

527 2909 590 2954 ut
614 2900 939 2966 arbitrabar,
964 2916 1028 2955 ac
1058 2915 1155 2970 per
1183 2901 1287 2955 hoc
1324 2909 1664 2970 acceperant,
1687 2900 1832 2970 quod
1861 2916 1968 2955 non
2008 2902 2105 2955 ba-

525 2990 854 3044 buerant—
879 2998 1097 3044 aeterna
1118 2990 1353 3045 simulet
1381 2989 1522 3044 facta
1559 3005 1697 3045 esse.
1756 2989 1910 3057 Quod
1952 2990 2105 3046 valde

528 3082 858 3136 contrarium
886 3082 1095 3151 opinor.
1164 3083 1231 3137 Et
1260 3083 1483 3149 merito;
1518 3098 1646 3137 nam
1680 3084 1814 3139 haec
1839 3082 1860 3114 ⁶
1890 3084 2105 3141 sibimet

2198 1916 2337 1972 quae
2375 1909 2595 1955 aeterna
2620 1908 2765 1967 sunt,
2804 1901 2872 1954 ab
2913 1900 3017 1965 his,
3040 1914 3180 1970 quae
3208 1909 3335 1954 sunt
3362 1899 3505 1955 facta
3551 1900 3615 1952 ¹⁶.
3666 1898 3785 1955 Non

2199 1993 2343 2049 enim
2365 2007 2532 2064 parva
2557 1992 2812 2047 distantia
2840 1999 2923 2047 est
2952 1992 3093 2046 inter
3112 2006 3196 2056 ea,
3213 2006 3351 2061 quae
3382 2006 3483 2045 nec
3517 1990 3785 2060 incipiunt

2200 2097 2343 2149 esse,
2370 2097 2470 2137 nec
2504 2082 2792 2147 desinunt,
2823 2092 2877 2136 et
2918 2096 3000 2144 ea,
3056 2094 3193 2149 quae
3243 2079 3498 2134 inchoant
3549 2093 3686 2144 esse,
3728 2086 3786 2135 et

2200 2190 2307 2229 non
2333 2182 2560 2245 possunt
2581 2187 2795 2243 semper
2824 2186 3045 2226 manere
3067 2172 3132 2225 ⁸⁷.
3156 2168 3271 2226 Νοη
3295 2170 3457 2238 igitur
3481 2170 3597 2224 sine
3616 2183 3784 2225 causa

2204 2266 2348 2321 acies
2371 2266 2571 2320 mentis
2599 2266 2780 2319 minus
2814 2263 2935 2319 talia
2969 2262 3374 2334 intelligentiam
3394 2261 3779 2331 repercutitur,

2202 2355 2417 2425 quando
2439 2355 2489 2409 ei
2518 2363 2739 2410 acterna
2768 2368 2887 2409 esse
2911 2352 3077 2420 facta,
3096 2362 3151 2408 et
3177 2351 3313 2407 facta
3342 2362 3560 2406 aeterna
3585 2350 3785 2405 suade-

2205 2456 2313 2502 tur.
2338 2445 2474 2500 Nam
2505 2461 2610 2500 non
2638 2445 2797 2501 facile
2841 2444 3185 2510 crediderim,
3233 2452 3285 2498 te
3330 2442 3636 2497 consentire
3678 2442 3784 2511 his,

2205 2540 2296 2610 qui
2326 2538 2513 2593 volunt
2543 2538 2862 2610 intelligere,
2889 2538 3061 2593 multa
3085 2552 3152 2593 ex
3175 2538 3277 2601 his,
3308 2550 3448 2605 quae
3474 2536 3612 2591 facta
3639 2545 3781 2605 sunt,

2206 2631 2315 2685 imo
2339 2644 2509 2699 paene
2531 2630 2713 2684 omnia
2760 2644 2975 2700 semper
3018 2643 3271 2684 mansura
3320 2627 3388 2693 ⁸⁸,
3430 2643 3495 2682 ac
3542 2642 3638 2696 per
3683 2627 3787 2683 hoc

2206 2721 2385 2776 futura
2432 2734 2550 2776 esse
2580 2728 2822 2775 aeterna.
2872 2717 3036 2773 Verbi
3066 2717 3263 2788 gratia,
3297 2715 3617 2771 universitas
3663 2715 3787 2783 ista,

2207 2830 2347 2885 quae
2374 2822 2588 2870 constat
2607 2829 2676 2869 ex
2700 2812 2848 2869 caelo
2874 2819 2928 2867 et
2957 2820 3125 2877 terra,
3153 2818 3387 2880 quatuor
3413 2809 3690 2863 elementis
3728 2807 3785 2861 in

2208 2906 2440 2978 speciem
2468 2906 2616 2961 orbis
2642 2904 2872 2961 absoluti
2892 2903 3233 2973 conglobata,
3256 2901 3550 2972 mundique
3574 2902 3790 2956 nomine

2210 3002 2467 3065 vocitata,
2492 2998 2643 3067 et,.de
2672 2997 2841 3053 nihilo
2867 2996 3013 3055 facta
3032 3005 3135 3062 est,
3160 3003 3221 3050 ut
3246 2994 3417 3060 aiunt,
3442 3003 3498 3049 et
3540 3002 3789 3050 aeterna-

2210 3090 2333 3146 liter
2356 3104 2632 3154 mansura,
2663 3096 2879 3160 praeter
2904 3086 3165 3158 quasdam
3198 3100 3324 3141 suas
3349 3086 3663 3155 particulas,
3688 3086 3789 3140 hoc

526 3172 777 3227 videnlur
820 3173 1036 3241 opponi,
1072 3178 1294 3226 aeterna
1335 3172 1513 3238 factis,
1555 3180 1610 3227 et
1654 3170 1799 3227 facta
1846 3174 2101 3230 aeternis.
2133 3170 2178 3235 C
2208 3186 2313 3245 est,
2338 3176 2708 3248 corruptibilia
2740 3190 2995 3245 corpora,
3019 3174 3353 3246 generationi
3380 3181 3435 3229 et
3459 3172 3791 3244 corruptioui

529 3263 676 3330 Quae
704 3265 847 3320 enim
870 3273 1088 3320 aeterna
1118 3272 1260 3328 sunt,
1291 3280 1567 3334 nunquam
1604 3266 1869 3336 incipiunt
1900 3282 2018 3322 esse
2057 3268 2102 3332 ⁷,

530 3371 805 3426 nunquam
855 3357 1107 3411 desinunt
1147 3356 1463 3422 subsistere,
1492 3365 1547 3411 et
1590 3372 1695 3412 non
1724 3367 1861 3424 erat,
1894 3357 2108 3427 quando

530 3463 639 3501 non
677 3456 853 3512 erant,
885 3450 1009 3516 quia
1033 3463 1245 3517 semper
1269 3455 1453 3515 erant;
1507 3464 1647 3518 quae
1680 3459 1863 3505 autem
1896 3449 1919 3481 ³
1966 3450 2109 3504 facta

530 3546 675 3602 sunt,
702 3537 1022 3606 principium
1053 3538 1293 3592 facturae
1335 3553 1466 3594 suae
1499 3548 1840 3609 acceperunt.
1886 3541 2111 3597 Inchoa-

532 3636 731 3683 verunt
755 3628 900 3682 enim
927 3642 1067 3696 esse,
1093 3630 1219 3698 quia
1246 3638 1384 3695 erat,
1412 3631 1627 3700 quando
1668 3648 1777 3688 non
1817 3641 2004 3699 erant;
2058 3644 2114 3689 et

532 3719 780 3775 desinent
820 3733 957 3783 esse,
1016 3720 1141 3789 quia
1183 3720 1204 3751 °
1255 3721 1645 3778 inchoaverunt
1702 3724 1923 3779 habere.
1971 3723 2111 3779 Vera

534 3808 801 3878 siquidem
825 3809 1033 3864 ratione
1056 3811 1301 3866 consulta
1330 3827 1509 3878 omne,
1525 3813 1667 3882 quod
1695 3812 1883 3884 incipit
1910 3823 2114 3883 tempo-

536 3899 725 3956 raliter
753 3916 892 3966 esse,
920 3917 1027 3957 non
1057 3903 1251 3958 sinitur
1274 3918 1487 3974 semper
1515 3919 1853 3975 permanere.
1882 3906 2114 3962 Necesse

534 3996 751 4065 quidem
798 4003 881 4051 est
922 3994 989 4049 ad
1039 3995 1201 4052 finem
1230 4012 1474 4069 vergere,
1504 3998 1557 4052 in
1590 4014 1697 4069 quo
1718 4000 1945 4071 cogitur,
1971 3999 2114 4071 quod

537 4095 777 4156 tempore
806 4085 994 4154 incipit
1023 4100 1165 4153 esse,
1192 4087 1391 4157 perire.
1421 4088 1486 4142 Et
1524 4103 1684 4144 nemo
1722 4088 2001 4157 aestimet,
2028 4103 2116 4143 me

534 4177 672 4233 velle
701 4178 928 4232 suadere
954 4178 1186 4232 reditum
1213 4177 1280 4231 ad
1317 4179 1543 4234 nihilum
1569 4193 1777 4244 eorum,
1808 4193 1946 4248 quae
1973 4187 2112 4234 tem-

537 4270 794 4340 poraliter
833 4284 902 4325 ex
950 4270 1177 4325 materia
1224 4285 1321 4339 per
1364 4272 1765 4341 generationem
1809 4270 1865 4323 in
1915 4269 2115 4324 mundo

533 4360 703 4430 ﬁunt;
730 4363 832 4417 hoc
859 4362 1000 4416 enim
1040 4376 1309 4415 summum
1342 4361 1496 4415 fieret
1520 4361 1740 4415 malum.
1780 4358 2114 4414 Solutionem

533 4464 667 4508 vero
692 4467 879 4507 eorum
919 4451 971 4504 in
1016 4466 1099 4515 ea,
1146 4467 1211 4506 ex
1257 4450 1452 4520 quibus
1503 4457 1913 4521 componuntur,
1962 4456 2018 4503 et
2059 4449 2112 4502 in

2210 3269 2471 3341 subjecta,
2499 3283 2640 3338 quae
2663 3282 2864 3339 negare
2904 3267 2950 3308 ι’
2987 3282 3091 3322 non
3114 3274 3342 3338 possunt
3368 3265 3639 3336 peritura;
3671 3275 3790 3320 cae-

2208 3363 2321 3417 lum
2342 3375 2473 3417 vero
2498 3375 2621 3415 cum
2667 3358 2780 3415 suis
2816 3358 3085 3414 sideribus
3128 3372 3341 3427 semper
3378 3356 3514 3421 fore,
3541 3355 3656 3411 sive
3694 3366 3793 3409 vo-

2209 3452 2373 3509 lubile
2394 3451 2484 3519 sit,
2512 3451 2625 3507 sive
2655 3450 2862 3505 moveri
2887 3449 3115 3505 desinat.
3139 3447 3197 3503 In
3218 3448 3322 3503 hoc
3344 3462 3575 3517 namque
3598 3458 3790 3504 sensus

2211 3559 2399 3600 eorum
2456 3542 2715 3607 variatur,
2757 3540 3076 3610 quibusdam
3140 3538 3532 3593 afﬁrmantibus
3585 3546 3787 3593 statum

2211 3634 2551 3693 mutabilium
2614 3633 2892 3700 futurum,
2943 3633 3266 3703 quibusdam
3318 3646 3448 3687 vero
3490 3630 3789 3686 naturalem

2211 3735 2417 3783 motum
2475 3725 2866 3781 elementorum
2910 3737 3123 3791 semper
3163 3737 3270 3778 non
3312 3729 3664 3777 cessaturum.
3712 3718 3796 3775 Illi

2214 3817 2430 3888 quidem
2459 3824 2753 3893 sequentes
2776 3814 2921 3884 quod
2972 3814 3233 3885 scriptum
3273 3821 3394 3869 est:
3426 3812 3597 3866 Erunt
3621 3812 3795 3865 omnia

2212 3909 2410 3978 quieta,
2440 3915 2497 3963 et
2526 3908 2629 3962 hoc
2651 3907 2717 3961 de
2743 3914 2888 3961 statu
2908 3905 3248 3960 mutabilium
3279 3904 3672 3975 intelligentes;
3721 3898 3795 3955 illi

2213 4014 2373 4054 vero:
2393 3998 2710 4054 Concentum
2730 3998 2863 4052 caeli
2880 3998 2997 4067 quis
3015 3997 3245 4051 domire
3269 3996 3464 4065 faciet?
3488 3995 3554 4050 de
3577 4002 3796 4049 aeterno

2215 4093 2554 4149 mutabilium
2582 4100 2730 4148 motu
2753 4092 2954 4146 dictum
2982 4105 3104 4145 esse
3124 4088 3468 4158 accipientes.
3500 4084 3795 4141 Harmonia

2215 4186 2481 4255 siquidem
2511 4184 2759 4240 caelestis
2776 4185 2894 4239 sine
2912 4190 3061 4238 motu
3083 4180 3365 4235 aethereae
3390 4179 3653 4249 sphaerae
3681 4190 3801 4229 om-

2216 4277 2471 4345 niumque
2496 4275 2732 4330 siderum
2758 4272 3029 4342 quomodo
3068 4270 3269 4342 poterit
3311 4269 3621 4333 concinere,
3670 4278 3794 4320 cum

2216 4367 2420 4422 musica
2443 4380 2657 4434 semper
2678 4366 2731 4419 in
2765 4372 2914 4420 motu
2950 4365 3043 4429 sit,
3084 4361 3533 4433 quemadmodum
3578 4371 3796 4431 geome-

2218 4457 2321 4511 tria
2342 4456 2396 4511 in
2426 4456 2609 4511 statu?
2650 4454 2946 4511 Terrenam
2973 4468 3188 4523 quoque
3232 4450 3425 4507 molem
3469 4465 3621 4505 suam
3672 4460 3800 4518 pro-

537 4541 733 4610 quibus
770 4540 1096 4603 subsistunt.
1128 4519 1282 4594 dico.
1314 4538 1449 4594 Nam
1492 4549 1549 4594 et
1597 4519 1832 4594 humana
1886 4554 2110 4609 corpora
2145 4519 2192 4578 D
2217 4548 2391 4619 priam
2422 4546 2779 4615 quantitatem
2820 4519 3033 4614 semper
3079 4519 3386 4598 habituram
3431 4539 3797 4595 indubitanter

540 4636 950 4696 ceterorumque
999 4628 1343 4694 animalium,
1390 4628 1517 4684 dum
1566 4630 1847 4685 solvuntur
1874 4670 1889 4696 ,
1935 4630 2112 4699 perire

542 4716 823 4781 dicuntur;
861 4729 967 4769 non
1000 4724 1175 4770 tamen
1198 4718 1266 4771 ad
1291 4718 1515 4773 nihilum
1539 4722 1879 4791 rediguntur,
1910 4722 2004 4778 sed
2056 4723 2109 4776 in

539 4807 802 4864 catholica
827 4807 1094 4863 elementa
1124 4816 1470 4863 revertuntur
1496 4812 1562 4867 ιθ.
1590 4812 1659 4866 Ει
1682 4815 1805 4868 .hoc
1848 4817 2112 4884 generali-

542 4910 625 4955 ter
649 4900 715 4955 de
742 4899 1092 4954 universitate
1122 4899 1281 4969 hujus
1307 4902 1493 4957 mundi
1514 4902 1741 4959 visibilis
1775 4905 2108 4975 intelligitur.

538 4989 650 5047 Nec
686 4992 995 5060 incongrue.
1049 4987 1186 5044 Nam
1229 4988 1483 5058 quoniam
1533 4992 1856 5063 principium
1898 4998 2110 5053 essendi

537 5084 762 5154 accepit,
790 5083 1056 5140 essentiae
1077 5097 1208 5139 suae
1233 5084 1524 5140 terminum
1558 5086 1937 5144 inevitabiliter
1961 5105 2112 5147 acce-

536 5183 728 5246 pturus
753 5184 852 5231 est.
887 5173 1041 5231 Sicut
1075 5176 1216 5231 enim
1253 5175 1291 5205 “
1330 5184 1467 5243 erat,
1495 5178 1710 5249 quando
1731 5195 1836 5236 non
1873 5190 2011 5249 erat,
2037 5183 2112 5237 ita

534 5265 665 5333 erit,
690 5266 904 5336 quando
960 5283 1065 5324 non
1131 5269 1250 5332 crit,
1305 5264 1588 5329 Psalmista
1658 5278 1888 5327 testante
1937 5279 2111 5327 aeter-

2219 4636 2508 4702 afﬁrmant,
2539 4644 2826 4706 sequentes
2866 4634 3010 4706 quod
3057 4633 3317 4703 scriptum
3360 4638 3445 4685 est
3475 4644 3491 4683 :
3519 4625 3794 4683 Generatio

2218 4727 2372 4793 venit,
2402 4726 2665 4795 generatio
2687 4724 2827 4777 vadit
2856 4765 2871 4791 ,
2897 4734 3039 4778 terra
3072 4738 3189 4779 vero
3243 4722 3299 4775 in
3347 4730 3627 4773 aeternum-
3666 4723 3794 4779 stat,

2218 4830 2281 4870 eo
2310 4823 2536 4883 excepto
2562 4812 2630 4879 ³ο,
2657 4815 2799 4883 quod
2826 4813 3143 4883 superficies
3172 4810 3287 4881 ejus
3327 4810 3559 4877 undique
3606 4806 3797 4876 plana-

2215 4906 2381 4969 bitur,
2415 4913 2475 4959 ut
2519 4905 2815 4975 pulchrior,
2863 4922 3024 4976 quam
3065 4921 3209 4960 nunc
3259 4910 3358 4967 est,
3405 4899 3699 4962 efﬁciatur,
3728 4912 3794 4951 ac

2216 4996 2382 5051 veluti
2422 5011 2563 5052 nova
2597 4997 2827 5065 quadam
2853 4996 3086 5067 partium
3140 4993 3464 5065 aequalitate
3506 4998 3791 5054 renovata,

2218 5104 2325 5143 non
2356 5097 2416 5142 ut
2462 5090 2716 5155 intereat,
2745 5090 2887 5160 quod
2932 5104 3076 5144 nunc
3117 5098 3215 5151 est,
3247 5087 3339 5142 sed
3380 5095 3441 5141 ut
3484 5093 3692 5141 mutata
3739 5082 3793 5136 in

2216 5178 2410 5234 melius
2437 5181 2711 5250 quantitas
2742 5180 2858 5252 ejus
2885 5189 2941 5236 et
2965 5179 3262 5249 aequalitas
3282 5186 3618 5247 permaneat.
3641 5172 3793 5241 Quod

2217 5271 2382 5326 etiam
2407 5272 2473 5328 de
2501 5272 2650 5328 caelo
2675 5272 2861 5327 volunt
2886 5270 3133 5343 intelligi,
3180 5272 3285 5326 hoc
3330 5277 3437 5336 est,
3484 5266 3628 5338 quod
3676 5264 3794 5335 ejus

1809 5420 2064 5477 VARIAE
2097 5417 2389 5476 LECTION
2394 5419 2499 5475 ES.

610 5527 634 5563 ⁸
652 5526 696 5583 C
716 5533 997 5598 pervenire.
1072 5536 1095 5567 ⁸
1123 5534 1166 5591 C
1196 5545 1503 5598 temporum.
1584 5536 1605 5567 ⁸
1628 5535 1675 5589 Α
1702 5544 1769 5589 et.

1072 5536 1095 5567 '
1123 5534 1166 5591 C
1189 5545 1503 5608 temporum.

533 5612 680 5671 vero.
782 5600 803 5632 ⁸
828 5599 870 5671 (ξ
899 5603 1058 5671 quod.

1183 5606 1227 5636 “
1256 5604 1308 5658 A'
1344 5614 1670 5660 revertuntur
1714 5604 1984 5658 elementa.

1861 5534 1882 5563 ‘
1904 5534 1948 5587 Α
1977 5536 2323 5604 processioue.
2423 5536 2445 5567 ⁵
2465 5536 2512 5591 Α
2532 5545 2587 5590 te:

1861 5612 1984 5657 mta.
2116 5606 2159 5639 ¹¹
2210 5608 2347 5658 enim
2391 5619 2499 5659 om.
2544 5607 2587 5661 ϐ

2210 5621 2347 5658 enim
2391 5621 2499 5659 om.
2544 5621 2606 5659 υ.

536 5619 680 5655 ww.
782 5619 802 5632 ν
828 5619 870 5654 υ
899 5619 1058 5671 quoa.
1184 5619 1227 5636 "
1256 5619 1299 5658 Α
1344 5619 1670 5660 revertuntur
1714 5619 1984 5658 elementa.
2116 5619 2159 5639 ιι
2210 5621 2347 5658 enim
2391 5619 2476 5659 om

536 5668 707 5746 ditare
726 5668 1118 5746 proclamante;
1146 5673 1188 5726 C
1210 5683 1478 5746 aeternum
1500 5691 1671 5729 rerum
1684 5674 2001 5746 conditorem
2021 5674 2372 5746 proclamans.
2452 5680 2476 5746 ξ·

2942 5537 2963 5569 ⁸
2987 5537 3028 5593 C
3062 5539 3188 5592 haec
3211 5553 3354 5590 nam.
3431 5537 3450 5567 ⁷
3482 5532 3522 5588 Α
3551 5545 3617 5587 et.
3696 5534 3718 5566 ⁸
3747 5532 3793 5586 Α

2717 5609 2761 5643 ¹¹
2799 5606 2977 5673 Corr.,
3018 5608 3063 5661 Α
3109 5619 3419 5677 aeternoque
3457 5619 3627 5658 rerum
3664 5618 3796 5658 cou-

2718 5691 2826 5728 om.
2857 5677 2916 5728 C.
2996 5678 3040 5717 1"
3068 5687 3114 5728 et
3136 5693 3247 5728 om.
3274 5676 3337 5728 C.
3434 5674 3480 5710 ⁸⁸
3511 5673 3555 5728 Δ
3576 5672 3793 5727 harmo-

2423 5536 2445 5567 ⁵
2465 5536 2512 5591 Α
2532 5545 2756 5606 tempore
2779 5546 2848 5592 et.

2452 5679 2496 5746 ξδ
2517 5676 2697 5746 inquit
2718 5691 2826 5731 om.
2857 5677 2916 5731 C.
2996 5678 3040 5717 ι*
3068 5687 3114 5732 et
3136 5693 3247 5733 om.
3274 5676 3337 5731 Ο,

539 5738 666 5788 uici.
743 5735 851 5791 "A
886 5738 1027 5806 facta
1049 5750 1188 5793 sunt.
1265 5742 1308 5773 "
1338 5743 1379 5794 A
1407 5759 1726 5800 permanere.
1804 5742 1849 5781 ιθ
1881 5744 1931 5798 Α
1981 5735 2349 5815 permansura.
2428 5744 2470 5778 "
2511 5735 2612 5801 Sic'
2641 5746 2751 5803 AC.
2823 5746 2872 5780 ³ο
2905 5746 3231 5819 Acumplu.
