4236 6274
467 486 573 542 649

1319 484 1406 539 DE
1444 480 1786 540 DIVISIONE
1820 482 2166 542 NATURAE.
2206 511 2279 524 —
2316 480 2518 538 LIBER
2556 476 2870 538 TERTIUS.

3617 481 3721 535 650

469 598 834 669 pulchritudo,
861 599 1036 668 inqua
1064 612 1207 652 nunc
1231 597 1480 664 sensibus
1506 599 1781 668 corporeis
1809 597 2035 663 arridet,
2063 607 2116 668 Α
2140 604 2449 652 sanctorum
2492 594 2711 651 Patrum
2742 596 2961 668 vestigia
3008 609 3257 665 sequens,
3311 598 3473 653 divini
3502 600 3718 656 luminis

469 691 524 745 in
571 690 676 746 ﬁne
716 689 899 744 mundi
928 687 1286 743 cumulabitur
1323 691 1341 720 ¹
1384 688 1589 757 absque
1637 687 1745 741 ullo
1795 689 2041 759 globatae

468 797 598 837 suae
621 782 823 852 ﬁgurae
852 780 1206 852 stellataeque
1233 782 1476 851 picturae
1502 780 1721 835 interitu
1741 820 1756 845 ,
1785 780 2039 848 quoniam

466 872 720 941 scriptum
746 879 850 937 est,
876 871 1147 926 ut'aiunt:
1179 868 1298 924 Erit
1326 870 1530 925 caelum
1578 885 1763 923 novum
1806 877 1854 922 et
1900 877 2043 921 terra

464 980 615 1019 uana.
643 963 835 1019 Caelos
863 972 1042 1019 autem
1090 964 1361 1033 perituros
1406 978 1511 1017 non
1561 963 1628 1015 de
1677 961 2042 1030 superioribus

460 1055 649 1110 mundi
693 1055 963 1125 partibus,
995 1070 1184 1109 verum
1227 1054 1295 1109 de
1336 1055 1526 1124 spatiis
1552 1052 1711 1121 hujus
1740 1053 1877 1106 aeris
1905 1048 2042 1104 infra

460 1143 648 1200 lunam
679 1146 1007 1216 intelligunt,
1023 1153 1083 1197 ut
1108 1145 1556 1213 quemadmodum
1578 1143 1632 1196 in
1660 1142 1859 1197 diluvio
1887 1154 2043 1194 versa

460 1244 590 1291 sunt
619 1237 672 1290 in
689 1251 908 1305 aquam,
936 1237 1009 1291 ita
1033 1236 1087 1291 in
1109 1238 1129 1267 ²
1150 1234 1332 1290 mundi
1356 1234 1462 1289 ﬁne
1478 1241 1760 1289 vertantur
1779 1232 1800 1262 ⁸
1822 1232 1874 1285 in
1888 1222 2047 1284 llam?

467 1344 656 1393 mam;
694 1329 935 1383 omnium
964 1342 1095 1381 vero
1123 1326 1437 1380 animalium
1485 1332 1541 1379 et
1586 1322 1839 1377 frutieum
1887 1321 2046 1375 arbo-

463 1435 689 1489 rumque
720 1419 1120 1491 generationem
1154 1418 1175 1448 δ
1199 1426 1254 1473 ει
1287 1418 1617 1473 incrementa
1637 1416 2046 1470 etdecrementa

462 1520 798 1575 cunctorum,
827 1525 964 1580 quae
999 1510 1137 1563 intra
1180 1508 1445 1564 circulum
1480 1508 1638 1562 lunae
1680 1506 2043 1573 continentur,

462 1590 1252 1655 vicissitudinem'cessaturam
1281 1615 1387 1654 non
1416 1599 1589 1654 solum
1617 1614 1725 1653 non
1752 1600 2045 1665 denegant,

461 1708 645 1747 verum
675 1693 839 1747 etiam
867 1691 1155 1746 afﬁrmant.
1189 1690 1375 1761 Spatia
1410 1693 1536 1746 item
1564 1692 1707 1746 aeris
1733 1699 1790 1746 et
1810 1690 2047 1745 aetheris

455 1782 825 1838 distribuenda
861 1781 976 1838 fore
1007 1783 1340 1838 arbitrantur
1374 1802 1387 1837 ;
1436 1784 1674 1838 aetheris
1727 1782 1944 1853 quidem
1991 1782 2046 1836 in

456 1882 731 1927 aeternam
759 1874 1156 1942 possessionem
1193 1875 1474 1930 beatorum
1511 1873 1828 1944 angelorum
1875 1872 2044 1927 homi-

2143 689 2295 744 radio
2328 690 2395 744 ab
2446 689 2721 744 erroribus
2764 690 2897 744 meis
2942 699 2998 743 et
3043 691 3267 746 aliorum
3296 676 3382 746 me
3411 705 3714 757 revocante,

2145 781 2308 848 inque
2340 779 2482 833 viam
2516 788 2718 834 rectam
2749 780 2996 844 ducente,
3021 781 3292 849 paululum
3324 781 3514 851 pedem
3553 793 3719 841 retra-

2142 868 2234 923 1ιο.
2265 869 2453 922 Divina
2493 868 2757 936 siquidem
2788 869 3069 924 clementia
3113 872 3394 926 veritatem
3440 873 3525 943 pie
3562 884 3721 945 atque

2143 959 2421 1013 humiliter
2461 965 2782 1027 quaerentes
2834 958 2886 1010 in
2947 958 3182 1014 tenebris
3238 961 3577 1032 ignorantiae
3616 979 3723 1021 non

2143 1050 2498 1116 siniterrare,
2530 1052 2692 1120 inque
2738 1049 2922 1105 foveas
2977 1050 3231 1107 falsarum
3282 1055 3593 1123 Opinionum
3628 1071 3722 1112 ca-

2146 1141 2292 1205 dere,
2332 1140 2464 1195 etin
2508 1141 2587 1195 eis
2638 1140 2834 1211 perire.
2864 1140 3017 1194 Nulla
3070 1143 3211 1196 enim
3241 1144 3392 1214 pejor
3420 1160 3565 1200 mors
3618 1154 3720 1211 est,

2146 1247 2309 1302 quam
2357 1232 2600 1286 veritatis
2637 1232 2962 1300 ignorantia,
2993 1233 3134 1287 nulla
3166 1249 3361 1305 vorago
3388 1236 3723 1306 profundior,

2147 1337 2305 1392 quam
2338 1321 2469 1377 falsa
2495 1337 2592 1391 pro
2633 1323 2777 1376 veris
2809 1325 3121 1393 approbare,
3177 1327 3317 1397 quod
3343 1331 3615 1398 proprium
3642 1343 3728 1387 est

2148 1413 2368 1467 erroris.
2416 1412 2496 1465 Ex
2547 1413 2634 1467 his
2688 1413 2830 1467 enim
2883 1416 3189 1483 turpissima
3249 1427 3303 1473 et
3351 1420 3728 1481 abominabilia

2147 1511 2388 1558 monstra
2435 1503 2489 1557 in
2539 1503 2792 1557 humanis
2844 1507 3257 1585 cogitationibus
3304 1510 3475 1565 solent
3515 1512 3642 1585 ﬁngi
3670 1514 3727 1588 Ἴ,

2148 1608 2286 1662 quae
2318 1591 2342 1626 ⁸
2368 1593 2493 1647 dum
2536 1594 2770 1648 carnalis
2822 1596 3001 1649 anima
3051 1598 3214 1652 veluti
3265 1616 3391 1655 vera
3416 1610 3472 1657 et
3502 1616 3650 1660 amat
3675 1614 3733 1663 et

2150 1683 2414 1752 sequitur,
2466 1683 2684 1737 dorsum
2736 1696 3055 1741 convertens
3110 1703 3238 1743 vero
3280 1688 3302 1721 ’
3365 1692 3575 1758 lumini,
3605 1710 3729 1751 um-

2148 1773 2381 1843 brasque
2417 1771 2637 1842 fugaces
2686 1777 3141 1843 comprehendere
3179 1779 3382 1847 volens,
3418 1792 3473 1837 et
3497 1798 3600 1838 non
3630 1800 3728 1839 va-

2153 1863 2289 1929 lens,
2341 1865 2396 1918 in
2436 1865 2750 1919 barathrum
2781 1867 3031 1922 miseriae
3077 1873 3357 1926 consuevit
3385 1888 3562 1929 ruere.
3591 1873 3732 1933 Hinc

456 1977 689 2032 numque
735 1961 837 2016 slbi
885 1961 1163 2027 similium,
1211 1962 1355 2017 aeris
1399 1976 1528 2017 vero
1573 1961 1845 2017 inferioris
1892 1962 2038 2017 circa
2068 1955 2114 2014 B
2142 1956 2358 2011 assidue
2407 1956 2661 2011 debemus
2709 1973 2866 2013 orare
2914 1975 2977 2014 ac
3023 1961 3068 1993 ³⁸
3091 1962 3269 2018 dicere
3304 1982 3316 2016 :
3350 1964 3511 2031 Deus,
3542 1974 3730 2024 nostra

461 2061 656 2107 terram
680 2051 917 2122 undique
938 2050 1117 2107 diffusi
1146 2052 1201 2106 in
1232 2060 1514 2108 aeternum
1543 2068 1817 2108 carcerem
1864 2062 2039 2108 aeter-

456 2155 660 2210 nasque
711 2139 996 2206 flammas,
1040 2141 1283 2197 localiter
1345 2142 1740 2212 visibiliterque
1784 2157 2035 2207 arsuras,

456 2234 753 2303 torquendo
804 2233 1017 2288 diabolo
1068 2249 1191 2289 cum
1251 2234 1512 2291 membris
1552 2234 1704 2298 suis,
1752 2235 1857 2289 hoc
1915 2244 2056 2298 est,1

456 2324 717 2393 apostatis
789 2325 1028 2393 angelis,
1099 2324 1475 2394 similibusque
1555 2325 1659 2380 sibi
1728 2325 2039 2382 hominibus

456 2412 653 2481 impiis.
708 2412 786 2467 Ac
836 2428 933 2483 per
992 2414 1095 2468 hoe
1145 2416 1399 2484 quoniam
1464 2414 1488 2446 '
1547 2430 1764 2470 omnem
1822 2424 2039 2470 creatu-

456 2518 572 2556 ram
624 2503 848 2559 localem
891 2516 946 2559 et
1007 2505 1357 2574 temporalem
1403 2513 1459 2560 et
1511 2521 1637 2562 esse
1691 2515 1748 2562 et
1800 2507 2035 2562 futuram

455 2609 574 2650 esse
609 2596 870 2666 cogitant,
924 2596 1039 2652 loca
1099 2605 1155 2651 et
1220 2608 1484 2666 tempora,
1543 2599 1648 2655 hoc
1708 2607 1810 2663 est,
1854 2600 2038 2655 mundi

453 2687 629 2756 spatia
683 2696 998 2758 motumque
1047 2688 1163 2758 ejus
1208 2687 1543 2742 merularum
1601 2688 1899 2744 intervallis
1956 2690 2039 2744 di-

453 2780 708 2834 stinctum
759 2795 975 2850 semper
1016 2794 1139 2835 esse
1182 2795 1444 2834 mansura
1480 2795 1588 2835 non
1634 2781 1897 2835 dubitant.
1947 2783 2041 2838 llis

452 2879 614 2941 atque
633 2870 938 2940 huiusmodi
962 2871 1113 2929 falsis
1133 2873 1478 2942 opinionibus
1499 2881 1762 2929 conantur
1775 2889 2036 2940 asserere,

453 2976 536 3026 ea,
589 2978 731 3033 quae
774 2980 880 3020 non
927 2974 1103 3031 erant,
1155 2975 1212 3018 et
1237 2965 1625 3020 inchoaverunt
1648 2980 1785 3031 esse,
1815 2973 1869 3019 et
1895 2965 2038 3022 facta

456 3054 616 3108 simul
661 3064 718 3110 et
757 3064 976 3111 aeterna
1002 3058 1105 3111 dici
1128 3072 1308 3127 posse,
1358 3059 1480 3126 quia
1531 3072 1742 3127 semper
1769 3058 1821 3111 in
1847 3058 2036 3112 eodem

460 3153 625 3210 statu,
663 3146 716 3199 in
768 3161 874 3215 quo
913 3147 1281 3216 temporaliter
1309 3156 1489 3202 creata
1519 3155 1666 3213 sunt,
1720 3149 2034 3214 manebunt,

457 3246 667 3306 etquae
690 3238 957 3309 principio
998 3254 1103 3293 non
1137 3246 1347 3304 carent,
1392 3237 1496 3291 ﬁne
1546 3254 1736 3294 carere
1766 3240 2037 3294 arbitran-

2141 2049 2287 2104 salus
2313 2058 2476 2118 atque
2513 2048 2835 2118 redemptio,
2867 2052 2959 2121 qui
2993 2052 3189 2108 dedisti
3218 2064 3488 2122 naturam,
3530 2057 3729 2129 largire

2139 2148 2194 2195 et
2233 2140 2486 2210 gratiam,
2518 2142 2810 2208 praetende
2855 2142 3034 2198 lumen
3066 2154 3216 2200 tuum
3246 2146 3299 2200 in
3325 2149 3530 2204 umbris
3572 2150 3726 2219 igno-

2142 2231 2349 2307 rantiae
2390 2230 2773 2300 palpitantibus
2828 2233 2871 2273 ιι
2902 2237 3393 2307 quaerentibusque
3418 2248 3507 2304 te;
3536 2256 3730 2296 revoca

2139 2339 2239 2380 nos
2274 2325 2343 2379 ab
2372 2325 2685 2392 erroribus;
2721 2328 2934 2399 porrige
2976 2330 3252 2386 dexteram
3294 2342 3439 2389 tuam
3470 2335 3723 2403 inﬁrmis,

2139 2432 2246 2470 non
2274 2416 2578 2473 valentibus
2599 2418 2715 2474 sine
2740 2428 2789 2474 te
2805 2418 2848 2450 “
2886 2422 3168 2491 pervenire
3205 2424 3272 2478 ad
3297 2432 3378 2485 te;
3425 2427 3648 2481 ostende
3677 2435 3731 2484 te

2139 2504 2315 2575 ipsum
2344 2506 2451 2571 his,
2500 2509 2592 2577 qui
2634 2509 2711 2562 nil
2738 2518 2926 2579 petunt
2950 2521 3167 2581 praeter
3191 2521 3279 2580 te;
3330 2529 3518 2584 rumpe
3557 2516 3731 2572 nubes

2138 2610 2402 2650 vanarum
2453 2597 2861 2666 phantasiarum
2891 2641 2905 2665 ,
2960 2617 3098 2671 quae
3150 2603 3346 2658 mentis
3390 2604 3562 2659 aciem
3617 2621 3730 2662 non

2140 2686 2325 2740 sinunt
2354 2687 2550 2742 intueri
2580 2697 2632 2743 te
2675 2704 2739 2744 eo
2766 2690 2944 2755 modo,
2975 2706 3082 2761 quo
3132 2701 3183 2746 te
3205 2692 3527 2750 invisibilem
3554 2682 3727 2751 videri

2113 2779 2409 2847 permittis
2426 2779 2859 2835 desiderantibus
2879 2783 3061 2838 videre
3077 2783 3270 2839 faciem
3301 2795 3465 2851 tuam,
3492 2788 3727 2855 quietem

2140 2883 2314 2933 suam,
2354 2869 2514 2923 ﬁnem
2559 2885 2734 2935 suum,
2778 2871 2922 2926 ultra
2971 2888 3128 2943 quem
3177 2875 3254 2929 nil
3295 2886 3569 2945 appetunt,
3601 2879 3729 2947 quia

2140 2958 2279 3012 ultra
2307 2959 2439 3014 nihil
2468 2968 2552 3015 est
2584 2977 2853 3016 sunnnum
2893 2963 3094 3019 bonum
3118 2969 3591 3037 superessentiale.
3620 2968 3729 3024 Sed

2140 3050 2207 3103 ad
2253 3051 2528 3105 residuum
2581 3055 2883 3109 sententiae
2930 3063 3053 3110 tuae
3090 3072 3304 3126 gressus
3335 3058 3523 3130 dirige.
3573 3060 3720 3115 Dnsc.

2138 3141 2276 3209 Quid
2328 3151 2514 3209 restat,
2569 3146 2672 3200 nisi
2717 3147 2858 3215 quod
2907 3162 2993 3203 me
3041 3148 3196 3203 valde
3248 3158 3427 3205 movet
3460 3152 3723 3220 proferre.

2139 3234 2244 3288 hoc
2264 3243 2365 3301 est,
2393 3238 2664 3305 quomodo
2694 3238 2877 3293 omnia
2908 3249 3129 3294 aeterna
3162 3248 3215 3293 et
3248 3239 3390 3295 facta
3420 3251 3563 3307 sunt,
3594 3258 3726 3312 quo-

456 3334 562 3389 tur,
608 3306 707 3380 itai
730 3334 789 3380 ut
831 3306 886 3382 et
930 3326 1072 3383 facta
1115 3328 1241 3391 sint,
1291 3329 1415 3397 quia
1457 3343 1577 3384 esse
1602 3327 1949 3395 inchoavere,
1981 3338 2038 3385 et
2066 3306 2110 3370 C
2143 3325 2301 3379 modo
2339 3326 2606 3395 principio
2646 3342 2710 3382 ac
2751 3327 2857 3382 ﬁne
2905 3328 3145 3384 carentia
3194 3329 3457 3400 principio
3507 3347 3571 3386 ac
3622 3331 3729 3387 ﬁne

452 3424 694 3481 aeterna,
734 3418 858 3486 quia
904 3432 1008 3472 non
1045 3419 1291 3473 desinent
1327 3420 1641 3477 subsistere.
1673 3421 2036 3478 Veruntamen

445 3518 620 3577 neque
666 3507 858 3563 talibus
885 3507 1246 3577 opinionibus,
1281 3525 1415 3578 quas
1460 3524 1588 3566 vera
1634 3511 1843 3567 deridet
1871 3513 2032 3579 ratio,

449 3603 502 3650 te
538 3598 800 3652 assentire
843 3598 1195 3662 aestimarim,
1244 3615 1418 3670 neque
1446 3600 1606 3657 talem
1638 3605 2035 3670 aeternitatem,

448 3684 531 3738 vel
557 3695 616 3739 ut
644 3687 825 3742 verius
856 3688 1053 3755 dicam,
1070 3690 1583 3748 semiaeternitatem
1610 3695 2037 3767 praedictisjuis

450 3776 749 3833 rationibus
764 3779 1018 3844 suasisse,
1037 3795 1210 3851 neque
1222 3782 1302 3836 sie
1319 3790 1373 3836 et
1389 3780 1528 3838 facta
1558 3784 1716 3839 simul
1743 3794 1795 3840 et
1817 3797 2037 3841 aeterna

453 3863 843 3929 decuisse;sed
864 3868 1039 3923 altiori
1070 3878 1383 3926 naturarum
1414 3874 1656 3929 contuitu
1677 3874 1815 3929 ultra
1842 3877 2034 3931 huma-

452 3968 554 4007 nas
584 3954 882 4023 opiniones,
909 3958 1067 4013 modo
1094 3961 1324 4030 quodam
1347 3962 1522 4016 adhuc
1550 3963 1707 4018 nobis
1742 3964 2035 4035 incognito,

450 4046 755 4103 divinorum
777 4064 1092 4105 arcanorum
1107 4054 1266 4124 adyta
1281 4062 1565 4122 penetrare
1584 4063 1635 4110 te
1655 4058 1850 4121 sentio,
1875 4058 2040 4111 vesti-

447 4137 535 4207 gia
565 4137 807 4205 Patrum,
854 4143 946 4210 qui
975 4142 1100 4197 talia
1129 4146 1349 4199 scrutati
1380 4152 1524 4207 sunt,
1558 4145 1718 4201 altius
1743 4147 2034 4216 sequendo.

520 4229 607 4282 10.
656 4222 831 4286 Aiunt
875 4232 1043 4298 enim,
1097 4242 1348 4290 naturam
1377 4234 1536 4303 hujus
1579 4236 1766 4290 mundi
1822 4251 2038 4306 semper

447 4332 782 4386 mansuram,
831 4322 958 4399 quia
1010 4323 1326 4395 incorporea
1384 4332 1465 4380 est
1495 4332 1551 4380 et
1595 4325 2034 4395 incorruptibilis,

445 4419 631 4465 cetera
655 4427 800 4479 vero,
830 4414 1028 4482 quibus
1046 4425 1276 4482 constat,
1311 4417 1570 4487 peritura,
1602 4417 1703 4473 hoc
1732 4427 1833 4483 est,
1857 4434 2035 4484 omne,

453 4501 598 4569 quod
632 4501 687 4555 in
735 4517 802 4557 eo
849 4512 935 4559 est
961 4506 1340 4575 compositum.
1382 4506 1450 4561 Et
1489 4507 1614 4577 quia
1659 4508 1712 4563 in
1740 4525 1803 4564 eo
1831 4509 2037 4564 nullum

446 4602 642 4659 corpus
690 4599 793 4656 est,
858 4594 1002 4662 quod
1043 4610 1151 4650 non
1193 4596 1263 4650 sit
1307 4591 1744 4666 “compositum,
1778 4608 1833 4654 et
1876 4614 2035 4655 omne

445 4681 801 4750 compositum
829 4683 1069 4739 solvetur
1096 4685 1151 4739 in
1177 4700 1260 4750 ea,
1280 4749 1290 4760 .
1308 4701 1375 4740 ex
1405 4687 1597 4757 quibus
1648 4692 2026 4760 componitur;

449 4775 591 4824 tatus
614 4770 780 4841 igitur
805 4774 1038 4829 mundus
1059 4774 1162 4828 iste
1193 4774 1419 4830 visibilis
1453 4792 1742 4848 corporeus
1764 4782 2032 4851 composi-

385 4916 397 4931 ,
449 4859 536 4913 tus
582 4861 841 4929 solvetur,
893 4864 1007 4919 sola
1060 4864 1286 4935 simplici
1340 4876 1532 4922 natura
1584 4880 1854 4925 manente.
1890 4870 2029 4926 MAG.

451 4946 624 5007 Falsis
641 4955 1143 5013 ratiocinationibus
1166 4959 1520 5014 humanarum
1546 4960 1853 5030 opinionum
1877 4964 2034 5035 longe

451 5054 483 5093 a
515 5042 740 5099 veritate
774 5045 1091 5102 distantium
1120 5048 1390 5118 quondam
1444 5063 1529 5117 me
1580 5049 1862 5120 deceptum
1917 5066 2037 5107 esse

450 5142 652 5199 negare
685 5145 791 5187 non
815 5146 1057 5203 possum,
1093 5138 1220 5207 quia
1268 5137 1525 5208 deceptus
1573 5153 1712 5193 sum.
1747 5140 1838 5194 His
1891 5142 2034 5195 enim

445 5220 727 5290 onmibus,
779 5233 874 5280 aut
922 5241 1061 5297 pene
1099 5228 1350 5284 omnibus
1399 5230 1548 5285 rudis
1595 5230 1708 5300 jam
1757 5247 2034 5288 assensum

446 5315 698 5383 praebui,
756 5319 986 5388 quadam
1030 5320 1382 5377 similitudine
1430 5321 1566 5387 veri,
1621 5323 2035 5395 carnalibusque

445 5406 719 5477 sensibus,
778 5418 839 5467 ut
867 5411 1051 5470 multis
1107 5413 1306 5481 evenit,
1360 5414 1632 5471 seductus.
1679 5414 1834 5471 Nune
1881 5432 2031 5485 vero,

2142 3419 2679 3475 circumscribuntur.
2748 3419 2893 3476 Haec
2960 3422 3103 3476 enim
3175 3423 3317 3477 inter
3378 3438 3435 3479 se
3498 3424 3727 3479 invicem

2141 3511 2434 3577 luctantur,
2465 3522 2521 3568 et
2543 3514 2812 3583 quomodo
2832 3514 2935 3569 sibi
2960 3515 3303 3582 conveniant,
3331 3515 3433 3570 nisi
3457 3530 3490 3569 a
3519 3524 3569 3571 te
3591 3515 3723 3570 mihi

2139 3601 2304 3657 fuerit
2338 3618 2577 3671 suasum,
2627 3605 2834 3675 ignoro.
2892 3605 3169 3677 Siquidem
3238 3607 3410 3663 solum
3459 3606 3504 3640 ⁸³
3556 3609 3727 3663 Deum

2141 3691 2394 3770 ἄναρχον,
2437 3696 2541 3751 hoc
2586 3705 2688 3760 est,
2736 3704 3011 3751 carentem
3059 3698 3326 3767 principio
3371 3698 3727 3753 aestimabant

2140 3797 2297 3851 esse;
2333 3785 2446 3853 ipse
2488 3787 2633 3840 enim
2684 3787 3007 3856 principium
3034 3789 3273 3842 omnium
3327 3799 3381 3842 et
3440 3789 3562 3844 ﬁnis
3620 3796 3723 3853 est,

2143 3875 2290 3929 nullo
2314 3877 2578 3946 principio
2616 3878 2899 3943 ineboans,
2930 3877 3076 3931 nullo
3099 3878 3204 3931 ﬁne
3225 3878 3539 3943 conclusus;
3581 3886 3728 3933 cete-

2141 3978 2200 4031 ra
2243 3977 2371 4017 vero
2413 3965 2668 4020 inchoare
2712 3965 2776 4031 ”,
2827 3973 2882 4019 et
2933 3964 2999 4019 ad
3048 3965 3210 4019 ﬁnem
3254 3981 3407 4020 suum
3448 3968 3723 4034 proprium

2140 4054 2558 4123 unumquodque
2582 4056 2818 4119 tendere,
2849 4070 2913 4110 ac
2934 4070 3033 4123 per
3074 4056 3177 4108 hoc
3203 4068 3308 4109 non
3332 4069 3449 4107 esse
3481 4054 3526 4084 "
3551 4063 3726 4108 aeter-

2141 4160 2228 4211 na,
2257 4146 2350 4200 sed
2379 4144 2537 4199 facta.
2568 4146 2634 4199 Et
2653 4146 2737 4198 his
2764 4144 3013 4199 omnibus
3044 4142 3532 4213 incomparabiliter
3560 4142 3724 4198 altius

2140 4245 2194 4291 et
2241 4234 2542 4290 mirabilius
2594 4234 2725 4288 mihi
2774 4234 3009 4300 videtur,
3062 4232 3204 4301 quod
3260 4233 3431 4287 sancti
3484 4232 3722 4301 Dionysii

2142 4326 2499 4396 Areopagitae
2544 4326 2587 4366 ιθ
2616 4324 2941 4379 auctoritate
2972 4332 3129 4378 utens
3167 4322 3386 4388 asset-is,
3438 4322 3613 4392 ipsum
3640 4323 3723 4378 vi-

2141 4416 2337 4471 delicet
2360 4415 2527 4469 Deum
2568 4423 2623 4469 et
2651 4413 2890 4468 omnium
2921 4414 3179 4470 factorem
3207 4426 3345 4478 esse,
3373 4420 3428 4467 et
3466 4413 3520 4468 in
3543 4410 3723 4466 omni-

2141 4507 2241 4560 bus
2270 4504 2509 4570 factum;
2544 4506 2648 4560 hoc
2674 4503 2819 4558 enim
2861 4504 3039 4558 adhuc
3082 4502 3380 4559 inauditum
3407 4510 3462 4558 et
3482 4500 3727 4572 incogni-

2147 4604 2257 4650 tum
2285 4610 2391 4650 non
2432 4595 2604 4650 solum
2636 4595 2791 4660 mihi,
2827 4595 2920 4650 sed
2948 4603 3003 4648 et
3050 4593 3233 4650 multis
3261 4610 3324 4650 ac
3347 4610 3517 4665 paene
3542 4596 3718 4650 omni-

2135 4686 2255 4741 bus.
2291 4684 2425 4739 Nam
2454 4684 2500 4740 si
2527 4685 2604 4739 sic
2644 4694 2747 4749 est,
2782 4685 2903 4754 quis
2943 4700 3049 4739 non
3080 4682 3362 4739 confestim
3394 4693 3638 4754 erumpat
3666 4686 3723 4739 in

2138 4779 2278 4832 hanc
2301 4791 2486 4831 vocem
2509 4785 2564 4830 et
2588 4776 2916 4846 proclamet:
2943 4774 3084 4832 Deus
3108 4777 3291 4845 itaque
3327 4778 3507 4833 omnia
3535 4784 3636 4841 est,
3668 4784 3724 4830 et

2138 4867 2318 4921 omnia
2350 4867 2486 4922 Deus
2514 4867 2526 4920 !
2556 4866 2709 4933 Quod
2756 4875 3119 4923 monstrosum
3158 4868 3530 4923 aestimabitur
3554 4866 3716 4937 etiam

2138 4960 2245 5023 his,
2291 4960 2380 5029 qui
2432 4967 2686 5029 putantur
2711 4974 2831 5015 esse
2880 4961 3172 5029 sapientes,
3225 4958 3499 5028 multiplici
3534 4971 3717 5010 rerum

2141 5050 2430 5105 visibilium
2486 5059 2541 5104 et
2599 5050 2945 5106 lvisibilium
3017 5048 3278 5102 varietate
3336 5049 3716 5115 considerata;

2139 5142 2281 5198 Deus
2310 5154 2489 5199 autem
2519 5159 2685 5198 unum
2709 5151 2812 5197 est.
2859 5143 2927 5196 Et
2955 5142 3058 5197 nisi
3086 5140 3220 5195 llaec
3249 5142 3509 5208 exemplis
3531 5155 3717 5195 rerum

2138 5234 2320 5289 animo
2344 5234 2906 5303 comprehensibilium
2933 5232 3195 5295 suaseris,
3236 5229 3312 5285 nil
3360 5229 3504 5284 aliud
3554 5229 3717 5284 relin-

2137 5324 2338 5394 quitur,
2390 5323 2492 5377 nisi
2532 5332 2591 5377 ut
2643 5323 2724 5377 vel
2774 5331 2917 5376 mota
2967 5320 3324 5385 solummodo,
3378 5334 3484 5373 non
3531 5328 3712 5373 autem

2136 5416 2379 5472 discussa
2412 5416 2908 5487 praetermitmntur
2932 5412 2995 5476 ⁸⁷,
3021 5413 3162 5482 quod
3199 5412 3316 5466 sine
3341 5412 3536 5468 mentis
3561 5424 3717 5468 meae

1730 5547 1987 5606 VARIAE
2025 5551 2425 5610 LECTIONES.
2454 5560 2461 5563 “

1419 5682 1442 5711 ³
1466 5681 1523 5736 in
1543 5696 1651 5737 om.
1680 5683 1748 5738 A.

899 5750 921 5781 '
951 5754 1313 5811 compositum.
1342 5749 1410 5804 Et
1432 5782 1503 5792 —
1528 5754 1595 5806 sit
1620 5767 1728 5808 om.
1760 5753 1821 5810 C.

452 5817 497 5849 “
531 5819 572 5870 Α
597 5818 954 5887 palpantibus.
1032 5818 1075 5850 ⁸¹
1104 5820 1145 5875 C
1172 5832 1221 5876 te
1239 5823 1369 5876 sine.

451 5888 658 5957 pagitae
681 5903 792 5944 om.
818 5888 886 5943 Α.
964 5891 1007 5927 ¹⁷
1040 5890 1082 5944 Α
1105 5899 1601 5961 praetermulantur.

516 5676 537 5709 ⁸
565 5676 609 5733 C
638 5678 825 5734 mundi
850 5686 910 5732 ut
937 5679 1318 5738 cumulabitur.

450 5748 592 5802 niam
618 5763 729 5803 om.
757 5748 818 5803 C.
899 5750 921 5781 ⁵
951 5754 1313 5810 compositum.
1342 5749 1410 5804 Et
1432 5782 1503 5792 —
1528 5754 1595 5806 sit
1620 5767 1728 5808 om.
1760 5753 1821 5810 C.
1905 5755 1925 5787 "
1955 5755 2001 5810 Α

1851 5684 1873 5715 ³
1895 5685 1943 5773 θ
1966 5693 2264 5773 parentum.
2324 5688 2346 5719 ⁸
2375 5687 2607 5773 anguium
2626 5700 2744 5741 vero
2764 5716 2836 5773 -τ
2862 5681 3242 5773 generationem
3268 5682 3467 5773 om..A.
3490 5684 3717 5773 ..Ἤκο-

1447 5782 1503 5792 -
1528 5756 1595 5806 sit
1620 5767 1728 5808 om.
1760 5756 1821 5810 C.
1905 5756 1925 5787 "
1955 5756 2001 5810 Α
2027 5756 2099 5825 ﬁn
2136 5757 2154 5809 ἱ
2185 5756 2368 5811 solent.

1447 5822 1489 5853 ’³
1517 5821 1685 5878 solum
1715 5840 1824 5881 om.
1857 5825 1921 5880 A.
2018 5824 2063 5858 “
2093 5772 2138 5879 Χ
2167 5827 2368 5881 inchoat

3490 5753 3533 5787 ¹⁹
3575 5753 3616 5811 C
3642 5765 3713 5812 et.

2446 5759 2466 5788 ⁸
2492 5756 2537 5809 Α
2564 5773 2715 5827 quas.
2810 5757 2831 5788 ⁹
2861 5757 2902 5809 Α
2934 5768 3049 5809 vero
3087 5762 3403 5813 convertens.
3490 5756 3533 5787 ¹⁹
3575 5756 3591 5809 ‹

2524 5826 2569 5859 ⁸⁵
2590 5843 2700 5877 esse
2725 5842 2835 5877 om.
2869 5826 2986 5877 AC.
3011 5827 3135 5877 add.
3167 5838 3236 5877 ex
3263 5823 3404 5877 coni.
3480 5825 3525 5857 ¹⁶
3548 5825 3591 5877 Α

3598 5842 3714 5881 ι’εο-

2167 5827 2426 5881 inchoari.
2524 5823 2700 5883 “esse
2725 5842 2835 5883 om.
2869 5826 2986 5888 AC.
3011 5827 3135 5885 add.
3167 5838 3236 5878 ex
3263 5823 3404 5895 conj.
