4236 6274
534 458 636 519 681

1960 444 2241 505 JOANNIS
2281 447 2473 504 SCOTI

3705 446 3815 505 652

533 572 724 632 (hiare
789 570 903 627 ﬁeri
970 584 1073 625 non
1132 570 1346 639 poterit.
1400 567 1502 636 Qui
1558 566 1705 622 enim
1766 556 1822 619 in
1880 564 2117 619 tenebris
2142 568 2512 626 Amerorum,
2538 560 2733 630 quas“
2768 556 3102 611 arithmetica
3124 556 3539 627 contemplatur,
3556 560 3813 619 substan-

534 664 878 738 spississimis
904 663 1178 719 constituti
1205 670 1386 715 ortum
1414 660 1549 714 lucis
1584 657 1796 713 futurae
1824 668 1841 697 ι
1873 663 2112 725 sperant,

534 773 642 812 non
677 756 896 811 omnino
949 754 1168 808 tristitia
1210 752 1618 821 Opprimuntur;
1651 751 1737 805 sin
1788 758 1967 803 autem
2000 748 2112 812 lux,

531 862 695 920 quam
724 854 972 915 sperant,
1016 845 1083 898 ab
1108 844 1186 898 cis
1218 845 1237 874 ²
1270 844 1570 907 auferatur,
1610 858 1715 895 non
1741 841 1914 896 solum
1944 840 1997 893 in
2039 846 2115 893 te-

530 936 734 999 nebris,
765 950 953 989 verum
980 936 1140 988 etiam
1168 934 1221 987 in
1247 934 1411 987 multa
1445 947 1613 1002 poena
1643 932 1901 996 resident,
1937 929 2116 984 ablato

533 1028 601 1084 ab
629 1028 707 1083 eis
729 1029 892 1092 bono,
922 1026 1064 1098 quod
1109 1034 1479 1096 speraverant,
1524 1023 1607 1078 vel
1651 1032 1707 1078 ut
1734 1023 1932 1087 omnia,
1977 1036 2113 1091 quae

530 1134 561 1174 a
595 1126 646 1176 te
670 1122 733 1173 de
761 1119 957 1174 talibus
1003 1120 1141 1173 dicta
1170 1128 1315 1180 sunt,
1344 1118 1411 1171 ab
1441 1117 1543 1179 his,
1571 1116 1661 1185 qui
1691 1115 1869 1169 minus
1912 1112 2111 1169 intelli-

531 1220 682 1285 gunt,
727 1212 946 1266 omnino
979 1209 1107 1265 falsa
1152 1225 1270 1264 esse
1314 1209 1645 1277 iudicentur,
1677 1215 1729 1258 ct
1762 1205 1813 1259 in
1856 1205 2112 1273 pristinas

531 1304 827 1372 opiniones,
877 1318 1010 1371 quas
1055 1316 1154 1355 nec
1201 1300 1376 1354 adhuc
1426 1298 1609 1352 volunt
1644 1297 1915 1360 deserere,
1948 1295 2111 1350 veluti

528 1410 685 1451 veras
706 1396 791 1450 his
817 1395 1134 1464 contemptis
1164 1391 1489 1448 relabantur.
1514 1389 1745 1444 Proinde
1780 1387 2113 1444 naturalibus

526 1484 811 1552 exen‘iplis,
846 1485 1040 1552 quibus
1090 1483 1192 1537 nisi
1230 1482 1392 1536 nimia
1422 1479 1645 1536 stultitia
1678 1486 1996 1533 excaecatus
2018 1491 2112 1532 ne-

528 1589 616 1629 mo
656 1566 876 1640 resistit,
910 1575 1084 1643 primo
1108 1573 1535 1628 ratiocinationis
1558 1571 1643 1625 via
1679 1568 1980 1639 incipienda
2004 1576 2106 1623 est.

600 1666 682 1717 il.
710 1655 847 1721 Illac.
884 1667 1017 1718 Num
1044 1666 1250 1734 peritus
1278 1680 1337 1719 es
1364 1664 1497 1719 artis
1526 1661 1940 1717 arithmeticae?
1964 1662 2104 1715 DISC.

523 1753 756 1822 Peritus,
789 1748 839 1809 ni
880 1756 1066 1834 fallor;
1114 1772 1230 1810 eam
1278 1770 1513 1825 namque
1555 1756 1622 1809 ab
1659 1752 1878 1807 infantia
1931 1766 2051 1806 mea
2084 1751 2108 1783 ³

523 1845 703 1901 didici.
744 1838 882 1901 MAG.
926 1845 1096 1900 Deﬁni
1146 1846 1307 1917 igitur
1347 1861 1467 1900 eam
1524 1852 1706 1914 aperte
1755 1859 1817 1897 ac
1847 1844 2103 1897 breviter.

2222 656 2348 709 tiam
2366 654 2582 724 accipit,
2600 661 2731 708 teste
2744 652 2919 721 primo
2935 650 3104 719 ipsius
3116 650 3247 705 artis
3259 658 3536 720 repertore
3548 650 3817 723 Pythago-

2221 761 2301 813 ra,
2319 763 2378 802 su
2386 762 2529 802 mmo
2543 746 2882 816 philosopho,
2897 744 2988 813 qui
3011 743 3062 796 in
3070 741 3400 799 tellectuales
3422 759 3675 800 numeros
3687 745 3813 804 sub-

2218 841 2442 895 stantias
2466 855 2643 895 rerum
2666 839 2907 893 onminm
2924 836 3215 891 visibilium
3246 846 3300 891 et
3322 838 3669 893 invisibilium
3693 855 3814 898 csso

2218 937 2379 991 certis
2428 934 2725 990 rationibus
2758 930 3004 986 afﬁrmat.
3053 929 3163 985 Nec
3200 931 3304 984 hoc
3334 930 3609 999 Scriptura
3655 947 3811 990 sacra

2216 1028 2466 1097 denegat,
2502 1039 2639 1095 quae
2666 1024 2760 1090 ait,
2802 1022 2981 1077 omnia
3010 1022 3062 1075 in
3095 1036 3373 1088 mensura,
3401 1031 3454 1078 et
3479 1037 3720 1089 numero,
3750 1032 3808 1079 et

2215 1120 2451 1189 pondere
2507 1123 2550 1154 υ
2600 1116 2742 1171 facta
2811 1128 2953 1169 esse.
3012 1112 3152 1168 MAG.
3200 1112 3384 1183 itaque
3440 1114 3483 1169 si
3544 1115 3807 1170 naturalia

2215 1212 2432 1279 quaeris
2478 1208 2721 1277 exempla
2768 1204 3075 1276 praedictae
3120 1204 3274 1269 artis,
3305 1204 3470 1258 immo
3518 1205 3679 1258 etiam
3711 1221 3807 1258 nu-

2215 1314 2507 1364 merorum,
2538 1314 2674 1368 quos
2720 1298 2836 1366 ipsa
2872 1296 3302 1364 comprehendit,
3354 1304 3603 1350 naturam
3651 1311 3806 1367 regu-

2216 1392 2400 1460 lasque
2450 1390 2736 1459 diligenter
2784 1386 3008 1457 inspice,
3061 1393 3117 1438 ut
3164 1386 3231 1440 ad
3272 1400 3482 1450 eorum,
3519 1401 3656 1457 quae
3711 1387 3805 1444 tibi

2213 1482 2470 1537 luctantia
2502 1481 2643 1534 inter
2665 1493 2744 1543 se,
2795 1478 3005 1546 sibique
3054 1477 3420 1547 Oppuguantia
3457 1487 3710 1545 putantur
3734 1476 3802 1545 ι’,

2212 1573 2458 1628 notitiam
2484 1571 2594 1627 Deo
2610 1572 2744 1626 duce
2769 1569 3071 1639 pervenias.
3099 1569 3239 1625 DISC.
3272 1568 3529 1637 Exempla
3556 1569 3807 1625 arithme-

2213 1668 2351 1721 ticae
2374 1665 2603 1721 libenter
2631 1663 2856 1733 accipio.
2884 1662 2957 1716 Ea
3006 1676 3239 1730 namque
3268 1674 3371 1716 nec
3395 1660 3529 1715 fallit
3551 1679 3649 1717 nec
3670 1661 3805 1718 falli-

2214 1764 2318 1810 tur.
2372 1754 2628 1821 Quamvis
2684 1752 2826 1807 enim
2888 1765 3052 1819 saepe
3110 1750 3288 1804 minus
3338 1751 3697 1822 intelligentes
3747 1752 3804 1808 in

2214 1848 2329 1917 ipsa
2360 1845 2615 1900 fallantur
2645 1843 2713 1909 ι’,
2767 1858 2872 1898 non
2913 1842 3048 1897 artis
3069 1842 3246 1913 culpa,
3288 1843 3384 1898 sed
3412 1844 3625 1899 incaute
3651 1844 3715 1899 de
3743 1859 3806 1901 ea

521 1935 666 1992 Drsc.
690 1938 1041 1995 Arithmetica
1063 1946 1149 1993 est
1172 1953 1523 1994 numerorum
1547 1937 1792 2002 scientia,
1816 1950 1920 1990 non
1947 1949 2103 2005 quos,
2132 1924 2182 1988 Β
2211 1938 2558 1994 tractantium
2611 1933 2903 2006 iudicanda
2950 1942 3035 1990 est
3086 1934 3373 1989 hebetudo.
3436 1934 3797 1991 Numerorum

518 2032 614 2088 sed
647 2033 940 2093 secundum
983 2047 1118 2102 quos
1148 2046 1517 2085 numeramus.
1544 2029 1682 2084 MAG.
1731 2029 1898 2083 Caute
1935 2042 1997 2082 ac
2027 2028 2104 2081 vi-

517 2120 752 2192 gilanter
780 2120 1174 2176 arithmeticam
1212 2120 1234 2150 δ
1284 2118 1538 2175 deﬁnisti.
1592 2116 1725 2172 Nam
1772 2117 1815 2172 si
1850 2116 2106 2187 simplici-

516 2217 602 2266 ter
640 2204 890 2266 deﬁnires
948 2210 1343 2266 arithmeticam
1390 2224 1737 2263 numerorum
1800 2208 2100 2275 scientiam,

516 2314 707 2355 omnes
743 2316 997 2355 numeros
1028 2298 1355 2371 generaliter
1384 2298 1888 2368 comprehenderes,
1924 2313 1988 2353 ac
2008 2311 2106 2367 per

515 2390 620 2446 hoc
666 2390 902 2446 definitio
946 2406 1052 2445 non
1095 2400 1283 2445 staret.
1320 2389 1435 2444 Non
1465 2391 1608 2443 enim
1640 2389 1877 2457 disputat
1898 2402 1985 2444 ars
2013 2388 2103 2443 illa

517 2482 584 2537 de
605 2480 752 2538 omni
794 2496 988 2553 genere
1019 2497 1388 2546 numerorum,
1418 2481 1511 2536 sed
1552 2495 1645 2536 eos
1681 2487 1889 2534 tantum
1916 2495 2104 2535 nume-

513 2587 606 2628 ros
645 2574 972 2640 considerat,
1022 2589 1156 2644 quos
1207 2573 1261 2628 in
1302 2574 1413 2630 sola
1454 2574 1679 2629 scientia
1723 2583 1776 2628 et
1826 2573 2105 2629 intellectu

513 2663 664 2717 novit
711 2677 849 2728 esse,
910 2672 966 2719 et
1017 2666 1311 2719 secundum
1355 2680 1490 2734 quos
1533 2675 1712 2719 cetera
1754 2681 2103 2720 numerorum

513 2766 713 2823 genera
745 2765 1117 2811 numerantur.
1169 2756 1302 2810 Nam
1357 2774 1459 2811 non
1512 2758 1532 2789 ⁵
1597 2773 1850 2814 numeros
1892 2760 2103 2813 anima-

513 2844 668 2910 lium,
696 2844 950 2901 fruticum
1005 2846 1043 2911 ‘,
1076 2848 1399 2914 herbarum,
1444 2850 1779 2920 aliorumque
1813 2868 2101 2922 corporum

511 2948 606 2989 seu
641 2951 821 2990 rerum
851 2938 917 2991 ad
949 2938 1232 2994 scientiam
1266 2940 1641 2995 arithmeticae
1677 2943 1808 2995 artis
1830 2943 2103 3011 pertinere

513 3028 784 3097 sapientes
807 3029 1026 3096 dicunt;
1055 3032 1148 3085 sed
1176 3032 1318 3087 solos
1342 3032 1754 3098 intellectuales,
1783 3034 2097 3098 invisibiles,

510 3117 898 3188 incorporales,
951 3120 1003 3172 in
1056 3118 1166 3175 sola
1211 3121 1437 3176 scientia
1481 3122 1820 3186 constitutos,
1868 3123 1920 3175 in
1959 3122 2102 3175 nullo

409 3194 418 3203 ’
510 3223 642 3263 vero
697 3211 936 3279 subjecto
1000 3221 1282 3279 praeterea
1332 3212 1352 3242 "
1407 3212 1834 3266 substantialiter
1874 3214 2096 3280 positos,

2207 2034 2406 2102 itaque,
2462 2044 2691 2101 quorum
2743 2029 2964 2085 scientia
3024 2028 3362 2083 arithmetica
3412 2037 3514 2094 est,
3574 2028 3802 2083 monada

2205 2140 2323 2179 esse
2366 2122 2687 2194 principium
2716 2136 2821 2175 non
2873 2121 3104 2189 dubitas,
3131 2128 3190 2175 ut
3217 2120 3428 2191 opinor.
3464 2120 3609 2175 Drsc.
3638 2121 3800 2187 Quis-

2206 2216 2327 2286 quis
2356 2216 2409 2271 in
2440 2217 2542 2271 hoc
2577 2215 2832 2279 haesitat,
2856 2215 3232 2270 arithmeticus
3261 2229 3368 2269 non
3395 2223 3495 2270 est.
3531 2213 3627 2270 Est
3651 2216 3797 2270 enim

2204 2307 2552 2378 principium,
2580 2314 2636 2361 et
2657 2307 2916 2373 medium,
2943 2315 2997 2362 et
3029 2307 3151 2362 ﬁnis
3173 2308 3411 2362 omnium
3448 2321 3800 2362 numerorum

2207 2415 2413 2464 monas,
2470 2399 2524 2453 id
2572 2405 2658 2454 est
2691 2390 2891 2466 unitas,
2940 2399 3287 2469 omniumque
3337 2399 3800 2453 terminorumtoo

2208 2502 2343 2557 tum,
2372 2499 2426 2546 et
2459 2506 2609 2561 pars,
2649 2499 2703 2544 et
2731 2490 2909 2544 omnis
2954 2490 3252 2560 quantitas.
3301 2489 3441 2543 MAG.
3475 2488 3571 2543 Dic
3598 2489 3796 2559 itaque.

2206 2582 2343 2637 Num
2371 2596 2559 2638 omnes
2594 2583 2827 2647 numeri,
2859 2596 2996 2651 quos
3022 2582 3179 2642 ratio,
3218 2589 3481 2650 quantum
3502 2580 3632 2646 vult,
3660 2578 3797 2633 mul-

2209 2676 2450 2746 tiplicare
2474 2685 2670 2746 potest,
2711 2675 3003 2731 causaliter
3032 2674 3086 2728 in
3128 2674 3361 2730 monade
3388 2683 3510 2729 sunt
3537 2683 3586 2728 et
3623 2681 3799 2727 aeter-

2206 2768 2443 2822 nalitcr?
2493 2769 2636 2823 DISC.
2667 2767 2783 2821 Non
2834 2767 2992 2821 aliter
3035 2780 3162 2821 vera
3193 2766 3351 2820 docet
3398 2767 3533 2820 ratio
3555 2777 3583 2832 ;‘
3628 2766 3680 2822 in
3732 2780 3797 2819 ca

2206 2856 2348 2910 enim
2381 2870 2563 2921 causa,
2586 2855 2637 2908 in
2665 2869 2727 2910 ea
2751 2856 2892 2909 enim
2919 2855 3211 2910 causaliter
3240 2865 3387 2919 sunt,
3413 2856 3537 2923 quia
3556 2854 3799 2909 omnium

2206 2962 2553 3002 nmnerorum
2623 2948 2867 3002 subsistit
2927 2948 3249 3017 principium
3280 2987 3294 3012 ,
3356 2956 3410 3002 et
3475 2948 3547 3002 ibi
3612 2962 3800 3003 omnes

2206 3056 2372 3094 unum
2418 3041 2462 3071 ’δ
2491 3046 2614 3095 sunt
2643 3041 2973 3095 individuum
3015 3041 3351 3110 simpliciter,
3400 3042 3501 3097 hoc
3528 3049 3628 3101 est,
3680 3042 3799 3096 uni-

2205 3131 2504 3194 versaliter,
2558 3139 2612 3187 et
2657 3131 3025 3201 multipliciter
3056 3132 3166 3187 sola
3210 3131 3439 3197 ratione,
3486 3148 3592 3187 non
3620 3143 3797 3188 autem

2203 3228 2326 3273 actu
2373 3229 2426 3274 et
2458 3221 2792 3292 operatione,
2829 3237 3002 3291 neque
3042 3236 3208 3277 unum
3238 3239 3301 3278 ex
3355 3223 3539 3278 multis
3559 3224 3795 3278 cumula-

511 3300 887 3356 arithmeticae
950 3302 1270 3355 attribuunt.
1329 3302 1603 3370 Siquidem
1664 3302 1685 3332 ⁸
1741 3318 1845 3355 non
1904 3303 1976 3355 ita
2040 3303 2095 3355 in
2125 3292 2170 3355 C
2205 3322 2333 3379 tum,
2372 3314 2466 3380 sled
2517 3330 2681 3368 unum
2729 3328 2823 3369 sua
2867 3315 3093 3384 simplici
3135 3316 3179 3347 ¹⁵
3221 3324 3273 3370 et
3310 3316 3588 3385 multiplici
3614 3317 3793 3386 sing“-

507 3388 736 3444 scientia
765 3391 849 3444 vel
899 3391 1195 3456 intellectu,
1226 3392 1308 3445 vel
1341 3392 1569 3457 ratiOne,
1600 3392 1683 3445 vel
1706 3393 1985 3457 memoria,
2016 3393 2100 3447 vel

509 3477 778 3553 sensibus,
810 3478 893 3533 vel
941 3479 1127 3547 ﬁguris
1165 3481 1579 3550 perspiciuntur,
1626 3492 1687 3536 ut
1731 3483 2101 3538 substantiali-

507 3576 593 3622 ter
626 3584 810 3623 unum
859 3564 966 3625 sint
1016 3564 1116 3641 ipsi
1157 3587 1278 3627 cum
1331 3571 1435 3637 his,
1484 3573 1535 3625 in
1586 3574 1780 3642 quibus
1827 3574 2094 3628 videntur.

510 3657 791 3728 Propriam
825 3673 1059 3730 namque
1099 3661 1456 3717 substantiam
1492 3664 1765 3731 possident
1796 3664 2004 3731 seipsos
2051 3667 2093 3716 ⁸.

509 3749 649 3806 Nam
674 3753 718 3808 si
756 3752 995 3823 ejusdem
1037 3756 1374 3810 substantiae
1411 3765 1612 3824 essent,
1654 3771 1759 3811 non
1803 3757 2094 3812 secundum

502 3861 628 3911 eos,
655 3842 747 3900 sed
777 3845 843 3900 de
872 3846 950 3900 eis
980 3845 1206 3901 scientia
1233 3855 1287 3901 et
1317 3846 1621 3904 intellectus
1647 3856 1701 3904 et
1729 3850 1867 3904 ratio
1887 3848 2096 3920 judica—

508 3944 649 3992 rent.
674 3935 779 3992 Ars
803 3940 983 3991 autem
1010 3945 1064 3992 et
1079 3936 1245 4004 iudex
1272 3937 1326 3993 id
1359 3939 1531 4008 ipsum
1557 3956 1676 3995 esse
1716 3958 1822 3996 non
1846 3946 2091 4012 possunt.

506 4024 621 4085 Hoc
650 4030 794 4084 enim
825 4028 891 4084 de
940 4029 1053 4084 solo
1082 4024 1192 4085 Deo
1241 4030 1418 4085 Verbo
1458 4042 1603 4089 recte
1647 4035 1864 4101 dicitur,
1903 4036 1993 4106 qui
2042 4044 2095 4091 et

497 4117 664 4190 iudex
687 4126 844 4176 estet
874 4134 965 4176 ars
982 4122 1063 4176 sui
1088 4113 1281 4178 Patris.
1320 4123 1614 4194 Vigilanter
1638 4127 1839 4197 itaque,
1876 4135 1933 4181 ut
1959 4128 2088 4192 dixi,

504 4227 533 4266 a
566 4219 619 4266 te
662 4212 902 4267 additum
932 4222 1036 4279 est,
1067 4228 1173 4269 non
1202 4225 1358 4283 Quos,
1388 4217 1483 4271 sed
1518 4220 1811 4273 secundum
1836 4234 1971 4290 quos
1996 4236 2094 4273 nu-

500 4318 793 4360 meramus.
828 4304 937 4359 Eos
977 4302 1243 4377 siquidem
1283 4304 1338 4361 in
1371 4308 1515 4362 nullo
1549 4309 1792 4375 subjecto
1829 4326 2091 4380 corporeo

500 4392 585 4450 vel
639 4394 955 4464 incorporeo
1004 4396 1349 4466 inSpicimus;
1408 4398 1499 4451 scd
1559 4400 1699 4453 ultra
1751 4414 1912 4455 omne
1966 4404 2091 4456 sub-

493 4483 696 4553 jectum
725 4483 841 4536 solo
883 4483 1155 4539 intellectu
1205 4484 1257 4539 in
1309 4487 1572 4556 sapientia
1618 4498 1675 4543 et
1704 4490 1927 4545 scicntia
1976 4506 2089 4546 cer-

497 4580 721 4641 nuntur,
751 4587 881 4629 suae
910 4574 1125 4631 divinae
1165 4586 1392 4634 naturae
1427 4581 1746 4637 excellentia
1791 4585 1858 4640 ab
1913 4587 2088 4641 omni-

492 4664 618 4733 bus,
648 4682 788 4737 quae
812 4660 1106 4749 secundum
1134 4685 1226 4724 eos
1246 4683 1621 4741 numerantur,
1649 4678 1898 4733 absoluti.
1932 4680 2079 4735 DISC.
2112 4638 2166 4700 Β

410 4802 415 4805 .
490 4752 642 4814 Haec
669 4772 830 4829 saepe
862 4742 1113 4828 cogitavi,
1146 4768 1200 4813 et
1244 4762 1311 4815 ad
1340 4764 1574 4832 ’purum,
1602 4776 1661 4820 ut
1691 4769 1940 4834 arbitror,
1970 4784 2089 4842 pcr-

408 4860 430 4873 ‘
491 4846 665 4923 spexi.
696 4848 835 4905 MAG.
883 4842 1048 4904 Estne
1108 4850 1273 4920 igitur
1314 4844 1403 4908 ars
1446 4850 1536 4907 illa
1583 4858 1886 4912 naturalis?
1936 4861 2081 4915 DISC.

416 4958 425 4971 ε
491 4934 692 5008 Etiam,
718 4948 773 4996 et
801 4938 946 4993 nulla
978 4940 1294 5009 naturalior,
1322 4938 1587 5012 siquidem
1625 4960 1728 4999 non
1759 4948 1929 5001 solum
1956 4950 2089 5003 alia-

404 5026 411 5030 ’
491 5045 614 5088 rum
645 5033 807 5088 trium
840 5034 1145 5091 matheseos
1198 5038 1537 5106 sequentium
1583 5056 1640 5095 se
1690 5044 1942 5112 partimn,
1984 5047 2087 5104 hoc

487 5133 611 5193 ast,
664 5124 1027 5196 geometriae,
1082 5127 1362 5196 musicae,
1423 5133 1745 5205 astrologiae
1813 5135 2085 5194 immobile

485 5218 736 5275 subsistit
760 5217 1189 5286 fundamentum,
1223 5223 1692 5297 primordialisque
1729 5243 1891 5283 causa
1923 5240 2084 5301 atque

484 5309 837 5382 principium,
875 5326 1062 5368 verum
1102 5312 1267 5367 etiam
1310 5316 1550 5370 omnium
1580 5332 1762 5372 rerum
1792 5321 2081 5375 visibilium

483 5406 545 5456 οι
572 5398 921 5457 invisibilium
973 5403 1180 5460 inﬁnita
1228 5406 1512 5463 multitudo
1554 5406 1710 5477 juxta
1740 5411 1957 5480 regulas
1986 5426 2083 5465 nu-

2200 3403 2413 3458 laritate
2454 3404 2782 3472 praeditum,
2831 3404 2905 3457 ita
2955 3413 3014 3458 ut
3052 3414 3106 3460 et
3147 3418 3335 3461 omnes
3377 3406 3587 3460 numeri
3635 3406 3688 3459 in
3727 3420 3791 3462 ea

2200 3495 2307 3550 sint
2333 3494 2491 3549 simul
2509 3505 2561 3548 et
2590 3495 2908 3564 simpliciter
2930 3497 3221 3551 secundum
3248 3511 3490 3563 causam,
3516 3506 3569 3550 ct
3596 3497 3709 3565 ipsa
3739 3496 3792 3550 in

2199 3586 2443 3643 omnibus
2489 3586 2860 3655 multipliciter
2894 3587 3149 3643 incﬁahili
3178 3588 3554 3642 distributione
3595 3586 3793 3641 intelli-

2199 3686 2355 3747 galur
2392 3677 2683 3733 secundum
2712 3678 3096 3733 substantiam.
3121 3678 3238 3747 ipsa
3268 3687 3352 3733 est
3383 3679 3519 3733 enim
3548 3676 3792 3731 omnium

2199 3783 2547 3822 numerorum
2613 3783 2776 3823 causa
2824 3779 2878 3824 et
2935 3768 3253 3833 substantia,
3302 3779 3357 3823 ct
3418 3769 3543 3823 dum
3589 3774 3791 3822 statum

2198 3860 2590 3916 immutabilem
2621 3877 2749 3917 suae
2778 3871 3002 3917 naturae
3035 3877 3140 3917 non
3189 3864 3410 3929 deserit,
3436 3877 3493 3918 se
3534 3862 3705 3932 ipsam
3736 3861 3790 3916 in

2196 3964 2384 4007 omnes
2431 3950 2801 4023 multipliciter
2850 3952 3133 4019 diﬁ‘untlit;
3183 3954 3528 4010 aeternaliter
3572 3969 3699 4009 vero
3734 3954 3789 4010 in

2196 4062 2256 4100 ea
2283 4047 2603 4111 subsistunt,
2626 4047 2879 4116 quoniam
2908 4048 2961 4100 in
2995 4061 3055 4100 ea
3078 4062 3195 4101 esse
3220 4047 3591 4116 temporaliter
3610 4061 3713 4099 non
3746 4044 3789 4077 ¹⁶

2197 4137 2480 4206 incipiunt.
2516 4135 2650 4190 Nam
2703 4153 2810 4192 non
2842 4145 2960 4191 erat
3018 4137 3196 4191 unitas
3236 4136 3618 4205 multiplicibus
3665 4149 3788 4189 om-

2196 4226 2343 4281 nium
2384 4242 2733 4282 numerorum
2787 4228 3104 4293 rationibus,
3141 4231 3196 4283 in
3237 4230 3434 4297 quibus
3464 4228 3781 4291 subsistunt,

2194 4334 2386 4375 carens
2414 4321 2477 4373 *7.
2510 4321 2642 4387 Quis
2690 4310 2867 4374 autem
2922 4334 3058 4392 pure
3107 4321 3517 4392 intelligentium
3559 4319 3785 4372 monada

2193 4409 2391 4464 dixerit
2432 4411 2737 4476 inchoasse,
2768 4427 3101 4483 cognoscens
3124 4426 3243 4467 cam
3288 4413 3341 4466 in
3370 4411 3638 4467 inﬁnitum
3666 4418 3781 4463 ten-

2194 4504 2363 4558 dere?
2394 4504 2672 4589 Quomodo
2700 4506 2844 4559 enim
2880 4513 3060 4585 potest
3097 4506 3213 4561 ﬁeri
3242 4506 3452 4560 inﬁnita
3478 4503 3783 4575 progressio

2193 4610 2221 4650 a
2249 4596 2397 4665 ﬁnito
2426 4599 2725 4666 principio?
2768 4598 3037 4654 Inﬁnitum
3064 4601 3209 4654 enim
3237 4600 3304 4654 ab
3343 4598 3553 4653 inﬁnito
3584 4611 3776 4667 proce-

2196 4688 2291 4753 dit,
2326 4705 2354 4741 a
2397 4689 2547 4744 linito
2593 4706 2722 4745 vero
2751 4690 2825 4743 nil
2866 4691 3155 4745 inﬁnitum.
3201 4688 3267 4743 Et
3320 4690 3363 4745 sl
3401 4689 3523 4759 quis
3566 4687 3783 4754 dixerit,

2198 4779 2463 4848 quomodo
2514 4778 2615 4833 hoc
2656 4789 2802 4833 stare
2844 4788 3042 4849 potest,
3075 4796 3195 4834 cum
3245 4779 3404 4833 etiam
3436 4780 3486 4832 in
3518 4778 3647 4846 ipsis
3676 4793 3782 4830 nu-

2198 4872 2359 4925 meris
2405 4871 2571 4926 nmlta
2610 4871 2817 4925 inﬁnita
2869 4888 2896 4924 a
2928 4873 3094 4927 ﬁnitis
3123 4872 3425 4941 inchoantia
3469 4868 3785 4923 videamus?

2195 4978 2258 5016 ex
2289 4964 2495 5017 biuario
2519 4964 2804 5033 siquidem,
2852 4965 2943 5034 qui
2975 4965 3157 5019 ﬁnitus
3189 4974 3438 5018 numerus
3466 4970 3565 5043 est,
3589 4974 3781 5015 omnes

2195 5055 2432 5124 duplices
2485 5065 2801 5118 nascuntur,
2848 5060 2901 5111 et
2933 5058 2982 5111 in
3041 5050 3306 5112 inﬁnitum
3358 5052 3780 5127 protenduntur;

2192 5147 2438 5203 similiter
2481 5166 2508 5201 a
2542 5148 2586 5181 ίδ
2619 5148 2856 5203 ternario
2886 5148 3034 5203 ﬁnito
3075 5164 3262 5203 omnes
3291 5136 3530 5217 triplices
3570 5146 3782 5201 initium

2190 5242 2427 5303 sunmnt,
2472 5242 2525 5293 et
2554 5238 2717 5295 ﬁnem
2757 5222 3219 5307 multiplicationis
3247 5220 3378 5292 suae
3406 5237 3650 5293 tteSCiunt
3678 5251 3691 5301 ;
3726 5242 3779 5289 et

2192 5340 2247 5383 ut
2276 5328 2511 5386 breviter
2542 5322 2740 5396 dicam,
2774 5330 2951 5391 nullus
2981 5346 3239 5385 numerus
3265 5319 3349 5386 cSt
3374 5331 3484 5385 suis
3508 5328 3779 5398 quantita-

2190 5421 2334 5476 tibus
2363 5421 2569 5486 ﬁnitus,
2606 5434 2699 5476 seu
2727 5422 2857 5477 solis
2906 5408 3252 5490 monadibns,
3283 5436 3311 5477 a
3362 5408 3468 5492 qtto
3496 5417 3780 5490 multiplex

1774 5538 2030 5600 VARIAE
2081 5528 2481 5605 Leonnatus.

555 5653 591 5728 ε.
629 5646 1084 5728 [περιναε-οῳ.“Α.
1184 5652 1279 5728 ξΔ
1322 5653 1399 5728 (ιιιΔ
1429 5657 1533 5728 cfs,
1566 5672 1724 5726 quam
1758 5670 1987 5728 sperant.

486 5713 749 5809 ﬁnisti.
838 5713 938 5809 ΖΑ
966 5715 1088 5809 Non
1129 5720 1284 5776 enim.
1381 5713 1794 5809 '“CIruct‘ult‘tm:

485 5786 535 5851 at
558 5784 603 5836 A
640 5792 689 5837 et
726 5781 955 5851 pondere
996 5796 1044 5838 et
1087 5804 1321 5842 numero.

487 5850 637 5922 plici.
714 5850 760 5886 ι’
781 5866 885 5904 non
909 5866 1017 5908 om.
1041 5855 1105 5908 A.

2089 5661 2112 5692 ⁸
2156 5670 2411 5727 inertem.
2440 5665 2501 5718 A.

1892 5730 1911 5761 "
1935 5740 2200 5798 praeterea
2238 5750 2347 5788 om.
2387 5736 2448 5788 Α.

1186 5793 1582 5888 πῖθηίἶκδίς
1626 5797 1761 5888 Λεοί
1785 5797 1821 5850 f.
1854 5793 2205 5888 videbantur?
2365 5806 2699 5872 Afalluntur.

1255 5858 1300 5912 A
1328 5876 1528 5927 carens,
1559 5866 1613 5916 in
1643 5858 1827 5934 quibus
1854 5869 2160 5924 subsistunt.

2610 5664 2632 5695 ⁸
2662 5665 2754 5721 Sic
2792 5666 2873 5734 C;
2910 5668 2954 5720 Α
2984 5666 3383 5724 arithmeticam
3439 5682 3778 5723 numerorum

2527 5736 2548 5766 ⁸
2575 5737 2613 5789 Α
2650 5736 2812 5791 Nam.
2889 5742 2909 5773 ⁹
2932 5741 3126 5807 seipse:
3160 5755 3269 5793 om.
3324 5741 3386 5794 Α.
3484 5741 3526 5772 ¹⁰
3552 5740 3591 5792 Α
3621 5753 3771 5808 quos.

2240 5807 2350 5927 '8’;
2365 5807 2699 5928 igaﬂunmr.
2778 5807 2823 5840 "‘
2850 5824 3012 5862 unum
3036 5825 3143 5865 om.
3170 5812 3236 5865 Α.
3315 5810 3362 5842 ³⁵
3388 5812 3428 5864 Α
3457 5824 3552 5864 sua
3578 5807 3776 5863 ct'sim-
