4236 6274
500 341 606 396 6353

1359 341 1444 395 DE
1484 339 1816 396 DIVISIONE
1855 337 2200 396 NATURAE.
2229 371 2296 380 ———
2334 339 2531 394 LIBER
2572 339 2888 395 TERTIUS.

3649 339 3754 398 654

501 456 716 526 quidam
751 459 800 510 in
847 457 1107 510 inﬁnitum
1149 471 1251 510 non
1282 455 1548 526 proﬁuat:
1581 456 1705 510 buie
1753 455 2081 527 respouden-
2109 457 2163 520 Α
2189 456 2256 510 ab
2283 469 2344 510 ea
2374 456 2612 520 veniunt,
2654 463 2707 509 et
2734 455 2785 507 in
2818 469 2935 508 eam
2965 453 3190 510 redeunt
3215 457 3503 514 secundum
3542 459 3759 531 regulas

502 546 630 601 dum
659 553 738 599 est
771 545 810 612 ί,
847 562 1032 600 omnes
1066 547 1088 578 ²
1124 545 1210 600 isti
1243 546 1448 601 numeri
1495 532 1738 614 partibus
1764 549 1876 601 suis
1930 547 2081 612 ﬁniti,

501 646 570 696 ex
624 639 816 706 quibus
868 631 1187 706 multiplices
1233 635 1532 707 procedunt
1593 637 1646 691 in
1700 639 1989 702 inﬁnitum,
2032 638 2085 692 in

501 729 614 802 ipsa
652 726 897 793 monade,
941 725 1029 784 ubi
1079 745 1268 784 omnes
1303 746 1464 784 unum
1520 738 1666 794 sunt,
1696 729 1888 783 inﬁniti
1940 741 2081 784 sunt.

497 819 723 878 Proinde
753 821 846 874 aut
881 819 934 874 in
960 819 1188 874 mouade
1211 833 1330 875 esse
1356 819 1781 888 negabit‘omnes
1806 835 2083 884 numeros,

497 915 548 968 et
573 912 623 967 in
675 913 786 968 suis
832 911 1368 982 multiplicationibus
1411 919 1564 967 extra
1597 926 1715 965 eam
1743 910 1922 966 ﬁnitos
1965 926 2086 968 esse

495 1003 819 1070 dﬁirmabit;
864 1011 956 1059 aut
1013 1003 1058 1059 si
1106 995 1211 1059 ltoc
1258 1001 1523 1058 alIir'mare
1575 1001 1678 1058 non
1712 1001 1926 1072 poterit,
1956 1016 2086 1054 vera

496 1097 704 1152 ratione
748 1097 1052 1158 resistente,
1087 1094 1396 1150 necessario
1442 1090 1717 1159 fatebitur,
1749 1109 1935 1147 ontnes
1983 1107 2084 1145 tut-

499 1203 683 1242 meros
734 1184 1003 1257 partibus
1043 1183 1154 1240 suis
1210 1173 1412 1247 ﬁnitos,
1471 1183 1522 1236 in
1574 1181 1797 1237 nionade
1855 1179 2088 1234 inﬁnitos

501 1277 796 1333 subsistere
862 1285 917 1330 et
980 1273 1001 1308 ³
1059 1273 1396 1330 uniforntiter
1464 1283 1730 1356 aeternos.
1809 1272 2088 1344 Siquidem

492 1384 608 1424 non
641 1367 729 1423 ubi
767 1367 886 1424 fons
914 1375 1152 1438 apparet,
1212 1365 1284 1420 ibi
1336 1363 1358 1396 ⁸
1401 1381 1541 1435 aqua
1585 1355 1774 1435 incipit
1806 1380 1947 1426 esse,
1995 1360 2090 1418 sed

505 1461 718 1518 aliunde
777 1477 874 1532 per
943 1460 1180 1515 occultos
1260 1475 1423 1530 poros
1483 1459 1835 1528 sensibusque
1913 1455 2063 1512 inﬁni

503 1557 587 1606 tos
638 1549 788 1619 longe
847 1557 971 1604 ante
1012 1556 1214 1613 manat,
1265 1548 1578 1618 priusquam
1635 1547 1687 1601 in
1753 1545 1902 1602 fonte
1929 1562 2090 1618 appa-

501 1651 636 1697 reat.
688 1619 765 1696 Ᾱο
816 1657 914 1712 per
967 1642 1069 1696 hoc
1099 1683 1114 1705 ,
1187 1639 1638 1710 quemadmodum
1685 1638 1905 1694 abusive
1957 1639 2090 1694 dici-

483 1741 589 1788 ‘tur
659 1731 815 1799 fons,
888 1733 981 1786 ubi
1071 1733 1246 1802 primo
1316 1731 1596 1786 visibiliter
1655 1729 1871 1801 surgit;
1935 1731 2089 1802 longe

2191 545 2522 616 disttiplihae,
2563 562 2700 615 quae
2728 561 2913 600 eorum
2953 548 3190 603 rationes
3223 547 3476 604 intuetur.
3508 551 3579 605 At
3605 553 3652 608 si
3678 553 3758 611 ita

2187 646 2289 702 est,
2338 653 2493 691 nemo
2546 637 2646 691 nisi
2701 638 2979 706 ἱιιινιιιιυηε
3017 641 3370 704 contradicet,
3417 650 3663 700 aeternos
3697 629 3759 704 in

2189 730 2393 783 unitate
2431 743 2684 782 numeros
2730 729 2844 782 suis
2890 731 3188 785 rationibus
3227 732 3560 798 subsistere;
3603 743 3662 789 et
3708 733 3760 794 sl

2188 823 2309 890 quis
2360 822 2596 876 intentus
2640 822 2938 893 inSpexerit
2979 812 3043 888 ‘9,
3096 824 3237 894 ipsas
3290 825 3525 879 rationes
3562 823 3760 896 sempi-

2189 916 2371 968 ternas
2393 929 2511 968 esse
2551 928 2655 968 non
2698 911 2980 967 dubitabit.
3007 913 3145 970 MAG.
3185 915 3572 969 Aritlttneticae
3599 913 3762 972 disci-

2187 1006 2362 1074 plinac
2395 1022 2499 1058 non
2524 1006 2766 1075 ignarum
2789 1014 2842 1060 te
2867 1021 2988 1060 esse
3009 1007 3294 1077 perspicio.
3320 1007 3594 1064 Hactenus
3610 1008 3758 1068 enim

2186 1095 2439 1162 quicquid
2463 1110 2492 1146 a
2523 1103 2574 1147 te
2603 1093 2668 1148 de
2693 1095 2803 1164 ipsa
2827 1095 3092 1164 prolatum
3123 1107 3222 1160 est,
3252 1113 3377 1152 vera
3422 1099 3560 1152 ratio
3588 1113 3748 1168 prae-

2189 1185 2350 1246 dicat,
2399 1199 2462 1238 ac
2505 1185 2602 1248 sic,
2647 1194 2700 1239 et
2741 1201 2846 1238 non
2889 1187 3045 1240 aliter
3089 1202 3207 1242 esse
3233 1188 3534 1244 conﬁrmat.
3569 1189 3676 1244 Sed
3703 1197 3762 1246 ut

2189 1273 2396 1329 ﬁrmius
2423 1273 2486 1328 dc
2513 1289 2861 1330 numerorum
2890 1278 3208 1334 aeternitate
3237 1281 3290 1333 itt
3319 1281 3544 1335 mouade
3564 1279 3762 1351 perdo-

2188 1381 2335 1450 crzts,
2367 1381 2552 1420 eorum
2597 1368 2858 1434 rationes,
2881 1385 3016 1438 quas
3044 1380 3297 1426 aeternas
3321 1381 3478 1441 atque
3509 1373 3766 1427 immuta-

2187 1453 2324 1510 biles
2349 1454 2394 1486 ὀ
2424 1457 2624 1512 asseris
2653 1473 2791 1522 esse,
2832 1461 3070 1516 breviter
3107 1463 3346 1518 edissere
3370 1471 3530 1532 atque
3559 1473 3762 1534 aperte.

2188 1540 2334 1599 Dise.
2377 1540 2560 1600 Prima
2605 1547 2914 1617 progressio
2955 1563 3298 1605 numerorum
3342 1560 3426 1606 est
3453 1567 3482 1605 a
3514 1553 3763 1618 mouade,

2189 1643 2243 1689 et
2264 1634 2724 1703 multiplicationis
2746 1638 3043 1707 auspicium
3058 1637 3206 1702 δυάς,
3235 1639 3286 1693 id
3305 1649 3386 1694 est
3413 1641 3476 1704 ’t,
3503 1640 3766 1706 binarius,

2189 1723 2424 1781 secunda
2474 1728 2638 1803 τριάς,
2671 1729 2964 1794 ternarias,
2991 1730 3146 1784 tertia
3175 1731 3355 1806 τέτρας
3384 1718 3448 1795 “,
3474 1740 3764 1800 quaterna-

501 1823 644 1878 enim
685 1833 814 1879 ante
845 1834 964 1878 erat
992 1823 1045 1879 in
1075 1823 1301 1880 secretis
1345 1832 1539 1886 terrae,
1573 1823 1686 1876 sive
1728 1823 1940 1884 oceaui,
1976 1822 2090 1876 sive
2117 1791 2164 1873 Β
2194 1818 2326 1884 rius,
2361 1817 2553 1871 deinde
2592 1832 2781 1872 omnes
2823 1820 3038 1874 termini
3077 1820 3190 1874 suis
3222 1820 3439 1875 sedibus
3463 1821 3765 1877 constituti.

502 1910 698 1982 alibi",
719 1912 809 1969 ubi
831 1904 1174 1970 invisibiliter
1208 1913 1438 1980 latebat;
1472 1913 1614 1968 latex
1642 1913 1786 1968 enim
1815 1926 1845 1966 a
1867 1911 2082 1967 latendo

505 2005 556 2059 in
581 2007 728 2060 venis
751 2015 929 2061 terrae
955 2005 1194 2062 dicitur:
1226 2005 1301 2060 ita
1334 2013 1389 2060 et
1411 2004 1643 2068 numeri,
1683 1995 1912 2073 quorum
1945 1995 2084 2056 mul-

502 2098 760 2168 tiplicatio
816 2099 955 2153 sicut
1002 2095 1025 2130 ⁸
1069 2098 1207 2154 aliae
1257 2097 1634 2168 proportiones
1701 2097 1754 2150 in
1808 2093 2082 2150 inﬁnitum

499 2187 791 2263 proﬁuunt,
821 2205 924 2245 non
957 2189 1024 2245 ab
1052 2189 1183 2259 ipsis
1213 2184 1378 2243 ﬁnitis
1405 2186 1646 2243 numeris
1669 2228 1684 2253 ,
1715 2185 1808 2256 qui
1840 2185 2083 2256 primum

504 2277 882 2347 contemplanti
917 2277 1096 2333 animo
1137 2285 1415 2349 apparent,
1447 2274 1541 2331 sed
1581 2276 1648 2330 ab
1684 2275 1817 2346 ipsis
1848 2275 2080 2329 rationi-

503 2365 606 2424 bus
631 2369 868 2424 aeternis
892 2367 945 2422 et
980 2368 1224 2433 inﬁnitis,
1267 2369 1324 2422 in
1351 2368 1545 2439 quibus
1581 2362 1868 2422 causaliter
1905 2365 2084 2422 subsi-

505 2469 674 2529 stunt,
704 2461 968 2532 originem
1010 2459 1234 2515 ducunt.
1270 2457 1329 2515 In
1361 2459 1590 2516 monade
1623 2467 1804 2512 autem
1847 2466 1998 2522 sunt;
2031 2457 2084 2512 in

505 2554 733 2608 monade
761 2568 890 2624 ergo
922 2551 1116 2606 inﬁniti
1164 2561 1327 2618 sunt;
1368 2566 1435 2605 ex
1470 2566 1576 2620 qua
1625 2549 1867 2604 inﬁnitus
1897 2547 2087 2603 .omnis

503 2659 852 2700 numerorum
902 2659 1093 2699 cursus
1123 2642 1385 2713 procedit,
1435 2649 1490 2697 et
1543 2642 1597 2696 in
1649 2657 1812 2711 quam
1867 2641 2083 2696 desinit.

502 2736 568 2790 Et
595 2744 652 2789 ut
681 2733 870 2806 majori
905 2745 1223 2806 argumento
1259 2743 1494 2796 utantur,
1524 2732 1782 2786 unitatem
1814 2748 2087 2802 nunquam

505 2825 791 2879 inchoasse
855 2821 1224 2890 aﬁirmantes,
1289 2823 1576 2894 diligenter
1628 2823 1994 2877 animadverte
2042 2817 2084 2876 ⁷.

508 2913 566 2970 Si
589 2915 790 2982 unitas,
824 2931 962 2985 quae
989 2916 1011 2947 ⁸
1048 2931 1078 2969 a
1122 2915 1344 2972 Graecis
1387 2915 1583 2971 dicitur
1613 2929 1818 2980 monas,
1847 2913 2088 2971 omnium

507 3021 857 3060 numerorum
886 3006 1205 3076 principium
1233 3015 1335 3072 est,
1365 3016 1420 3062 et
1455 3007 1689 3062 medium
1723 3013 1776 3060 et
1816 3005 1968 3072 ﬁnis;
2023 3005 2089 3062 ab

509 3097 624 3168 ipsa
649 3098 907 3168 siquidem
939 3101 1248 3169 procedunt,
1277 3115 1374 3168 per
1393 3099 1562 3169 ipsam
1590 3107 1890 3164 moventur,
1916 3099 2088 3168 ipsam

2183 1904 2251 1963 Et
2280 1917 2364 1963 est
2384 1909 2603 1979 quidem
2630 1907 2873 1964 binarius
2915 1911 3092 1967 omnis
3118 1909 3366 1982 paritatis
3391 1913 3543 1982 origo
3566 1914 3666 1968 sub
3693 1915 3771 1967 in-

2189 1997 2463 2054 tellectum
2494 1993 2761 2066 cadentis,
2803 1999 3074 2055 ternarias
3107 2015 3236 2055 vero
3292 1994 3636 2072 imparitatis.
3688 1991 3770 2058 Ex

2185 2087 2382 2157 quibus
2406 2129 2420 2153 ,
2469 2081 2707 2157 paritat'e
2737 2088 2859 2144 dico
2897 2097 2954 2144 et
2992 2089 3320 2161 imparilate,
3347 2108 3536 2148 omnes
3564 2093 3772 2162 species

2187 2181 2536 2234 humerorum
2584 2187 2960 2248 procreantur,
2995 2181 3112 2238 sive
3149 2181 3420 2254 simplices
3472 2184 3602 2250 sint,
3655 2185 3771 2244 sive

2187 2269 2491 2339 compositi.
2527 2267 2812 2340 Simplices
2851 2280 2978 2327 sunt
3016 2282 3134 2342 par,
3185 2282 3239 2328 et
3288 2273 3494 2344 impar;
3549 2290 3772 2346 compo-

2187 2360 2342 2425 sitae,
2393 2373 2531 2430 quac
2589 2361 2657 2415 ab
2705 2361 2790 2418 his
2847 2361 3054 2418 duobus
3102 2363 3520 2431 constituuntur,
3562 2366 3772 2437 pariter

2187 2467 2306 2523 par,
2346 2451 2552 2522 pariter
2602 2452 2798 2527 impar,
2843 2455 3124 2525 itupariter
3173 2455 3346 2526 impar
3391 2455 3459 2510 ’³.
3515 2455 3767 2526 Videsne,

2189 2555 2449 2613 quantum
2505 2544 2838 2612 impossibile
2887 2550 2992 2612 est,
3043 2547 3189 2600 bunc
3247 2561 3594 2602 numerorum
3647 2565 3770 2620 pro-

2189 2638 2484 2709 gressiouis
2507 2638 2752 2693 ordinem
2787 2639 2945 2694 aliter
2973 2637 3114 2707 ﬁeri,
3148 2637 3242 2695 aut
3281 2640 3335 2695 in
3361 2629 3524 2696 alium
3554 2637 3770 2697 modum

2190 2727 2436 2782 moveri?
2473 2725 2660 2784 Nullus
2715 2730 2858 2783 enim
2915 2731 3054 2786 alius
3095 2745 3373 2798 numerus,
3416 2731 3641 2787 naturali
3685 2749 3774 2788 or-

2193 2818 2319 2874 dine
2376 2819 2722 2884 conslitutus,
2780 2820 2990 2891 primae
3041 2822 3400 2892 processionis
3452 2823 3520 2878 ab
3566 2825 3772 2880 unitate

2191 2911 2396 2966 obtinet
2416 2911 2613 2978 locum,
2639 2909 2741 2966 nisi
2766 2911 3042 2981 binarius;
3072 2929 3172 2970 nec
3203 2905 3492 2983 secundae,
3517 2915 3618 2970 nisi
3660 2926 3770 2969 ter-

2192 3003 2410 3068 uarius;
2445 3017 2543 3058 nec
2574 3002 2782 3069 tertiae,
2813 3001 2916 3058 nisi
2951 3006 3367 3075 quaternarius;
3405 3013 3460 3061 et
3485 3007 3774 3077 unusquis-

2193 3108 2298 3162 que
2321 3108 2578 3148 numerus
2608 3108 2759 3148 suam
2787 3093 2967 3149 sedem
2996 3095 3294 3151 naturalem
3321 3081 3579 3166 possidet,
3610 3113 3776 3168 quam

505 3197 717 3257 petunt,
741 3189 794 3242 in
823 3188 992 3257 ipsaut
1015 3188 1384 3255 desinunt;et
1409 3205 1566 3244 nemo
1596 3189 1896 3260 sapientum
1920 3175 2164 3245 ambi-C
2196 3184 2373 3240 nullus
2424 3199 2682 3239 numerus
2738 3191 2956 3256 praeter
3012 3186 3208 3256 ipsum,
3263 3185 3414 3256 cujus
3475 3189 3622 3245 locus
3667 3199 3770 3256 est,

501 3277 599 3347 git,
626 3277 768 3346 quod
795 3277 870 3332 ita
892 3277 958 3330 sit
985 3268 1011 3331 ε’
1027 3293 1132 3332 non
1160 3279 1262 3333 alia
1289 3279 1393 3334 erit
1421 3281 1622 3344 unitas,
1661 3295 1726 3334 ex
1747 3296 1853 3350 qua
1880 3283 2091 3336 numeri

501 3366 792 3439 proﬁuunt,
825 3377 878 3424 et
898 3383 996 3438 per
1017 3385 1176 3440 quam
1206 3380 1492 3426 moventur
1513 3369 1556 3437 ’,
1583 3381 1633 3426 et
1661 3371 1785 3437 alia,
1811 3387 1969 3442 quam
1992 3388 2090 3442 pe-

502 3462 636 3522 tunt,
669 3468 722 3514 et
762 3457 816 3512 in
870 3475 1034 3530 quam
1076 3457 1360 3528 ﬁniuntur,
1387 3463 1482 3518 sed
1512 3478 1618 3518 una
1669 3471 1832 3532 atque
1875 3463 2086 3532 eadem,

502 3549 624 3620 quia
656 3559 739 3604 est
763 3560 818 3604 et
849 3547 894 3582 ¹⁹
919 3547 1277 3624 principium,
1309 3553 1568 3621 medium,
1601 3561 1656 3607 et
1691 3553 1829 3609 ﬁnis.
1861 3545 2090 3612 Proinde

505 3641 710 3696 numeri
726 3658 754 3696 a
771 3659 869 3696 suo
892 3643 1299 3714 progredientes
1315 3643 1605 3716 principio,
1623 3659 1726 3698 non
1744 3642 1960 3698 aliunde
1984 3644 2088 3699 nisi

507 3749 537 3786 a
564 3749 660 3786 suo
683 3733 787 3786 ﬁne
819 3730 1256 3805 progrediuntur.
1305 3724 1420 3789 Non
1451 3734 1597 3797 enim
1629 3737 1669 3768 ιι
1701 3731 1845 3788 aliud
1871 3741 1956 3789 est
1997 3750 2088 3788 co-

507 3839 625 3877 rum
644 3825 964 3897 principium
989 3836 1043 3884 et
1060 3825 1102 3857 "
1129 3825 1271 3882 aliud
1305 3825 1557 3894 ﬁnis,'sed
1584 3841 1688 3882 una
1713 3835 1874 3896 atque
1897 3827 2086 3881 eadem

507 3915 706 3971 unitas.
739 3901 814 3972 Ac
840 3933 935 3986 per
963 3917 1065 3974 hoc
1111 3920 1422 3974 necessario
1451 3920 1754 3988 conﬁcitur,
1804 3931 1884 3985 ut,
1937 3919 1980 3975 si
2033 3919 2084 3973 in

503 4005 772 4064 inﬁnitum
800 4010 1190 4080 protendautur
1219 4010 1267 4044 ¹⁸
1306 4011 1502 4077 ﬁnem,
1544 4013 1612 4068 ab
1643 4013 1854 4068 inﬁnito
1883 4011 2087 4083 princi-

499 4101 592 4176 pio
620 4102 869 4172 protendi
894 4102 1184 4172 incipiant;
1217 4102 1341 4159 ﬁnis
1375 4110 1556 4158 autem
1586 4102 1828 4158 inﬁnitus
1862 4111 1944 4157 est
1971 4119 2086 4156 out-

503 4194 651 4250 uium
688 4209 1038 4251 numerorum
1074 4195 1251 4251 unitas
1280 4195 1502 4261 eadem;
1529 4194 1693 4266 igitur
1725 4207 1810 4250 est
1845 4195 2084 4251 omnium

503 4300 850 4340 numerorum
880 4285 1151 4341 inﬁnitum
1182 4285 1526 4358 principium.
1579 4285 1643 4338 Et
1671 4285 1716 4340 si
1763 4301 1956 4340 omnes
1987 4303 2078 4341 nu-

505 4376 638 4429 meri
665 4375 1012 4432 aeternaliter
1046 4385 1100 4431 et
1127 4375 1708 4432 incommunicabilitcr
1729 4375 1781 4430 in
1810 4374 1854 4407 “
1877 4375 2084 4446 princi-

502 4466 589 4538 pio
618 4483 716 4522 suo
765 4469 1088 4534 subsistunt.
1142 4469 1193 4524 in
1243 4469 1349 4524 ﬁne
1399 4482 1496 4526 suo
1534 4467 1878 4524 aeternaliter
1909 4476 1965 4523 et
2003 4469 2087 4523 irt-

2192 3291 2457 3346 orcupare
2481 3275 2695 3331 sinitur.
2743 3273 2800 3330 lu
2847 3276 2961 3344 ipsa
2991 3291 3121 3331 vero
3151 3273 3356 3333 unitate
3399 3278 3557 3334 simul
3587 3295 3776 3336 omnes

2192 3369 2400 3425 muneri
2433 3377 2578 3434 sunt,
2609 3375 2665 3423 et
2688 3367 2866 3424 nullus
2896 3367 3059 3424 aliutn
3089 3370 3362 3440 praecedit
3397 3369 3482 3426 vel
3508 3372 3772 3442 sequitur,

2191 3459 2441 3532 quoniam
2469 3474 2658 3514 omnes
2687 3473 2852 3512 unum
2885 3466 3029 3513 sunt.
3063 3450 3245 3530 Neque
3273 3469 3452 3514 tamen
3476 3456 3777 3515 naturalem

2190 3569 2344 3608 suunt
2373 3552 2638 3618 ordinem,
2671 3566 2777 3621 quo
2805 3549 2859 3605 in
2893 3544 3006 3607 suis
3033 3543 3570 3624 multiplicationibus
3597 3551 3773 3616 conti-

2191 3653 2405 3710 nentur,
2444 3641 2852 3698 immutabiliter
2880 3638 3162 3706 haberent,
3193 3641 3236 3697 si
3267 3659 3374 3696 non
3405 3643 3644 3712 ipsorum
3679 3655 3776 3699 ae-

2189 3735 2464 3791 terualiter
2490 3731 2840 3790 immutabilis
2869 3749 3032 3788 causa
3067 3734 3118 3790 in
3149 3735 3356 3790 unitate
3398 3733 3768 3806 praecederet.

2189 3823 2446 3879 Similiter
2467 3820 2534 3878 de
2557 3821 2754 3893 duplis,
2784 3837 3012 3892 quorum
3043 3823 3293 3894 princeps
3319 3833 3403 3879 est
3426 3822 3691 3892 binarius,
3717 3830 3776 3880 et

2190 3913 2383 3982 triplis,
2421 3928 2556 3982 quos
2602 3912 2878 3981 praecedit
2913 3913 3202 3975 ternarias,
3231 3921 3284 3967 et
3313 3901 3647 3984 quadruplis,
3679 3913 3771 3984 qui

2187 4020 2252 4058 ex
2283 4005 2634 4074 quaternarin
2678 4003 2964 4072 incipiunt,
3006 4003 3366 4072 omnibusque
3394 3994 3770 4074 multiplicium

2188 4097 2472 4168 speciebus
2518 4093 2946 4166 intelligendum,
2997 4095 3139 4166 quod
3183 4111 3538 4166 unaquaeque
3584 4112 3771 4154 earum

2189 4208 2217 4246 a
2267 4188 2485 4262 proprio
2541 4201 2639 4243 suo
2690 4187 2957 4259 principio
3011 4187 3249 4254 inchoat,
3300 4196 3355 4242 et
3400 4187 3454 4242 in
3505 4185 3770 4246 inﬁnitum

2190 4280 2383 4337 tendit.
2431 4279 2636 4351 Duplex
2675 4285 2856 4334 autem
2902 4277 3198 4348 proportio,
3255 4292 3350 4333 seu
3403 4271 3615 4350 triplex,
3671 4294 3768 4336 seu

2187 4373 2540 4446 quadruplex,
2571 4387 2664 4427 seu
2693 4371 2798 4426 alia
2835 4370 3016 4426 talium
3052 4369 3456 4442 proportionum
3485 4371 3536 4426 in
3564 4372 3770 4428 unitate

2189 4465 2494 4536 specialiter
2515 4475 2674 4532 atque
2721 4461 2971 4517 distincte
3000 4476 3107 4516 non
3137 4459 3475 4534 intelligitur,
3501 4459 3764 4532 siquidem

501 4557 1027 4614 communicabilitcr
1067 4559 1364 4616 subsistere
1404 4560 1772 4615 necessarium
1799 4570 1882 4614 est
1910 4560 1973 4612 ³⁵.
2019 4557 2085 4614 Et
2111 4539 2243 4623 Din
2266 4575 2327 4616 ea
2345 4573 2533 4614 omnes
2558 4555 2878 4627 multiplices
2904 4566 2957 4611 et
2980 4547 3136 4613 simul
3151 4565 3346 4612 suntet
3367 4571 3534 4611 unum
3558 4557 3768 4623 sunt",

500 4646 954 4715 quemadmodum
1006 4662 1111 4702 nou
1147 4647 1252 4700 erit
1297 4646 1418 4704 ﬁnis
1459 4648 1575 4703 sine
1619 4633 1988 4704 desinentibus
2029 4647 2082 4704 in

499 4751 642 4802 cunt,
673 4737 748 4792 ita
787 4752 894 4792 non
923 4745 1044 4792 erat
1073 4736 1119 4777 ιθ
1169 4737 1492 4806 principiqu
1551 4739 1668 4793 sine
1706 4737 2083 4793 inchoantibus

505 4825 572 4878 ab
600 4841 663 4880 eo
692 4835 817 4884 actu
845 4836 902 4884 et
931 4808 1246 4898 operatione
1273 4826 1662 4900 intelligentiae
1705 4827 1768 4882 ι’.
1819 4825 2084 4884 Aeterna-

507 4915 627 4970 liter
654 4934 783 4990 ergo
831 4922 884 4977 in
923 4919 1152 4976 mouade
1182 4935 1371 4976 omnes
1418 4921 1628 4974 numeri
1671 4920 1990 4987 subsistunt,
2035 4930 2090 4976 et

506 5005 634 5062 dum
657 5011 724 5066 ab
744 5026 806 5065 ea
845 5010 1136 5081 proﬂuunt,
1171 5011 1223 5066 in
1255 5026 1320 5066 ea
1339 5026 1461 5066 esse
1501 5026 1607 5066 non
1641 5001 1910 5076 desinunt,
1954 5025 2086 5082 quo-

503 5097 654 5154 niam
701 5108 896 5158 statum
945 5118 1101 5158 suout
1153 5101 1456 5161 naturalem
1499 5101 1750 5158 deserere
1803 5111 1925 5157 non'
1961 5119 2086 5172 pos-

502 5201 652 5246 sunt.
673 5189 820 5274 _Natn
843 5192 957 5250 sive
985 5193 1412 5266 multiplicemur
1453 5192 1499 5233 ι’
1574 5193 1688 5248 sive
1719 5193 2079 5260 resolvantur,

2192 4663 2246 4709 et
2280 4669 2442 4706 unum
2475 4649 2749 4720 multiplex
2782 4658 2838 4704 et
2861 4649 3126 4720 simplex;
3161 4647 3389 4720 simplex
3418 4647 3637 4719 quidem
3670 4662 3770 4704 na-

2193 4754 2332 4808 tura,
2387 4741 2665 4811 multiplex
2715 4755 2844 4797 vero
2899 4741 3227 4805 rationibus,
3285 4741 3584 4797 secundum
3635 4755 3772 4822 quas

2192 4835 2439 4890 ordinem
2487 4849 2643 4890 suum
2695 4835 2748 4888 in
2800 4833 3334 4904 multiplicationibus
3380 4831 3770 4889 immutabilem

2172 4927 2485 5002 accipiunt.
2513 4924 2649 4992 Quid
2677 4925 2852 4981 dicam
2895 4925 2960 4980 de
3002 4925 3238 4981 mirabili
3284 4933 3446 4994 atque
3473 4923 3654 4980 divina
3680 4937 3770 4978 su-

2184 5013 2708 5087 perparticularium,
2742 5025 2799 5070 et
2847 5015 3382 5084 superpartientium,
3411 5025 3468 5070 et
3501 5013 3760 5084 multipli—

2189 5106 2332 5160 cium
2402 5103 3078 5176 superparticularium‘et
3139 5103 3514 5173 multiplicium
3573 5119 3764 5173 super-

2187 5195 2536 5257 oartientium
2563 5197 2946 5254 constitutione
2993 5205 3050 5252 et
3085 5195 3453 5267 proportione,
3483 5209 3618 5264 quas
3653 5195 3768 5251 sin-

1792 5326 2047 5384 VARIAE
2084 5325 2482 5386 LECTIONES.

1049 5465 1072 5496 ⁸
1131 5476 1308 5518 omnes
1329 5478 1438 5519 om.
1468 5463 1534 5518 A.
1663 5458 1685 5497 ⁸
1724 5473 1772 5519 et
1804 5477 1911 5519 om.
1943 5465 2006 5520 A.

502 5533 642 5588 nlibt.
678 5547 790 5589 om.
818 5535 860 5590 Ο
902 5539 910 5546 ’
945 5535 968 5568 ⁸
994 5535 1036 5590 Α
1059 5535 1184 5590 sive.
1288 5533 1308 5566 "
1350 5534 1391 5590 C
1428 5544 1601 5589 autem
1653 5535 1878 5589 adverte.

502 5605 566 5657 Α.
663 5611 706 5644 ιι
757 5606 896 5658 enim
922 5621 1032 5659 om.
1084 5605 1148 5658 Α.
1227 5607 1270 5641 ³³
1315 5613 1365 5659 et
1404 5619 1514 5660 om.
1563 5606 1628 5659 Α.
1705 5605 1754 5644 ⁸⁸
1791 5605 1832 5659 C

504 5674 893 5744 intelligentiae
921 5675 1183 5744 proﬁcisci
1209 5677 1571 5730 aeterualiter.

504 5743 660 5800 idem.
690 5743 695 5744 ί
732 5745 788 5778 ¹¹
819 5743 928 5802 Pro
964 5746 1147 5822 τίτθας
1173 5745 1220 5802 Α
1271 5755 1405 5817 post.

571 5469 590 5506 ί
633 5471 709 5518 est
743 5477 853 5520 om.
885 5456 948 5522 Ε.

2133 5465 2218 5518 δΑ
2247 5464 2524 5534 Siquidem
2557 5464 2646 5518 ubi
2686 5465 2802 5533 fons
2837 5471 3072 5532 apparet,
3110 5471 3213 5514 non
3241 5460 3314 5514 ibi
3343 5471 3504 5534 aqua.

1971 5536 1992 5566 ⁸
2017 5535 2057 5589 Α
2088 5537 2383 5606 unitnsqtte.

1857 5606 2254 5674 protenduntur.

1649 5677 1694 5714 ⁸⁸
1717 5675 1760 5729 Α
1785 5675 2218 5743 multiplicantur.

1508 5745 1553 5779 "
1583 5744 1623 5803 C
1677 5747 1954 5817 imparitcr
1979 5761 2096 5818 par.

3595 5463 3619 5496 ⁸
3663 5465 3770 5520 sive

2481 5535 2500 5565 °
2533 5545 2580 5589 et
2609 5531 2701 5602 per
2725 5531 3174 5602 quentmoventur
3198 5545 3308 5602 om.
3339 5531 3407 5587 A.
3478 5531 3522 5568 ‘°
3568 5544 3614 5588 et
3655 5547 3767 5592 om.

2366 5603 2410 5645 ιδ
2459 5605 2513 5658 in
2557 5601 2664 5657 om.
2709 5603 2774 5656 A.
2852 5601 2898 5634 “
2919 5610 2996 5655 est
3042 5615 3149 5655 om.
3183 5601 3244 5656 G.
3321 5602 3428 5656 “A
3455 5603 3575 5656 erit.
3653 5605 3770 5660 "A

2295 5678 2337 5709 ’³
2365 5676 2404 5727 Α
2424 5675 2753 5743 perspexerit.
2831 5672 2874 5706 '°
2895 5671 2936 5724 Α
2957 5671 3374 5728 innumerabiles.
3447 5673 3488 5706 “
3511 5673 3698 5743 Com;
3724 5678 3768 5730 Α

2193 5744 2238 5775 ²⁵
2267 5745 2308 5798 Α
2336 5755 2381 5798 et
2407 5761 2566 5799 unum
2601 5754 2718 5801 sunt
2752 5754 2799 5800 et
2830 5743 2984 5799 simul
3005 5754 3146 5798 sunt.
