4236 6274
554 262 658 312 (ἰῗὲΡῖ

1926 262 2209 320 ΙΟᾹΝΝΙΞ
2248 263 2445 321 SCOTI

3716 263 3818 319 656

555 376 781 444 gulatim
812 377 1014 448 species
1047 380 1113 431 ab
1162 380 1365 433 unitate
1404 379 1711 448 accipiunt?
1738 378 1876 446 Quid
1914 380 1981 434 de
2011 394 2134 450 pro:
2161 382 2213 442 Α
2238 389 2518 449 quartum,
2551 378 2785 447 dimidia
2817 386 2874 433 et
2914 376 3092 442 tertia,
3131 390 3272 447 quae
3299 384 3425 432 sunt
3452 378 3551 432 tria
3600 386 3660 434 et
3690 380 3814 446 duo,

558 468 1094 534 portionalitatibus,
1158 485 1293 539 quas
1342 471 1393 524 in
1451 472 1927 540 pr0portionilnts,
1975 472 2137 542 iuquc

558 555 875 611 dlﬁ'ereutiis
936 558 1283 613 terminorum
1332 561 1780 630 coutctnplamur,
1840 563 1890 616 in
1942 562 2137 630 quibus

558 645 845 701 incﬁ‘abilis
890 657 1051 716 atque
1080 650 1294 705 divinae
1327 651 1540 706 virtutis
1578 663 1661 707 est
1709 652 2034 717 constantia,
2080 663 2138 707 ut

559 737 735 791 nullus
756 738 1051 809 sapientiae
1068 750 1275 795 secreta
1294 752 1581 811 penetrans
1605 757 1699 798 cas
1722 758 1826 798 non
1845 748 1858 773 '
1884 756 2137 800 aeternas

557 840 676 881 esse
701 828 1034 882 contendat?
1081 830 1135 903 Si
1173 842 1352 885 autem
1384 833 1401 861 '
1433 843 1575 888 recta
1605 833 1846 889 deﬁnitio
1890 846 1975 890 est
1999 835 2131 897 veri,

557 931 696 985 quae
722 918 873 983 dicit,
920 933 1105 973 verum
1149 921 1439 989 essequod
1482 936 1699 992 semper
1747 934 1961 987 manet;
1994 924 2136 993 quod

557 1019 735 1064 autem
760 1026 970 1080 semper
1010 1023 1190 1066 manet
1217 1013 1260 1078 ⁸,
1294 1025 1571 1068 aeternmu
1597 1024 1711 1069 est:
1740 1016 2010 1070 rationes‘
2042 1030 2139 1068 nu-

556 1115 828 1157 merorum
854 1117 1013 1159 verae
1041 1116 1187 1170 sunt,
1205 1106 1325 1175 (ιιιῖῆ
1352 1121 1565 1175 semper
1587 1107 2137 1176 immutabiliterque'

557 1204 800 1256 manent,
829 1210 889 1249 ac
923 1211 1018 1265 per
1051 1196 1151 1251 hoc
1186 1208 1437 1252 aeternae
1468 1207 1609 1251 sunt.
1661 1197 1732 1252 De
1776 1198 1971 1266 quibus
1993 1198 2137 1265 quis-

558 1285 679 1351 quis
743 1284 1026 1356 diligenter
1078 1287 1216 1342 scire
1266 1287 1553 1351 desiderat,
1601 1287 1869 1357 magnifici
1930 1287 2137 1341 lioetliii

556 1376 623 1429 de
678 1375 903 1431 .‘llatbesi
938 1377 1102 1433 libros
1151 1378 1388 1433 intentus
1443 1378 1601 1446 legat.
1655 1380 1784 1434 ltcm
1840 1379 1908 1434 dc
1954 1393 2143 1433 mune-

559 1481 741 1539 rorum
802 1469 1120 1524 aeternitate
1188 1468 1239 1523 iu
1304 1469 1567 1539 principio
1625 1484 1757 1532 suo,
1826 1469 1877 1522 id
1934 1480 2035 1531 est,
2086 1469 2139 1523 in

561 1558 810 1621 monade,
842 1558 1215 1613 brevissinuun
1243 1559 1425 1629 accipe
1454 1568 1858 1630 argumentum.
1883 1559 1940 1615 Si
1966 1559 2142 1614 unitas

558 1661 905 1702 numerorum
953 1658 1035 1703 est
1075 1649 1277 1713 unitas,
1317 1665 1589 1719 nunquam
1636 1661 1755 1706 crat
1805 1651 1983 1706 unitas
2020 1651 2140 1706 sine

2240 471 2521 540 quintum;
2554 477 2736 538 partes
2759 468 2877 539 ejus
2902 481 3092 522 omnes
3119 466 3278 522 simul
3307 466 3651 537 conjunctae,
3681 487 3818 540 quae

2235 572 2362 616 sunt
2413 577 2600 626 unum,
2639 561 2765 624 duo,
2818 559 2945 625 tria,
2995 566 3229 624 sextum,
3272 560 3504 629 scipsum
3542 561 3819 628 videlicet,

2235 652 2534 721 complent;
2598 662 2741 707 totus
2788 665 2911 706 cum
2966 663 3063 704 sua
3113 660 3288 716 sexta,
3333 650 3435 707 hoc
3481 661 3584 716 εει,
3635 667 3731 709 sex
3767 664 3822 711 et

2238 757 2401 796 unmn
2440 742 2758 811 septimum,
2809 748 2954 796 totus
2994 755 3116 796 cum
3161 756 3259 796 sua
3311 744 3503 807 tertia,
3548 744 3657 800 hoc
3716 754 3817 812 est,

2236 846 2329 887 sex
2360 843 2412 886 et
2465 833 2570 887 duo
2601 843 2873 897 oetavum,
2917 840 3059 886 totus
3080 846 3202 885 cum
3228 847 3323 886 sua
3348 833 3569 889 dimidia
3592 849 3816 902 nonum,

2239 928 2339 981 hoc
2391 935 2474 980 est
2508 926 2687 988 ",sex
2736 933 2793 978 et
2840 925 2965 989 tria,
3024 925 3218 994 quibus
3266 926 3312 980 si
3358 942 3524 981 unum
3568 927 3818 995 addatur,

2240 1016 2289 1069 in
2317 1030 2424 1083 quo
2453 1014 2692 1067 ηιιιηίιιιιι
2732 1027 3077 1067 numerorum
3109 1014 3231 1069 ﬁnis
3261 1014 3634 1081 constituitur,
3659 1017 3819 1073 dena-

2241 1106 2317 1159 ria
2373 1104 2645 1173 quantitas
2708 1101 3034 1173 perficietur.
3097 1102 3155 1159 Si
3207 1119 3335 1177 ergo
3389 1104 3669 1175 perfectus
3724 1108 3820 1163 iste

2242 1210 2518 1258 numerus,
2562 1194 2809 1251 senarius
2840 1193 3107 1259 videlicet,
3151 1194 3205 1249 in
3242 1195 3445 1251 unitate
3472 1212 3820 1255 numerorum

2240 1287 2586 1342 constituitur
2613 1286 2683 1352 ",
2717 1285 2917 1348 videat,
2954 1283 3043 1353 qui
3072 1284 3225 1350 dicit,
3254 1300 3376 1339 eum
3398 1295 3683 1342 aeternum
3712 1303 3816 1343 non

2242 1391 2383 1438 esse,
2414 1389 2534 1428 cum
2579 1374 2630 1428 in
2660 1374 2775 1443 ipso
2810 1375 3049 1428 omnium
3085 1375 3333 1430 conditor
3353 1391 3518 1446 opera
3563 1393 3665 1433 sua
3701 1370 3842 1449 per-'

2243 1463 2453 1519 fecerit.
2501 1461 2602 1518 Ubi
2666 1462 2981 1527 uelandum,
3040 1463 3185 1532 quod
3242 1478 3348 1519 non
3409 1466 3529 1520 ideo
3578 1469 3823 1523 senarius

2243 1570 2501 1611 numerus
2528 1551 2802 1623 perfectus
2826 1564 2928 1620 est,
2966 1555 3219 1624 quoniam
3256 1556 3309 1609 in
3339 1570 3405 1611 eo
3427 1557 3570 1612 Deus
3609 1570 3819 1623 cuneta,

2242 1661 2380 1716 quae
2395 1659 2582 1701 creare
2597 1644 2785 1709 voluit,
2799 1646 3210 1709 consummavit,
3235 1646 3329 1701 sed
3353 1646 3473 1702 ideo
3496 1647 3541 1679 ⁸³
3562 1650 3749 1704 omnia
3778 1653 3819 1684 “

557 1736 816 1801 numeris,
864 1752 1091 1806 quorum
1145 1751 1230 1796 est
1274 1740 1469 1796 unitas.
1523 1741 1652 1797 Item
1715 1742 1761 1797 si
1811 1744 2022 1797 numeri
2073 1758 2140 1799 ex
2169 1723 2407 1809 Bopcra
2456 1752 2552 1793 sua
2581 1736 2853 1801 condidit.
2885 1745 2946 1791 ιιι
2990 1736 3317 1806 Ρθνῖθθιίοηε
3360 1740 3569 1795 numeri
3600 1754 3819 1810 οΡθτιιιη

555 1830 785 1885 monade
828 1829 992 1885 veluti
1037 1848 1103 1887 ex
1148 1833 1377 1902 quodam
1428 1832 1574 1889 fonte
1641 1834 1963 1890 inexliausto
2015 1848 2143 1904 pro-

554 1919 748 1986 ﬁuunt,
784 1930 838 1975 et
884 1922 936 1975 in
991 1937 1135 1989 eam,
1176 1934 1653 1994 quantumcunque
1697 1924 2141 1994 multipliccntur,

558 2004 851 2075 chinunt,
909 2028 1012 2067 non
1063 2015 1131 2069 ab
1187 2027 1247 2067 ea
1296 2015 1511 2083 quidem
1552 2013 1902 2084 proﬁuerent,
1934 2015 1977 2070 si
2018 2024 2144 2075 ante

556 2114 743 2153 eorum
775 2100 973 2155 fluxum
1008 2101 1060 2156 in
1101 2116 1164 2156 ea
1197 2102 1482 2157 causaliter
1537 2118 1641 2159 non
1667 2103 1688 2135 ⁸
1723 2106 2072 2162 substitcrcnt
2099 2109 2142 2173 ⁷,

560 2201 669 2243 nee'
705 2188 758 2242 in
810 2203 928 2243 eam
967 2191 1214 2246 desinere
1261 2201 1591 2262 appeterent,
1633 2194 1811 2249 sinon
1855 2196 1907 2249 iu
1934 2210 1996 2250 ea
2021 2211 2147 2252 suas

558 2294 753 2337 causas
777 2284 1122 2339 aeternaliter
1148 2298 1467 2355 permanere
1503 2287 1734 2343 naturali
1780 2300 1924 2343 metu
1950 2304 2146 2359 cogno-

558 2382 793 2437 scerent,
842 2374 907 2427 ad
953 2390 1089 2445 quas
1132 2390 1343 2446 semper
1402 2377 1576 2434 redire
1627 2395 1729 2435 non
1790 2394 2002 2436 cessant
2052 2397 2147 2452 per

558 2469 774 2523 eosdem
832 2467 1051 2540 gradus,
1112 2468 1309 2539 quibus
1362 2470 1428 2524 ad
1501 2472 1690 2527 eadem
1753 2473 2143 2543 produxerant,

558 2560 842 2632 aualytieis
886 2561 1101 2633 regulis,
1147 2576 1244 2631 per
1281 2577 1416 2632 quas
1461 2565 1637 2619 onmis
1681 2564 2033 2636 inaequalitas
2077 2571 2144 2625 ad

559 2653 940 2723 aequalitatem
967 2662 1266 2708 revocatur.
1307 2653 1619 2723 Analyticas
1645 2666 1824 2711 autem
1855 2658 2065 2726 regulas
2090 2658 2141 2713 in

560 2741 739 2797 fronte
767 2743 985 2798 secundi
1014 2752 1275 2799 tractatus
1306 2742 1605 2801 Matlicseos
1634 2746 1903 2815 magniﬁci
1935 2748 2139 2803 lloetliii

559 2836 833 2890 studiosus
863 2836 1091 2905 quisque
1146 2837 1331 2890 talium
1370 2836 1598 2891 mirabili
1647 2847 1957 2892 naturarum
1987 2839 2141 2894 inda-

560 2927 776 2995 gatione
802 2926 1053 2996 reperiet.
1087 2924 1144 2981 Si
1180 2938 1360 2981 autem
1388 2928 1509 2996 quis
1538 2929 1756 2994 dixerit,
1792 2939 1848 2984 et
1882 2930 2141 2985 unitatem

560 3031 931 3080 numerorum.
960 3027 1017 3072 et
1054 3019 1200 3090 ipsos
1234 3033 1489 3075 numeros
1523 3021 1681 3075 simul
1709 3035 1833 3078 esse
1870 3022 2142 3093 insepara-

561 3107 768 3174 biliter,
805 3109 1059 3179 quoniam
1086 3110 1230 3165 inter
1259 3125 1343 3176 ea,
1376 3126 1513 3179 quae
1543 3113 1703 3166 simul
1730 3126 1782 3167 et
1809 3115 2142 3184 inseparabi-

561 3196 687 3253 liter
728 3211 870 3264 sunt,
919 3215 1022 3254 non
1065 3201 1355 3272 incongrue
1388 3214 1866 3267 connumerautur,
1902 3219 2005 3259 non
2054 3220 2143 3260 nc-

562 3290 819 3360 gaudum,
845 3291 952 3345 imo
975 3291 1138 3345 etiam
1171 3290 1444 3346 fatendum
1476 3309 1490 3357 ;
1520 3296 1611 3347 sed
1644 3307 1747 3347 non
1780 3294 1899 3348 ideo
1925 3304 2141 3349 aeterna

562 3393 702 3444 esse,
746 3382 1119 3450 principioque
1162 3396 1350 3437 carere
1378 3383 1705 3437 credendum
1737 3383 1820 3437 vel
1848 3383 2142 3455 intelligen-

564 3469 714 3524 dum.
746 3469 908 3525 Multa
954 3470 1096 3525 enim
1135 3483 1281 3537 sunt,
1309 3488 1448 3541 quae
1489 3473 1648 3527 simul
1698 3474 1960 3544 incipiunt
2001 3490 2140 3542 esse,

562 3574 671 3614 non
724 3570 905 3617 tamen
944 3562 1063 3617 ideo
1096 3562 1253 3617 simul
1282 3563 1304 3595 ⁸
1334 3564 1679 3618 aeternaliter
1714 3573 1980 3635 coguntur
2011 3568 2139 3622 sub-

562 3650 777 3707 sistere.
805 3652 939 3708 Nam
969 3663 1024 3707 et
1058 3654 1310 3708 materies
1336 3664 1389 3708 et
1411 3652 1604 3720 forma,
1634 3663 1689 3709 et
1719 3668 1820 3709 vox
1842 3663 1895 3710 ει
1921 3654 2143 3710 verbum

563 3742 727 3796 simul
766 3743 1050 3814 incipiunt,
1087 3744 1246 3799 simul
1277 3745 1545 3811 desinunt,
1581 3759 1681 3800 nec
1718 3755 1895 3801 tamen
1924 3758 2144 3803 acterna

564 3841 709 3888 sunt.
727 3831 784 3888 Si
810 3833 954 3888 enim
974 3843 1191 3890 aeterna
1216 3840 1416 3900 εεεεηι,
1432 3849 1530 3890 nec
1551 3835 1868 3905 inciperent,
1885 3852 1984 3893 nec
2006 3837 2147 3893 desi-

572 3938 764 3983 nerent
790 3944 931 3997 esse,
949 3940 1002 3985 et
1029 3931 1193 3985 multa
1211 3930 1263 3985 id
1288 3945 1475 4003 genus.
1501 3931 1970 4004 Respondendum,
1988 3951 2145 3992 sena-

565 4022 681 4076 rius
711 4038 967 4079 numerus
997 4024 1063 4078 ab
1089 4025 1296 4079 unitate
1352 4034 1408 4079 et
1435 4025 1879 4097 multiplicatione
1920 4030 2148 4084 aliorum

569 4129 920 4171 numerorum
949 4131 1054 4171 non
1080 4115 1397 4184 secluditur,
1423 4119 1742 4188 praesertim
1772 4135 1894 4175 cum
1925 4122 2071 4176 solus
2095 4121 2148 4174 in

570 4208 955 4276 eardinalibus,
978 4211 1077 4265 hoc
1110 4219 1212 4275 est,
1244 4211 1297 4264 in
1324 4211 1496 4280 prime
1524 4227 1682 4267 versu
1715 4229 2060 4269 numerorum
2085 4215 2150 4269 ab

567 4314 678 4355 uno
724 4317 893 4372 usque
921 4298 1001 4357 ad
1027 4303 1234 4369 decem,
1286 4303 1557 4373 perfectus
1605 4306 1712 4369 sit;
1755 4307 1867 4360 suis
1920 4320 2153 4375 namque

568 4389 813 4460 partibus
837 4392 1138 4461 perﬁcitur,
1161 4403 1309 4448 sexta
1326 4376 1608 4459 “videlicet,
1639 4404 1693 4450 et
1716 4395 1892 4458 tertia,
1917 4405 1971 4449 et
1994 4395 2151 4449 dimi-

568 4476 678 4533 dia.
732 4478 896 4532 Sexta
939 4482 1154 4549 quidem
1193 4499 1355 4537 unum
1408 4496 1507 4548 est,
1566 4486 1722 4542 tertia
1766 4487 1889 4550 duo,
1928 4486 2149 4542 dimidia

569 4564 697 4628 tria,
730 4579 867 4631 quae
902 4568 1059 4621 simul
1097 4581 1406 4639 compactae
1468 4577 1738 4632 seuariam
1792 4576 2083 4633 conﬁciunt
2128 4581 2150 4612 ’

572 4652 949 4721 quantitatem.
1002 4654 1179 4710 Unum
1223 4657 1511 4724 siquidem,
1562 4672 1615 4716 ει
1660 4666 1786 4730 duo,
1818 4676 1873 4720 et
1918 4666 2018 4720 tria
2058 4681 2150 4722 sex

572 4749 701 4795 sunt
724 4740 791 4794 “.
823 4741 920 4795 Est
941 4752 995 4798 et
1021 4743 1120 4795 alia
1149 4745 1305 4807 ratio,
1331 4760 1468 4812 quae
1490 4749 1626 4803 miro
1649 4753 1807 4805 modo
1833 4756 2030 4807 senarii
2056 4772 2156 4808 nu-

571 4831 710 4887 meri
758 4831 1138 4902 perfectionem
1187 4832 1442 4899 insinuat,
1475 4851 1614 4905 quae
1659 4838 1891 4906 primum
1935 4856 2149 4895 versum

575 4940 926 4981 numerorum
973 4925 1085 4981 suis
1121 4924 1364 4997 partibus
1405 4926 1652 4983 ordinate
1697 4929 2002 4984 constitutis
2032 4944 2157 4999 pcr-

575 5018 707 5073 ﬂcit.
765 5017 929 5074 Sexta
975 5034 1101 5091 pars
1146 5017 1262 5087 ejus
1309 5033 1473 5074 unum
1530 5020 1761 5091 primum
1809 5036 2152 5076 numerorum

574 5109 785 5166 obtinet
819 5110 1015 5177 locum,
1064 5109 1220 5166 tertia
1259 5108 1364 5164 duo
1431 5111 1751 5179 secundum,
1792 5112 2009 5169 dimidia
2055 5114 2153 5169 tria

577 5202 823 5270 tertium,
852 5202 1068 5259 dimidia
1107 5212 1162 5257 et
1192 5209 1345 5257 sexta
1395 5215 1532 5257 euae
1582 5212 1707 5257 sunt
1739 5204 1839 5258 tria
1876 5213 1930 5259 et
1967 5220 2150 5266 unum,

2245 1845 2465 1887 suorum
2506 1829 2891 1900 perfectionem
2939 1828 3285 1898 signiﬁcaret.
3314 1829 3428 1885 Hoc
3459 1831 3624 1901 igitur
3658 1833 3827 1888 maxi-

2246 1935 2391 1974 mum
2438 1934 2502 1976 ac
2536 1919 2927 1974 divinissimum
2961 1918 3253 1988 exemplar,
3282 1920 3337 1974 in
3376 1937 3483 1991 quo
3515 1922 3645 1978 fecit
3688 1924 3822 1980 Deus

2245 2027 2407 2087 opera
2461 2027 2581 2080 sua,
2638 2010 2882 2085 nunquid
2936 2010 3194 2066 credibile
3241 2022 3332 2066 aut
3395 2014 3688 2070 verisimile
3735 2023 3816 2070 est

2251 2110 2618 2181 tcmporaliter
2644 2110 2952 2173 inchoasse,
2978 2104 3103 2163 dum
3143 2105 3197 2158 in
3227 2120 3293 2160 ω
3322 2121 3428 2161 non
3460 2107 3651 2174 solum,
3678 2124 3812 2177 quae

2248 2201 2300 2257 in
2341 2200 2670 2271 temporibus
2694 2210 2839 2265 sunt,
2884 2214 3068 2254 verum
3094 2208 3149 2254 et
3178 2201 3292 2269 ipsa
3318 2204 3584 2270 tempora,
3611 2207 3814 2272 etquae

2248 2292 2389 2347 ultra
2422 2301 2663 2359 tempora
2692 2290 3014 2354 subsistunt,
3040 2291 3107 2344 ab
3134 2290 3326 2359 opiﬁce
3351 2307 3592 2347 omnium
3620 2293 3813 2347 consti-

2249 2392 2363 2439 tuta
2390 2382 2551 2436 sunt?
2579 2380 2808 2435 Proinde
2836 2394 2992 2435 nemo
3015 2395 3205 2435 sanum
3234 2383 3448 2452 sapiens
3475 2385 3541 2437 de
3580 2385 3813 2439 aeterni-

2247 2481 2357 2526 tate
2402 2484 2749 2525 numerorum
2801 2470 3081 2534 dubitabit,
3129 2471 3298 2526 solius
3359 2474 3552 2527 senarii
3612 2475 3816 2527 muneri

2246 2572 2565 2630 argumento
2605 2570 2780 2615 utens.
2829 2558 2961 2612 Nam
3007 2561 3148 2629 quod
3200 2561 3266 2615 de
3317 2563 3632 2616 aeternitate
3673 2562 3811 2615 illius

2248 2651 2583 2721 intelligitur,
2614 2650 2681 2704 de
2710 2648 2937 2701 aliorum
2966 2647 3215 2703 similiter
3254 2650 3579 2718 perennitate
3611 2648 3803 2703 intelli-

2246 2742 2475 2812 gendum
2512 2740 2685 2795 est".
2720 2738 2993 2808 Siquidem
3045 2754 3151 2794 non
3200 2740 3261 2795 de
3302 2740 3411 2796 solo
3461 2742 3693 2803 senario,
3745 2743 3811 2797 de

2245 2834 2596 2892 universitate
2641 2846 2772 2887 vero
2819 2831 3141 2902 generaliter
3184 2834 3419 2887 omnium
3468 2848 3812 2888 numerorum

2245 2927 2448 2981 dictum
2470 2932 2553 2979 cst
2578 2937 2592 2975 ε
2623 2920 2812 2976 Omnia
2835 2923 2888 2975 in
2912 2938 3174 2988 mensura,
3203 2934 3250 2976 et
3272 2940 3499 2988 numero,
3525 2935 3571 2977 et
3596 2925 3818 2994 pondere

2248 3018 2367 3083 fecit
2399 3000 2554 3069 Deus.
2584 3011 2655 3067 At
2692 3013 2738 3067 si
2767 3012 2881 3067 loca
2930 3022 2983 3066 ει
3012 3022 3248 3083 tempora
3281 3015 3419 3069 intra
3445 3017 3645 3081 omnia,
3681 3031 3817 3086 quae

2246 3109 2387 3163 Deus
2412 3107 2559 3171 fecit,
2587 3112 3061 3170 conuumerantur,
3084 3107 3391 3161 necessario
3431 3107 3816 3163 intellectuales

2247 3200 2477 3264 numeri,
2505 3201 2557 3254 iu
2599 3199 2710 3254 sola
2747 3199 2969 3253 scientia
2999 3198 3296 3264 substituti,
3329 3199 3445 3255 loca
3488 3209 3545 3254 et
3583 3209 3815 3269 tempora

2246 3302 2473 3347 naturae
2511 3305 2641 3346 suae
2678 3290 3038 3360 perpetuitate
3067 3292 3412 3360 praecedunt,
3455 3301 3511 3345 et
3551 3291 3691 3345 intra
3737 3305 3816 3352 ea,

2246 3399 2385 3454 quae
2417 3382 2577 3438 simul
2604 3391 2659 3436 et
2693 3389 2911 3436 aeterna
2951 3391 3006 3436 et
3038 3382 3176 3437 facta
3222 3392 3368 3448 sunt,
3401 3390 3815 3452 computantur;

2247 3485 2466 3531 aeterna
2502 3459 2719 3544 quidem
2751 3481 2879 3528 sunt
2919 3473 2971 3527 in
3004 3473 3252 3538 monade,
3282 3475 3334 3528 in
3368 3473 3827 3543 multiplicationi-

2246 3568 2348 3623 bus
2367 3579 2497 3620 vero
2518 3566 2599 3618 sui
2618 3563 2661 3595 ⁸³
2684 3564 2846 3619 facta.
2873 3563 3011 3619 Msa.
3042 3564 3118 3618 De
3143 3566 3462 3619 aeternitate
3476 3579 3815 3621 numerorum

2249 3658 2301 3712 in
2347 3656 2576 3711 monade
2614 3655 2749 3710 satis
2788 3663 2872 3709 est
2919 3655 3268 3724 disputatum.
3317 3655 3597 3722 Quomodo
3644 3665 3819 3710 autem

2251 3750 2379 3803 ﬁunt
2405 3748 2472 3813 ",
2497 3755 2551 3800 et
2578 3747 2690 3811 ubi,
2714 3755 2769 3801 et
2809 3746 2970 3810 unde,
2992 3745 3147 3800 valde
3172 3747 3533 3802 necessarium
3562 3756 3645 3802 est
3676 3746 3826 3802 inve-

2249 3837 2464 3909 stigare.
2484 3836 2681 3890 Eorum
2698 3849 2927 3903 namque
2946 3846 3262 3905 argumento
3283 3851 3540 3891 conamur
3559 3849 3825 3902 asserere,

2251 3928 2450 3991 omnia,
2506 3941 2643 3995 quae
2669 3940 2699 3979 a
2727 3926 2772 3957 ⁸⁸
2795 3924 2904 3980 Deo
2944 3935 3085 3990 sunt,
3140 3936 3360 3982 acterna
3394 3926 3554 3981 simul
3598 3939 3653 3981 et
3686 3926 3825 3982 facta

2252 4034 2388 4075 esse.
2418 4018 2561 4072 DISC.
2612 4015 2999 4071 Aeternitatem
3046 4015 3310 4081 monadis,
3338 4018 3685 4087 oumiumque
3727 4032 3830 4071 nu-

2253 4122 2525 4164 merorum
2556 4106 2608 4161 in
2651 4120 2735 4169 ea,
2775 4113 3037 4174 quantum
3068 4104 3243 4169 valeo,
3271 4106 3515 4175 exposui.
3548 4106 3825 4173 Quomodo

2254 4211 2430 4254 autem
2459 4198 2851 4254 intellectualcs
2878 4196 3111 4262 muneri,
3136 4197 3429 4252 secundum
3456 4212 3593 4268 quos
3620 4199 3823 4263 omnia,

2255 4309 2393 4365 quae
2438 4293 2708 4349 numerari
2740 4302 2981 4361 possunt,
3016 4301 3386 4363 numerantur,
3418 4293 3572 4357 fiunt,
3615 4300 3669 4347 ει
3712 4291 3823 4354 ubi,

2257 4395 2310 4438 ct
2356 4386 2515 4452 unde,
2566 4395 2714 4439 tuum
2765 4397 2846 4440 cst
2898 4385 3206 4455 explanare.
3282 4384 3395 4440 lloc
3454 4395 3633 4439 autem
3705 4383 3824 4438 dico

2257 4477 2453 4539 sciens,
2496 4476 2706 4532 facilius
2731 4491 2916 4531 eorum
2946 4475 3339 4541 aeternitatem,
3370 4490 3531 4545 quam
3563 4473 3816 4527 facturam

2257 4578 2312 4622 et
2330 4566 2516 4637 quaeri
2548 4581 2725 4635 posse,
2746 4577 2803 4622 et
2836 4566 3083 4632 inveniri,
3105 4576 3160 4623 ct
3188 4566 3424 4621 suaderi.
3454 4564 3589 4620 Msa.
3628 4563 3698 4617 De
3731 4574 3815 4614 me
3874 4634 3875 4637 η

2257 4659 2414 4726 bene,
2446 4668 2503 4712 ut
2543 4658 2719 4722 video,
2767 4660 3043 4724 aestimas,
3095 4660 3308 4728 quando
3357 4656 3483 4710 milii
3526 4652 3813 4708 dilliciliora

2258 4747 2588 4818 quaerenda,
2618 4746 2954 4810 invenienda,
2981 4748 3252 4802 suadenda
3279 4744 3584 4800 committis.
3618 4743 3820 4796 Vernu-

2248 4835 2434 4893 ‘tamcn
2488 4852 2663 4892 meum
2711 4848 2796 4893 est
2865 4852 3151 4909 quaerere,
3211 4836 3445 4894 invenire
3504 4848 3633 4889 vero
3681 4832 3822 4888 illius

2256 4929 2421 4985 solius
2449 4940 2548 4993 est,
2580 4930 2666 4999 qui
2694 4930 2954 4984 illuminat
2979 4930 3285 4985 abscondita
3315 4930 3672 4988 tenebrarum;
3704 4939 3823 4979 sua-

2246 5014 2384 5077 tlere
2425 5035 2640 5091 quoque
2669 5018 2905 5089 ejusdem
2936 5031 3040 5085 est,
3068 5020 3158 5090 qui
3203 5029 3380 5089 potest
3427 5019 3573 5074 solus
3617 5015 3825 5086 aperire

2255 5127 2475 5168 sensum
2505 5121 2557 5166 ct
2592 5111 2937 5167 intellectum.
2994 5111 3131 5177 Quid
3158 5111 3302 5164 enim
3344 5111 3564 5179 prodest
3593 5106 3827 5164 exterior

2258 5203 2456 5261 suasio.
2504 5202 2547 5257 si
2602 5215 2705 5257 non
2751 5200 2891 5257 adsit
2915 5200 2957 5232 ⁸⁸
2982 5199 3208 5255 interior
3248 5198 3610 5255 iliuminatio?
3647 5198 3825 5267 Itaque

1869 5314 2119 5371 VARIAB
2159 5312 2556 5372 LECTIONES.

652 5433 679 5471 ι
709 5442 812 5481 non
857 5442 966 5483 om.
1014 5427 1079 5483 Α.
1178 5426 1200 5459 ⁸
1236 5424 1282 5480 Α
1321 5424 1480 5482 enim.

585 5497 726 5553 liter.
821 5496 843 5527 ⁸
884 5514 985 5551 non
1030 5512 1139 5551 om.
1167 5496 1229 5551 Δ.
1327 5496 1348 5528 ⁸
1389 5496 1430 5548 Α
1460 5496 1817 5561 substiterant,

583 5565 648 5623 C.
737 5567 781 5605 ⁸³
803 5567 1020 5620 denaria
1050 5568 1738 5630 quantitas—constituitur
1761 5585 1870 5625 om.
1899 5568 1958 5621 (Σ.

590 5638 636 5672 ⁸⁸
664 5649 736 5699 est
757 5653 866 5698 out.
894 5637 956 5691 A.
1038 5635 1083 5669 ⁸⁸
1107 5633 1149 5690 C
1172 5636 1296 5690 suis.
1389 5636 1428 5668 "
1454 5638 1496 5692 Α
1523 5638 1731 5706 ﬁniunt.
1805 5638 1848 5671 ⁸⁸
1877 5655 1909 5693 a
1930 5652 2036 5693 om.
2066 5638 2130 5690 Α.

1592 5427 1614 5460 ⁸
1658 5427 1798 5499 quod
1836 5438 2008 5499 autent
2048 5441 2246 5499 semper
2287 5433 2612 5499 mancipat.
2642 5419 2684 5477 C

1917 5497 2118 5569 'sintnl
2156 5511 2264 5569 om.
2305 5497 2369 5548 Λ.
2431 5497 2560 5569 ,⁸0
2595 5497 2773 5569 perﬁci

2037 5565 2081 5604 "
2112 5566 2252 5667 qtth
2276 5581 2383 5690 Eon
2426 5560 2730 5617 ideo—sed
2757 5560 2873 5633 ideo
2902 5576 3010 5617 om.
3034 5561 3094 5616 (Σ.

2066 5638 2130 5690 Α.
2209 5641 2225 5672 ⁸
2300 5634 2314 5650 “
2342 5635 2425 5689 sit.

2342 5652 2425 5689 811.

2786 5421 2808 5450 ⁸
2842 5419 2884 5474 Α
2924 5419 3326 5476 ractonationes.
3422 5419 3504 5472 ’Λ
3535 5418 3829 5473 immutabi-

2786 5502 2888 5543 unt.
2986 5491 3093 5545 “A
3127 5491 3279 5545 ﬁunt.
3386 5489 3427 5521 ⁸⁸
3463 5491 3559 5543 hoc
3594 5501 3667 5543 est
3716 5504 3823 5541 om.

3052 5494 3093 5545 Α
3125 5491 3279 5558 ﬁunt.
3386 5491 3427 5521 ⁸⁸
3463 5491 3559 5543 hoc
3594 5501 3667 5543 est
3716 5504 3819 5541 om.

3052 5561 3094 5616 3.
3181 5563 3223 5591 "
3249 5560 3351 5616 l’ro
3372 5561 3549 5615 omnia
3582 5562 3624 5613 Α
3661 5561 3713 5611 in
3742 5573 3819 5610 ea.

2473 5495 2494 5526 ⁸
2520 5493 2560 5546 C
2595 5488 2888 5558 perﬁciunt.
