4236 6274
434 353 536 408 657

1292 343 1379 398 DE
1415 340 1758 399 DIVISIONE
1794 340 2144 397 NATURAE.
2183 372 2253 382 —
2286 343 2487 401 LIBER
2524 345 2843 402 TERTIUS.

2150 274 2176 284 πα..

3568 344 3667 399 658

436 469 578 540 quod
607 466 768 539 paulo
808 470 934 519 ante
961 478 992 517 a
1024 470 1074 517 te
1105 470 1123 501 ι
1152 460 1352 517 dictum
1384 469 1490 526 est,
1536 468 1756 515 aeterna
1787 459 2005 529 quidem
2033 460 2085 522 Α
2109 472 2203 513 eos
2229 460 2867 530 ordinantis,'eorumque
2911 461 3149 516 rationes
3183 459 3388 520 facilius
3430 473 3666 524 tractau-

438 563 491 616 in
540 557 782 621 monade,
832 555 883 608 in
933 551 1465 621 multiplicationibus
1514 564 1642 604 vero
1681 549 1795 604 suis
1840 547 2003 611 facta,

440 653 594 721 hujus
638 647 963 719 quaestionis
1002 644 1370 714 praelibamen
1412 655 1534 697 esse
1578 640 1834 695 arbitror.
1868 640 1935 693 Et
1961 639 2006 694 si

2110 550 2201 615 tis,
2227 549 2474 618 forasque
2503 551 2816 618 quibusdam
2838 553 3004 622 signis
3025 553 3383 624 corporalium
3408 572 3663 616 sensuum

2106 640 2435 709 signiﬁcatos
2460 639 2515 692 in
2551 640 2773 694 aliorum
2804 643 3047 697 notitiam
3078 644 3359 700 tradentis.
3396 646 3461 701 Et
3494 665 3558 705 ne
3581 666 3672 707 me

439 741 763 805 intellexisti,
790 738 931 809 quod
962 735 1168 796 dixisti,
1199 732 1466 803 superﬂue
1491 731 1726 803 quaeris,
1759 729 1903 799 quod
1924 731 2007 784 in-
2105 729 2384 785 existimes
2401 728 2538 783 velle
2556 728 2800 793 suadere,
2841 731 2987 799 ipsos
3020 748 3273 790 numeros
3298 735 3369 790 ab
3395 735 3668 797 intellectu

439 832 656 902 telligis;
691 829 773 884 sin
802 841 951 889 vero,
984 823 1354 895 quaerendum
1377 829 1479 877 est.

501 930 586 985 12.
628 928 771 984 Βιεσ.
822 925 1057 982 Omnino
1108 924 1286 989 video,
1345 936 1600 977 numeros
1647 934 1753 975 non
1792 918 1897 974 nisi
1946 920 2001 974 in

430 1019 965 1091 multiplicationibus
1006 1016 1120 1071 suis
1143 1029 1302 1085 posse
1345 1012 1490 1079 ﬁeri;
1525 1027 1651 1066 nam
1692 1011 1748 1065 in
1776 1010 2002 1066 monade

429 1113 633 1169 aeterni
656 1113 678 1142 ¹
704 1119 853 1167 sunt‘.
888 1108 1167 1175 Quomodo
1194 1119 1397 1172 autem,
1441 1106 1525 1161 vel
1553 1106 1665 1169 ubi,
1703 1104 1787 1161 vel
1816 1105 1957 1159 unde
1981 1102 2002 1135 ³

429 1206 587 1269 ﬁunt,
624 1203 805 1257 adhuc
826 1215 931 1255 non
964 1199 1143 1262 video,
1169 1199 1396 1267 ideoque
1424 1199 1618 1252 borum
1641 1196 2003 1267 cognitionem

431 1307 486 1353 te
506 1295 715 1365 aperire
748 1292 980 1364 postulo.
1021 1290 1156 1345 MAG.
1190 1288 1391 1345 Omnes
1413 1303 1667 1344 numeres
1695 1286 2001 1352 causaliter,

429 1388 537 1442 boe
562 1395 667 1451 est,
698 1386 749 1439 vi
779 1394 835 1440 et
856 1371 1144 1452 potestate
1173 1381 1226 1434 in
1260 1382 1488 1435 monade
1514 1394 1726 1448 semper
1750 1392 1868 1432 esse
1894 1392 2003 1432 non

432 1479 759 1534 dubitamus.
785 1477 934 1531 DISC.
958 1473 1095 1529 Hine
1123 1473 1370 1529 dubitare
1399 1473 1672 1528 minusest
1698 1471 2002 1537 intelligen-

432 1569 580 1624 tium.
615 1566 751 1621 MAG.
779 1565 1005 1619 Monada
1028 1572 1208 1619 autem
1237 1565 1291 1617 in
1323 1563 1345 1594 ⁸
1387 1563 1649 1633 sapientia
1687 1569 1742 1616 et
1779 1560 2004 1616 scientia

427 1656 768 1712 aeternaliter
796 1655 1093 1711 subsistere
1142 1654 1424 1725 intelligis,
1464 1662 1525 1708 ut
1567 1653 1822 1708 arbitror.
1854 1653 1998 1706 DISC.

426 1749 483 1803 Si
530 1747 687 1803 aliter
724 1749 918 1812 sentio,
963 1748 1032 1802 ab
1062 1747 1232 1817 ipsius
1261 1747 1508 1802 monadis
1536 1761 1662 1801 vera
1697 1746 2004 1817 cognitione

2103 818 2190 873 vel
2235 821 2443 874 ratione
2480 819 2825 889 multiplicari
2866 830 2922 875 et
2960 825 3152 890 creari,
3192 834 3247 880 et
3288 842 3393 881 non
3442 828 3510 883 ab
3555 829 3672 899 ipso

2103 909 2345 963 omnium
2402 910 2702 976 conditore,
2754 910 3184 979 multiplicatore,
3238 915 3564 972 ordinatore.
3611 917 3673 978 Si

2102 998 2247 1053 enim
2313 998 2380 1053 ab
2431 999 2540 1053 ullo
2604 1008 2790 1056 creato
2844 1000 3115 1058 intellectu
3175 1006 3672 1078 multiplicationem

2103 1105 2254 1145 suam
2298 1092 2509 1146 numeri
2546 1093 2778 1161 primum
2807 1101 3139 1163 paterentur,
3165 1113 3269 1152 non
3307 1101 3386 1155 eis
3413 1101 3589 1157 divina
3618 1112 3672 1159 et

2104 1181 2389 1236 ineﬂ'abilis
2418 1183 2826 1237 immutabilitas
2856 1193 2911 1238 et
2936 1186 3212 1240 harmonia
3243 1190 3509 1245 rationum
3537 1192 3671 1248 ines-

2105 1280 2204 1326 set.
2232 1270 2464 1327 Proinde
2487 1287 2590 1326 non
2612 1272 2734 1326 ideo
2759 1273 3062 1329 intellectus
3090 1275 3471 1336 intellectuales
3485 1298 3671 1339 nume-

2104 1376 2194 1416 ros
2229 1376 2413 1416 creare
2441 1363 2709 1431 putandus
2744 1372 2848 1428 est,
2884 1366 3011 1433 quia
3041 1366 3093 1419 in
3121 1366 3326 1437 seipsos
3347 1373 3672 1444 contempla-

2108 1462 2213 1508 tur.
2237 1454 2316 1508 Ab
2346 1468 2456 1507 uno
2477 1462 2656 1507 autem
2677 1452 2933 1509 Creatore
2956 1460 3194 1512 omnium
3218 1459 3271 1513 in
3298 1460 3673 1535 intellectibus,

2104 1547 2219 1602 sive
2263 1546 2533 1611 humanis,
2579 1546 2692 1601 sive
2721 1547 2996 1616 angelicis,
3045 1548 3161 1605 ﬁeri
3205 1552 3529 1608 credendum
3569 1565 3669 1625 est,

2105 1654 2135 1691 a
2160 1652 2266 1706 quo
2292 1635 2455 1690 etiam
2484 1635 2536 1688 in
2567 1635 2793 1690 monade
2832 1638 3180 1694 aeternaliter
3212 1642 3487 1698 substituti
3514 1657 3674 1714 sunt;

2104 1743 2202 1797 per
2229 1726 2554 1781 intellectum
2596 1727 2664 1781 ab
2710 1741 2773 1781 ea
2812 1729 2865 1782 in
2894 1729 3165 1786 notionem
3196 1734 3425 1790 rationis
3459 1737 3681 1795 descen-

421 1840 631 1895 alienus
692 1855 834 1897 sum.
898 1839 1039 1896 MAG.
1084 1812 1213 1896 iNon
1279 1840 1414 1895 alios
1464 1839 1622 1904 reris,
1677 1847 1736 1893 ut
1763 1812 2000 1906 vopinor,
2032 1812 2260 1876 Bdum-
2313 1819 2447 1875 Nam
2502 1812 2972 1893 quemadmodum.
3025 1832 3086 1878 τη
3145 1828 3387 1897 exemplo
3441 1839 3674 1899 utamur.

419 1947 673 1999 numeros
718 1933 772 1987 in
814 1934 1045 1989 monade
1071 1933 1123 1987 vi
1167 1942 1223 1988 et
1263 1940 1532 2003 potestate
1564 1931 1905 1995 constitutos,
1947 1937 2003 1984 et

424 2023 558 2079 alios
582 2032 705 2078 actu
740 2031 794 2078 et
823 2037 985 2093 opere
1032 2022 1088 2078 in
1119 2038 1318 2094 genera
1358 2030 1413 2078 et
1443 2022 1652 2091 species
1687 2020 1999 2090 intelligibi—

421 2111 549 2168 lium
579 2128 949 2177 numerorum,
977 2113 1070 2169 sed
1091 2112 1309 2169 eosdem
1330 2111 1680 2184 proﬂuentes.
1711 2110 1854 2166 DISC.
1880 2108 1997 2164 Non

418 2204 570 2269 alios,
598 2206 816 2261 eosdem
859 2220 1006 2269 vero,
1057 2205 1151 2261 sed
1196 2205 1369 2260 aliter.
1421 2205 1560 2260 MAG.
1609 2205 1730 2269 Dic,
1763 2216 1992 2273 quaeso,

419 2300 689 2368 quomodo
742 2299 939 2363 aliter?
988 2299 1132 2364 Disc.
1185 2298 1241 2352 ln
1292 2300 1520 2353 monade
1559 2297 1777 2366 quidem
1819 2296 1873 2350 vi
1944 2304 1999 2351 et

420 2398 708 2458 potestate,
762 2390 816 2443 in
878 2390 1169 2458 generibus
1223 2404 1351 2443 vero
1400 2396 1455 2443 et
1511 2388 1702 2442 formis
1747 2395 1872 2441 actu
1941 2396 1997 2441 et

420 2494 603 2548 opere.
634 2479 773 2535 MAG.
800 2478 970 2534 Recte
1000 2479 1349 2547 reSpondisti.
1377 2478 1512 2533 Num
1542 2493 1671 2549 ergo
1697 2478 1872 2542 vides,
1896 2494 1997 2532 nu-

418 2585 601 2627 meros
629 2569 845 2626 eosdem
878 2571 950 2625 ibi
994 2579 1245 2625 aeternos
1274 2584 1415 2635 esse,
1454 2570 1543 2624 ubi
1570 2570 1623 2624 vi
1654 2578 1709 2624 et
1736 2577 1998 2639 potestate

417 2661 704 2715 causaliter
727 2668 871 2725 sunt,
904 2661 1008 2715 boc
1037 2669 1138 2723 est,
1188 2661 1242 2714 in
1287 2661 1548 2726 monade;
1597 2661 1685 2715 ubi
1710 2676 1840 2716 vero
1874 2669 1997 2716 actu

414 2758 468 2804 et
495 2764 657 2819 opere
704 2748 1109 2820 intelliguntur,
1151 2750 1225 2804 ibi
1275 2747 1447 2803 factos
1477 2763 1599 2804 esse
1632 2749 1859 2804 l’?Dtsc.
1903 2748 1996 2803 Ni-

417 2840 581 2893 mium
627 2835 927 2907 acceleras;
967 2840 1297 2910 pedetentim
1344 2840 1770 2895 ratiocinationis
1814 2840 1993 2911 ingre-

420 2928 612 2983 dienda
643 2937 730 2983 est
764 2930 875 2994 via,
914 2944 983 2983 ne
1019 2929 1148 2998 quid
1187 2931 1399 2984 incaute
1443 2938 1748 2998 temereque
1785 2937 1990 2983 statua-

2102 1916 2382 1971 consilium
2410 1918 2701 1985 quoddam,
2732 1934 2826 1973 seu
2855 1918 3242 1994 qualiscunque
3267 1941 3358 1981 ars
3388 1931 3669 1997 naturalis,

2100 2008 2226 2073 dum
2274 2008 2325 2062 in
2365 2009 2744 2066 sccretissimis
2782 2012 3159 2070 intellectualis
3203 2027 3428 2075 naturae
3472 2021 3678 2087 sinibus

2101 2103 2430 2165 continetur,
2476 2101 2633 2156 simul
2676 2110 2778 2166 est,
2811 2112 2866 2158 et
2908 2121 3073 2160 unum
3117 2109 3386 2178 quoddam
3430 2113 3678 2184 simplex,

2099 2191 2217 2247 sine
2254 2193 2500 2260 partibus
2547 2209 2642 2248 seu
2683 2194 3057 2264 divisionibus,
3109 2199 3225 2255 sine
3254 2206 3559 2272 quantitate
3585 2222 3676 2263 seu

2098 2274 2379 2351 qualitate,
2418 2282 2535 2336 sine
2565 2283 2702 2349 loco,
2733 2285 2848 2340 sine
2879 2295 3138 2357 tempore,
3171 2299 3226 2345 et
3251 2294 3471 2349 omnino
3499 2298 3674 2350 οηιηί⁴

2098 2366 2208 2429 ’Ῑηιε
2253 2372 2624 2429 accidentibus
2667 2376 2992 2444 absolutum,
3025 2395 3087 2435 ac
3126 2381 3214 2436 vix
3243 2382 3340 2439 soli
3382 2384 3679 2442 intellectui

2098 2465 2404 2535 cognitum;
2438 2480 2544 2519 non
2576 2465 2720 2521 enim
2766 2467 3068 2526 intellectus
3107 2474 3429 2530 naturalium
3481 2480 3676 2535 artium

2097 2556 2271 2611 factor
2302 2564 2407 2622 est,
2441 2557 2533 2613 sed
2562 2557 2826 2623 inventor,
2859 2575 2963 2614 non
3005 2569 3181 2617 tamen
3214 2564 3257 2595 ¹³
3278 2574 3429 2621 extra
3474 2584 3550 2634 sc,
3585 2572 3679 2626 sed

2097 2648 2239 2702 intra
2263 2644 2428 2703 “eas
2475 2648 2709 2715 invenit;
2752 2649 2879 2704 dum
2921 2666 3048 2707 vero
3076 2655 3185 2723 ipsa
3227 2670 3316 2712 ars
3359 2657 3428 2711 ab
3467 2661 3679 2715 arcanis

2095 2738 2226 2803 suis,
2255 2738 2307 2791 in
2341 2737 2536 2806 quibus
2565 2738 2725 2793 simul
2752 2739 2805 2793 in
2844 2743 3041 2807 animo,
3076 2746 3126 2798 in
3157 2762 3262 2815 quo
3286 2754 3388 2813 est,
3421 2750 3474 2803 in
3505 2752 3674 2806 ratio-

2092 2844 2217 2884 nem
2279 2829 2597 2900 intelligibili
2657 2834 3038 2901 progressione
3090 2837 3277 2908 incipit
3328 2841 3675 2909 descendere,

2092 2935 2218 2974 mox
2237 2920 2493 2991 paulatim
2520 2936 2646 2977 suas
2666 2922 2713 2954 ¹⁸
2739 2925 2976 2981 occultas
2999 2930 3211 3000 regulas
3235 2935 3436 3003 apertis
3456 2936 3675 2991 divisio-

420 3034 559 3073 mus.
599 3018 756 3074 Prius
794 3021 975 3089 itaque
1003 3030 1085 3075 est
1125 3021 1516 3090 quaerendum,
1541 3020 1665 3088 quid
1707 3020 1777 3075 sit
1800 3021 1903 3087 vis,
1936 3028 1991 3076 ct
2090 3013 2250 3068 ilibus
2314 3022 2476 3083 atque
2534 3014 2853 3072 diﬂel‘enliis
2917 3020 3133 3076 inchoat
3190 3027 3432 3095 aperire,
3501 3029 3677 3085 adhuc

419 3111 548 3180 quid
576 3120 815 3181 potestas
857 3127 1201 3167 numerorum
1236 3113 1287 3166 in
1320 3113 1565 3178 monade,
1590 3113 1990 3183 eorundemque

2094 3111 2272 3157 tamen
2300 3104 2639 3173 purissimas,
2682 3108 2935 3177 omnique
2965 3111 3341 3184 imaginatione
3364 3118 3596 3184 alienas;
3625 3134 3679 3176 et

418 3201 548 3270 quid
599 3202 671 3256 si;
734 3212 915 3268 actus,
966 3211 1023 3257 et
1062 3202 1189 3273 quid
1241 3203 1481 3272 operatio
1523 3203 1583 3283 in‘
1611 3205 1899 3274 generibus
1937 3214 1991 3260 οι
2017 3165 2062 3228 C
2097 3196 2230 3250 haec
2252 3196 2525 3265 processio
2564 3199 2739 3267 prima
2779 3200 2912 3256 artis
2950 3180 3031 3256 abf
3048 3203 3162 3272 ipsa
3211 3207 3455 3274 scientia,
3485 3211 3537 3265 in
3571 3165 3675 3280 qua

415 3289 624 3348 formis.
693 3292 834 3348 MAG.
886 3293 978 3348 Vis
1037 3302 1140 3358 est,
1193 3302 1252 3349 ut
1313 3295 1559 3359 aestimo,
1623 3295 1993 3352 substantialis

411 3393 596 3434 eorum
638 3380 834 3445 virtus,
873 3382 1055 3450 quaeo
1105 3381 1450 3437 aeternaliter
1499 3391 1555 3438 et
1589 3383 1994 3441 immutabiliter

413 3471 466 3525 in
504 3472 728 3526 monade
772 3474 1154 3539 subsistunt";
1188 3485 1430 3544 potestas
1463 3490 1591 3530 vero
1623 3487 1706 3532 est
1727 3477 1997 3548 possibili-

420 3570 502 3615 tas
534 3562 613 3616 eis
655 3562 886 3628 insita“,
916 3579 1020 3633 qua
1064 3563 1118 3618 in
1164 3580 1361 3635 genera
1413 3573 1467 3619 et
1514 3567 1723 3636 species
1769 3575 1997 3637 possunt

421 3652 786 3723 multiplicari,
836 3664 892 3709 et
937 3654 1297 3712 intellectibus
1345 3656 1618 3713 manifesti
1669 3657 1785 3713 ﬁeri
1832 3660 1996 3715 certis

414 3744 766 3815 terminorum
822 3745 1273 3813 distinctionibus,
1348 3748 1707 3818 quantitatum
1774 3749 1998 3805 diversi-

414 3830 634 3899 tatibus,
708 3834 1003 3890 intervallis
1054 3820 1499 3903 diﬂ'eren‘tiarum,
1544 3837 1995 3909 proportionum'

413 3923 1083 3997 proportionalitatumque
1152 3928 1383 3984 mirabili
1437 3930 1758 3999 aequalitate
1806 3938 1861 3986 et
1914 3930 1996 3984 in-

411 4015 625 4071 solubili
674 4021 1040 4075 consonantia.
1076 4021 1242 4079 Actus
1283 4032 1368 4079 est
1415 4033 1593 4080 motus
1640 4025 1825 4089 animi,
1865 4040 1992 4096 pro-

407 4105 725 4163 cedentium
777 4124 1121 4167 numerorum
1170 4128 1234 4167 ex
1280 4115 1509 4170 monade
1555 4115 1609 4169 in
1649 4115 1858 4169 diversa
1906 4129 1999 4184 ge-

411 4213 571 4264 nera,
628 4198 794 4269 inque
870 4202 1076 4270 species
1134 4202 1440 4259 differentes
1501 4203 1994 4272 multiplicationem

412 4289 828 4359 contemplantis
864 4293 917 4346 in
965 4293 1142 4363 seipso
1175 4302 1231 4350 et
1257 4296 1310 4350 in
1344 4294 1556 4365 seipsis,
1584 4294 1893 4364 priusquam
1939 4294 1996 4349 in

405 4380 719 4449 pbantasias
737 4384 1079 4453 cegitationis
1097 4386 1494 4456 proveniant",
1522 4386 1623 4441 hoc
1657 4393 1762 4452 est,
1786 4384 1992 4454 simpli-

406 4469 544 4524 citer
573 4471 628 4526 in
664 4473 706 4504 ¹¹
733 4473 1052 4545 incorporea
1080 4485 1290 4542 natura,
1319 4478 1463 4531 omni
1491 4478 1723 4548 imagine
1750 4485 1986 4541 carente,
2015 4517 2067 4577 Β

403 4565 694 4632 purissimo
745 4566 1050 4625 intellectus
1099 4571 1255 4625 oculo
1311 4571 1457 4640 ipsos
1522 4583 1775 4624 numeros
1828 4584 1988 4640 supra

403 4667 620 4709 omnem
649 4656 1030 4734 quantitatem,
1060 4666 1115 4713 et
1155 4659 1486 4728 qualitatem,
1513 4669 1565 4715 et
1593 4659 1733 4726 loca,
1765 4668 1819 4715 et
1849 4668 1990 4715 tem-

403 4757 532 4812 pora
563 4745 978 4801 considerantis.
1021 4747 1089 4801 Et
1115 4756 1175 4801 ut
1198 4748 1253 4793 ι’.
1270 4749 1505 4804 breviter
1534 4750 1806 4814 deﬁniam,
1837 4758 1990 4804 actus

405 4842 489 4887 est
509 4843 683 4893 motus
708 4839 901 4904 animi,
940 4840 1262 4908 purissimos
1293 4841 1344 4895 in
1384 4856 1481 4897 sua
1508 4852 1697 4896 natura
1734 4856 1988 4896 numeros

412 4920 615 4991 absque
652 4926 761 4981 ulla
791 4927 1177 4999 imaginalione
1228 4932 1507 4987 intuentis.
1556 4930 1700 5001 Opus
1729 4944 1856 4985 vero
1901 4939 1989 4985 est
2032 4978 2045 4991 .

405 5007 647 5078 ejusdem
684 5016 849 5071 animi
882 5027 1083 5087 motus,
1112 5021 1432 5091 purissimos
1463 5032 1737 5085 numeros,
1766 5035 1901 5097 quos
1931 5019 1984 5074 in

404 5098 586 5171 seipso
619 5104 940 5172 considerat,
981 5109 1280 5176 phantasiis
1306 5110 1470 5164 veluti
1514 5108 1831 5178 quibusdam
1867 5124 1987 5165 cor-

408 5188 635 5259 poribus
663 5190 987 5252 incrassatos
1013 5199 1306 5255 memoriae
1325 5199 1775 5267 commendantis,
1804 5199 1987 5270 ibique

2095 3289 2347 3359 primitus
2370 3288 2631 3353 subsistit,
2659 3306 2756 3361 per
2776 3293 3106 3350 intellectum
3138 3298 3190 3351 in
3222 3299 3483 3356 rationem
3510 3303 3677 3373 ipsius

2097 3379 2401 3434 intellectus
2429 3388 2548 3434 actu
2574 3380 2854 3450 perﬁcitur
2880 3400 2895 3450 ;
2938 3399 3097 3440 omne
3126 3387 3410 3458 siquidem,
3441 3394 3581 3461 quod
3609 3410 3676 3449 ex

2096 3471 2319 3526 secretis
2347 3480 2572 3528 naturae
2612 3474 2665 3527 in
2696 3476 2959 3531 rationem
3002 3480 3250 3548 pervenit
3279 3481 3345 3548 ‘°,
3376 3498 3470 3552 per
3508 3485 3665 3540 intel-

2096 3559 2268 3616 lectus
2282 3562 2548 3617 actionem
2573 3565 2780 3620 accedit
2798 3566 2838 3600 ιτ
2860 3583 2875 3633 ;
2896 3567 3088 3623 iterum
3107 3582 3287 3627 autem
3302 3574 3463 3629 veluti
3479 3591 3673 3631 secun-

2097 3653 2165 3707 do
2203 3654 2463 3709 descensu
2517 3657 2702 3710 eadem
2745 3673 2833 3713 ars
2878 3674 2943 3714 ex
2997 3662 3206 3719 ratione
3252 3665 3305 3720 in
3361 3670 3671 3724 memoriam

2096 3743 2443 3807 descendens,
2487 3748 2740 3814 paulatim
2784 3752 3022 3818 apertius
3054 3754 3106 3807 in
3145 3756 3465 3824 phantasiis,
3511 3761 3673 3817 veluti

2097 3833 2151 3886 in
2185 3834 2501 3902 quibusdam
2540 3835 2730 3892 formis
2781 3842 3013 3909 seipsam
3044 3842 3367 3901 luculentius
3396 3850 3672 3917 declarat;

2098 3924 2257 3979 tertio
2279 3940 2405 3978 vero
2435 3927 2695 3982 descensu
2744 3931 2811 3985 ad
2854 3933 3160 4000 corporales
3204 3948 3393 3990 sensus
3425 3938 3673 3994 diﬂ‘undi-
3738 3990 3747 4002 ,

2097 4022 2184 4068 tur
2211 4015 2280 4080 ¹¹¹,
2308 4015 2398 4069 ubi
2447 4017 2792 4073 sensibilibus
2844 4021 3011 4089 signis
3069 4021 3323 4076 virtutem
3376 4038 3528 4079 suam
3579 4043 3675 4095 per

2096 4118 2310 4175 genera,
2368 4111 2423 4158 et
2475 4106 2702 4174 species,
2755 4122 3049 4176 omnesque
3101 4109 3393 4165 divisiones
3433 4126 3576 4178 suas,
3619 4124 3674 4169 et

2095 4195 2507 4261 subdivisiones,
2535 4205 2590 4251 et
2614 4197 2933 4266 partitiones
2954 4200 3122 4254 exerit
3149 4215 3162 4253 :
3191 4201 3263 4254 ita
3291 4200 3674 4262 intellectuales

2096 4284 2308 4339 numeri
2328 4298 2396 4339 ex
2417 4286 2646 4341 monade
2672 4301 2731 4339 se
2753 4285 3049 4341 defundunt
3076 4286 3119 4317 “
3139 4328 3154 4352 ,
3179 4295 3235 4341 ut
3262 4287 3315 4341 in
3340 4289 3518 4343 animo
3540 4307 3674 4361 quo-

2096 4380 2220 4435 dam
2247 4381 2408 4435 modo
2437 4380 2850 4449 splendescant;
2881 4382 3070 4437 deinde
3099 4399 3165 4438 ex
3194 4383 3373 4438 animo
3413 4384 3467 4440 in
3502 4387 3671 4442 ratio-

2095 4486 2217 4525 nem
2242 4471 2572 4541 proﬂuentes
2600 4472 2646 4503 ’θ
2679 4472 2916 4542 apertius
2952 4486 3010 4526 se
3045 4472 3409 4542 patefaciunt;
3455 4493 3576 4532 mox
3605 4479 3672 4534 de

2092 4559 2301 4615 ratione
2328 4561 2383 4616 in
2424 4562 2741 4615 memoriam
2793 4563 3140 4619 decurrentes
3174 4551 3545 4635 pbantastieas
3601 4584 3668 4626 ex

2092 4653 2261 4722 ipsius
2305 4652 2598 4707 memoriae
2643 4662 2836 4708 natura
2881 4648 3150 4725 accipiunt
3193 4657 3578 4727 apparitiones,
3616 4663 3673 4719 in

2093 4746 2286 4815 quibus
2327 4738 2555 4801 virtutes
2609 4745 2981 4817 multiplicium
3041 4736 3259 4804 suarum
3309 4747 3604 4807 formarum
3623 4753 3669 4786 "

2092 4836 2502 4908 inquisitoribus
2555 4839 2668 4895 suis
2718 4838 3018 4895 luculenter
3070 4842 3339 4912 aperiunt,
3386 4842 3578 4900 deinde
3613 4844 3670 4899 in

2093 4946 2302 4993 sensus,
2332 4940 2608 5002 postremo
2651 4931 2708 4985 in
2755 4931 2975 5003 ﬁguras.
3015 4931 3153 4987 Num
3181 4933 3345 5004 igitur
3385 4935 3537 4990 vides
3565 4936 3667 4990 tria

2091 5023 2205 5089 illa,
2252 5038 2391 5092 quae
2439 5024 2770 5094 quaesieras,
2820 5026 3108 5094 quomodo,
3146 5033 3200 5078 et
3228 5026 3344 5090 ubi,
3387 5034 3442 5081 et
3487 5027 3669 5083 unde?

2093 5112 2248 5169 Unde
2301 5114 2564 5184 quidem?
2619 5130 2650 5167 a
2696 5115 2961 5179 monade;
3029 5112 3162 5167 ubi?
3205 5113 3260 5167 in
3284 5113 3664 5178 “intellectu;

2092 5202 2402 5273 quomodo?
2448 5202 2676 5259 diversis
2705 5202 2976 5274 gradibus,
3007 5201 3239 5277 primum
3268 5217 3301 5258 a
3339 5202 3663 5274 semetipsis,

1678 5374 1934 5433 VARIAE
1970 5376 2371 5437 LECTIONES.

495 5505 573 5560 ίά
597 5514 645 5561 te
674 5521 787 5564 om.
813 5507 875 5564 C.
980 5511 1002 5543 ³
1021 5512 1067 5567 Α
1090 5522 1322 5568 aeterna.

399 5570 491 5649 '__A
511 5576 794 5649 subsistens
821 5580 878 5649 in
898 5583 1140 5637 monade.
1237 5583 1259 5614 ⁸
1283 5583 1356 5638 eis
1391 5583 1550 5637 insita
1571 5599 1679 5638 om.
1705 5584 1772 5637 A.

400 5640 472 5698 Et
507 5656 563 5699 tu
590 5648 633 5701 A
657 5649 783 5704 Aul.
831 5640 846 5649 ⁷
867 5651 911 5682 ¹³
931 5652 975 5704 Α
1003 5654 1159 5706 enim.
1239 5651 1285 5685 "
1313 5653 1403 5707 sed
1444 5655 1583 5707 intra
1605 5669 1712 5707 om.
1741 5652 1802 5708 Ο.

1413 5510 1436 5543 ⁸
1475 5512 1522 5567 Α
1546 5511 1624 5568 vel
1673 5514 1809 5569 unde
1835 5513 1914 5570 vel
1944 5515 2055 5570 ubi.

1870 5587 1891 5618 θ
1913 5585 1957 5655 Α
1980 5595 2029 5639 et
2059 5587 2486 5655 proportionum.

1888 5654 1932 5686 "
1957 5655 2003 5708 Α
2024 5654 2080 5708 in
2110 5654 2252 5710 suas.

2655 5516 2678 5548 '
2708 5532 2819 5570 esse
2853 5531 2964 5572 om.
3009 5517 3071 5576 C.
3196 5518 3219 5551 ⁸

2594 5584 2637 5619 ιθ
2664 5585 2706 5639 Α
2728 5587 2956 5641 veniant.

2336 5656 2380 5688 ³⁸
2399 5657 2443 5709 Α
2465 5656 2617 5710 venit.

2187 5514 2296 5593 ‘in
2323 5516 2524 5572 om.A.
2597 5516 2964 5593 “"essepm.
3009 5517 3076 5593 C._
3128 5587 3143 5593 Α
3196 5518 3219 5551 ⁸
3260 5536 3394 5593 quae
3433 5523 3661 5593 omuA.

3039 5590 3081 5629 ιι
3122 5587 3177 5645 in
3198 5587 3307 5647 om.
3338 5593 3403 5645 A.
3491 5593 3534 5624 “
3556 5592 3663 5648 Pro

2702 5656 2813 5732 .".A
2838 5658 3124 5732 Per/icitur.
3206 5663 3249 5703 ιθ
3275 5661 3317 5718 C
3334 5662 3669 5732 defunditur.

400 5712 446 5747 ”
467 5714 600 5773 Aex
626 5720 856 5775 monade
880 5720 1218 5776 descendunt.
1310 5721 1355 5753 ¹⁰
1386 5723 1432 5777 Α
1451 5724 1782 5791 perﬂuenles.
1862 5725 1907 5758 ἰ
1945 5724 1988 5779 Α
2014 5723 2306 5795 formarum
2356 5742 2591 5781 suarum.
2668 5726 2713 5762 ⁸⁸
2748 5725 2804 5781 in
2833 5712 2945 5782 om:
2978 5727 3039 5785 C.
