4236 6274
570 366 670 427 639

1940 374 2055 432 JOA
2067 377 2219 433 NNIS
2255 378 2379 437 SCO

3704 389 3805 443 (Ἀᾁο

570 484 625 539 in
658 484 1002 550 intellecmm,
1032 485 1097 538 ab
1129 484 1393 541 intellectu
1431 494 1447 526 ι
1483 486 1535 540 in
1570 487 1855 551 rationem,
1881 501 1947 541 ex
1978 488 2137 542 ratio-
2165 495 2215 554 Α
2244 489 2531 563 te‘lligentia
2571 490 2701 544 linnt
2739 493 2855 561 puri
2899 508 2992 560 per
3020 507 3099 556 se,
3131 492 3383 563 omnique
3426 476 3805 566 imaginatione

568 589 641 630 ne
672 576 722 630 in
765 575 1097 639 memoriam,
1137 576 1197 629 ex
1227 579 1484 631 memoria
1512 572 1565 631 in
1596 592 1784 632 sensus
1828 586 2137 647 corporeos,

553 676 627 720 -et
675 667 719 719 si
774 679 992 720 necesse
1050 674 1129 720 est
1186 677 1405 737 propter
1450 669 1738 725 utilitatem
1797 668 2136 736 discentium,

573 745 1013 828 extrenio'grad‘u'
1046 770 1074 812 a
1126 760 1374 815 sensibus
1402 760 1479 815 ad'
1521 760 1757 817 visibiles
1798 762 1998 832 figuras
2047 764 2139 818 dc-

573 852 861 907 scendunt‘.’
918 851 1063 907 DISC.
1107 848 1271 907 Plane
1323 854 1733 927 clarissimeque
1775 840 1947 913 video.
2003 858 2140 913 MAG.

573 932 754 1014 Itaque
776 959 879 998 non
904 954 956 998 te
983 943 1134 1011 latet,
1163 952 1221 1000 ut
1254 948 1467 1016 opinor,
1499 966 1751 1006 numeros
1773 953 1866 1005 et’
1897 962 2144 1007 aeternos

574 1054 712 1104 esse,
744 1046 797 1093 et
822 1037 989 1094 factos
1011 1042 1035 1105 ;‘
1056 1048 1307 1096 aeternus
1350 1028 1563 1110 quidem
1604 1043 1656 1098 in
1699 1038 1945 1109 monade,
1975 1036 2147 1100 factos

574 1143 704 1183 vero
727 1126 1093 1199 multipliciter
1116 1129 1169 1184 in
1191 1129 1300 1185 suis
1326 1129 1782 1187 descensionibus.
1802 1120 1981 1187 Primo
2002 1134 2147 1189 vide-

576 1219 699 1273 ;iect
746 1220 795 1272 in
852 1216 1119 1275 intellectu
1170 1220 1644 1291 contemplantimn
1698 1237 1756 1276 se
1798 1221 1818 1253 ³
1853 1223 1903 1275 in
1952 1232 2147 1277 semet-

566 1311 707 1380 ipsis
738 1300 893 1366 fiunt.
926 1310 1027 1379 Qui
1058 1314 1242 1368 modus
1292 1313 1517 1367 faciendi
1545 1314 1697 1384 longe
1731 1329 1759 1366 a
1791 1313 2038 1369 sensibus
2066 1330 2149 1369 rc-

577 1414 753 1456 tnotus
775 1411 887 1468 est;
934 1397 1051 1456 fieri
1090 1405 1230 1458 enim
1261 1402 1515 1459 (nc'umur
1539 1406 1591 1459 in
1646 1402 1831 1477 notida
1865 1404 1921 1459 se
1952 1405 2146 1461 intelli-

578 1495 836 1562 gentium.
890 1493 1023 1547 Nam
1059 1485 1108 1548 in
1144 1482 1371 1548 monade
1421 1492 1547 1548 dum
1597 1494 1723 1561 sint,
1770 1492 2020 1555 ineffabili
2053 1513 2149 1550 sua

583 1584 785 1637 unitate
821 1583 844 1615 "
871 1584 1092 1639 omnem
1116 1566 1369 1657 superant
1418 1576 1767 1652 intellectum,
1798 1602 1863 1641 co
1892 1587 2025 1655 solo,
2066 1588 2152 1641 di-

581 1678 703 1729 vino
737 1674 1001 1741 videlicet,
1039 1677 1307 1731 intellectu
1350 1688 1595 1747 excepto,
1649 1694 1805 1747 quem
1838 1678 1913 1732 nil
1955 1680 2151 1750 ubique

2241 584 2424 638 absola
2496 592 2839 652 apparentes,
2871 594 2962 637 aut
3006 584 3057 638 in
3094 586 3352 640 memoria
3382 602 3653 657 sensuque
3683 605 3807 644 cor-

2242 678 2403 743 poreo
2432 674 2750 743 quibusdam
2790 662 3262 746 imaginationibus
3289 679 3589 745 incrassati,
3625 697 3688 736 ac
3719 699 3808 738 vc-

2242 758 2338 821 luti
2381 781 2446 819 ex
2486 769 2714 837 quadam
2746 779 2799 824 et
2845 762 2899 823 in
2948 772 3177 838 quadam
3233 772 3454 827 materia
3486 768 3634 828 facti.
3667 772 3803 831 MAG.

2242 859 2317 912 ita
2340 867 2443 914 est.
2475 858 2578 913 Sed
2601 859 2737 926 quod
2760 860 3035 937 addidisti,
3064 876 3128 914 ex
3156 860 3385 930 quadam
3414 872 3467 916 et
3498 863 3548 917 in
3580 866 3807 934 quadam

2245 948 2466 1001 materia
2496 945 2622 1001 facti
2646 948 2708 1011 '°,
2740 964 2844 1003 non
2892 936 3024 1003 satis
3065 936 3219 1004 acute
3256 944 3590 1022 perspexisti.
3634 954 3813 1009 Phan-

2246 1035 2415 1091 tasiae
2454 1050 2707 1106 namque,
2739 1051 2872 1104 quas
2900 1038 2966 1093 de
3004 1034 3266 1092 memoria
3296 1041 3348 1094 in
3374 1045 3629 1098 memoria
3656 1045 3697 1079 ιι
3727 1043 3813 1098 vel

2240 1126 2407 1181 sensu
2438 1125 2504 1181 de
2542 1125 2783 1181 sensibili
2832 1128 3126 1197 accipiunt,
3168 1138 3223 1183 ut
3279 1131 3332 1184 iu
3377 1131 3454 1186 eis
3503 1148 3810 1202 appareant,

2248 1229 2354 1269 non
2381 1220 2445 1269 ex
2473 1218 2705 1286 quadam
2737 1218 2960 1272 materia
2987 1217 3138 1285 fiunt,
3172 1220 3264 1275 sed
3299 1237 3360 1277 ex
3392 1224 3815 1294 incorporalibus

2249 1298 2612 1377 incorporales
2658 1298 2967 1364 nascuntur.
3001 1309 3115 1367 Non
3146 1314 3290 1367 enim
3331 1329 3394 1368 ex
3444 1318 3668 1370 materia
3697 1332 3818 1372 cor-

2250 1392 2513 1466 poralium
2541 1392 2720 1452 rerum
2752 1397 3075 1467 efficiuntur,
3098 1402 3189 1456 sed
3214 1418 3279 1457 ex
3310 1404 3508 1473 specie,
3542 1420 3678 1475 quae
3704 1422 3818 1475 pro-

2254 1490 2339 1544 cul
2375 1490 2535 1545 dubio
2576 1492 2888 1561 incorporea
2928 1500 3030 1558 est,
3072 1500 3123 1546 et
3160 1510 3227 1549 ex
3253 1495 3540 1563 coloribus,
3586 1500 3673 1567 qui
3715 1516 3816 1554 non

2253 1594 2498 1651 corpora,
2533 1581 2623 1635 sed
2648 1584 2790 1637 circa
2816 1598 3038 1653 corpora
3065 1586 3451 1656 intelliguntur.
3482 1589 3557 1641 Ac
3584 1594 3678 1658 per‘
3719 1592 3818 1645 hoc

2255 1672 2328 1726 nil
2357 1683 2439 1726 est
2469 1675 2872 1729 convenientius
2920 1689 2981 1728 ac
3024 1677 3339 1742 naturalius,
3381 1693 3539 1748 quam
3582 1686 3636 1733 ut
3666 1681 3819 1735 intel—

581 1766 726 1819 latet.
773 1765 887 1834 ipse
911 1775 993 1821 est
1018 1760 1160 1821 enim
1189 1758 1494 1823 intellectus
1529 1770 1787 1834 onmium,
1820 1769 1925 1823 imo
1948 1770 2147 1823 omnia.
2198 1810 2205 1835 ;
2255 1760 2509 1817 leclualcs
2556 1765 2762 1818 numeri
2794 1763 2845 1816 in
2877 1764 3035 1819 rebus
3077 1766 3425 1836 incorporeiS,
3459 1777 3511 1821 ct
3539 1785 3601 1822 ex
3648 1770 3819 1823 incor-

581 1856 694 1909 Non
728 1858 870 1910 enim
908 1854 1117 1927 de'ipsa
1164 1860 1411 1923 monade,
1454 1843 1599 1928 quae
1634 1842 1907 1914 estcausa
1956 1858 2066 1916 sola
2100 1870 2153 1914 ct
2185 1838 2227 1897 Β
2255 1855 2526 1925 poralibus
2577 1856 2833 1925 sumptis,
2887 1857 3141 1911 virtutem
3193 1868 3345 1912 suam
3400 1863 3717 1928 ostendant,
3770 1872 3823 1917 ct

581 1952 816 2004 creatrix
867 1952 1103 2005 omnium
1152 1942 1441 2006 visibilium
1496 1944 1550 2007 et
1599 1954 1969 2019 invisibilium,
2013 1969 2156 2008 nunc

584 2044 779 2111 agitur,
825 2044 921 2097 sed
969 2042 1035 2097 de
1084 2043 1171 2098 illa
1207 2053 1386 2099 creata
1421 2040 1667 2110 monade,
1715 2046 1767 2099 in
1821 2034 1931 2115 qua'
1970 2042 2158 2099 omnes

587 2137 793 2188 numeri
851 2135 1176 2203 causaliter,
1218 2130 1579 2203 uniformitcr,
1612 2137 2003 2191 rationabiliter
2046 2136 2067 2169 ⁵
2105 2147 2159 2191 et

587 2239 799 2295 semper
813 2226 1131 2293 subsistunt,
1146 2235 1199 2280 et
1220 2243 1285 2281 ex
1309 2243 1412 2297 qua
1438 2228 1837 2284 multiformiter
1851 2218 2154 2298 erumpunt.

590 2316 837 2370 Secundo
863 2332 989 2372 vero
1013 2319 1075 2372 in‘
1099 2318 1309 2373 ratione
1332 2317 1483 2384 fiunt,
1516 2319 1569 2372 in
1598 2335 1699 2387 qua
1731 2318 1844 2372 fieri
1874 2298 2159 2389 pi‘opter'ea

589 2409 857 2475 dicuntur,
890 2410 1015 2481 quia
1062 2411 1113 2464 in
1153 2424 1216 2464 ea
1260 2410 1597 2465 manifestius
1626 2425 1685 2465 se
1713 2409 2159 2489 ostenduntiad-

591 2501 693 2555 huc
724 2508 898 2555 tamen
932 2516 1026 2570 per
1055 2501 1281 2570 seipsos,
1318 2501 1519 2571 absque
1550 2500 1655 2555 ullo
1697 2486 2047 2571 phantastico
2074 2514 2162 2553 co-

589 2593 723 2646 lore.
756 2593 959 2648 Deinde
988 2592 1041 2647 in
1076 2594 1332 2648 memoria
1363 2609 1426 2648 ac
1471 2594 1738 2658 sensibus,
1768 2592 1820 2647 in
1867 2588 2162 2670 phantas'iis

591 2685 909 2755 quibusdam
940 2682 1261 2741 efficiuntur.
1295 2686 1445 2756 ipsae
1490 2694 1666 2767 autem
1711 2684 2031 2756 phantasiae
2060 2692 2162 2767 aut

591 2778 656 2831 de
679 2786 867 2831 natura
898 2780 1211 2847 memoriae,
1259 2781 1359 2835 hoc
1389 2786 1494 2847 est,
1538 2781 1603 2835 de
1637 2797 1699 2835 ea
1733 2792 1884 2852 parte
1929 2766 2160 2849 animae,

592 2887 727 2940 quae
757 2870 1053 2929 formandis
1105 2874 1429 2944 imaginibus
1473 2862 1558 2930 est.
1603 2874 1903 2936 attributa“
1936 2882 2027 2928 aut
2072 2890 2164 2926 ex-

593 2966 858 3019 trinsecus
887 2980 951 3018 ex
996 2964 1278 3036 superficie
1311 2982 1593 3036 corporum
1640 2981 1736 3035 per
1787 2954 1972 3041 sensus
2017 2973 2166 3018 exte—

594 3057 766 3111 riores
813 3067 1100 3112 sumuntur
1132 3058 1172 3112 ⁸.
1222 3058 1326 3113 Sed
1369 3075 1507 3129 quae
1549 3059 1882 3113 extrinsecus
1921 3042 2159 3118 veniunt,

594 3147 907 3215 phantasiac
955 3148 1169 3217 proprie
1215 3147 1567 3218 appellantur,
1605 3163 1741 3216 quae
1772 3136 1907 3225 1vero
1946 3163 2010 3200 ex
2055 3161 2162 3200 me-

597 3237 786 3301 moria,
841 3232 1237 3307 phantasmata.
1298 3237 1459 3290 Verbi
1512 3236 1702 3306 gratia,
1758 3218 2039 3303 phantasia
2086 3244 2168 3290 est

594 3325 791 3397 imago,
813 3342 974 3396 quam
1003 3326 1069 3382 de
1098 3314 1253 3381 certo.
1278 3308 1521 3395 eoipore,
1554 3340 1645 3380 seu
1666 3318 1870 3388 colore,
1907 3340 1998 3379 seu
2041 3340 2165 3395 spa-

598 3419 671 3470 tio
699 3434 724 3469 a
756 3434 842 3472 me
881 3414 996 3470 viso
1024 3432 1119 3487 per
1147 3432 1359 3473 sensum
1403 3404 1614 3470 ridendi
1646 3422 1972 3486 assumptum
2015 3430 2168 3470 meae

596 3508 890 3561 memoriae
940 3502 1132 3577 infigo;
1188 3510 1504 3579 phantasma
1533 3516 1664 3562 vero
1699 3518 1780 3562 est
1828 3508 2003 3578 imago
2058 3500 2164 3575 ina,

598 3614 755 3668 quam
805 3598 944 3668 fingo
993 3599 1057 3652 de
1110 3599 1287 3669 aliquo
1319 3615 1591 3669 nunquam
1631 3614 1659 3653 a
1700 3615 1785 3654 me
1834 3599 1967 3653 viso.
2024 3588 2169 3664 Quae

597 3688 732 3743 falsa
779 3703 882 3742 non
935 3682 1203 3745 immerito
1241 3691 1436 3746 dicitur
1487 3687 1683 3762 imago,
1719 3693 1969 3762 quoaiam
2021 3691 2166 3755 illud,

598 3780 743 3849 quod
769 3780 966 3849 cogito,”
997 3789 1085 3835 aut
1117 3784 1326 3851 penitus
1356 3799 1460 3837 non
1493 3790 1595 3847 est,
1622 3791 1715 3837 aut
1743 3784 1788 3837 si
1825 3791 1926 3845 est,
1957 3770 2063 3837 non.
2096 3783 2167 3836 ita

598 3877 701 3934 est,
760 3870 897 3923 sicut
945 3872 1209 3941 imaginor
1241 3873 1284 3926 ⁷.
1331 3873 1430 3929 Ubi
1469 3875 1781 3940 notandmn,
1833 3874 1877 3928 si
1928 3883 2168 3928 sanctum

600 3963 877 4032 sequimur
905 3964 1282 4036 Augustinum,
1310 3969 1449 4038 quod
1478 3970 1794 4039 phantasma
1823 3984 1929 4023 non
1957 3968 2171 4040 aliunde

599 4055 703 4110 nisi
738 4070 802 4109 ex
853 4056 1130 4126 phantasia
1166 4058 1423 4113 nascitur.
1474 4058 1571 4114 Est
1609 4060 1772 4124 enim,
1808 4067 1866 4113 ut
1911 4060 2022 4129 ipse
2072 4060 2169 4125 ait,

599 4148 777 4219 imago
808 4150 1076 4220 imaginis,
1106 4149 1208 4205 hoc
1234 4160 1336 4217 est,
1368 4151 1542 4222 imago
1584 4169 1646 4206 ex
1685 4151 1788 4206 alia
1817 4153 2047 4223 imagine
2074 4168 2171 4212 na-

598 4258 770 4297 scens.
798 4240 958 4299 Verbi
998 4244 1192 4313 gratia,
1222 4245 1364 4319 solis
1393 4246 1629 4316 quotidie
1672 4245 1897 4299 orientis
1948 4244 2174 4315 phanta-L

599 4335 731 4388 siam
761 4333 952 4401 habeo,
987 4352 1147 4405 quam
1194 4332 1259 4391 de
1292 4336 1587 4394 discif'ormi
1623 4338 1645 4369 "
1689 4336 1855 4406 ipsius
1880 4336 2058 4406 specie
2086 4351 2173 4391 ac-

599 4424 738 4493 cepi,
765 4433 818 4477 et
863 4426 1053 4479 iterum
1095 4420 1162 4481 ad
1198 4426 1607 4505 similitudinem
1643 4427 1810 4497 ipsius
1860 4427 2175 4496 pbantasiae

600 4513 803 4566 solares
848 4514 1108 4583 imagines
1156 4516 1300 4572 mille
1351 4518 1403 4571 in
1459 4518 1715 4574 memoria
1752 4517 1891 4589 fingo
1941 4515 2174 4586 majores

2260 1943 2417 1998 modo
2451 1945 2680 2014 quodam
2712 1942 2961 1999 ineffabili
3006 1948 3057 1999 in
3090 1950 3487 2015 generationem
3518 1951 3822 2006 sensibilem

2258 2037 2387 2092 facti
2428 2039 2736 2107 procedant.
2785 2038 3195 2109 Pcrspeetisque
3226 2042 3267 2073 ¹²
3311 2055 3487 2095 rerum
3529 2045 3825 2097 rationibus

2260 2144 2363 2184 non
2392 2139 2593 2184 temere
2617 2130 2738 2200 quis
2758 2124 2986 2195 ‘dixerit,
3011 2133 3166 2201 ipsas
3195 2134 3516 2202 phantasias,
3546 2137 3598 2189 in
3629 2137 3823 2204 quibus

2259 2224 2467 2277 num'eri
2499 2238 2557 2278 se
2609 2225 2955 2280 interioribus
3000 2230 3387 2282 numerantium
3424 2229 3590 2284 oculis
3618 2229 3825 2301 patefa-

2256 2314 2435 2380 ciunt,
2468 2330 2573 2368 non
2608 2314 2820 2371 aliunde
2863 2317 2964 2371 nisi
2998 2318 3063 2371 ab
3104 2319 3230 2387 ipsis
3262 2320 3687 2390 intelligibilibus
3728 2338 3827 2375 nuo

2262 2406 2425 2460 meris
2475 2407 2777 2477 provenire.
2842 2406 2974 2461 Nam
3025 2409 3066 2463 si
3129 2411 3487 2465 numerositas
3536 2412 3829 2466 formarum

2260 2500 2615 2565 sensibilium,
2649 2501 2700 2554 in
2731 2502 2923 2570 quibus
2951 2502 3175 2557 materia
3221 2504 3545 2566 continetur,
3576 2512 3631 2556 ut
3665 2505 3833 2558 sensi-

2262 2592 2360 2646 bus
2389 2592 2557 2660 possit
2585 2591 2821 2661 percipi;
2855 2581 3120 2659 Siquidem
3149 2606 3244 2662 per
3274 2604 3335 2647 se
3374 2594 3540 2662 ipsam
3585 2594 3831 2648 inuisibi—

2263 2680 2329 2735 iis
2360 2689 2463 2745 est,
2501 2690 2660 2749 atque
2690 2674 2740 2734 in
2777 2680 2963 2736 formis
3008 2682 3075 2736 ab
3107 2672 3550 2739 in’tcllectnalibus
3590 2687 3830 2739 numeris

2264 2771 2524 2840 originem
2555 2771 2718 2834 ducit,
2753 2781 2806 2825 et
2837 2786 2901 2825 ex
2930 2772 3059 2841 ipsa,
3108 2772 3400 2827 formarum
3431 2774 3693 2840 videlicet,
3727 2792 3830 2828 nu—

2266 2862 2574 2916 merositate
2614 2876 2709 2930 per
2737 2878 3023 2932 corporeos
3048 2878 3239 2919 sensus
3258 2866 3513 2919 memoria
3540 2866 3836 2938 phantasiis

2268 2951 2639 3008 conformatur
2681 2971 2693 3005 :
2753 2954 2826 3007 nil
2867 2954 3009 3007 aliud
3048 2962 3231 3013 restat,
3271 2955 3371 3010 nisi
3410 2966 3467 3010 ut
3497 2954 3543 2986 ¹⁸
3580 2956 3836 3027 intelliga-

2267 3046 2406 3111 mus,
2434 3060 2687 3103 numeros
2708 3048 3098 3104 intellectualcs
3117 3063 3183 3103 ex
3206 3050 3433 3104 monade
3461 3048 3655 3121 duplici
3686 3051 3836 3105 modo

2267 3138 2453 3205 fluere,
2481 3148 2534 3194 et
2573 3128 2629 3195 in
2656 3141 2913 3195 memoria
2962 3139 3133 3197 factos
3178 3143 3292 3196 acie
3343 3142 3542 3196 mentis
3591 3143 3836 3211 multipli-

2271 3231 2407 3297 cari,
2447 3231 2633 3298 dividi,
2665 3232 2987 3303 comparari,
3025 3231 3223 3301 colligi,
3250 3220 3411 3287 uniri.
3444 3234 3555 3290 Aut.
3591 3235 3752 3300 enim,
3781 3230 3838 3289 u‘i

2269 3326 2659 3398 praediximus,
2685 3336 2783 3394 per
2814 3316 3145 3380 intellectum
3174 3326 3225 3380 in
3260 3322 3548 3393 rationem,
3580 3333 3631 3379 et
3656 3341 3716 3379 ex
3750 3341 3838 3378 ra-

2274 3421 2417 3474 tione
2445 3419 2495 3474 in
2524 3421 2835 3474 memoriam
2869 3420 3221 3485 descendunt,
3261 3428 3353 3475 aut
3380 3437 3477 3490 per
3517 3420 3723 3490 species
3755 3435 3839 3473 rc-

2261 3494 2391 3565 una
2429 3510 2720 3565 visibilium
2750 3510 2803 3564 in
2838 3526 3029 3565 sensus
3077 3526 3386 3581 corporeos,
3435 3510 3735 3581 iterumque
3778 3527 3841 3564 ex

2272 3602 2402 3674 ipsis
2431 3600 2484 3659 iit
2513 3605 2739 3673 eandem
2779 3604 3090 3659 memoriam
3121 3605 3411 3670 confluunt,
3442 3605 3495 3658 in
3523 3620 3624 3674 qua
3663 3604 3834 3672 phan-

2275 3688 2495 3754 fasticas
2554 3697 2878 3769 accipientes
2932 3698 3132 3753 formas
3185 3690 3338 3762 fiunt,
3391 3696 3842 3763 inferioribusque

2272 3792 2520 3846 sensibus
2570 3792 2943 3845 succumbunt.
2981 3776 3057 3845 Ac
3105 3805 3199 3859 per
3250 3789 3373 3853 hoc,
3425 3802 3637 3858 quoquo
3684 3785 3845 3841 modo

2272 3884 2483 3940 numeri
2533 3883 2810 3953 patiantur
2839 3872 3094 3952 perspici,
3141 3897 3247 3937 non
3282 3881 3494 3934 aliunde
3529 3879 3631 3933 nisi
3681 3894 3710 3932 a
3759 3891 3843 3932 se-

2274 3970 2520 4044 metipsis
2567 3970 2920 4043 apparitionis
2975 3985 3103 4025 suae
3144 3970 3478 4025 occasionem
3525 3967 3843 4038 percipiunt.

2276 4064 2505 4119 Proinde
2536 4064 2578 4097 ”‘
2610 4065 2742 4118 etin
2772 4054 2999 4116 monade
3043 4060 3243 4115 aeterni
3292 4068 3437 4123 sunt,
3486 4070 3547 4115 et,
3582 4073 3613 4125 a
3660 4054 3849 4125 seipsis

2276 4156 2327 4209 in
2373 4168 2690 4226 quacunque
2732 4152 2954 4207 naturae
2985 4160 3135 4221 parte
3177 4159 3537 4220 apparuerunt
3566 4118 3711 4209 facti,
3747 4140 3850 4199 lioc

2275 4251 2374 4307 est,
2409 4244 2520 4299 sive
2552 4230 2603 4297 in
2635 4241 2929 4306 intellectu,
2962 4241 3073 4295 sive
3119 4241 3173 4293 in
3221 4239 3429 4294 ratione
3480 4238 3683 4306 absque
3728 4234 3849 4290 ullis

2274 4326 2765 4405 imaginationiint's,
2797 4333 2908 4387 sive
2939 4322 2989 4386 in
3040 4330 3298 4405 memoria
3327 4345 3393 4383 ex
3442 4327 3720 4397 speciebus
3768 4343 3849 4381 rc-

2278 4404 2405 4481 rum
2450 4412 2781 4480 sensibiiium’
2833 4422 3058 4478 formata
3101 4404 3415 4493 phatiiasias
3458 4416 3739 4489 quasdam,
3797 4418 3847 4473 ie

2280 4518 2471 4588 quibus
2502 4527 2813 4587 appareant,
2843 4514 3005 4571 veluti
3056 4513 3183 4569 facti
3234 4513 3300 4589 de
3351 4513 3543 4582 seipsis
3572 4511 3848 4564 facientes.

602 4602 683 4655 vel
724 4601 981 4669 minores,
1007 4600 1159 4672 juxta
1191 4608 1530 4676 cogitationis
1574 4624 1726 4664 meae
1773 4607 2075 4670 arbitrium,
2110 4622 2173 4663 ac
2200 4583 2251 4643 ί)
2277 4607 2422 4663 DISC.
2452 4608 2527 4662 De
2556 4607 2795 4661 numeris
2825 4606 2956 4660 satis
2983 4608 3159 4661 actum
3189 4596 3253 4657 ¹⁸.
3282 4594 3377 4657 iiis
3403 4604 3542 4657 enim
3570 4615 3854 4672 argumen-

599 4704 699 4760 per
730 4691 828 4744 hoc
857 4691 1021 4747 falsae
1064 4702 1212 4758 sunt,
1253 4699 1379 4765 quia
1429 4684 1501 4751 nil
1538 4700 1650 4753 veri
1701 4698 1999 4755 imitantur.
2036 4697 2170 4753 Nam

602 4776 795 4833 Graeci
817 4780 991 4846 aliter,
1021 4782 1147 4852 quid
1172 4784 1241 4837 sit
1261 4788 1602 4854 phantasma,
1619 4782 1953 4859 intelligunt;
1989 4788 2175 4844 dicunt

605 4870 749 4925 enim
793 4868 1057 4934 notitiam,
1096 4870 1233 4941 quae
1276 4868 1328 4928 in
1374 4876 1554 4929 animo
1599 4886 1680 4931 est
1728 4879 1793 4930 de
1838 4879 2179 4936 scnsibilibus

605 4962 836 5026 naturis,
879 4976 975 5032 per
1019 4965 1330 5033 phantasias
1378 4952 1564 5020 earnm
1622 4966 1958 5038 susceptam,
2014 4970 2179 5039 phan—

610 5063 780 5108 tasma
811 5058 949 5112 esse.
972 5056 1139 5137 λῐιιδο.
1168 5057 1461 5129 Dttpliciter
1482 5074 1611 5131 ergo
1640 5058 1809 5116 factos
1844 5076 2094 5117 numeros
2123 5044 2176 5118 in

607 5147 834 5204 monade
861 5142 1203 5205 aeternaliter
1237 5153 1553 5207 substitutos
1589 5154 1609 5183 ⁹
1647 5155 1878 5223 asseris,
1911 5148 1963 5208 ui
1991 5154 2173 5221 fallor;

607 5248 700 5297 aut
726 5242 870 5297 enim
900 5244 955 5300 in
990 5243 1191 5311 aiii‘nio,
1226 5254 1279 5300 et
1321 5246 1528 5301 ratione
1567 5247 1698 5315 sola,
1732 5263 1795 5303 ac
1841 5244 2067 5316 simplici
2097 5247 2177 5300 iu-

2281 4697 2351 4752 tis
2377 4696 2685 4760 conficitur,
2714 4694 2965 4766 clareque
2992 4694 3328 4764 intelligitur,
3355 4686 3452 4747 ubi"
3474 4678 3677 4746 aeterni
3710 4697 3853 4753 sunt,

2278 4797 2331 4844 et
2359 4788 2445 4842 ubi
2475 4796 2527 4841 et
2552 4784 2595 4819 ¹⁶
2626 4788 2893 4857 quomodo
2934 4788 3209 4857 patiuntur
3241 4785 3374 4851 fieri,
3413 4792 3472 4837 ut
3512 4798 3614 4835 non
3661 4774 3854 4863 imme-

2281 4881 2383 4934 rito
2416 4877 2832 4949 perspiciamus,
2867 4892 2961 4931 eos
2994 4889 3048 4933 et
3079 4886 3326 4933 aeternos
3360 4878 3510 4938 esse,
3559 4881 3612 4925 ct
3657 4870 3851 4924 factos.

2281 4968 2385 5025 Sed
2415 4984 2674 5041 quorsum
2721 4970 2853 5025 haec
2894 4969 3135 5035 tendant,
3182 4968 3417 5021 intentus
3445 4971 3687 5033 expecto.
3742 4959 3857 5013 Non

2279 5060 2421 5119 enim
2467 5058 2683 5132 propter
2709 5078 2768 5117 se
2812 5063 2946 5132 ipsa,
2996 5061 3089 5116 sed
3134 5058 3353 5130 propter
3393 5046 3533 5111 aliud
3564 5054 3692 5125 quid
3728 5068 3852 5106 sua-

2281 5140 2515 5207 dendum
2554 5152 2859 5207 introducta
2903 5160 3044 5206 sunt.
3082 5144 3218 5205 MAG.
3262 5149 3449 5214 Miror,
3493 5163 3590 5201 cur
3618 5154 3722 5200 tam
3753 5143 3859 5196 cito

2279 5240 2474 5300 oblitus
2499 5259 2557 5300 es
2590 5245 2684 5300 tui.
2729 5242 2860 5298 Nam
2892 5240 3049 5313 paulo
3093 5238 3218 5298 ante
3256 5230 3545 5312 postulasti
3574 5253 3605 5292 a
3638 5250 3723 5291 me
3758 5248 3859 5286 na-

1854 5412 2109 5474 VAniAE
2138 5384 2540 5474 LEC’iIONEs.

646 5556 651 5561 '
683 5555 700 5589 ί
812 5564 839 5604 a
869 5532 1168 5625 semetipsis
1296 5550 1557 5612 mtetfectu
1594 5572 1647 5612 πη
1683 5554 2017 5625 iizleileglttnt.
2115 5553 2135 5581 ¹
2182 5556 2229 5608 ef
2258 5536 2363 5625 Dii).
2406 5534 2468 5601 Α·

611 5620 634 5653 ⁸
661 5620 1006 5689 uniformiter,
1060 5620 1439 5680 rationabiliter
1468 5644 1575 5681 om.
1623 5627 1684 5679 A.

610 5693 633 5725 ⁸
651 5692 701 5762 Ἀ
724 5706 884 5762 quam
911 5704 977 5762 ut
999 5693 1182 5746 dedisti
1214 5697 1430 5762 formae.

615 5758 771 5812 riam.
804 5761 847 5794 ¹³
866 5763 913 5815 Α
946 5758 1360 5832 Prospectisqite.

2554 5547 2575 5577 ³
2597 5564 2650 5601 se
2671 5561 2779 5601 om.
2982 5546 3003 5577 "
3031 5528 3137 5601 Pro
3162 5536 3258 5600 sua
3289 5530 3489 5599 unitate
3520 5524 3561 5598 Ᾱ
3587 5543 3865 5597 suavitate.-

1790 5624 1810 5655 ⁸
1858 5622 2011 5690 Ipsae
2062 5632 2233 5675 autem
2270 5619 2576 5691 phantasia;
2629 5648 2697 5691 -λ
2730 5626 3142 5691 smuunmrom.
3192 5614 3251 5670 C.
3300 5680 3333 5691 ὴ
3363 5617 3380 5646 ⁷
3416 5610 3625 5691 C__sictt_t
3670 5614 3863 5680 imago.

1510 5698 1530 5727 ⁸
1558 5698 1601 5751 Α
1631 5680 1928 5750 subsanno};
1982 5680 2329 5753 aetenmlilér.
2368 5728 2381 5753 λ
2424 5688 2464 5718 ¹⁰
2516 5687 2652 5741 ΜΔΕ.
2680 5687 2752 5740 ita
2790 5699 2953 5740 εει-
2987 5687 3114 5753 farti
3145 5703 3176 5739 0

2200 5680 2329 5745 liter.
2368 5728 2381 5753 λ
2424 5688 2464 5718 ¹⁰
2516 5687 2652 5741 Msa.
2680 5687 2752 5740 ita
2790 5699 2953 5740 εει-
2987 5687 3114 5753 farti
3145 5703 3254 5739 om.
3292 5680 3349 5741 C.
3451 5685 3493 5719 ”
3524 5684 3567 5739 A
3596 5684 3646 5738 in
3674 5699 3873 5736 υιινιηση

1438 5764 1484 5800 ⁸³
1508 5772 1560 5818 tu
1589 5782 1697 5821 om.
1732 5766 1792 5820 (1.
1870 5763 1977 5816 "A
2010 5758 2257 5817 Perinde.
2337 5759 2525 5811 "Aes!
2558 5764 2758 5824 actum,
2834 5757 2880 5793 ²⁶
2900 5758 2988 5811 ubi
3009 5766 3055 5810 et
3085 5772 3195 5813 om.
3218 5755 3286 5811 Δ.
