4236 6274
463 433 558 488 6‘3!

1315 429 1400 482 DF.
1439 430 1774 486 DIVISIONE
1813 429 2160 486 NATURAE.
2197 461 2264 470 οσ-
2303 427 2502 485 LIBER
2544 431 2864 485 TERTIUS.

3617 433 3722 486 662

465 547 660 602 turalia
705 545 966 615 exempla,
1000 545 1188 612 quibus
1220 557 1430 612 possem
1483 553 1530 598 te
1580 545 1922 598 introducere
1971 549 2034 598 ad
2069 551 2110 606 Α
2141 547 2394 614 apostolis
2421 548 2472 599 in
2501 545 2795 613 spiritualis
2824 547 3042 598 visionis
3071 555 3326 611 montem,
3353 547 3455 600 hoc
3476 553 3576 609 est,
3604 546 3722 599 alti-

465 639 868 708 intelligentiam
914 651 1119 708 eorum,
1155 637 1220 688 de
1261 637 1454 704 quibus
1505 635 1936 704 dispulabamus,
1989 637 2038 688 id

461 740 566 794 est,
599 707 860 797 quomodo
903 707 1104 791 omnia,
1129 739 1266 795 quae
1287 743 1352 782 ex
1375 727 1482 780 Deo
1511 736 1723 791 sunt,et
1745 728 1778 776 .¹
1817 737 2038 782 aeterna

463 820 616 874 simul
643 827 694 872 et
735 819 870 872 facta
904 829 1048 882 sunt,
1079 827 1133 872 et
1153 820 1417 882 "maxime,
1447 819 1713 887 quomodo
1743 819 1884 874 Deus
1925 821 2036 887 ipse

457 919 510 962 et
538 908 710 962 factor
748 909 987 962 omnium
1037 917 1136 973 est,
1170 917 1221 962 et
1265 909 1317 961 in
1349 909 1598 963 omnibus
1649 911 1726 963 fit.
1779 907 1922 963 Ilaec
1953 919 2036 962 est

455 1003 596 1056 enim
625 1017 834 1055 summa
867 1003 1032 1056 totius
1071 1011 1288 1056 nostrae
1331 1003 1630 1070 praesentis
1671 1003 2036 1056 ratiocinatio-

455 1093 558 1146 nis.
587 1093 732 1146 Dtso.
761 1091 880 1144 lam
913 1091 966 1144 in
1001 1107 1088 1144 me
1131 1091 1304 1160 ipsmn
1343 1093 1523 1146 redeo.
1560 1091 1694 1146 Nam
1725 1093 2034 1147 diliicultate

453 1182 874 1251 praedictorum,
904 1189 958 1234 et
989 1181 1164 1234 adhuc
1191 1182 1460 1248 incognita
1503 1182 1634 1235 mihi
1664 1198 1843 1236 rerum
1887 1183 2036 1236 lllCO"

451 1274 536 1329 ria
561 1271 906 1342 stupefactus,
947 1274 1086 1326 sicut
1113 1273 1294 1327 multis
1325 1275 1524 1339 evenit,
1561 1275 1610 1327 in
1642 1274 1812 1328 extasi
1861 1275 2034 1328 factus

456 1379 596 1418 sum.
629 1364 762 1428 Quis
786 1365 927 1416 enim
959 1363 1194 1426 rudium,
1225 1370 1278 1416 et
1323 1365 1559 1417 nondum
1592 1365 2032 1418 sublimissimum

455 1455 678 1523 50phiae
735 1455 987 1508 verticem
1052 1455 1495 1518 ascendentium,
1571 1453 1695 1509 talia
1769 1457 2029 1524 cogitans,

455 1547 650 1599 mentis
669 1559 940 1600 secessum
966 1559 1072 1598 non
1095 1545 1354 1612 patiatur,
1381 1555 1655 1600 aeternam
1685 1559 2030 1600 numerorum

450 1651 478 1687 a
510 1635 768 1688 Creatore
795 1635 1036 1689 omnium
1059 1636 1112 1688 in
1139 1635 1368 1690 monade
1391 1636 1618 1690 audiens
1642 1636 2024 1699 cenditionem,

447 1725 848 1793 eorunden'ique
903 1727 1304 1794 processioaem
1369 1727 1424 1780 in
1479 1741 1676 1796 genera
1717 1737 1769 1780 et
1799 1727 2025 1796 Species,

447 1816 496 1867 in
547 1816 742 1884 quibus
783 1817 896 1870 fieri
955 1817 1229 1881 dicuntur,
1275 1817 1528 1885 quoniam
1565 1817 1618 1869 in
1659 1817 1739 1870 eis
1774 1816 1840 1869 ab
1873 1817 2028 1871 intel-

2143 635 2378 688 tudinem
2417 637 2582 702 raptis
2615 634 2864 703 apparuit
2893 631 3174 686 visibiliter
3201 634 3242 698 ⁵,
3292 637 3506 703 quando
3541 641 3716 687 trans-

2141 723 2392 778 formatio
2419 725 2628 778 Domini
2664 721 2804 778 facta
2831 723 2945 778 cst?
2981 721 3096 778 Non
3138 723 3281 776 enim
3313 723 3562 776 audiendi
3597 731 3721 776 sunt

2123 817 2216 879 ‘bl,
2251 818 2339 884 qui
2375 825 2580 884 putant,
2611 831 2733 870 eum
2777 815 2842 868 ad
2879 825 3087 884 tempus
3130 815 3186 868 in
3222 829 3445 883 corpore
3481 829 3724 868 resurre‘

2138 909 2301 972 xisse,
2329 917 2401 976 .ut
2431 907 2590 961 simul
2635 923 2756 960 cum
2801 905 2914 960 Elia
2949 907 3002 960 in
3045 913 3227 961 monte
3257 905 3559 970 visibiliter,
3613 921 3719 968 non

2136 1013 2234 1074 per
2263 1011 2320 1053 se
2351 1001 2527 1052 anima
2559 999 2625 1063 ³⁸,
2657 999 2748 1052 sed
2779 999 2832 1052 in
2860 1011 2956 1054 suo
2970 1013 3192 1067 corpore
3219 1007 3518 1074 appareret,
3538 1007 3590 1050 et
3615 997 3718 1052 ite-

2139 1073 2254 1144 rum
2287 1089 2354 1144 ad
2391 1089 2692 1159 sepulcrum
2732 1089 2970 1144 rediisse.
3013 1089 3141 1155 Quis
3177 1073 3304 1158 ergo
3343 1089 3584 1145 dicturus
3609 1097 3715 1157 est,

2137 1199 2240 1251 qua
2269 1183 2478 1236 ratione
2510 1181 2686 1235 anima
2713 1181 3028 1250 incorporea
3052 1187 3104 1234 et
3129 1179 3414 1235 invisibilis
3440 1181 3717 1236 invisibili-

2135 1273 2236 1328 bus
2285 1273 2646 1341 apostolorum
2685 1271 2964 1341 Spiritibus
3009 1271 3171 1326 veluti
3219 1273 3567 1340 corporaliter
3601 1275 3716 1328 visa

2137 1375 2238 1430 est,
2269 1379 2391 1419 cum
2419 1379 2516 1418 nec
2550 1365 2602 1418 in
2643 1378 2738 1418 suo
2767 1377 2994 1432 corpore
3015 1403 3028 1428 ,
3060 1380 3158 1419 nec
3189 1365 3242 1417 in
3284 1363 3462 1434 aliqua
3493 1367 3716 1419 materia

2137 1457 2400 1518 sensibili,
2428 1471 2518 1509 seu
2549 1455 2762 1510 aliunde
2784 1463 3058 1526 assumpta
3095 1455 3425 1527 apparuerit,
3459 1457 3550 1512 sed
3581 1473 3714 1526 qua-

2136 1549 2256 1603 dam
2300 1547 2552 1602 ineffabili
2599 1550 2812 1612 virtute,
2858 1547 2954 1603 soli
2997 1547 3106 1604 Deo
3154 1549 3388 1622 cognita,
3431 1549 3717 1605 invisibilis

2135 1637 2354 1708 spiritus
2401 1637 2553 1707 quasi
2585 1637 2629 1670 “
2665 1639 2890 1694 visibilis
2925 1655 3022 1708 per
3062 1655 3118 1694 se
3155 1639 3327 1694 factus
3359 1641 3476 1695 est?
3507 1641 3644 1708 Quid
3669 1641 3712 1674 “

2133 1727 2376 1784 dicturus
2396 1743 2454 1783 es
2471 1727 2514 1760 ⁸³
2538 1730 2601 1784 de
2626 1729 2804 1782 anima
2830 1731 3124 1799 prophetae
3139 1729 3419 1794 Samuelis,
3446 1732 3717 1800 quomodo

2135 1817 2478 1871 invisibiliter
2509 1825 2762 1886 tanquam
2795 1818 3020 1873 visibilis
3051 1819 3226 1873 locuta
3259 1829 3339 1874 est
3377 1817 3538 1874 Sani?
3575 1820 3714 1876 Nam

445 1907 670 1961 lectibns
707 1909 985 1976 patiuntur
1017 1908 1276 1978 intelligi;
1313 1908 1576 1962 deindein
1595 1917 1842 1961 naturam
1873 1908 2033 1962 ratio-
2065 1897 2108 1962 Β
2137 1918 2192 1965 et
2223 1909 2353 1978 ipsc,
2387 1910 2524 1964 sicut
2573 1909 2819 1980 apostoli,
2851 1911 2900 1963 in
2935 1911 3124 1979 spiritu
3173 1923 3358 1980 raptus
3393 1912 3516 1965 talia
3555 1913 3708 1966 vidit.

443 1999 672 2052 nabilem
701 2001 987 2053 secundam
1019 2000 1180 2053 veluti
1213 2001 1232 2030 ’
1264 2001 1697 2069 procreationem
1719 2043 1732 2066 ,
1772 2003 2026 2070 quoniam

451 2095 504 2149 in
535 2109 594 2148 ea
631 2111 754 2150 suas
783 2097 1008 2150 virtutes
1037 2095 1374 2149 manifestius
1399 2103 1728 2166 propagant;
1755 2095 1946 2148 deinde
1971 2095 2025 2148 in

448 2186 708 2238 memoria
751 2186 1102 2254 sensibusque
1131 2185 1466 2254 phantasias,
1515 2187 1624 2239 imo
1664 2186 1826 2239 etiam
1877 2187 2032 2239 theo-

445 2275 666 2344 phanias
691 2278 1279 2346 accipientes—mune
1318 2277 1484 2342 enim,
1533 2279 1676 2347 quod
1724 2295 1786 2333 cx
1831 2287 2024 2332 natura

447 2381 626 2418 rerum
683 2367 732 2418 in
783 2367 1036 2418 memoria
1089 2367 1384 2428 formatur,
1430 2367 1746 2421 occasiones
1799 2383 1862 2420 ex
1914 2369 2025 2420 lico

443 2457 646 2510 habere
660 2473 762 2511 non
789 2467 868 2510 est
893 2459 1242 2511 dubitandum
1267 2460 1574 2526 —-quodam
1599 2459 1758 2512 modo
1785 2459 1894 2512 fieri
1922 2475 2023 2512 non

440 2547 508 2600 de
534 2547 638 2598 alia
672 2547 918 2610 materia,
951 2547 1044 2602 sed
1085 2548 1150 2602 de
1179 2549 1485 2617 semetipsis
1519 2549 1683 2602 facti?
1719 2549 1868 2602 Nunc
1901 2555 2024 2604 vero

441 2636 604 2692 veluti
635 2637 1048 2707 expergefactus
1076 2639 1130 2692 in
1159 2655 1244 2692 me
1271 2639 1444 2708 ipsum
1469 2640 1700 2703 rediens,
1728 2639 2026 2702 interioris-'-

433 2741 538 2796 qae
569 2727 784 2780 lun'iiuis
811 2727 1021 2781 radium
1043 2727 1374 2782 luculentius
1395 2729 1744 2799 perspiciens,
1773 2745 1850 2792 ea,
1880 2745 2020 2800 quae

435 2834 468 2872 a
499 2827 549 2872 te
571 2820 712 2872 dicta
741 2827 886 2884 sunt,
911 2833 1240 2890 cognoscere
1267 2821 1486 2888 incipio.
1511 2819 1732 2874 Conaris
1760 2823 1899 2875 enim
1920 2863 1932 2885 ,
1967 2829 2024 2874 ut

435 2907 648 2976 opinor,
692 2909 940 2972 suadere,
985 2923 1174 2964 omnes
1221 2925 1478 2964 numeros
1504 2925 1568 2963 ex
1599 2910 1827 2963 monade
1857 2911 2018 2965 veluti

436 3012 502 3050 ex
529 2999 760 3065 quodam
793 3001 938 3054 fonte
963 3011 1265 3064 manantes,
1297 3003 1470 3055 instar
1491 3001 1714 3056 duorum
1741 3001 2016 3057 lluininum

436 3105 504 3144 ex
527 3105 632 3143 una
664 3105 792 3142 vena
817 3093 1144 3161 surgentium
1169 3093 1625 3162 profluere,inquc
1677 3096 1809 3150 duos
1838 3095 2019 3150 alveos

437 3190 760 3250 segregatos,
811 3197 1038 3250 quorum
1075 3199 1210 3237 unus
1231 3199 1339 3253 per
1375 3185 1659 3238 interiores
1705 3199 1866 3254 poros
1917 3201 2014 3239 na-

2133 2001 2412 2070 Siquidem
2465 2001 2714 2055 credendi
2749 2017 2853 2055 non
2879 2011 3023 2065 sunt,
3048 2001 3138 2070 qui
3161 2001 3360 2068 dicunt,
3389 2017 3491 2056 non
3515 2004 3710 2072 ipsum,

2129 2095 2224 2149 sed
2253 2094 2467 2164 aliquod
2509 2093 2818 2163 ﬁgmentum
2869 2094 2924 2147 in
2965 2091 3313 2148 similitudine
3356 2094 3518 2163 ipsius
3549 2109 3714 2164 appa-

2129 2187 2329 2248 ruisse,
2363 2185 2636 2255 indignum
2662 2183 2966 2255 judicantes
3004 2185 3237 2239 animam
3279 2191 3522 2240 sanetam
3555 2185 3601 2217 ιθ
3631 2187 3714 2241 in-

2128 2278 2522 2332 cantationibus
2549 2279 2894 2348 pytbonissae
2917 2280 2983 2333 ab
3017 2279 3062 2310 ¹¹⁵
3099 2277 3283 2336 inferis
3317 2281 3575 2346 revocari,
3603 2297 3710 2336 non

2128 2367 2616 2422 animadvertentes
2659 2369 2895 2423 divinam
2939 2371 3332 2439 providentiam
3374 2387 3476 2425 non
3529 2371 3706 2426 minus

2127 2473 2222 2528 per
2252 2459 2576 2524 innnnmlos,
2608 2475 2770 2529 quam
2812 2475 2909 2530 per
2951 2461 3180 2517 mundos
3205 2463 3423 2530 spiritus
3461 2471 3708 2518 naturam

2125 2563 2303 2603 rerum
2356 2551 2754 2604 administrare.
2805 2549 3029 2606 Constat
3071 2561 3283 2618 autem,
3335 2553 3567 2606 animam
3612 2551 3709 2608 Sal-

2125 2641 2315 2696 muelis
2342 2641 2386 2673 ²⁶
2411 2658 2510 2711 per
2541 2655 2600 2696 se
2639 2642 2808 2710 ipsam
2837 2643 2988 2711 quasi
3026 2645 3068 2676 "
3114 2643 3398 2697 visibilitcr
3434 2660 3538 2696 non
3573 2645 3618 2678 ⁸⁸
3655 2647 3706 2700 in

2125 2747 2370 2801 corpore,
2406 2747 2506 2786 nec
2537 2733 2590 2785 in
2629 2733 2808 2800 aliqua
2841 2731 3190 2786 similitudine
3225 2733 3552 2787 consulentis
3587 2749 3708 2790 eam

2123 2826 2264 2894 regis
2299 2825 2512 2878 animae
2551 2826 2902 2894 prophetasse
2931 2823 2994 2877 ‘9.
3043 2824 3106 2878 Et
3153 2825 3197 2879 si
3247 2823 3384 2879 forte
3414 2823 3571 2879 alicui
3605 2827 3706 2882 hoc

2122 2919 2336 2972 videtur
2364 2919 2678 2973 incredibile
2707 2915 2792 2971 vel
2815 2918 3038 2972 dubium
3069 2917 3134 2982 ³ο,
3161 2917 3303 2986 legat
3327 2926 3572 2971 sanctum
3603 2917 3705 2971 Au-

2121 3012 2392 3081 gustinum
2425 3012 2476 3064 in
2507 3010 2646 3065 libro
2675 3011 2742 3064 de
2769 3023 2898 3065 cura
2944 3009 3338 3064 defunctorum.
3385 3007 3491 3062 Nos
3520 3017 3700 3064 autem

2121 3103 2186 3156 ad
2217 3101 2652 3156 titanifestissima
2687 3111 2914 3157 naturae
2949 3102 3192 3172 exempla
3232 3117 3604 3166 recurramus,
3631 3103 3698 3156 de

2123 3193 2318 3264 quibus
2346 3207 2501 3248 nemo
2523 3203 2671 3248 recte
2703 3193 3192 3263 pbilosaphantium
3216 3193 3511 3249 contendit.
3545 3193 3690 3249 DISC.

433 3281 606 3338 turae,
641 3274 742 3326 hoc
775 3283 876 3337 est,
923 3288 1021 3342 per
1075 3275 1426 3340 intellectum,
1458 3282 1510 3327 et
1543 3276 1825 3340 rationem,
1872 3275 2008 3328 alter
2037 3279 2080 3348 (ζ
2115 3289 2230 3353 ηερ,
2263 3301 2482 3356 quaeso,
2513 3301 2650 3355 quae
2675 3295 2796 3341 sum
2821 3285 2928 3339 ma,

429 3378 556 3418 vero
589 3380 686 3433 per
713 3367 1010 3419 exteriores
1040 3366 1326 3420 visibilium
1358 3383 1538 3420 rerum
1565 3370 1773 3436 species
1809 3369 2003 3422 decur-

428 3458 497 3509 rit
528 3458 548 3488 ³
577 3467 623 3510 et
657 3471 754 3526 per
798 3473 1010 3522 sensus,
1040 3459 1210 3513 donec
1241 3460 1400 3514 simul
1439 3462 1490 3513 in
1529 3463 1840 3516 memoriam
1872 3477 2001 3517 con-

427 3547 609 3610 tluant,
639 3548 690 3600 in
717 3563 822 3617 qua
857 3547 1224 3618 multipliciter
1257 3550 1575 3604 formantur.

495 3634 578 3688 15.
623 3636 724 3691 Sed
749 3639 1020 3706 quomodo
1047 3637 1068 3668 ¹⁶
1093 3653 1180 3692 res
1221 3639 1587 3708 iucorporeae,
1616 3649 1669 3694 et
1697 3657 1800 3696 non
1830 3643 2002 3697 solum

427 3740 458 3778 a
481 3727 721 3798 sensibus
737 3769 750 3792 ,
775 3743 962 3782 verum
989 3729 1152 3782 etiam
1175 3743 1242 3783 ex
1271 3730 1554 3802 memoria,
1585 3732 1842 3800 omnique
1867 3732 2001 3786 ima-

424 3814 694 3885 ginatione
761 3832 888 3886 prae
953 3818 1116 3871 nimia
1195 3833 1326 3872 suae
1389 3827 1614 3874 naturae
1685 3823 2000 3878 excellentia

422 3912 680 3966 remotae,
711 3905 762 3958 in
791 3908 1044 3960 memoria
1068 3907 1402 3974 scnsibusve,
1431 3910 1533 3963 hoc
1553 3919 1654 3976 est,
1675 3912 1724 3964 in
1755 3912 2001 3982 imagini-

421 3991 523 4047 bus
551 3993 952 4063 visibilibusque
991 3998 1180 4066 tiguris
1210 3998 1369 4066 veluti
1412 3999 1730 4067 quibusdam
1761 4005 2000 4070 corpori-

419 4081 520 4140 bus
548 4086 754 4152 possint
797 4085 818 4116 ⁵
843 4087 1111 4156 ,‘apparere
1133 4129 1146 4152 ,
1190 4104 1296 4143 non
1337 4091 1469 4143 satis
1504 4091 1678 4143 video.
1717 4091 1854 4144 MAG.
1889 4092 2002 4148 Hoc

417 4187 524 4224 uno
553 4175 798 4243 exettlplo
829 4185 996 4231 totum
1045 4187 1098 4231 te
1145 4179 1448 4248 intelligere
1473 4179 1665 4232 sentio.
1717 4181 1793 4234 lta
1833 4182 2016 4248 enim,

415 4271 476 4316 ut
503 4265 707 4330 dixisti,
745 4283 811 4322 ex
843 4271 1072 4322 monade
1103 4272 1310 4324 muneri
1345 4279 1597 4335 manant,
1635 4279 1688 4324 et
1721 4271 1774 4324 in
1797 4287 1999 4327 memo-

417 4354 552 4408 riam
587 4361 606 4389 δ
643 4359 934 4414 conﬂuunt.
959 4362 1038 4416 De
1053 4377 1120 4416 eo
1149 4373 1352 4430 autem,
1377 4365 1517 4434 quod
1539 4380 1644 4420 non
1669 4368 1800 4422 satis
1825 4369 1994 4432 vides,

417 4447 600 4514 accipe
625 4451 764 4516 quod
795 4452 988 4504 sentio.
1025 4453 1394 4521 Spiritualium
1413 4469 1592 4508 rerum
1625 4465 1818 4510 natura.
1839 4473 1946 4511 non
1977 4457 1998 4490 ⁷

413 4535 486 4590 ita
555 4541 1102 4609 contemplationilms
1167 4545 1366 4599 mentis
1415 4548 1745 4611 succumbit,
1800 4558 1858 4602 ut
1901 4565 1998 4618 per

2180 3441 2267 3496 14.
2291 3441 2428 3497 MAG.
2459 3441 2688 3497 Formas
2711 3457 2890 3498 rerum
2913 3442 3260 3512 incorporeas
3281 3457 3400 3498 esse
3423 3445 3694 3512 sapientes

2109 3535 2310 3589 (licunt.
2367 3535 2604 3590 Eandem
2655 3549 2870 3604 quoque
2931 3537 3250 3590 sententiam
3304 3537 3368 3590 de
3425 3536 3698 3590 coloribus

2107 3627 2414 3696 proferunt;
2439 3641 2532 3682 eos
2553 3628 3054 3697 enimincorporeos
3073 3642 3192 3682 esse
3210 3641 3332 3682 vera
3355 3627 3558 3682 ratione
3573 3641 3698 3680 con-

2105 3720 2240 3774 sulta
2263 3719 2630 3787 pronuntiant.
2655 3719 2800 3774 DtSC.
2825 3718 3077 3788 Quisquis
3101 3717 3470 3782 indedubital,
3491 3717 3628 3770 inter
3649 3719 3693 3750 ἰ

2104 3813 2448 3881 philosophos
2474 3812 2649 3866 locum
2701 3827 2804 3866 non
2831 3813 3010 3867 habet.
3059 3811 3196 3866 MAG.
3245 3811 3300 3865 Si
3323 3829 3450 3882 ergo
3491 3813 3694 3867 formae

2105 3917 2264 3974 atque
2295 3905 2504 3958 colores
2529 3906 2582 3958 in
2611 3920 2836 3958 numero
2869 3920 3045 3959 rerum
3087 3905 3502 3972 incorporation:
3536 3921 3687 3960 com-

2103 4004 2381 4068 putantur,
2428 4013 2530 4064 qua
2581 3997 2787 4050 ratione
2831 3995 3078 4050 sensibus
3123 3995 3400 4063 corporeis
3438 4009 3688 4048 succum-

2102 4087 2256 4151 bunt,
2283 4087 2483 4155 profer,
2501 4088 2544 4138 si
2573 4095 2740 4154 potes.
2766 4086 2934 4140 Omne
2961 4085 3124 4147 ettim,
3153 4085 3294 4152 quod
3323 4099 3416 4153 per
3435 4085 3620 4138 oculos
3643 4085 3689 4116 “

2103 4179 2351 4242 sentitur,
2411 4193 2514 4232 non
2559 4177 2716 4230 aliter
2763 4176 2862 4249 nisi
2908 4176 2960 4228 in
3008 4175 3178 4228 forma
3225 4175 3460 4228 colorata
3500 4173 3687 4228 sentiri

2102 4277 2298 4342 poteSt.
2326 4271 2470 4325 DISC.
2524 4269 2748 4324 Formas
2777 4274 2830 4322 et
2855 4266 3064 4321 colores
3089 4281 3186 4334 per
3207 4280 3266 4318 se
3295 4279 3554 4331 apparere
3577 4275 3684 4318 nou

2103 4379 2261 4435 posse
2291 4363 2540 4426 aestimo,
2571 4362 2626 4414 in
2656 4360 2886 4427 quadam
2911 4372 3042 4412 vero
3064 4355 3290 4411 materia
3314 4355 3414 4410 sibi
3443 4355 3682 4424 subjecta

2103 4460 2379 4522 apparent.
2419 4451 2560 4506 MAG.
2601 4449 2768 4504 Miror
2797 4449 2968 4512 valde,
2995 4463 3093 4502 cur
3115 4456 3222 4500 tam
3263 4445 3418 4514 longe
3447 4460 3478 4498 a
3507 4442 3684 4513 philo.

2104 4545 2288 4614 sophia
2323 4544 2551 4598 recedis.
2579 4543 2724 4595 DISC.
2759 4540 2952 4594 Nescio
2975 4539 3084 4594 ubi.
3119 4539 3256 4595 MAG.
3289 4537 3404 4592 Non
3437 4546 3487 4592 te
3517 4537 3686 4592 sentis

409 4627 616 4697 singula
645 4630 708 4682 de
735 4631 842 4696 bis,
865 4648 1004 4701 quae
1031 4635 1096 4686 de
1117 4649 1202 4698 ea,
1223 4635 1303 4688 vel
1327 4635 1378 4690 in
1406 4651 1492 4700 ea,
1519 4637 1600 4691 vel
1629 4653 1854 4706 peream
1879 4656 1994 4708 per-
2021 4643 2071 4700 υ
2098 4651 2308 4690 errasse
2327 4675 2343 4700 ,
2387 4633 2602 4702 quando
2641 4631 2820 4686 dixisti
2849 4673 2862 4696 ,
2915 4631 3114 4686 formas
3150 4639 3206 4684 et
3246 4630 3454 4684 colores
3491 4644 3588 4698 per
3625 4643 3683 4683 se

407 4727 668 4786 aguntur,
723 4721 990 4776 rationem
1021 4723 1326 4778 reddamus.
1377 4725 1542 4780 Multa
1571 4729 1712 4782 enim
1743 4730 1794 4783 iu
1821 4743 1884 4784 ea
1909 4745 1994 4784 so-

411 4801 520 4856 lent
565 4824 863 4876 apparere,
924 4828 1062 4880 quae
1115 4829 1220 4868 non
1266 4817 1560 4870 secundum
1624 4819 1868 4888 cognitas
1911 4819 1994 4874 vel

411 4891 706 4964 incognitas
747 4902 918 4970 ipsius
957 4903 1120 4972 leges,
1164 4905 1256 4960 sed
1289 4907 1428 4960 ultra
1457 4922 1672 4961 onlnem
1712 4909 1882 4978 legem
1913 4911 1992 4964 di-

410 4984 538 5038 vina
579 4989 888 5070 voluntate,
948 5011 1086 5062 quae
1129 4998 1270 5051 nulla
1319 4999 1432 5067 lege
1479 4998 1854 5064 concluditur,
1907 5013 1991 5056 εει

406 5077 554 5132 enim
577 5079 662 5134 lex
689 5082 860 5153 legum
886 5095 938 5141 et
969 5089 1102 5144 ratio
1134 5091 1426 5156 rationum,
1455 5091 1690 5146 mirabili
1718 5102 1772 5146 et
1803 5094 1988 5148 ineffa-

400 5167 498 5222 bili
532 5171 692 5226 tnodo
721 5173 870 5229 ﬁunt.
897 5179 1026 5245 Quis
1061 5182 1204 5234 enim
1239 5182 1502 5236 rationem
1541 5191 1718 5249 potest
1744 5185 1986 5250 reddere,

399 5255 444 5311 si
475 5259 846 5332 interrogatus
869 5267 1054 5336 fuerit,
1082 5271 1352 5341 quomodo
1389 5271 1442 5324 in
1479 5272 1675 5341 spiritu
1717 5273 1738 5304 ⁸
1779 5273 1990 5345 Moyses

2101 4743 2206 4780 non
2237 4739 2394 4796 posse
2425 4723 2673 4779 sensibus
2721 4724 3093 4788 succumbere,
3125 4723 3224 4778 nisi
3269 4722 3322 4776 in
3357 4720 3534 4790 aliqua
3566 4735 3684 4775 ma-

2100 4817 2252 4878 teria,
2274 4831 2398 4870 cum
2423 4816 2536 4884 ipsa
2555 4815 2782 4870 materia
2802 4815 2870 4880 ³³,
2887 4830 3080 4870 carens
3101 4813 3270 4870 forma
3293 4821 3456 4882 atque
3478 4811 3678 4877 colore,

2094 4908 2312 4962 omnino
2344 4907 2628 4962 invisibilis
2661 4908 2734 4960 sit
2763 4915 2819 4960 et
2846 4906 3194 4976 incorporea;
3223 4923 3282 4959 ac
3313 4921 3410 4974 per
3437 4906 3540 4958 hoc
3585 4917 3679 4956 ne—

2093 5015 2243 5055 cesse
2269 5007 2371 5065 est,
2407 4999 2668 5052 rationem
2717 4997 2930 5062 reddas,
2975 5001 3241 5064 quomodo
3283 4997 3490 5051 formae
3529 4994 3574 5024 ’³
3625 5001 3680 5048 et

2095 5097 2320 5160 colores,
2361 5097 2488 5150 dum
2529 5096 2881 5163 iucorporeae
2925 5103 3147 5146 naturae
3177 5092 3302 5152 sint,
3349 5091 3400 5142 in
3452 5089 3674 5142 materia

2129 5203 2188 5239 er
2215 5201 2272 5239 se
2297 5186 2466 5254 ipsum
2497 5185 2544 5218 "
2573 5186 2934 5248 considerata,
2964 5185 3066 5237 hoc
3093 5190 3198 5244 est,
3250 5181 3365 5234 sine
3393 5179 3562 5232 forum
3595 5186 3676 5230 at-

2095 5293 2198 5346 que
2227 5279 2406 5333 colore
2453 5277 2774 5348 ineorporali
2803 5284 3028 5332 possunt
3055 5275 3102 5307 “
3139 5272 3386 5330 sensibus
3427 5281 3676 5324 succum-

1677 5405 1930 5460 V’ARIAE
1968 5407 2365 5464 LECTIONES.

471 5487 486 5515 ¹
519 5498 567 5541 et
611 5505 722 5543 om.
777 5491 820 5544 A

429 5567 659 5631 naniam.
740 5562 759 5590 ⁵
784 5561 824 5616 C
850 5576 1083 5631 possunt.

529 5638 570 5667 ιι
603 5633 754 5699 quasi
784 5627 892 5687 om.
921 5635 982 5688 Α.
1059 5638 1102 5668 ¹²
1143 5638 1184 5690 Α
1218 5637 1388 5700 Quod.

395 5695 436 5766 ξ’
465 5695 624 5766 πμιωῖ
649 5719 759 5754 υιιι.
793 5703 853 5755 Α.
936 5705 978 5738 ¹⁸
1009 5724 1111 5760 non
1137 5695 1257 5760 om:
1279 5709 1335 5764 (1.

389 5763 484 5819 hoc
523 5769 747 5848 videtin;
824 5775 866 5807 ’ί
898 5775 943 5830 Α
967 5777 1124 5832 intra.
1201 5779 1244 5808 "
1277 5795 1370 5848 per
1397 5777 1572 5832 oculos
1599 5777 1705 5833 σιη.
1744 5779 1809 5834 Α.

388 5849 494 5891 non
519 5847 762 5910 possunt.

1163 5567 1182 5598 θ
1207 5567 1246 5618 A
1271 5569 1538 5620 memoria.

1470 5638 1512 5669 ¹³
1537 5637 1578 5688 Λ
1613 5645 1706 5689 est.

927 5495 947 5525 ⁸
976 5495 1018 5548 Α
1077 5497 1450 5551 rationabilem
1503 5496 1829 5561 secundam;
1890 5499 2044 5553 veluti
2095 5501 2376 5554 sertmdam
2419 5513 2525 5552 om.
2591 5529 2632 5554 λ.

927 5576 1083 5619 rsum.
1163 5567 1182 5598 θ
1207 5567 1246 5618 A
1271 5569 1538 5620 memoria.
1617 5567 1636 5597 "
1663 5577 1762 5619 non
1799 5583 1904 5621 om.
1944 5571 2007 5621 Α.
2082 5571 2102 5600 ⁸
2131 5571 2378 5621 insnirita
2404 5585 2511 5621 out.
2535 5568 2598 5621 Α.

1663 5577 1762 5619 non
1799 5583 1904 5621 om.
1944 5571 2007 5622 Α.
2082 5571 2102 5600 ⁸
2131 5571 2378 5624 insnirittt
2404 5585 2511 5621 out.
2535 5571 2598 5622 Α.

1799 5583 1904 5621 om.
1944 5583 2007 5622 Α.
2082 5583 2102 5600 ⁵
2131 5583 2357 5640 msptrm

1789 5638 1828 5668 ³³
1872 5640 1920 5692 Α.
1949 5653 2357 5694 sacrosanctam.

1419 5707 1458 5737 ιε’
1558 5707 1848 5782 consulenti
1897 5727 2010 5782 eam
2049 5713 2154 5780 regi
2173 5713 2558 5782 prop/nutasse.

1899 5780 1942 5812 ²³
1968 5783 2012 5837 Α
2037 5797 2159 5838 cum
2185 5780 2402 5836 tuateria
2431 5781 2564 5850 ipsa.

2765 5497 2786 5527 '
2835 5495 2926 5550 Sic
2975 5493 3048 5560 C,
3097 5495 3142 5548 Α
3191 5493 3482 5549 decurrere.
3583 5494 3670 5548 ‘A

2676 5570 2696 5602 ³
2719 5566 2992 5622 visibiliter
3009 5581 3116 5620 om.
3143 5565 3202 5620 C.
3283 5565 3324 5596 ³⁸
3353 5569 3529 5620 rinirna
3557 5580 3668 5620 om.

2435 5640 2478 5670 ¹⁵
2504 5639 2846 5706 pytltouissac
2861 5636 3085 5702 potuisse
3101 5638 3190 5692 ab.
3270 5637 3313 5666 “
3339 5637 3376 5688 C
3396 5635 3666 5706 Samuhel.

2647 5708 2691 5739 ¹⁰
2723 5709 2766 5762 Α
2800 5709 2957 5762 alicui
3001 5709 3292 5764 incredibili
3333 5705 3408 5761 vel
3444 5705 3660 5760 dubium

2658 5779 2704 5814 "
2732 5779 2776 5835 Α
2812 5779 3004 5836 forma.
3101 5781 3147 5812 "
3175 5783 3220 5836 A
3244 5797 3302 5836 se
3329 5779 3458 5833 lusa.
3555 5775 3604 5810 ”
3627 5775 3671 5836 Ο

2658 5779 2704 5814 ³⁸
2732 5779 2776 5835 Α
2812 5779 3004 5852 forma.
3101 5781 3147 5812 "
3175 5783 3220 5836 A
3244 5797 3302 5837 se
3329 5779 3458 5833 lusa.
