4236 6274
526 384 633 457 663

1899 378 2181 439 JOANNIS
2216 378 2413 438 SCOTI

3701 376 3813 440 664

516 511 675 577 'berc,
714 506 937 580 proinde
983 503 1411 561 ratiocinabilius
1454 502 1682 566 diceres,
1719 498 2002 554 materiam
2036 497 2114 552 in—
2138 497 2296 560 Aeis
2342 494 2631 565 procedat,
2678 502 2734 549 et
2783 494 2836 547 in
2885 494 2967 548 eis
3001 492 3293 549 causaliter
3340 494 3626 554 subsistat.
3664 499 3805 561 MAG.

529 600 755 658 formem
785 599 839 653 in
870 596 1139 653 coloribus
1165 611 1228 653 ac
1265 594 1480 659 formis,
1517 608 1680 664 quam
1718 590 1923 647 formas
1951 597 2112 659 atque

529 691 740 748 colores
790 689 845 743 in
898 672 1173 755 materia,
1235 685 1560 743 sensibiliter
1613 698 1895 755 apparere.
1962 682 2110 737 DISC.

528 778 683 834 Nunc
730 793 816 834 me
865 793 1079 833 errasse
1132 792 1240 832 non
1307 776 1551 845 denego,
1600 772 1769 829 falsae
1827 771 2116 827 ratiocina-

528 872 692 929 tionis
741 868 1153 942 consuetudiue'
1185 867 1464 936 deceptus,
1508 872 1563 919 et
1600 864 1749 934 jam,
1779 863 1908 932 quid
1936 877 2112 934 agam,

529 964 746 1035 penitus
791 963 1000 1034 ignoro.
1056 958 1197 1015 MAG.
1253 955 1691 1020 Recordarisne,
1723 953 1850 1022 quid
1892 953 1959 1007 de
2000 952 2116 1022 ipsa

530 1057 758 1112 materia
802 1056 856 1111 in
897 1056 1074 1126 primo
1118 1054 1257 1108 libro
1299 1053 1442 1106 inter
1472 1065 1573 1105 nos
1625 1057 1709 1105 est
1740 1048 2045 1104 confectum
2074 1049 2114 1112 ί,

530 1149 619 1205 ubi
646 1151 667 1181 ⁸
710 1164 775 1205 ex
818 1146 1232 1223 intelligibilium
1285 1144 1428 1200 coitu
1498 1141 1669 1211 ipsam
1711 1140 1829 1195 fieri
1879 1139 2118 1209 disputa-

531 1239 751 1295 vimus?
805 1238 1144 1306 Quantitates
1212 1234 1478 1305 siquidem
1541 1240 1596 1287 et
1631 1230 1948 1302 qualitates,
1987 1229 2117 1283 dum

531 1349 629 1404 per
675 1348 735 1389 se
782 1331 1134 1401 incorporeae
1167 1328 1294 1393 sint,
1350 1328 1403 1381 in
1438 1340 1606 1380 unum
1640 1339 1769 1379 vero
1797 1322 1817 1353 ³
1860 1330 2118 1377 coeuntes

533 1422 818 1477 informem
875 1419 1112 1476 efﬁciunt
1162 1418 1487 1483 materiam,
1537 1431 1675 1485 quae
1726 1413 1952 1484 adjectis
2004 1412 2118 1469 for-

532 1515 635 1570 mis
692 1512 1071 1582 coloribusque
1104 1506 1111 1513 “
1141 1509 1475 1580 incorporeis
1523 1509 1577 1561 in
1631 1508 1845 1562 diversa
1890 1519 2117 1575 corpora

532 1616 797 1663 movetur.
823 1607 964 1661 DISC.
993 1604 1274 1659 Recordor
1297 1615 1447 1656 sane.
1477 1598 1616 1655 Msc.
1641 1599 1719 1655 Ex
1746 1599 1906 1654 rebus
1936 1599 2119 1669 itaque

532 1678 963 1766 incorporalibns
1029 1710 1257 1763 corpora
1318 1702 1634 1748 nascuntur.
1692 1690 1837 1746 DISC.
1909 1689 2119 1761 Negare

528 1804 637 1845 non
667 1803 917 1859 possum;
969 1786 1261 1857 praedictis
1307 1784 1453 1839 enim
1497 1782 1796 1838 rationibus
1832 1782 2117 1837 collectum

2217 586 2359 642 Sane
2388 586 2659 657 intelligis.
2689 584 2941 652 Proinde,
2972 587 3028 640 ni
3067 585 3247 654 fallor,
3276 603 3383 644 non
3410 593 3658 663 negabis,
3685 611 3806 652 om-

2214 679 2304 734 nia
2350 692 2576 749 corpora
2625 677 2920 747 composita
2974 686 3029 731 et
3089 680 3366 747 solubilia,
3419 697 3560 753 quae
3612 696 3809 748 natura

2214 785 2398 825 rerum
2450 768 2472 799 ⁰
2533 769 2773 825 omnium
2824 778 3129 824 extremum
3178 772 3429 828 obtinent
3477 775 3687 845 locum,
3741 782 3809 839 de

2216 859 2395 930 aliquo
2424 874 2560 925 esse,
2595 875 2702 915 non
2731 870 2911 915 autem
2940 861 3008 916 de
3033 861 3222 918 nihilo.
3252 864 3399 922 DISC.
3430 866 3551 923 Non
3577 874 3803 943 negabo.

2220 956 2296 1010 Ex
2329 956 2680 1025 qualitatibus
2720 955 2865 1009 enim
2908 966 2964 1011 et
2983 957 3381 1025 quantitatibus
3404 962 3728 1033 simplicium
3753 979 3808 1024 et

2218 1045 2564 1101 invisibilium
2595 1062 2912 1117 corporum,
2949 1049 3310 1121 sensibusque
3340 1052 3805 1125 incomprehensi-

2216 1137 2406 1194 bilium
2437 1136 2764 1205 efficiuntur,
2792 1155 2931 1209 quae
2974 1151 3261 1211 propterea
3311 1144 3580 1204 elementa
3600 1166 3802 1208 vocan-

2219 1242 2328 1298 tur,
2375 1232 2631 1303 quoniam
2675 1248 2744 1288 ex
2798 1233 3007 1289 illorum
3055 1250 3326 1293 concursu
3369 1242 3551 1296 omnia
3577 1258 3800 1315 corpora

2219 1325 2470 1393 componi
2491 1333 2804 1379 naturarum
2826 1326 3176 1397 inquisitores
3204 1331 3378 1398 aiunt,
3399 1340 3457 1387 et
3478 1333 3531 1389 in
3556 1352 3621 1390 ea
3647 1338 3805 1407 solvi,

2218 1424 2274 1471 et
2302 1416 2356 1469 in
2384 1416 2463 1470 eis
2501 1416 2720 1470 salvari.
2749 1415 3026 1472 Catholica
3065 1434 3282 1489 quoque
3320 1422 3498 1477 solent
3528 1425 3803 1496 appellari,

2222 1507 2274 1563 id
2303 1517 2419 1574 est,
2456 1509 2815 1574 universalia;
2852 1525 2919 1565 ex
2974 1510 3105 1581 ipsis
3147 1513 3413 1581 siquidem
3443 1518 3659 1589 propria
3690 1520 3804 1576 sin-

2220 1598 2466 1670 gulorum
2519 1614 2744 1669 corpora
2798 1599 2953 1657 fiunt.
3008 1600 3208 1657 lterum
3264 1603 3530 1661 elementa
3579 1624 3683 1664 non
3737 1611 3805 1667 de

2220 1689 2390 1744 nihilo
2427 1688 2585 1753 facta,
2619 1691 2713 1745 sed
2754 1705 2822 1746 ex
2844 1691 3281 1762 primordialibus
3312 1699 3492 1753 causis
3513 1702 3805 1768 procedere

2222 1780 2411 1836 fateor.
2444 1781 2590 1849 Quas
2620 1782 2994 1851 primordiales
3025 1800 3217 1842 causas
3248 1788 3406 1843 simul
3448 1801 3503 1845 et
3555 1795 3722 1849 semel
3751 1796 3807 1852 in

527 1890 632 1939 est.
664 1881 802 1938 ΜΑς.
833 1880 1072 1950 Corpora
1095 1893 1226 1949 ergo
1264 1893 1371 1933 non
1398 1877 1463 1931 de
1492 1875 1683 1941 nihilo,
1715 1874 1811 1930 sed
1840 1875 1903 1929 de
1924 1873 2114 1942 'aliquo
2149 1865 2193 1925 Β
2222 1875 2400 1931 Verbo
2431 1876 2526 1931 Dei
2573 1876 2744 1932 factas
2789 1876 2968 1934 nullus
3016 1878 3253 1936 ﬁdelium
3309 1884 3538 1950 dubitat,
3582 1889 3807 1946 audiens

527 1973 686 2029 ﬁunt.
718 1971 833 2026 Non
866 1971 1009 2025 enim
1040 1971 1163 2041 quis
1192 1968 1420 2032 dixerit,
1452 1966 1755 2037 praedictas
1802 1981 1989 2021 eorum
2023 1979 2117 2020 oc-

529 2064 776 2121 casiones
798 2062 929 2117 nihil
958 2077 1097 2127 esse,
1130 2063 1233 2116 hoc
1256 2070 1340 2116 est
1368 2060 1702 2129 quantitates
1728 2067 1783 2113 et
1804 2057 2118 2128 qualitates,

528 2154 734 2213 formas
757 2155 844 2210 vel
878 2156 1115 2226 species,
1149 2154 1361 2211 colores
1384 2194 1399 2218 ,
1435 2152 1716 2207 intervalla
1745 2150 2119 2222 longitudinis,

527 2244 846 2310 latitudinis,
875 2245 1197 2319 altitudinis,
1225 2251 1281 2298 et
1310 2258 1434 2299 cum
1481 2242 1567 2297 his
1601 2242 1718 2298 loca
1754 2250 1809 2297 et
1850 2250 2116 2311 tempora.

528 2338 678 2408 Quae
721 2341 763 2394 si
815 2339 1168 2403 abstraxeris,
1213 2352 1437 2407 corpora
1479 2350 1583 2390 non
1631 2343 1791 2390 erunt
1830 2336 1886 2401 ⁸;
1922 2335 1967 2390 si
2005 2350 2067 2389 ea
2099 2335 2120 2366 "

533 2429 900 2497 conjunxeris,
931 2445 1056 2485 mox
1089 2427 1416 2491 efﬁciuntur,
1441 2427 1556 2482 sive
1584 2426 1874 2493 catholica,
1908 2433 1965 2480 ut
1995 2433 2123 2481 sunt

530 2529 793 2592 quattuor
816 2520 1000 2575 mundi
1032 2520 1267 2574 maxima
1304 2534 1553 2589 corpora,
1588 2520 1701 2573 sive
1723 2518 1971 2589 propria,
2001 2533 2123 2589 spe-

530 2608 951 2678 cialissimisque
1014 2607 1176 2661 rebus
1226 2606 1534 2662 distributa.
1586 2605 1739 2672 Quae
1798 2614 1991 2661 cuncta
2053 2621 2121 2661 ex

529 2708 787 2773 quattuor
811 2698 1146 2769 simplicibus
1172 2696 1455 2754 elementis
1474 2698 1727 2769 componi
1754 2713 1858 2754 non
1876 2700 2121 2769 negabis,

530 2801 590 2852 ut
640 2794 864 2864 opinor,
908 2790 1165 2863 quoniam
1212 2793 1267 2847 in
1317 2807 1380 2847 ea
1430 2793 1793 2848 resolvuntur.
1825 2793 1974 2848 DISC.
2004 2792 2120 2849 Non

529 2885 763 2958 negabo,
805 2884 901 2939 sed
933 2883 1019 2937 illa
1060 2884 1326 2939 elementa
1369 2898 1466 2953 per
1505 2898 1565 2939 se
1598 2885 1884 2956 simplicia,
1916 2901 2123 2956 suaque

532 2977 923 3047 compositione
955 2976 1196 3031 omnium
1225 2991 1513 3047 corporum
1550 2975 1792 3032 cll'ectiva
1813 3018 1829 3044 ,
1859 2977 1925 3033 de
1953 2977 2123 3033 nihilo

531 3084 650 3126 esse
682 3070 822 3126 facta
869 3072 1120 3128 dixerim.
1150 3074 1289 3129 MAG.
1326 3073 1464 3141 Quid
1493 3088 1621 3142 ergo
1661 3073 1905 3128 dicturus
1948 3088 2009 3129 es
2053 3073 2123 3129 de

532 3163 712 3218 causis
746 3164 1184 3242 primordialibus.
1216 3165 1236 3196 ⁸
1258 3205 1272 3229 ,
1314 3165 1379 3218 de
1419 3164 1614 3234 quibus
1651 3165 1815 3219 multa
1845 3165 2120 3221 diximus?

534 3254 911 3322 Quaerendum
937 3265 1023 3312 est
1049 3258 1192 3312 enim
1216 3298 1230 3323 ,
1257 3271 1426 3326 quare
1457 3271 1657 3311 causae
1688 3256 1964 3323 dicuntur,
1994 3256 2039 3311 si
2067 3257 2123 3312 in

534 3348 759 3405 ell‘ectus
801 3363 929 3403 suos
972 3364 1080 3404 non
1136 3347 1465 3419 procedunt?
1512 3347 1791 3417 Siquidem
1837 3347 1908 3401 sia
1943 3346 2125 3403 omnia

536 3449 760 3508 corpora
791 3452 855 3491 ex
886 3437 1190 3500 elementis,
1220 3436 1487 3491 elementa
1515 3450 1647 3491 vero
1674 3435 1741 3492 de
1776 3436 1978 3504 nihilo,
2009 3437 2126 3494 illo-

537 3543 656 3585 rum
685 3542 847 3582 causa
868 3527 1140 3581 videbitur
1164 3540 1285 3582 esse
1310 3526 1465 3592 nihil,
1493 3541 1599 3581 non
1622 3536 1802 3581 autem
1828 3527 1977 3597 ipsae
2006 3528 2120 3599 pri-

537 3619 827 3677 mordiales
855 3634 1050 3674 causae
1072 3620 1126 3685 7,
1181 3634 1316 3689 quas
1343 3618 1484 3674 Deus
1522 3619 1683 3674 Pater
1722 3620 1778 3674 in
1807 3619 1983 3676 Verbo
2026 3636 2125 3677 suo

538 3710 685 3765 fecit.
719 3709 787 3763 Et
813 3709 859 3764 si
908 3709 1005 3774 ita,
1042 3726 1151 3764 non
1199 3708 1334 3764 nihil
1359 3709 1465 3764 erit
1491 3709 1646 3775 nihil,
1679 3709 1774 3765 sed
1802 3711 1908 3765 erit
1935 3726 2118 3767 causa.

539 3800 610 3856 At
636 3801 682 3854 si
717 3798 881 3854 fuerit
923 3813 1122 3867 causa,
1172 3798 1364 3855 melior
1396 3800 1499 3854 erit
1532 3799 1651 3864 his,
1698 3814 1926 3870 quorum
1962 3816 2125 3856 causa

540 3902 622 3949 est
649 3904 736 3947 :et
762 3893 1074 3949 necessario
1102 3903 1377 3963 sequetur,
1403 3899 1579 3947 utaut
1610 3891 1840 3948 Verbum
1869 3893 1964 3950 Dei
1992 3894 2127 3949 nihil

541 3987 630 4054 sit,
660 3988 713 4041 in
739 4002 848 4058 quo
878 3985 1038 4042 Pater
1080 3987 1260 4041 omnia
1290 3985 1446 4053 fecit;
1477 3988 1620 4057 quod
1643 4002 1740 4058 per
1769 3987 2125 4057 privationem

540 4081 763 4150 impium
805 4080 987 4135 dicere
1026 4080 1326 4146 videbitur;
1369 4080 1584 4151 negatio
1639 4081 1782 4134 enim
1812 4080 1974 4135 Verbi
2031 4095 2128 4150 per

541 4173 914 4229 excellentiam
963 4180 1225 4236 naturae,
1259 4187 1364 4227 non
1409 4180 1590 4227 autem
1626 4186 1724 4242 per
1767 4172 2128 4242 privationem

542 4266 877 4323 substantiae
922 4266 978 4320 in
1028 4264 1295 4335 theologia
1340 4263 1643 4335 reperitur;
1690 4270 1784 4317 aut
1812 4273 1967 4318 extra
1995 4261 2131 4318 Ver-

542 4357 667 4414 bum
695 4373 856 4414 causa
887 4358 1151 4428 quaedam
1179 4366 1432 4427 ponetur,
1470 4370 1610 4425 quae
1648 4355 1784 4410 nihil
1814 4355 2031 4421 dicitur,
2061 4354 2131 4411 de

542 4463 647 4519 qua
685 4450 826 4505 Deus
853 4448 1036 4504 omnia
1082 4447 1230 4514 fecit,
1260 4456 1316 4501 et
1356 4447 1409 4501 in
1447 4462 1551 4517 qua
1580 4447 1787 4513 omnia,
1812 4447 2130 4518 priusquam

2221 1967 2538 2036 prophetam
2562 1968 2830 2023 dicentem
2851 1969 2962 2025 Deo
2992 1988 3004 2023 :
3031 1970 3223 2026 Omnia
3252 1975 3308 2028 in
3335 1978 3591 2045 sapientia
3615 1980 3805 2050 fecisti,

2221 2057 2564 2128 frontemque
2612 2074 2800 2115 sacrae
2851 2060 3169 2132 Scripturae
3198 2066 3490 2135 aspiciens,
3521 2085 3627 2139 qua
3669 2073 3806 2128 scri-

2220 2156 2371 2218 ptum
2413 2156 2530 2203 est:
2562 2148 2629 2204 In
2658 2152 2915 2222 principio
2942 2153 3065 2222 fecit
3091 2155 3231 2212 Deus
3258 2159 3457 2213 caelum
3491 2170 3539 2215 et
3584 2171 3803 2223 terram.

2223 2234 2361 2292 MAG.
2398 2237 2589 2293 Restat
2615 2254 2765 2311 ergo.
2793 2250 2852 2296 ut
2885 2258 3210 2312 quaeramus
3236 2246 3300 2302 de
3329 2248 3461 2317 ipsis
3482 2251 3805 2319 primordia.

2222 2327 2362 2383 libus
2403 2330 2603 2395 causis,
2632 2340 2813 2387 utrum
2845 2334 2899 2388 in
2930 2335 3107 2391 Verbo
3154 2338 3249 2393 Dei
3279 2340 3346 2395 de
3373 2342 3541 2397 nihilo
3581 2353 3708 2400 sunt
3729 2344 3809 2402 fa-

2224 2426 2364 2485 ctae,
2397 2436 2464 2475 an
2511 2437 2723 2493 semper
2770 2425 2825 2479 in
2871 2441 2937 2481 eo
2983 2430 3176 2483 erant?
3221 2430 3289 2486 Et
3326 2434 3373 2487 si
3407 2450 3619 2505 semper
3656 2439 3708 2493 in
3741 2455 3809 2496 eo

2224 2519 2401 2577 erant,
2436 2528 2541 2567 non
2572 2523 2714 2581 erat,
2744 2518 2961 2586 quando
2990 2533 3096 2574 non
3126 2532 3317 2588 erant,
3344 2525 3483 2581 sicut
3521 2527 3648 2584 illud
3680 2529 3809 2587 Ver-

2222 2601 2350 2656 bum
2375 2643 2389 2668 ,
2419 2603 2469 2657 in
2501 2619 2609 2674 quo
2647 2616 2823 2673 erant,
2852 2625 2955 2664 non
2982 2608 3120 2677 e'ra‘t,
3152 2617 3365 2684 quando
3394 2634 3501 2673 non
3524 2633 3694 2677 erant.
3733 2624 3804 2680 Et

2225 2694 2268 2747 si
2302 2708 2515 2765 semper
2557 2696 2608 2750 in
2641 2712 2708 2753 eo
2738 2699 2919 2755 Verbo
2963 2712 3142 2769 erant,
3168 2708 3433 2774 quomodo
3464 2710 3518 2764 in
3567 2712 3685 2781 ipso
3736 2713 3809 2772 de

2224 2784 2394 2839 nihilo
2436 2784 2609 2844 factae
2648 2791 2812 2844 sunt?
2840 2791 2953 2846 Non
2986 2795 3129 2849 enim
3176 2798 3369 2853 rationi
3409 2804 3684 2868 convenit,
3718 2819 3806 2872 ea,

2225 2890 2364 2944 quae
2392 2893 2604 2947 semper
2633 2892 2808 2947 erant,
2837 2883 2904 2939 de
2946 2886 3115 2941 nihilo
3156 2887 3271 2943 fieri
3319 2890 3622 2950 inchoasse.
3654 2896 3723 2951 Et
3764 2898 3810 2953 si

2226 2969 2346 3038 quis
2375 2970 2593 3038 dixerit,
2620 2972 2749 3027 illud
2780 2976 2945 3043 nihil,
2972 2979 3039 3032 de
3075 2996 3183 3049 quo
3210 2979 3388 3037 factae
3414 2994 3539 3040 sunt
3564 2985 3606 3016 ¹⁰
3626 3025 3643 3051 ,
3669 3002 3811 3042 sem-

2227 3076 2324 3131 per
2362 3071 2507 3128 erat,
2553 3073 2608 3119 et
2636 3082 2850 3137 semper
2881 3068 2948 3123 de
2996 3086 3062 3125 eo
3109 3070 3284 3128 factae
3328 3088 3474 3141 sunt,
3521 3086 3811 3147 quaeretur

2228 3153 2295 3206 ab
2324 3152 2434 3218 illo,
2472 3155 2562 3208 ubi
2587 3172 2801 3227 semper
2827 3168 2946 3212 erat
2975 3159 3103 3215 illud
3131 3162 3307 3217 nihil?
3334 3164 3521 3220 Utrum
3554 3167 3606 3221 in
3636 3168 3811 3223 Verbo

2229 3243 2347 3310 Dei,
2376 3244 2430 3298 in
2456 3260 2563 3315 quo
2584 3248 2764 3301 omnia
2794 3250 3127 3318 subsistunt,
3171 3268 3240 3307 an
3274 3269 3372 3324 per
3401 3270 3460 3310 se
3495 3265 3649 3313 extra
3679 3257 3810 3314 Ver-

2225 3335 2389 3389 bum?
2434 3336 2492 3392 Si
2539 3339 2895 3408 responderit,
2926 3342 2982 3397 in
3014 3343 3190 3399 Verbo
3235 3360 3451 3416 semper
3478 3358 3622 3413 erat,
3649 3363 3813 3420 oppo-

2226 3436 2385 3482 netur
2410 3429 2481 3493 ei,
2507 3444 2613 3485 non
2643 3446 2772 3501 ergo
2815 3432 2969 3500 nihil,
3003 3435 3096 3490 sed
3143 3452 3399 3507 magnum
3428 3437 3634 3508 aliquid
3661 3449 3807 3508 erat;

2224 3518 2405 3572 omnia
2437 3519 2727 3588 siquidem,
2758 3537 2895 3592 quae
2924 3523 2976 3577 in
3004 3523 3184 3581 Verbo
3209 3527 3305 3581 Dei
3331 3528 3651 3595 subsistunt,
3683 3545 3812 3585 vene

2225 3620 2282 3666 et
2310 3613 2631 3669 naturaliter
2652 3616 2970 3684 subsistunt,
2999 3628 3053 3674 ct
3075 3620 3129 3676 in
3157 3621 3347 3677 ordine
3375 3624 3801 3693 primordialium

2226 3722 2511 3763 causarum
2558 3721 2977 3767 connumeratur
3027 3714 3092 3780 “,
3130 3717 3274 3785 quod
3319 3716 3453 3771 nihil
3502 3717 3811 3788 putabatur,

2225 3808 2281 3854 et
2304 3800 2370 3853 de
2397 3815 2506 3869 quo
2527 3802 2705 3856 omnia
2735 3802 2878 3858 facta
2905 3806 3217 3861 creduntur.
3253 3806 3310 3862 Si
3341 3823 3469 3864 vero
3496 3819 3651 3866 extra
3679 3811 3812 3867 Ver-

2225 3891 2352 3946 bum
2384 3906 2479 3961 per
2505 3908 2563 3947 se
2588 3895 2861 3962 putaverit
2903 3895 3059 3961 nihil,
3090 3896 3195 3951 duo
3230 3899 3494 3968 principia
3524 3900 3627 3955 sibi
3671 3901 3811 3956 invi-

2226 4000 2342 4040 cem
2382 3986 2610 4040 adversa
2632 4028 2647 4053 ,
2683 3987 2822 4041 sicut
2851 4004 2992 4043 unus
3040 3988 3506 4058 Manichaeorum,
3554 3994 3811 4049 aestima-

2225 4076 2372 4132 bitur
2411 4076 2634 4149 fingere.
2688 4077 2836 4132 Multi
2902 4080 3164 4149 siquidem
3210 4082 3532 4138 secularium
3575 4085 3813 4154 philosoo

2225 4169 2457 4237 phorum
2480 4167 2768 4224 informem
2800 4170 3081 4225 materiam
3108 4182 3453 4228 coaeternam
3482 4173 3593 4236 Deo
3618 4191 3739 4231 esse
3768 4173 3814 4208 ⁸³

2226 4267 2575 4328 putaverunt,
2606 4260 2673 4315 de
2718 4275 2826 4331 qua
2860 4262 3040 4315 omnia
3084 4278 3248 4333 opera
3297 4278 3392 4319 sua
3439 4264 3598 4330 fecit;
3653 4279 3813 4335 quam

2227 4353 2512 4408 materiam
2538 4362 2822 4424 prepterea
2852 4353 2986 4408 nihil
3014 4354 3299 4422 dicebant,
3327 4356 3478 4425 quia,
3498 4358 3813 4428 priusquam

2228 4446 2433 4502 formas
2448 4454 2519 4503 ‘et
2542 4448 2749 4517 species
2768 4463 2798 4502 a
2819 4446 2930 4502 Deo
2960 4449 3245 4518 acciperet,
3268 4449 3320 4502 in
3344 4449 3490 4506 nullo
3519 4450 3564 4482 “
3584 4465 3813 4520 appare-

545 4542 758 4606 flerent,
787 4540 1085 4595 constituit.
1129 4538 1301 4593 Aliter
1335 4540 1478 4593 enim
1514 4554 1676 4595 causa
1713 4554 1818 4593 non
1861 4546 1963 4594 est.
1991 4538 2058 4592 Et
2083 4537 2128 4592 si
2161 4573 2209 4634 υ
2232 4540 2358 4606 bat,
2388 4555 2453 4595 ac
2499 4539 2659 4595 veluti
2706 4541 2922 4609 penitus
2966 4540 3098 4595 nihil
3126 4550 3243 4595 erat
3281 4540 3347 4595 “.
3372 4541 3638 4612 Quidquid
3666 4542 3814 4596 enim

546 4634 620 4690 ita
666 4640 767 4697 est,
800 4646 906 4701 qua
958 4630 1164 4685 ratione
1209 4629 1405 4684 dicitur
1448 4630 1604 4697 nihil,
1634 4646 1741 4685 non
1770 4630 1944 4687 video.
1975 4628 2131 4684 Prius

548 4722 812 4793 siquidem
853 4720 1081 4776 dixerim
1128 4719 1151 4751 ⁸
1193 4735 1315 4774 eam
1348 4722 1530 4776 omnia
1576 4736 1726 4785 esse,
1774 4736 1935 4791 quam
1976 4719 2131 4775 nihil.

548 4816 608 4871 In
637 4829 801 4870 causa
838 4826 1072 4882 namque
1102 4811 1313 4880 omnia,
1341 4827 1571 4882 quorum
1602 4827 1766 4869 causa
1800 4820 1917 4879 est,
1945 4827 2136 4868 causa-

550 4909 674 4965 liter
699 4915 755 4964 et
779 4902 1202 4979 primordialiter
1229 4905 1551 4960 subsistunt.
1581 4902 1728 4959 DISC.
1753 4901 1931 4974 Cogor
1952 4902 2131 4968 fateri,

554 5006 810 5073 quattuor
840 4996 1025 5052 mundi
1075 4996 1235 5068 hujus
1279 4996 1547 5052 elementa
1597 4996 1651 5050 in
1696 4992 2134 5065 primordialibus

550 5089 733 5147 causis
760 5088 1072 5145 subsistere.
1107 5084 1224 5143 Non
1253 5087 1396 5142 enim
1424 5085 1896 5156 quorundam,sed
1920 5084 2135 5139 univer-

550 5180 735 5239 saliter
776 5180 1017 5236 omnium
1081 5177 1375 5234 visibilium
1432 5183 1488 5231 et
1540 5174 1889 5231 invisibilium
1930 5189 2137 5231 causae

551 5283 710 5341 sunt,
739 5283 795 5330 et
826 5271 960 5329 nihil
998 5274 1053 5329 in
1082 5272 1276 5329 ordine
1303 5271 1629 5327 naturalium
1666 5273 1908 5328 omnium
1949 5287 2130 5337 sensu,

553 5382 650 5425 seu
678 5368 911 5436 ratione,
940 5380 1039 5425 seu
1082 5364 1362 5423 intellectu
1402 5364 1719 5437 percipitur,
1750 5366 1897 5437 quod
1924 5381 2034 5423 non
2069 5364 2138 5420 ab

2232 4632 2450 4687 omnino
2477 4643 2626 4688 caret
2668 4632 2843 4687 forma
2866 4641 2923 4689 et
2965 4633 3173 4704 specie,
3206 4648 3312 4688 non
3339 4634 3608 4695 immerito
3637 4641 3822 4703 potest

2230 4724 2414 4781 vocari
2460 4723 2614 4778 nihil.
2666 4724 2813 4790 Quas
2861 4740 3051 4781 omnes
3094 4723 3398 4780 delusiones
3434 4724 3526 4779 lux
3570 4724 3818 4780 veritatis

2231 4813 2457 4883 expulit,
2487 4814 2556 4869 ab
2592 4828 2699 4868 uno
2725 4813 2992 4883 principio
3021 4814 3201 4869 omnia
3240 4828 3360 4869 esse
3388 4813 3730 4884 praedicans,
3763 4828 3821 4871 et

2231 4904 2306 4960 nil
2334 4905 2387 4959 in
2416 4912 2607 4959 natura
2638 4920 2817 4959 rerum
2839 4904 3131 4959 visibilium
3155 4913 3210 4960 et
3233 4904 3537 4960 invisibium
3558 4904 3817 4973 inveniri,

2237 5010 2454 5065 quoquo
2507 4995 2667 5051 modo
2725 4996 3094 5066 generationis
3144 4996 3199 5050 in
3251 4996 3485 5066 speciem
3541 4999 3819 5067 propriam

2236 5093 2506 5155 erumpat,
2533 5085 2675 5155 quod
2726 5086 2778 5139 in
2813 5086 2988 5141 Verbo
3018 5085 3112 5141 Dei
3150 5086 3429 5157 unigenito
3468 5088 3824 5144 aeternaliter

2238 5194 2346 5234 non
2391 5186 2603 5233 constat
2629 5178 2672 5209 ¹⁵
2696 5177 2969 5243 substitui,
3015 5177 3070 5231 in
3115 5192 3221 5246 quo
3261 5178 3444 5234 omnia
3475 5194 3642 5235 unum
3671 5189 3822 5248 sunt,

2238 5271 2522 5341 ipsumque
2552 5268 2720 5323 Deum
2765 5266 3123 5339 pronuntians
3148 5267 3349 5321 nullam
3392 5273 3677 5324 materiam
3725 5283 3823 5325 seu

2241 5376 2460 5416 causam
2492 5361 2858 5417 universitatis
2897 5374 2929 5415 a
2970 5374 3031 5416 se
3058 5359 3310 5416 conditae
3347 5362 3401 5417 in
3425 5377 3523 5419 sua
3556 5362 3822 5435 sapientia

1835 5526 2091 5584 VARIAE
2122 5520 2521 5582 LECTIONES.

647 5667 666 5701 ¹
702 5666 749 5722 A
768 5663 1061 5735 confectum
1084 5664 1173 5735 sit.
1214 5664 1269 5735 ᾖ
1295 5662 1389 5719 Sic
1413 5662 1484 5729 C;
1510 5660 1557 5718 Α
1582 5662 1714 5735 nisi:
1782 5660 1802 5692 ³
1827 5676 1945 5715 vero
1973 5675 2081 5716 om.
2111 5659 2176 5714 Α.

1634 5736 1657 5768 ⁸
1684 5732 1789 5786 Pro
1831 5742 2021 5785 natura
2054 5748 2227 5786 rerum
2254 5729 2301 5785 Α
2335 5736 2666 5782 naturarum.

556 5735 578 5767 "
610 5752 801 5789 causae
841 5731 953 5789 om.
992 5733 1059 5786 A.
1155 5733 1178 5766 ⁸
1202 5731 1245 5787 C
1277 5736 1540 5787 dixerant.

2272 5657 2296 5688 ‘
2323 5654 2364 5712 C
2392 5670 2522 5711 esse.
2623 5653 2645 5685 ⁸
2679 5668 2741 5708 ea
2765 5668 2875 5708 om.
2908 5654 2973 5708 A.
3050 5653 3073 5684 ⁸
3101 5652 3148 5708 Α
3168 5651 3600 5723 primordialibus
3625 5653 3825 5711 causis.

2780 5724 2823 5755 ¹⁶
2850 5724 2973 5780 Non
3000 5725 3137 5779 enim
3172 5722 3365 5777 rationi
3398 5753 3469 5763 —
3492 5722 3672 5792 {actae
3704 5733 3830 5780 sunt

561 5817 671 5857 om.
698 5803 761 5858 C.
839 5802 879 5834 “
912 5803 959 5856 A
985 5803 1465 5857 connumerabitur.
1543 5804 1587 5838 η
1615 5802 1719 5858 Pro
1747 5819 1856 5858 esse
1882 5801 1924 5857 C
1955 5818 2080 5857 rem.
2160 5801 2205 5834 ¹³
2240 5799 2346 5855 Pro
2373 5799 2427 5851 in
2466 5793 2611 5850 nullo
2635 5795 2681 5849 A
2708 5811 2832 5850 non.
2911 5797 2955 5826 “
2980 5805 3093 5852 erat
3120 5809 3232 5851 om.
3261 5793 3323 5848 (ὲ.
3403 5794 3449 5827 η
3476 5791 3568 5849 Sic
3589 5791 3702 5847 AC.
