4236 6274
428 382 533 439 665

1289 371 1379 426 DE
1415 369 1753 428 DIVISIONE
1790 369 2141 429 NATUBAE.
2176 400 2248 416 --
2279 370 2485 428 LIBER
2520 369 2840 427 TERTiUS.

3592 380 3696 439 666

424 489 764 546 extrinsecus
783 483 1077 554 accepisse,
1104 483 1230 553 quia
1262 490 1416 537 extra
1448 481 1597 539 illum
1629 484 1763 538 nihil
1791 492 1898 551 est,
1925 484 2010 540 vel
2037 492 2085 551 Α
2114 499 2265 551 esse,
2296 493 2353 539 et
2400 492 2558 550 sunt,
2588 491 2644 538 et
2668 465 2796 538 vere
2844 497 2909 538 ac
2953 498 3167 555 semper
3213 487 3392 545 futura
3438 501 3593 559 sunt,
3642 494 3697 549 in

428 580 575 635 intra
608 592 667 633 se
700 592 805 633 non
838 577 854 607 ⁸
899 574 1249 631 coessentiale
1296 573 1398 629 sibi
1428 577 1692 645 reperisse
1724 587 1775 644 ι,
1808 577 1873 632 de
1901 593 2010 647 quo

428 668 629 726 faceret
656 668 708 723 in
738 665 1003 736 sapientia
1030 678 1144 726 sua,
1178 678 1318 733 quae
1344 663 1461 719 ﬁeri
1491 665 1512 695 ³
1539 665 1724 721 voluit.
2016 670 2017 673 ‘

500 757 586 813 15.
619 756 849 812 Proinde
896 768 1005 808 non
1055 753 1214 807 datur
1262 753 1413 808 locus
1461 753 1653 819 nihilo,
1702 769 1803 809 nec
1833 765 2006 822 extra,

426 866 529 908 nec
572 852 713 906 intra
742 850 942 913 Deum;
981 856 1037 904 et
1065 856 1245 906 tamen
1274 848 1341 903 de
1369 848 1538 903 nihilo
1581 848 1762 903 omnia
1791 848 2017 915 fecisse,

425 942 553 1001 non.
575 942 630 996 in
678 955 877 995 vanum
923 938 1185 994 creditur.
1215 938 1294 994 Ac
1315 953 1412 1009 per
1437 939 1541 994 hoc
1575 939 1650 993 nil
1677 938 1821 994 aliud
1853 943 2010 994 datur

422 1031 669 1105 intelligi,
699 1033 829 1087 dum
857 1031 1129 1095 audimus,
1165 1030 1346 1085 omnia
1376 1030 1442 1085 de
1472 1031 1639 1086 nihilo
1670 1032 1868 1096 creari,
1900 1031 2007 1086 nisi

421 1128 549 1200 quia
599 1133 754 1191 erat,
784 1125 1002 1194 quando
1048 1139 1159 1179 non
1201 1130 1375 1177 erant.
1402 1122 1633 1192 Ideoque
1673 1139 1779 1177 non
1818 1124 2009 1178 incon-

422 1235 556 1291 grue
581 1218 846 1283 dicimus,
889 1230 1103 1285 semper
1132 1223 1289 1270 erant
1308 1255 1322 1279 ,
1370 1229 1584 1284 semper
1612 1230 1716 1270 non
1746 1223 1920 1280 erant,
1957 1223 2010 1269 et

424 1323 536 1363 non
583 1315 705 1361 erat
730 1306 946 1376 quando
975 1320 1080 1358 non
1111 1312 1267 1357 erant
1290 1304 1333 1368 ⁸,
1366 1311 1422 1357 et
1453 1304 1667 1371 quando
1691 1318 1797 1359 non
1833 1313 2005 1370 erant,

424 1404 567 1452 erat.
621 1394 896 1466 Siquidem
929 1407 1141 1461 semper
1166 1401 1320 1446 erant
1362 1392 1419 1446 in
1462 1390 1641 1447 Verbo
1678 1393 1772 1448 Dei
1821 1408 2010 1449 causa-

424 1485 582 1552 liter,
614 1486 668 1538 vi
696 1493 749 1540 et
782 1491 1046 1554 potestate
1073 1482 1096 1513 ⁵
1131 1482 1270 1536 ultra
1300 1483 1483 1537 omnia
1518 1483 1631 1538 loca
1663 1492 1717 1539 et
1746 1492 2008 1554 tempora,

425 1577 566 1633 ultra
592 1591 807 1631 omnem
841 1575 1243 1645 generationem
1275 1573 1522 1629 localiter
1556 1585 1611 1629 et
1645 1576 2013 1646 temporaliter

421 1671 620 1726 factam
658 1669 702 1734 ⁸,
744 1668 881 1722 ultra
923 1682 1136 1722 omnem
1169 1666 1399 1722 formam
1436 1683 1501 1723 ac
1525 1669 1545 1699 "
1579 1670 1813 1736 speciem
1847 1683 2007 1723 sensu

419 1772 474 1820 et
519 1763 789 1817 intellectu
822 1761 1127 1832 cognitam,
1157 1759 1299 1815 ultra
1348 1775 1563 1815 omnem
1595 1759 1906 1829 qualitatem
1953 1768 2006 1814 ct

2113 585 2373 647 quantum
2402 575 2455 628 in
2498 577 2609 630 suis
2647 574 2824 630 causis
2846 574 3165 632 subsistunt.
3194 577 3250 633 ln
3281 591 3541 649 quantum
3568 598 3700 639 vero

2113 670 2167 722 in
2214 664 2637 734 accidentibus,
2665 682 2805 738 quae
2846 668 2926 723 eis
2970 666 3307 726 extrinsecus
3351 675 3696 745 contingunt,

2112 756 2369 812 dicuntur
2411 773 2551 822 esse,
2581 772 2683 812 nec
2729 765 2906 812 tamen
2954 773 3104 823 vere,
3151 773 3251 814 nec
3289 775 3502 831 semper
3545 769 3693 819 sunt.

2113 846 2402 904 Solventur
2427 849 2469 880 ⁸⁷
2492 848 2635 903 enim
2662 847 2716 902 in
2759 863 2852 913 ea,
2884 864 2953 904 cx
2993 849 3189 919 quibus
3220 859 3493 920 assumpta
3536 862 3696 922 sunt,

2111 938 2168 993 in
2196 938 2392 1007 quibus
2420 952 2547 992 vere
2572 946 2625 992 et
2671 952 2884 1007 semper
2925 947 3080 1005 sunt,
3109 940 3325 1008 quando
3355 940 3532 996 omnis
3570 944 3701 998 sub-

2112 1031 2309 1086 stantia
2335 1029 2401 1083 ab
2429 1030 2681 1085 omnibus
2705 1030 3147 1101 corruptibilibus
3176 1031 3544 1089 accidentibus
3565 1048 3693 1104 pur-

2112 1123 2348 1192 gabitur,
2377 1129 2431 1174 et
2472 1122 2540 1176 ab
2579 1121 2849 1186 omnibus,
2897 1137 3034 1190 quae
3076 1123 3142 1176 ad
3182 1130 3379 1177 slatum
3411 1140 3539 1179 suae
3568 1139 3696 1195 pro-

2112 1211 2264 1280 priae
2298 1217 2523 1263 naturae
2556 1225 2665 1265 non
2709 1211 2958 1277 attinent,
3001 1212 3334 1277 absolvetur,
3378 1214 3507 1270 solis
3538 1226 3693 1270 natu-

2062 1298 2069 1305 ’
2114 1306 2320 1361 ralihus
2348 1306 2638 1360 virtutibus
2666 1306 2884 1380 decora,
2913 1306 3183 1361 insolubili
3233 1307 3575 1376 simplicitate
3596 1348 3613 1375 ,
3638 1318 3692 1364 et

2113 1398 2168 1453 in
2196 1397 2304 1461 his,
2334 1396 2424 1466 qui
2452 1396 2575 1451 boni
2603 1404 2748 1460 sunt,
2775 1394 2930 1451 donis
2953 1397 3161 1467 gratiae
3190 1407 3411 1464 ornata,
3440 1407 3695 1455 aeternae

2111 1486 2460 1543 beatitudinis
2503 1486 3045 1557 contemplationibus
3096 1487 3236 1542 ultra
3281 1486 3495 1544 omnem
3538 1498 3697 1545 natu-

2112 1593 2262 1642 ram,
2311 1585 2366 1631 et
2409 1577 2919 1648 suam,gloriﬁcata,
2947 1578 3111 1647 inque
3148 1579 3323 1648 ipsum
3372 1580 3537 1634 Deum
3566 1592 3703 1636 con-1

2111 1684 2289 1733 versa,
2342 1668 2589 1738 Deusque
2631 1683 2736 1723 non
2780 1681 2995 1734 natura,
3043 1669 3137 1724 sed
3177 1670 3349 1739 gratia
3392 1670 3553 1725 facta.
3597 1669 3694 1728 His

2113 1762 2301 1831 itaque
2347 1761 2649 1816 rationibus
2696 1761 3088 1828 consideratis,
3134 1762 3254 1832 quis
3302 1754 3403 1816 nisi
3464 1764 3688 1817 nimium

420 1853 779 1925 quantitatem
798 1892 813 1918 ,
858 1861 1149 1921 ceteraque
1198 1850 1498 1905 accidentia
1519 1890 1534 1916 ,
1565 1866 1661 1920 per
1694 1866 1831 1920 quae
1878 1851 2005 1906 sub-
2035 1848 2081 1906 B
2111 1853 2298 1907 tardus
2337 1862 2429 1907 ant
2472 1852 2696 1907 nimium
2730 1853 3096 1907 contentiosus
3121 1867 3227 1907 non
3253 1852 3547 1919 concedat,
3574 1868 3692 1908 om-

419 1945 619 2000 stantia
662 1942 1084 2012 uniuscujusque
1132 1951 1417 1997 creaturae
1472 1942 1789 2013 intelligitur
1850 1958 2004 2009 esse,

420 2052 530 2091 non
555 2037 576 2069 ⁸
606 2045 805 2103 autem,
835 2036 964 2106 quid
990 2034 1079 2089 sit.
1108 2034 1175 2089 Et
1199 2049 1416 2103 semper
1459 2049 1564 2088 non
1599 2042 1783 2099 erant;
1825 2034 2005 2104 prius-

418 2142 580 2200 quam
607 2129 752 2185 enim
794 2141 892 2200 per
916 2128 1318 2203 generationem
1352 2126 1407 2180 in
1442 2124 1646 2181 formas
1681 2135 1738 2180 et
1768 2126 2002 2198 species,

420 2219 539 2276 loca
597 2231 651 2277 et
702 2228 982 2291 tempora,
1030 2219 1193 2289 inque
1240 2218 1424 2273 omnia
1472 2218 1769 2272 accidentia
1799 2259 1813 2284 ,
1865 2232 2005 2286 quae

422 2294 675 2365 aeternae
704 2325 890 2365 eorum
930 2309 1262 2363 substantiae
1286 2308 1342 2361 in
1368 2307 1544 2361 Verbo
1573 2307 1669 2362 Dei
1705 2307 2004 2362 incommu-

422 2399 729 2456 nicabiliter
777 2398 1096 2454 substitutae
1141 2397 1429 2462 accidunt,
1479 2397 1849 2467 proﬂuerent,
1896 2412 2002 2450 non

420 2500 579 2547 erant
607 2494 660 2546 in
687 2492 1050 2561 generatione,
1087 2505 1186 2545 nec
1208 2492 1231 2524 ⁹
1254 2497 1414 2545 erant
1444 2490 1712 2558 localiter,
1744 2506 1841 2545 nec
1870 2499 2007 2545 tem-

418 2581 695 2653 poraliter,
740 2594 841 2633 nec
874 2580 927 2632 in
970 2578 1201 2648 propriis
1238 2577 1428 2633 formis
1456 2580 1860 2649 speciebusque,
1889 2580 2008 2649 qui-

418 2671 521 2728 bus
548 2670 852 2725 accidentia
880 2670 1214 2739 contingunt.
1242 2668 1322 2723 Ac
1363 2684 1462 2740 per
1503 2671 1607 2724 hoc
1644 2685 1748 2724 non
1788 2670 2003 2725 irratio-

417 2763 675 2819 nabiliter
713 2764 780 2819 de
807 2764 885 2817 eis
926 2762 1294 2832 praedicatur,
1328 2776 1436 2816 non
1472 2769 1624 2826 erat,
1653 2761 1867 2829 quando
1892 2776 2001 2816 non

418 2862 610 2919 erant;
656 2853 1028 2923 temporaliter
1060 2852 1202 2907 enim
1236 2852 1627 2906 inchoaverunt
1650 2866 1748 2920 per
1773 2866 2001 2921 genera-

421 2945 626 2999 tionem
654 2959 774 3000 esse
797 2944 941 3014 quod
972 2959 1080 2998 non
1115 2951 1302 3007 erant,
1334 2943 1458 3012 quia
1503 2957 1713 3012 semper
1740 2941 1793 2994 in
1822 2940 2000 2997 Verbo

422 3034 520 3089 Dei
543 3035 865 3100 subsistunt,
899 3035 953 3088 in
983 3049 1091 3104 quo
1114 3049 1214 3089 nec
1245 3048 1366 3088 esse
1392 3032 1651 3102 incipiunt
1679 3030 1722 3062 ¹⁰
1750 3047 1765 3098 ;
1791 3030 1999 3085 inﬁnita

422 3135 510 3180 cst
554 3126 699 3179 enim
755 3125 1057 3181 aeternitas.
1101 3125 1169 3178 Et
1210 3132 1328 3178 erat
1393 3123 1606 3194 quando
1644 3136 1752 3177 non
1804 3130 1993 3187 erant;

2110 1943 2218 2008 nia,
2254 1957 2392 2012 quae
2421 1956 2487 1997 ex
2532 1942 2643 1998 Deo
2683 1951 2828 2007 sunt,
2870 1950 2924 1997 et
2960 1942 3005 1975 1⁸
3027 1940 3451 1999 aeternasimul
3475 1958 3595 2000 esse
3635 1951 3694 2000 et

2108 2032 2288 2090 facta?

2180 2127 2266 2181 i6.
2311 2127 2459 2182 Dtsc.
2513 2126 2654 2181 Haec
2698 2127 2828 2181 mibi
2868 2127 3121 2196 perplane
3165 2141 3327 2181 suasa
3378 2135 3523 2182 sunt.
3573 2126 3693 2183 Non

2109 2228 2287 2274 tamen
2333 2220 2509 2274 omnis
2552 2218 2874 2287 ambiguitas
2916 2233 2983 2273 ex
3011 2232 3095 2271 mc
3122 2217 3298 2271 adhuc
3337 2217 3545 2287 repulsa
3587 2228 3687 2274 est.

2106 2312 2261 2381 Quod
2282 2313 2426 2368 enim
2458 2311 2500 2343 "
2525 2312 2728 2374 dixisti,
2754 2320 3037 2381 propterea
3080 2311 3287 2375 omnia,
3314 2326 3452 2380 quae
3473 2327 3535 2366 ex
3578 2311 3691 2367 Deo

2107 2416 2266 2470 sunt,
2299 2411 2354 2457 et
2399 2414 2616 2458 aeterna
2649 2410 2703 2456 et
2734 2402 2873 2458 facta
2911 2410 3066 2467 sunt,
3114 2402 3240 2471 quia
3288 2402 3342 2456 in
3366 2403 3543 2457 Verbo
3588 2402 3689 2458 Dei

2108 2503 2332 2548 aeterna
2380 2502 2536 2558 sunt,
2568 2501 2657 2557 et,
2704 2502 2764 2546 ut
2811 2492 2888 2545 ait
2935 2499 3151 2546 sanctus
3179 2490 3549 2562 Augustinus,
3583 2508 3688 2546 non

2107 2582 2249 2652 facla
2296 2581 2707 2636 substantialiter
2736 2581 3034 2645 existentia,
3073 2579 3425 2650 temporaliter
3452 2596 3569 2635 vero
3596 2596 3691 2650 per

2104 2675 2489 2744 generationem
2536 2672 2588 2724 in
2635 2671 2807 2739 [arma
2853 2680 2899 2724 et
2938 2670 3202 2740 speciebus
3244 2680 3291 2724 et
3335 2670 3687 2727 accidentibus

2106 2764 2267 2834 facta,
2296 2765 2504 2820 sublata
2542 2764 2687 2818 omni
2716 2763 3067 2831 ambiguitate
3107 2756 3394 2831 perspicio.
3425 2763 3687 2829 Quoniam

2102 2870 2234 2909 vero
2264 2856 2524 2925 scriptum
2551 2862 2636 2908 est
2668 2870 2681 2906 :
2715 2853 2783 2907 In
2808 2854 3062 2923 principio
3087 2853 3207 2921 fecit
3236 2852 3381 2907 Deus
3408 2852 3612 2907 caelum
3638 2862 3687 2907 et

2103 2955 2297 3002 terram
2326 2988 2342 3014 ,
2378 2959 2473 3003 et:
2507 2947 2698 3002 Omnia
2739 2946 2994 3015 sapientia
3034 2945 3230 3014 fecisti,
3284 2959 3446 3013 cogor
3492 2942 3684 3010 fateri,

2102 3040 2281 3092 omnia
2304 3038 2358 3091 in
2396 3036 2566 3091 Verbo
2592 3036 2684 3090 Dei
2701 3044 2757 3091 et
2783 3035 2826 3077 ’⁸
2850 3044 3066 3089 aeterna
3079 3042 3135 3087 et
3157 3033 3298 3087 facta
3322 3048 3460 3088 esse.
3491 3031 3682 3090 Omnia

2104 3130 2222 3183 dico
2247 3128 2477 3183 visibilia
2522 3137 2575 3183 et
2629 3125 2949 3192 invisibilia,
2982 3123 3295 3194 temporalia
3337 3131 3392 3190 et
3437 3132 3679 3190 aeterna,

424 3218 794 3287 temporaliter
837 3218 979 3273 enim
1019 3216 1407 3272 inchoaverunt
1449 3229 1549 3283 per
1595 3214 1998 3286 generationem
2029 3213 2075 3275 C
2104 3233 2293 3273 omnes
2327 3217 2706 3287 primordiales
2733 3230 2924 3273 causas
2964 3230 3088 3270 cum
3133 3214 3383 3269 omnibus
3406 3213 3683 3269 eﬂ‘ectibus

418 3324 539 3366 esse
566 3310 709 3381 quod
740 3326 844 3365 non
874 3318 1049 3375 erant,
1070 3310 1172 3364 hoc
1199 3316 1300 3371 est,
1329 3308 1381 3361 in
1411 3305 1605 3361 formis
1637 3314 1692 3360 et
1718 3306 1998 3375 speciebus

419 3413 700 3470 apparere.
732 3398 965 3454 Proinde
1007 3400 1052 3454 si
1081 3399 1202 3469 quis
1242 3406 1493 3452 naturam
1524 3411 1706 3452 rerum
1762 3396 1999 3451 intentus

414 3491 772 3561 perspexerit,
815 3490 962 3544 nulla
1012 3498 1261 3544 creatura
1292 3488 1334 3519 “
1375 3486 1624 3543 sensibus
1665 3499 1761 3541 seu
1784 3485 1995 3541 intelle-

417 3582 591 3636 ctibus
615 3581 974 3636 succumbens
1000 3580 1317 3650 reperietur,
1347 3579 1415 3633 de
1438 3593 1544 3648 qua
1584 3575 1856 3631 veraciter
1890 3575 1995 3631 dici

417 3684 522 3725 non
560 3670 750 3741 possit,
781 3684 995 3740 semper
1018 3676 1156 3735 erat,
1183 3676 1240 3723 et
1280 3678 1399 3734 est,
1441 3676 1497 3722 et
1522 3666 1650 3733 erit,
1690 3675 1745 3721 et
1785 3660 1997 3736 semper

420 3776 533 3815 non
560 3770 701 3827 erat,
727 3776 828 3816 nec
869 3770 972 3827 est,
1010 3776 1108 3817 nec
1154 3760 1279 3815 erit.
1315 3758 1592 3829 Siquidem
1642 3758 1997 3813 incommutao

417 3853 600 3910 biliter
623 3863 680 3909 et
714 3864 853 3919 erat,
878 3863 935 3909 et
966 3862 1070 3920 est,
1095 3865 1150 3910 et
1185 3853 1291 3909 erit
1334 3852 1449 3923 ipsa
1471 3851 1649 3922 prima
1682 3850 1997 3907 constitutio

417 3945 475 4001 in
507 3946 770 4016 sapientia
796 3946 891 4000 Dei
934 3959 1030 4016 per
1071 3943 1443 4015 primordiales
1471 3957 1697 4008 causas;
1742 3942 1838 3996 sed
1867 3941 1995 4009 quia

417 4037 538 4109 ipsa
574 4037 890 4094 constitutio
918 4037 1017 4092 soli
1066 4036 1175 4092 Deo
1211 4035 1428 4108 cognita
1456 4042 1542 4090 est
1559 4073 1574 4100 ,
1601 4047 1923 4103 omnemque
1952 4032 1995 4072 ‘I

414 4142 635 4185 sensum
677 4137 735 4184 et
774 4127 1106 4183 intellectum
1151 4128 1314 4184 totius
1355 4133 1639 4181 creaturae
1682 4130 1932 4192 superat,
1964 4137 1996 4176 a

414 4220 670 4292 nulloque
691 4223 868 4277 adhuc
894 4220 1165 4277 intellectu
1188 4227 1375 4275 creato
1397 4215 1646 4287 cognosci
1667 4222 1846 4285 potest
1867 4214 1996 4283 quid

414 4312 505 4380 sit,
534 4313 723 4383 incipit
752 4328 849 4383 per
886 4312 1292 4385 generationem
1336 4306 1706 4379 temporaliter
1751 4306 1995 4375 accipere

414 4401 749 4470 quantitates
768 4410 824 4455 et
846 4402 1159 4471 qualitates,
1182 4402 1238 4456 in
1266 4400 1461 4470 quibus
1482 4396 1646 4453 veluti
1672 4395 1992 4468 quibusdam

415 4490 760 4546 vestimentis
780 4501 968 4562 operta
994 4493 1039 4529 ⁸³
1061 4500 1240 4562 potest
1264 4488 1635 4555 manifestare,
1677 4488 1802 4560 quia
1823 4497 1905 4543 est
1926 4488 2003 4554 “,'

2102 3310 2234 3376 suis,
2267 3309 2461 3380 quibus
2482 3310 2616 3364 ordo
2643 3308 2947 3364 seculorum
2976 3305 3221 3362 localiter
3238 3313 3294 3361 et
3318 3304 3687 3375 temporaliter

2098 3405 2396 3474 peragitur,
2426 3413 2482 3458 et
2509 3405 2740 3459 mundus
2785 3403 2887 3458 iste
2928 3401 3158 3457 visibilis
3205 3401 3453 3470 impletur
3477 3401 3543 3455 “.
3577 3398 3682 3455 Sed

2100 3494 2367 3563 quomodo
2409 3501 2590 3563 potest
2634 3494 2736 3548 hoc
2786 3491 2982 3547 rationi
3031 3491 3354 3557 convenire,
3388 3491 3456 3545 ad
3484 3505 3679 3560 purum

2097 3599 2207 3640 non
2233 3585 2387 3639 valeo
2414 3585 2741 3656 perspicere.
2770 3584 2909 3639 Meo.
2952 3582 3189 3637 Putasne
3239 3580 3436 3652 igitur,
3465 3596 3551 3636 me
3585 3581 3679 3635 do-

2097 3690 2222 3732 cere
2267 3676 2501 3732 voluisse
2521 3716 2536 3743 ,
2563 3676 2744 3731 omnia
2763 3714 2776 3740 ,
2811 3675 2864 3728 in
2891 3683 3153 3744 quantum
3196 3682 3416 3729 aeterna
3443 3672 3676 3741 suntVia

2097 3765 2278 3821 Verbo
2309 3767 2403 3821 Dei
2433 3765 2710 3836 unigenito
2736 3772 2957 3819 aeterna
2983 3778 3103 3818 esse
3129 3779 3144 3830 ;
3176 3763 3231 3817 in
3258 3773 3517 3832 quantum
3546 3779 3680 3820 vero

2098 3856 2241 3911 facta
2288 3864 2449 3921 sunt,
2497 3864 2652 3910 extra
2700 3855 2935 3910 Verbum
2984 3853 3127 3909 facta
3181 3856 3337 3910 esse?
3374 3854 3491 3909 Non
3533 3855 3680 3912 enim

2099 3946 2390 4012 aestimas,
2433 3944 2732 3999 rationibus
2772 3944 3016 3998 veritatis
3064 3944 3385 4009 convenire,
3416 3944 3679 4002 universi-

2098 4046 2265 4092 tatem
2294 4036 2543 4091 conditae
2574 4043 2805 4089 naturae
2833 4034 2887 4088 in
2917 4034 3093 4088 Verbo
3118 4042 3172 4088 et
3206 4042 3479 4087 aeternam
3517 4032 3681 4089 simul

2097 4139 2153 4185 et
2180 4128 2399 4183 factam.
2426 4127 2574 4181 Disc.
2602 4125 2720 4181 Non
2749 4125 3000 4195 putabam
3018 4164 3034 4189 ,
3057 4132 3110 4177 te
3137 4124 3215 4177 sic
3259 4123 3522 4178 docuisse.
3558 4124 3675 4181 Non

2096 4219 2239 4274 enim
2267 4217 2491 4273 aestimo
2513 4255 2529 4284 ,
2556 4214 2721 4272 ullum
2768 4222 2915 4270 recte
2942 4213 3427 4284 philosophantium
3457 4221 3674 4283 putare,

2097 4309 2262 4364 totius
2306 4307 2676 4364 universitatis
2721 4316 2928 4377 partem
2959 4305 3013 4359 in
3048 4301 3221 4359 Verbo
3251 4303 3348 4357 Dei
3392 4310 3669 4358 aeternam

2097 4402 2408 4463 subsistere,
2456 4406 2669 4468 partem
2713 4404 2869 4450 extra
2898 4392 3134 4448 Verbum
3182 4390 3547 4460 temporaliter
3593 4391 3674 4448 fa-

2097 4504 2261 4549 ctam.
2313 4491 2447 4546 Nam
2507 4503 2682 4559 neque
2726 4486 2854 4542 sinit
2901 4499 2999 4539 nos
3048 4482 3175 4537 talia
3228 4483 3465 4553 cogitare
3516 4499 3670 4539 sacra

414 4597 522 4639 non
550 4572 733 4638 alitem
759 4584 889 4653 quid
916 4584 1003 4639 sil.
1036 4583 1258 4637 Inchoat
1280 4595 1410 4651 ergo
1433 4580 1829 4651 quodammodo
1851 4594 1990 4643 esse,
2021 4574 2072 4636 D
2099 4584 2400 4653 Scriptura,
2428 4595 2566 4650 quae
2591 4579 2721 4634 dicit
2746 4577 2800 4631 in
2823 4574 3037 4631 Psalmo
3068 4591 3083 4629 :
3117 4573 3309 4629 Omnia
3337 4591 3392 4628 m
3416 4576 3672 4644 sapientia

411 4691 520 4733 non
544 4678 599 4733 in
620 4687 883 4748 quantum
908 4679 965 4734 in
993 4678 1175 4734 causis
1198 4677 1634 4748 primordialibus
1661 4677 1705 4709 ³⁵
1730 4676 1993 4741 subsistit,

411 4765 509 4823 Sed
551 4767 606 4821 in
645 4779 907 4838 quantum
948 4784 1017 4824 ex
1064 4767 1243 4823 causis
1292 4766 1674 4836 temporalibus
1721 4766 1765 4798 ¹⁶
1811 4766 1999 4835 incipit

418 4873 693 4930 apparere.
719 4862 927 4918 Causas
969 4870 1150 4916 autem
1194 4861 1513 4930 temporales
1555 4860 1677 4914 dico
1705 4858 1989 4927 qualitates

416 4958 474 5005 et
507 4952 828 5018 quantitates
870 4960 925 5009 et
962 4961 1162 5017 cetera,
1203 4965 1345 5022 quae
1386 4950 1697 5006 substantiis
1740 4948 1990 5003 accidunt

415 5043 782 5114 temporaliter
801 5061 900 5115 per
919 5047 1339 5116 generationem.
1364 5044 1431 5099 Et
1455 5045 1575 5099 ideo
1595 5045 1662 5097 de
1687 5042 1751 5097 iis
1773 5042 1984 5109 dicitur,

411 5141 538 5190 erat
557 5135 773 5204 quando
791 5151 898 5191 non
923 5146 1109 5204 erant;
1135 5152 1241 5193 non
1268 5136 1412 5191 enim
1437 5148 1649 5203 semper
1670 5133 1723 5187 in
1747 5132 1968 5188 acciden

407 5220 561 5282 tibus
596 5225 945 5295 apparebant.
984 5225 1191 5283 Eadem
1217 5225 1431 5282 ratione
1455 5231 1510 5279 et
1547 5236 1691 5279 nunc
1733 5221 1987 5278 dicuntur
2034 5257 2040 5263 ~

2094 4675 2297 4744 fecisti;
2328 4672 2382 4725 in
2410 4670 2605 4725 Genesi
2637 4686 2650 4722 :
2678 4667 2745 4722 In
2781 4666 3037 4737 principio
3073 4665 3193 4735 fecit
3229 4665 3368 4719 Deus
3394 4666 3595 4719 caelum
3623 4678 3672 4721 et

2094 4776 2286 4820 terram
2305 4781 2324 4829 ;
2346 4760 2635 4831 Apostolus
2657 4776 2670 4812 :
2698 4759 2766 4813 In
2784 4774 2906 4828 quo,
2924 4757 3120 4826 inquit,
3143 4765 3317 4811 creata
3337 4767 3456 4810 sunt
3473 4759 3669 4824 omnia,

2091 4870 2225 4925 quae
2248 4861 2368 4906 sunt
2394 4850 2449 4904 in
2477 4848 2634 4903 caelis
2662 4857 2709 4901 et
2737 4863 2870 4918 quae
2895 4847 2950 4900 in
2977 4855 3140 4910 terra,
3167 4846 3271 4899 sive
3305 4845 3528 4899 visibilia
3569 4847 3672 4900 sive

2090 4942 2389 5007 invisibilia,
2428 4942 2534 4995 sive
2565 4938 2783 5003 Throni,
2808 4939 2915 4991 sive
2937 4935 3353 4998 Dominationes,
3376 4936 3480 4988 sive
3510 4933 3671 4987 Prin-

2093 5036 2318 5105 cipatus,
2345 5034 2450 5087 sive
2480 5030 2798 5092 Potestates,
2828 5026 3003 5080 omnia
3034 5041 3098 5077 ea:
3125 5025 3235 5094 ipso
3263 5036 3311 5077 et
3354 5041 3446 5093 per
3466 5025 3664 5094 ipsum,

2090 5135 2140 5181 et
2172 5127 2230 5180 in
2265 5125 2435 5196 ipsum
2478 5130 2655 5176 creata
2696 5127 2852 5183 sunt;
2892 5118 2946 5171 in
2990 5114 3322 5183 Evangelio:
3356 5113 3548 5166 Omnia
3576 5130 3670 5183 per

2090 5217 2261 5286 ipsum
2288 5214 2429 5283 facta
2452 5219 2594 5279 sunt,
2621 5217 2671 5265 et
2699 5209 2810 5263 sine
2836 5209 2948 5278 ipso
2970 5206 3169 5276 factum
3190 5213 3264 5259 est
3294 5202 3463 5257 nihil:
3490 5214 3668 5273 neque

1693 5371 1949 5429 VARIAE
1984 5367 2385 5428 LECTIONES.

514 5519 540 5557 ι
564 5529 668 5569 non
693 5528 805 5569 om.
834 5513 902 5569 A.
971 5515 998 5584 Ρ
1021 5512 1130 5570 Pro
1165 5513 1413 5584 reperisse
1439 5509 1482 5568 C
1511 5526 1581 5584 re
1600 5507 1834 5584 subaudi
1855 5524 1889 5561 a
1913 5505 2264 5584 superioribus
2292 5502 2439 5569 nihil~
2465 5517 2676 5584 perisse.

1118 5584 1142 5617 '
1169 5576 1511 5650 C'potestate
1554 5580 1755 5650 factum
1784 5576 1923 5650 ultra
1967 5584 2072 5631 cet.

1247 5599 1511 5653 pOICSLate
1554 5599 1751 5650 ιασιαηι
1785 5599 1923 5630 ultra
1967 5599 2072 5631 cet.
2166 5599 2184 5606 '
2224 5599 2419 5644 [auum
2459 5599 2567 5629 um.
2600 5599 2663 5626 υ.
2766 5599 2769 5600 ν
2801 5599 2930 5622 υω.

1247 5655 1382 5704 aiunt
1410 5668 1518 5704 om.
1556 5652 1618 5704 Ο.
1718 5647 1760 5679 ιι
1784 5647 1832 5700 Α
1866 5654 2078 5699 natura.
2154 5646 2199 5677 ’⁸
2225 5644 2272 5699 Α
2299 5659 2498 5698 omnem
2528 5656 2666 5695 vero.
2745 5636 2789 5669 ¹³
2817 5635 2859 5692 C
2884 5644 3082 5704 aperta.

1765 5716 1810 5755 ιθ
1840 5715 1884 5770 Α
1913 5731 1981 5769 ex
2008 5713 2376 5784 temporalibus
2419 5710 2611 5766 causis.

408 5790 458 5828 ιθ
480 5783 525 5849 C
551 5804 748 5849 autem.
825 5794 871 5826 "
914 5803 963 5850 et
989 5783 1114 5850 'om.
1147 5795 1212 5849 A.
1288 5795 1333 5829 ³⁸
1381 5792 1733 5865 peragilur—
1759 5783 2133 5858 im;:(etur_om.
2165 5783 2228 5839 C.

406 5609 483 5626 -
500 5599 604 5639 non
631 5593 782 5639 erant
811 5598 922 5640 om.
953 5583 1015 5640 C.

411 5647 460 5686 '°
481 5655 845 5725 temporaliter
867 5656 1006 5710 enim
1032 5685 1103 5695 -
1128 5647 1382 5725 incipiunt
1410 5668 1518 5709 om.

544 5722 646 5778 est.
742 5725 791 5757 “
821 5722 864 5776 A
895 5725 946 5779 in
989 5723 1413 5794 primordialibus
1451 5722 1645 5794 causis.

2777 5495 2799 5529 ³
2816 5493 2872 5567 _A
2900 5494 3115 5567 omnia,
3136 5505 3295 5567 quae.
3382 5494 3408 5527 ⁸
3430 5493 3664 5567 Ideoque

2757 5565 2930 5622 'Cet.
3026 5563 3050 5596 ⁸
3089 5563 3299 5620 Anovi.
3390 5567 3412 5599 ⁹
3444 5565 3486 5621 C
3535 5563 3660 5620 non.

2757 5636 2789 5669 ί⁸
2817 5635 2859 5689 C
2884 5644 3082 5689 aperta.
3163 5632 3209 5666 “
3238 5632 3330 5689 Sic
3358 5633 3436 5689 C:
3463 5635 3508 5687 A
3532 5633 3663 5689 auia

2746 5650 2789 5669 "
2817 5650 2859 5692 υ
2884 5650 3082 5704 aperta.
3163 5650 3209 5666 ι’
3238 5650 3330 5691 Sic
3358 5650 3436 5701 u;
3463 5650 3508 5687 A
3532 5650 3660 5702 quia

2708 5706 2750 5740 ¹⁷
2794 5705 2841 5761 Α
2867 5704 3175 5761 Solvuntur.
3278 5707 3321 5740 ¹⁸
3367 5716 3413 5758 et
3456 5719 3564 5759 om.
3594 5700 3660 5760 C.

2164 5575 2184 5606 °
2224 5574 2419 5644 factam
2459 5570 2567 5629 om.
2600 5570 2663 5626 (Ξ.
