4236 6274
537 367 642 431 667

1923 348 2205 429 JOANNiS
2244 345 2455 403 scen-

3714 342 3821 402 668

537 484 718 549 ratio;
777 487 930 537 ex,“
971 475 1209 531 Verbum
1261 473 1355 533 ni].
1392 479 1417 519 ι
1475 470 1621 526 valet.
1658 468 1839 541 perire
1881 468 2124 523 substan-
2153 476 2200 541 Α
2231 472 2324 519 aut
2365 459 2697 517 intellectum
2729 457 2783 511 in
2811 456 2929 521 his,
2958 470 3096 527 quae
3122 468 3338 511 omnem
3371 465 3636 527 superant
3662 458 3825 518 intelo

540 579 780 640 tialiter,
837 580 931 626 aut
981 568 1275 633 secundum
1327 567 1601 623 accidens.
1652 563 1861 618 Clamat
1908 563 2050 617 enim
2107 579 2119 614 :

540 667 752 731 Omnia,
797 676 936 732 quae
966 670 1091 716 sunt
1119 668 1173 715 et
1201 674 1341 728 quae
1367 674 1475 712 non
1504 664 1659 725 sunt,
1690 670 1797 710 non
1828 653 2124 709 secundum

539 757 893 830 privationem
942 751 1103 817 dico,
1153 749 1246 805 sed
1298 748 1594 804 secundum
1645 745 2020 802 excellentiam
2071 743 2126 799 in

539 847 719 907 Verbo
748 841 1297 914 comprehenduntur,
1340 848 1393 894 et
1432 849 1558 894 sunt
1585 840 1638 893 in
1666 854 1733 894 eo
1762 846 1817 893 et
1844 854 1950 893 non
1979 845 2124 893 sunt.

542 940 680 996 Sunt
707 938 949 1010 quidem,
988 950 1128 1005 quae
1157 932 1429 989 intellectu
1459 948 1555 987 seu
1585 947 1750 987 sensu
1775 930 2122 1001 colliguntur,

540 1039 798 1090 nonsunt
822 1043 971 1093 vero,
1005 1041 1145 1098 quae
1174 1040 1391 1080 omnem
1434 1039 1654 1078 sensum
1700 1032 1755 1077 et
1798 1022 2129 1077 intellectum

543 1130 820 1196 superant.
843 1119 996 1187 Quod
1026 1126 1205 1173 autem
1232 1116 1410 1171 omnia
1439 1115 1491 1169 in
1516 1114 1695 1169 Verbo
1716 1112 1810 1169 Dei
1834 1122 1889 1167 et
1908 1120 2129 1166 acterna

545 1216 705 1273 simul
732 1224 787 1271 et
814 1214 958 1268 facta
984 1219 1141 1275 sunt,
1171 1208 1407 1264 Joannes
1439 1205 1717 1276 theologus
1736 1246 1748 1269 ,
1780 1204 2037 1259 hauriens
2064 1203 2131 1257 de

544 1317 765 1382 pectore
788 1304 1086 1381 sapientiae
1133 1309 1382 1358 aeternas
1409 1298 1798 1367 intelligentiae
1826 1310 1996 1365 aquas
2018 1302 2037 1331 ²
2067 1309 2132 1348 ac

544 1399 835 1463 veridicas,
874 1405 1100 1452 testatur
1127 1393 1313 1449 dicens
1342 1410 1354 1445 :
1399 1389 1553 1456 Quod
1583 1389 1783 1457 factum
1826 1396 1899 1440 est
1937 1386 1990 1439 in
2020 1386 2131 1454 ipso

545 1492 650 1547 vita
691 1498 822 1543 erat.
864 1486 990 1544 Sive
1017 1486 1139 1555 quis
1170 1483 1463 1540 secundum
1502 1477 1860 1549 Augustinum
1899 1476 1978 1532 sic
2017 1474 2130 1531 dis-

547 1582 799 1652 tinguat:
848 1577 1002 1643 Quod
1049 1577 1251 1646 factum
1291 1584 1365 1631 est
1408 1571 1644 1626 localiter
1676 1579 1726 1647 et
1757 1568 2128 1638 temporaliter,

545 1671 603 1726 in
638 1672 749 1740 ipso
784 1670 887 1723 vita
919 1678 1050 1720 erat.
1086 1667 1199 1721 Non
1229 1666 1372 1727 enim
1404 1662 1729 1718 credendum
1760 1670 1861 1724 est,
1898 1668 1992 1714 aut
2024 1656 2135 1717 ullo

456 1760 461 1765 ’
546 1762 709 1817 modo
740 1758 1139 1814 aestimandum
1181 1758 1245 1812 de
1292 1754 1648 1812 solertissimo
1682 1752 1929 1809 veritatis
1958 1750 2135 1833 inqui-

2232 558 2453 613 lectum.
2502 554 2639 610 Num
2675 556 2694 587 °
2733 554 3025 618 aestimas,
3056 552 3272 609 divinae
3304 553 3606 621 sapientiae
3634 570 3828 625 propo-

2231 650 2392 703 situm
2424 646 2784 717 intellectibus
2813 654 2908 699 aut
2935 645 3189 700 humanis
3211 684 3225 709 ,
3256 653 3350 698 aut
3376 646 3638 715 angelicis
3665 663 3826 716 posse

2232 740 2348 795 ﬁeri
2375 737 2752 803 manifestum,
2784 736 2909 790 dum
2941 734 3073 805 legis
3096 735 3169 801 .¹⁰,
3197 735 3425 808 mystica
3452 735 3539 790 illa
3569 737 3823 796 animalia

2232 833 2336 888 alis
2365 833 2477 887 suis
2504 842 2558 887 et
2616 831 2797 887 vultus
2828 829 3006 884 velare
3041 838 3096 882 et
3126 830 3323 903 pedes,
3370 829 3473 884 hoc
3512 841 3597 884 est
3641 831 3824 889 altitu-

2233 926 2412 981 dinem
2443 925 2657 995 divinae
2683 922 2898 976 virtutis
2929 920 3126 976 intueri
3152 935 3170 986 ;
3204 920 3450 977 timentia
3493 936 3658 991 super
3701 938 3817 978 om-

2240 1033 2363 1073 nem
2393 1017 2667 1072 conditam
2697 1023 2946 1073 naturam
2988 1021 3043 1068 et
3084 1012 3511 1083 profunditatem
3557 1014 3724 1085 ipsius
3768 1017 3825 1071 in

2234 1111 2351 1175 his,
2401 1122 2541 1180 quae
2564 1123 2660 1179 per
2690 1122 2843 1170 eam,
2871 1115 2926 1158 et
2952 1105 3007 1158 in
3039 1119 3103 1160 ea
3124 1145 3138 1169 ,
3170 1112 3226 1158 et
3250 1104 3292 1137 ³⁸
3316 1104 3383 1158 de
3412 1118 3471 1157 ca
3506 1104 3646 1159 facta
3676 1116 3818 1161 sunt.

2233 1203 2344 1260 Nec
2378 1209 2423 1244 ³²
2455 1210 2635 1259 tamen
2666 1200 2917 1253 desinunt
2946 1196 3131 1251 volare
3160 1211 3379 1251 sursum
3409 1210 3620 1250 versus.
3649 1196 3815 1261 Quae-

2236 1302 2362 1349 runt
2391 1293 2533 1347 enim
2572 1304 2805 1359 semper,
2847 1295 3109 1356 quantum
3152 1295 3416 1355 possunt,
3461 1286 3674 1339 divinae
3704 1302 3819 1357 gn-

2238 1387 2344 1441 tiae
2373 1382 2645 1441 vchiminc
2675 1392 2910 1448 suaeque
2952 1385 3181 1431 naturae
3204 1375 3502 1431 subtilitate
3543 1375 3817 1430 sublevate

2237 1489 2312 1544 ct,
2342 1492 2480 1547 quae
2508 1476 2555 1516 ³³
2581 1490 2742 1546 super
2786 1488 2845 1530 se
2889 1480 3046 1538 sunt,
3078 1472 3131 1527 in
3177 1471 3449 1529 inﬁnitum
3493 1471 3819 1542 appetentis.

2238 1569 2340 1626 Ubi
2370 1576 2549 1625 autem
2577 1566 2839 1629 deﬁciunt
2862 1604 2878 1631 ,
2911 1572 3226 1620 reverenter
3279 1564 3459 1620 vultus
3499 1578 3662 1629 suos,
3712 1564 3819 1623 hoc

2238 1671 2321 1716 est
2340 1701 2354 1726 ,
2389 1658 2859 1729 contemplationis
2885 1657 3059 1713 aciem
3087 1655 3271 1712 divino
3302 1656 3453 1713 radio
3482 1670 3825 1727 reperculsos

2240 1753 2578 1811 abscOndunt
2621 1750 2686 1816 “,
2732 1759 2789 1806 et
2834 1751 2903 1806 ab
2950 1748 3176 1804 introitu
3205 1746 3823 1819 incomprehensibilium

548 1852 735 1917 sitore,
757 1858 1044 1921 propterea
1082 1848 1430 1917 Evangelium
1469 1845 1703 1901 voluisse
1739 1844 1760 1875 ³
1791 1844 1869 1899 sic
1902 1842 1923 1874 "
1949 1828 2139 1897 distin-
2166 1828 2213 1893 Β
2242 1842 2620 1913 mysteriorum
2648 1840 2693 1874 ¹⁸
2719 1855 2846 1895 suos
2874 1838 3205 1909 theologicae
3234 1837 3398 1909 pedes
3420 1879 3433 1901 ,
3465 1838 3569 1894 hoc
3595 1847 3713 1901 est,
3746 1838 3822 1892 in-

548 1957 748 2017 guere,
790 1950 851 1997 ut
889 1942 1224 2003 insinuaret,
1267 1939 1411 2008 quod
1456 1936 1658 1992 factum
1699 1944 1784 1991 est
1810 1931 2059 1989 localiter
2083 1939 2141 1986 et

557 2030 952 2103 temporaliter,
986 2046 1091 2084 non
1122 2030 1172 2083 in
1198 2030 1396 2092 Verbo,
1421 2029 1512 2083 sed
1541 2026 1700 2080 veluti
1727 2035 1879 2080 extra
1903 2023 2135 2079 Verbum

549 2122 753 2179 factum
781 2121 977 2185 fuisse,
1010 2136 1131 2177 cum
1170 2120 1311 2174 idem
1340 2119 1479 2188 ipse,
1508 2126 1730 2173 sanctus
1760 2114 2007 2170 videlicet
2031 2112 2137 2167 Au-

554 2212 826 2285 gustinus,
856 2208 1299 2265 manifestissime
1326 2208 1517 2263 doceat
1537 2248 1551 2273 ,
1581 2214 1633 2259 et
1663 2205 1781 2259 loca
1813 2213 1866 2257 et
1898 2214 2139 2273 tempora

550 2319 674 2360 cum
705 2304 822 2368 his,
849 2316 988 2372 quae
1015 2302 1069 2358 in
1097 2300 1176 2356 eis
1206 2299 1348 2353 facta
1377 2306 1532 2361 sunt,
1566 2297 1616 2350 in
1643 2296 1822 2351 Verbo
1848 2294 1941 2349 Dei
1972 2300 2141 2348 aeter-

548 2396 747 2451 naliter
786 2410 908 2454 esse
949 2394 1125 2460 facta,
1168 2392 1474 2461 intelligens
1514 2390 1787 2444 veraciter
1820 2384 2138 2461 Apostolum

553 2487 826 2545 dicentem
854 2486 919 2542 de
947 2484 1129 2540 Verbo
1157 2502 1168 2536 :
1202 2482 1265 2537 In
1295 2500 1396 2553 quo
1427 2490 1603 2536 creata
1635 2490 1753 2535 sunt
1780 2478 1980 2543 omnia,
2005 2492 2140 2547 quae

554 2587 678 2633 sunt
719 2579 776 2632 in
818 2576 1008 2641 caelis,
1039 2586 1087 2628 et
1130 2590 1262 2645 quae
1298 2573 1352 2625 in
1387 2582 1555 2636 terra,
1585 2571 1689 2625 sive
1733 2568 1991 2632 visibilia,
2034 2567 2141 2620 sive

550 2666 853 2723 invisibilia.
879 2666 961 2720 Ac
988 2680 1085 2734 per
1121 2665 1222 2719 hoc
1262 2664 1308 2717 si
1336 2663 1357 2694 '
1384 2662 1501 2717 loca
1527 2668 1583 2719 et
1609 2668 1852 2728 tempora
1878 2673 2001 2713 cum
2029 2672 2139 2714 om-

554 2757 738 2823 nibus,
765 2771 905 2828 quae
930 2759 984 2812 in
1010 2755 1089 2811 eis
1114 2755 1482 2819 continentur,
1508 2753 1561 2807 in
1590 2766 1815 2807 numero
1842 2748 2138 2817 visibilium

551 2858 715 2914 sunt,
762 2848 815 2903 id
857 2856 970 2914 est,
1013 2845 1395 2909 sensibilium;
1437 2844 1620 2899 omnia
1660 2851 1839 2899 autem
1867 2840 2136 2905 visibilia,

552 2947 693 2996 teste
716 2939 1007 3010 Apostole,
1037 2939 1091 2994 in
1121 2939 1300 2994 Verbo
1346 2946 1475 2993 sunt
1515 2946 1701 2992 creata
1730 2954 1745 2990 :
1790 2935 1906 2991 loca
1951 2933 2135 3005 igitur,

555 3038 609 3088 et
649 3037 923 3098 tempora,
963 3037 1017 3083 et
1063 3027 1244 3083 omnia
1284 3042 1422 3096 quae
1464 3026 1517 3081 iu
1560 3025 1640 3081 eis
1679 3033 1831 3087 sunt,
1876 3024 1930 3077 in
1961 3022 2139 3079 Verbo

555 3127 738 3181 creata
783 3126 927 3193 sunt.
978 3116 1105 3175 Sive
1148 3116 1468 3187 simpliciter
1516 3115 1845 3185 praedictam
1892 3113 2139 3184 Evange-

2242 1931 2573 1999 t_ellectuales
2601 1931 2885 2001 ingressus
2913 1930 3230 1996 retrahunt,
3257 1944 3326 1984 ne
3353 1929 3483 2000 quid
3510 1930 3724 1986 incaute
3743 1927 3827 1985 vel

2241 2036 2444 2081 temere
2469 2026 2535 2079 de
2563 2022 2928 2080 ineﬁ‘abilibus
2955 2010 3279 2095 omnemque
3307 2022 3640 2091 intellectum
3670 2037 3827 2094 supe-

2240 2116 2487 2172 rantibus
2510 2123 2878 2186 praesumant.
2909 2114 2967 2171 Si
3008 2127 3137 2184 ergo
3177 2112 3824 2184 purissimi'intellectus‘,

2240 2222 2468 2278 quorum
2523 2205 2765 2276 symbol-.t
2820 2204 3110 2275 praedictis
3165 2203 3487 2259 animalibus
3534 2203 3823 2274 theologia

2239 2298 2552 2371 praemisit,
2584 2299 2724 2353 inter
2751 2312 2889 2367 quos
2926 2306 2983 2353 et
3011 2295 3242 2352 Verbum
3270 2296 3419 2351 nulla
3449 2296 3722 2365 medietas
3743 2304 3829 2352 est

2240 2402 2459 2464 praeter
2482 2392 2726 2447 omnium
2757 2406 2940 2446 rerum
2970 2406 3163 2446 causas
3200 2390 3584 2460 primordiales
3604 2429 3620 2456 ,
3648 2389 3828 2445 excel-

2242 2482 2533 2538 situdinem
2579 2482 2796 2541 divinae
2823 2482 3088 2539 claritatis
3116 2497 3280 2553 super
3319 2482 3538 2549 omnia,
3567 2480 3827 2553 fusaeque

2246 2574 2298 2628 in
2332 2575 2512 2639 omnia
2542 2574 2755 2631 virtutis
2781 2582 2835 2631 et
2859 2574 3157 2643 sapientiae
3181 2588 3210 2627 a
3238 2587 3456 2631 summo
3481 2588 3650 2645 usque
3675 2572 3828 2630 deor-

2252 2680 2372 2720 sum
2404 2664 2729 2733 attingentes
2760 2664 2825 2731 ¹⁶,
2852 2679 2882 2718 a
2912 2665 3019 2720 ﬁne
3044 2678 3216 2734 usque
3243 2662 3312 2718 ad
3342 2662 3502 2717 ﬁnem
3522 2703 3535 2728 ,
3566 2663 3666 2717 hoc
3704 2673 3784 2716 est
3807 2702 3824 2728 ,

2255 2756 2322 2809 ab
2353 2754 2507 2809 initio
2538 2753 2915 2809 intellectualis
2950 2761 3234 2809 creaturae
3265 2768 3431 2823 usque
3464 2753 3527 2807 ad
3558 2752 3821 2806 vermicu-

2248 2845 2360 2900 lum
2399 2846 2787 2914 pertimescant
2828 2846 3123 2916 inspicere,
3171 2855 3556 2917 cognoscentes
3596 2853 3826 2898 naturae

2255 2952 2385 2993 suae
2425 2937 2781 3007 capacitatem
2826 2937 2895 2991 ad
2935 2936 3071 2992 haec
3109 2936 3503 2991 consideranda
3548 2949 3654 2990 non
3690 2932 3828 2989 suﬁi-

2253 3044 2378 3086 cere
2403 3044 2416 3084 :
2449 3030 2577 3103 quid
2608 3044 2706 3087 nos
2733 3030 2909 3085 adhuc
2939 3044 3102 3085 carne
3137 3029 3349 3100 gravati
3392 3028 3459 3097 de
3499 3028 3680 3085 divina
3708 3042 3829 3099 pro-

2249 3121 2489 3177 videntia
2542 3121 2583 3153 ¹⁷
2614 3130 2671 3175 et
2714 3120 3026 3191 operatione
3074 3121 3342 3177 rationem
3392 3120 3618 3179 reddere
3665 3135 3826 3175 cona-

551 3210 711 3268 listae
738 3211 1061 3267 sententiam
1088 3210 1384 3266 secundum
1415 3207 1550 3263 alios
1591 3207 1713 3277 quis
1754 3207 2135 3276 pronuntiave-
2164 3194 2209 3258 C
2241 3212 2405 3267 mur?
2432 3211 2535 3269 Ubi
2565 3212 2681 3268 sola
2711 3212 2892 3269 divina
2920 3211 3174 3269 voluntas
3210 3212 3497 3283 cogitanda
3537 3221 3651 3279 est,
3687 3227 3824 3287 quae

554 3305 666 3371 rit,
693 3304 917 3359 dicens:
952 3301 1105 3368 Quod
1136 3300 1333 3369 factum
1361 3307 1436 3354 est
1466 3300 1523 3354 in
1562 3301 1701 3369 ipse,
1752 3312 1817 3352 ac
1858 3296 1904 3351 si
1945 3296 2135 3351 distin-

553 3396 701 3454 xerit
725 3395 886 3451 veluti
917 3395 985 3451 ab
1012 3394 1118 3450 alio
1144 3402 1413 3449 commate
1440 3392 1725 3462 incipiens,
1756 3392 1857 3446 vita
1878 3400 2012 3461 erat.
2046 3390 2139 3447 Sic

554 3485 704 3542 enim
734 3483 934 3539 multos
971 3483 992 3515 ‘
1021 3482 1356 3537 Graecorum
1402 3482 1618 3537 codices
1672 3480 1980 3535 invenimus
2028 3482 2138 3539 dis-

558 3577 798 3639 tinctos,
842 3574 1339 3645 utintelligamus,
1385 3574 1527 3644 quod
1566 3573 1767 3631 factum
1808 3583 1893 3630 est
1934 3575 1987 3633 in
2020 3576 2139 3645 ipso

548 3666 929 3736 temper-aliter
975 3675 1032 3720 et
1085 3665 1334 3723 localiter
1386 3680 1481 3735 per
1533 3650 1972 3737 generationem,
2028 3668 2137 3725 vita

556 3763 682 3815 erat
710 3755 1063 3813 aeternaliter
1088 3772 1185 3827 per
1214 3757 1479 3813 rationem
1500 3797 1514 3822 ,
1546 3758 1649 3813 hoc
1672 3768 1755 3813 est
1778 3799 1793 3822 ,
1821 3773 1920 3828 per
1944 3759 1998 3813 in
2026 3760 2139 3829 pri-

553 3845 912 3903 mordialibtm
938 3847 1119 3902 causis
1149 3847 1390 3903 omnium
1418 3848 1801 3905 conditionem.
1832 3849 1970 3909 MAG.
2019 3848 2139 3909 Non

552 3947 688 4004 ergo
717 3934 930 3993 dubitas
955 3975 970 4001 ,
1001 3950 1191 3991 omnes
1221 3936 1463 3993 omnium
1493 3952 1714 4005 causas,
1744 3953 2139 4010 causarumque

554 4040 745 4082 omnes
772 4026 993 4084 allectus
1025 4029 1078 4083 in
1112 4028 1291 4085 Verbo
1320 4039 1542 4087 aeterna
1570 4045 1724 4098 esse,
1752 4041 1809 4088 et
1834 4031 2006 4101 facta,
2037 4049 2139 4091 nec

552 4132 645 4177 me
673 4118 832 4177 aliter
860 4120 1055 4177 docere
1095 4121 1373 4181 aestimas.

625 4210 866 4279 Disc.,De
880 4212 1203 4268 aeternitate
1214 4213 1454 4269 omnium
1471 4213 1645 4283 deque
1658 4227 1845 4270 eorum
1863 4230 1985 4271 crea
1993 4217 2138 4272 tione

551 4299 615 4362 in
640 4302 820 4361 Verbo
861 4319 963 4360 nec
1002 4305 1222 4371 dubito,
1253 4322 1428 4376 neque
1472 4307 1631 4363 aliter
1657 4316 1710 4364 te
1740 4310 1935 4365 docere
1972 4318 2135 4380 puto,

556 4395 656 4453 sed
701 4397 1039 4452 solummodo
1088 4412 1327 4466 quaero,
1372 4400 1641 4466 quomodo
1679 4399 1733 4454 in
1772 4400 1951 4455 Verbo
1990 4399 2136 4455 Patri

553 4494 847 4542 coaeterno
870 4486 1055 4540 omnia
1080 4493 1304 4541 aeterna
1335 4496 1464 4541 sunt
1490 4487 1688 4553 simul,
1716 4497 1770 4543 et
1810 4487 1971 4545 facta.
2018 4488 2134 4543 Non

554 4573 702 4630 enim
722 4612 737 4639 ,
766 4585 826 4628 ut
856 4576 1111 4641 arbitror,
1146 4577 1342 4631 rationi
1373 4582 1660 4647 convenit,
1690 4587 1749 4636 ut
1776 4581 1922 4637 facta
1970 4582 1989 4613 "
2028 4583 2136 4638 sint
2161 4558 2213 4617 D

554 4673 776 4722 aeterna
793 4707 808 4733 ,
837 4676 892 4722 et
918 4677 1142 4724 aeterna
1167 4669 1328 4726 facta.
1359 4670 1510 4729 Nulla
1537 4675 1803 4744 siquidem
1830 4674 2132 4731 differentia

555 4756 828 4814 videbitur
844 4762 1117 4815 esseinter
1139 4765 1513 4822 aeternitatem
1536 4767 1909 4824 universitatis
1930 4768 1982 4824 in
2000 4767 2134 4823 Ver-

555 4849 648 4916 bo,
673 4859 730 4905 et
744 4853 1096 4922 creationem,
1118 4856 1165 4911 si
1193 4859 1482 4914 aeternitas
1507 4868 1588 4913 est
1614 4870 1819 4923 creata,
1850 4868 1904 4914 et
1929 4860 2134 4915 creatio

559 4948 800 4998 aeterna.
845 4944 986 5001 MAG.
1022 4944 1188 5002 Miror
1208 4963 1271 5002 ac
1292 4949 1447 5004 valde
1469 4962 1710 5013 moveor,
1732 4963 1901 5017 quare
1921 4948 2137 5017 quaeris

554 5034 826 5094 rationem
866 5036 922 5092 in
965 5038 1083 5106 his,
1125 5039 1179 5093 in
1212 5039 1235 5072 '
1270 5039 1465 5107 quibus
1505 5037 1683 5094 omnis
1728 5037 1871 5092 ratio
1916 5036 2131 5104 deﬁcit,

2237 3310 2492 3372 operatur
2516 3304 2695 3359 omnia
2726 3314 2890 3373 prout
2918 3303 3064 3370 vult,
3096 3304 3220 3374 quia
3263 3305 3607 3375 omnipotens
3638 3314 3719 3359 est
3747 3302 3814 3368 ¹⁸,

2238 3402 2294 3449 et
2318 3392 2592 3448 naturales
2615 3393 2854 3451 rationes
2872 3392 3112 3450 occultas
3131 3401 3187 3449 et
3208 3393 3616 3464 investigabiles
3638 3391 3826 3449 inserit

2234 3485 2509 3549 omnibus,
2534 3484 2662 3553 quia
2682 3485 2924 3540 omnium
2946 3485 3377 3555 supernaturalis
3400 3486 3538 3540 ratio
3561 3494 3643 3540 est
3664 3526 3679 3550 ,
3701 3484 3827 3554 quia

2239 3574 2372 3629 nihil
2399 3574 2684 3641 secretius,
2706 3575 2840 3633 nihil
2860 3578 3220 3645 praesentius,
3241 3576 3453 3634 diﬁicile
3476 3578 3563 3633 ubi
3587 3578 3676 3641 sit,
3694 3574 3827 3630 ditii-

2240 3665 2393 3721 cilius
2432 3666 2523 3723 ubi
2557 3681 2667 3724 non
2718 3667 2811 3732 sit,
2845 3668 2937 3727 lux
2962 3667 3291 3736 .inell‘abilis,
3321 3671 3570 3727 omnibus
3606 3669 3821 3724 intelle-

2238 3757 2505 3815 ctualibus
2523 3759 2694 3816 oculis
2713 3775 2928 3833 semper
2946 3778 3227 3831 praesens,
3250 3773 3305 3819 et
3326 3779 3354 3817 a
3378 3763 3523 3821 nullo
3546 3762 3823 3821 intellectu

2244 3848 2608 3918 cognoscitur,
2625 3851 2754 3920 quid
2778 3852 2864 3914 sit,
2883 3866 2980 3925 per
3000 3853 3181 3908 omnia
3209 3853 3399 3909 diﬂ‘usa
3430 3855 3483 3909 in
3512 3854 3781 3909 inﬁnitum
3801 3893 3816 3919 ,

2238 3949 2293 3997 et
2329 3939 2389 4013 ﬁt
2418 3940 2475 3997 in
2502 3942 2756 4001 omnibus
2783 3945 2965 4001 omnia
3005 3955 3060 4005 et
3102 3946 3156 4000 in
3200 3946 3346 4003 nullo
3391 3946 3617 4003 nullum.
3661 3947 3815 4014 Quod

2239 4040 2418 4086 autem
2440 4032 2577 4098 dixi,
2602 4034 2742 4091 inter
2765 4049 2902 4105 quos
2927 4045 2983 4090 et
3015 4035 3250 4093 Verbum
3282 4037 3426 4095 nulla
3456 4040 3719 4096 medietas
3743 4045 3829 4097 est

2238 4131 2454 4193 praeter
2478 4125 2720 4180 omnium
2751 4141 2935 4183 rerum
2988 4143 3213 4195 causas,
3262 4139 3548 4200 propterea
3594 4131 3770 4189 addidi
3807 4171 3823 4196 ,

2239 4226 2307 4268 ne
2359 4213 2482 4282 quis
2533 4214 2813 4282 aestimet,
2872 4217 3130 4275 caelestes
3177 4220 3442 4275 essentias
3486 4220 3827 4275 immediatas

2239 4315 2359 4360 esse
2379 4344 2394 4371 ,
2445 4305 2549 4361 hoc
2593 4315 2709 4373 est,
2751 4306 2948 4363 nullam
2979 4309 3324 4366 medietatem
3355 4312 3498 4366 inter
3526 4327 3585 4367 se
3611 4321 3664 4367 et
3692 4327 3825 4366 cau-

2240 4408 2354 4447 sam
2378 4395 2617 4473 omnium
2660 4395 2876 4453 habere.
2905 4398 3163 4479 Quamvis
3191 4400 3337 4454 enim
3368 4404 3411 4437 ιο
3438 4402 3687 4455 dicantur
3728 4416 3825 4455 an-

2240 4485 2342 4555 geli
2384 4487 2537 4555 quasi
2578 4489 2754 4560 eggigi
2783 4530 2797 4555 ,
2848 4490 2952 4547 hoc
2994 4499 3118 4556 est,
3159 4491 3315 4559 juxta
3365 4492 3539 4561 ipsum
3578 4492 3744 4546 Deum
3777 4489 3821 4522 ’θ

2240 4580 2549 4646 constituti;
2583 4582 2733 4653 eggis
2757 4584 2800 4616 ἰ
2834 4597 2861 4625 ιι
2894 4584 3160 4653 siquidem
3200 4600 3397 4654 graece
3416 4583 3774 4654 dieiturjuxta
3803 4597 3820 4648 ;

2239 4684 2347 4724 non
2400 4679 2579 4725 tamen
2629 4673 2704 4726 ita
2760 4674 3013 4730 credendi
3065 4685 3191 4732 sunt
3242 4677 3367 4732 lacti
3398 4717 3414 4743 ,
3466 4686 3527 4732 ut
3577 4690 3681 4730 non
3731 4689 3825 4729 eo-

2242 4775 2361 4815 rum
2410 4775 2608 4816 causae
2656 4763 2710 4818 in
2742 4764 2920 4822 Verbo
2950 4766 3062 4821 sint
3086 4768 3129 4798 ²²
3155 4768 3425 4825 conditae.
3471 4766 3625 4821 Nulla
3675 4766 3823 4819 enim

2241 4859 2489 4906 creatura
2531 4859 2647 4918 est,
2699 4852 2854 4922 cujus
2896 4871 3061 4912 causa
3103 4857 3245 4915 facta
3285 4873 3391 4913 non
3432 4855 3724 4925 praecedat
3765 4855 3825 4911 in

2245 4942 2419 5000 Verbo
2450 4982 2467 5011 ,
2533 4945 2824 5007 secundum
2878 4962 3039 5016 quam
3093 4947 3454 5012 substituitur,
3512 4954 3571 5000 ut
3619 4946 3723 5012 sit,
3769 4952 3826 5000 et

2240 5036 2542 5105 ordinatur,
2576 5050 2635 5094 ut
2658 5038 2881 5108 pulchre
2905 5040 3005 5107 sit,
3037 5049 3095 5097 et
3121 5040 3443 5107 custoditur,
3470 5047 3533 5095 ut
3569 5047 3821 5094 aeterna-

1838 5175 2097 5271 XARIAE
2131 5162 2535 5236 LECTIONES.

695 5319 800 5375 Pro
829 5321 903 5376 nil
934 5320 975 5376 C
1025 5316 1296 5390 quidquid.
1388 5324 1413 5390 ξ
1441 5316 1486 5369 Α
1521 5331 1685 5390 aquas
1730 5314 2117 5390 intelligentiae.

556 5393 581 5426 ⁸
610 5391 797 5445 multos
822 5407 931 5446 om.
963 5385 1046 5444 Α(
1106 5390 1125 5420 ⁷
1149 5385 1194 5441 Α
1218 5394 1279 5439 ιιι
1304 5394 1351 5439 et
1380 5385 1541 5441 facta.

2220 5315 2241 5345 ³
2270 5314 2359 5371 Sic
2386 5316 2464 5385 C;
2495 5318 2536 5371 A
2565 5319 2811 5374 noluisse.

1617 5388 1639 5419 ⁸
1666 5388 1720 5440 in
1749 5383 1942 5459 ennAj.
2016 5384 2036 5422 ⁶
2063 5384 2104 5440 C
2127 5383 2285 5439 Nam.
2362 5388 2405 5420 ⁸⁸
2432 5383 2557 5459 legis
2578 5406 2687 5445 om.
2717 5392 2781 5442 A.
2861 5392 2979 5459 “et
3001 5403 3111 5459 om.
3140 5389 3207 5459 Α.

2937 5318 2958 5348 ⁸
2982 5316 3058 5371 sic
3084 5331 3194 5372 om.
3224 5317 3291 5369 A.
3410 5317 3433 5348 ⁵
3459 5316 3565 5371 Pro
3590 5316 3636 5370 si
3661 5315 3705 5368 A
3746 5323 3818 5368 et.

3285 5388 3328 5418 “
3357 5387 3396 5439 A
3434 5387 3581 5442 Non.
3658 5385 3700 5417 ¹³
3729 5384 3821 5440 Sic

558 5462 667 5531 €55
687 5462 861 5531 diuina
888 5461 1058 5531 gratia
1081 5458 1349 5531 sublevate
1377 5458 1480 5531 sive
1506 5466 1724 5511 naturae
1748 5457 2037 5531 suptilitate
2065 5473 2145 5531 cu,
2164 5472 2339 5531 quae,
2400 5449 2502 5512 “K
2525 5462 2809 5528 repercussi
2832 5458 3133 5531 defendunt.
3258 5449 3820 5531 g‘5Agmysl‘ericgrunt.

559 5518 911 5609 “'ConiffX
940 5522 1261 5609 attingenda,
1302 5527 1342 5583 C
1364 5518 1646 5609 attingant.
1703 5527 1767 5609 “‘l
1798 5527 1843 5579 A
1869 5527 2165 5597 prudentia.

559 5616 681 5654 num
720 5588 907 5654 insunt.
972 5601 1026 5631 ‘“
1056 5588 1098 5654 (ἶ
1124 5588 1287 5655 casus.
1318 5618 1323 5622 ’
1363 5588 1543 5657 ⁸³⁸δὶήι
1572 5612 1659 5654 om
1690 5597 1755 5653 Α.

2242 5528 2293 5562 ³⁸
2315 5528 2358 5583 Α
2379 5531 2467 5602 qui
2497 5524 2883 5599 omnipraesens
2899 5524 3002 5583 ω.
3082 5528 3126 5561 ³⁸
3157 5529 3203 5580 Α
3223 5528 3420 5581 autem.
3462 5524 3475 5527 ⁷
3498 5527 3545 5558 ²⁰
3568 5526 3612 5580 Α
3635 5524 3824 5580 Domi—

2074 5685 2325 5745 NOTAE.

2074 5688 2120 5745 N
2169 5686 2325 5744 ΤΛΕ.

692 5785 891 5855 Ἐγγύς,
922 5782 1112 5848 juxta;
1145 5789 1213 5835 ct.
1248 5784 1473 5853 glossar.
1506 5786 1588 5841 Ab
1612 5785 1702 5840 illa
1731 5797 1860 5841 voce
1888 5686 2329 5843 Joannesoscotus
2349 5777 2620 5837 formasse
2649 5776 2860 5836 videtur
2890 5780 3127 5853 ἐγγυγοὶ,
3155 5779 3245 5849 qui
3266 5785 3422 5849 Juxta
3450 5785 3593 5835 sunt.
