4236 6274
389 379 496 434 669

1249 369 1336 424 DE
1375 367 1715 424 DIVISIONE
1755 367 2104 426 NATURAE.
2151 400 2214 407 —--
2257 367 2457 422 LlBER
2497 367 2817 424 TERTIUS.

3571 373 3674 428 6'70

389 493 518 546 liter
569 488 673 554 sit,
712 492 766 542 et
805 481 1184 540 manilestatur
1221 495 1314 538 seu
1357 481 1642 548 sensibus,
1683 497 1776 536 seu
1823 482 1984 538 intel-
2016 486 2063 546 Α
2095 481 2210 552 lege
2245 480 2676 550 constringitur?
2703 479 2834 533 Nam
2866 489 2920 535 et
2951 495 3111 550 saepe
3127 493 3324 564 contra
3361 495 3682 539 consuetum

391 584 624 640 lectibus
677 579 744 636 ad
792 579 1074 632 materiam
1123 576 1294 630 laudis
1347 577 1518 646 ipsius
1560 577 1722 631 unius
1759 593 1986 642 causae,

391 689 460 728 ex
501 687 603 742 qua
624 712 637 736 ,
691 677 744 724 et
785 669 838 722 in
867 683 972 737 qua
993 707 1008 732 ,
1038 675 1093 720 et
1131 681 1227 736 per
1252 681 1411 736 quam
1438 707 1452 732 ,
1482 674 1536 720 et
1563 667 1630 720 ad
1657 682 1818 736 quam
1861 683 1988 722 con-

396 765 506 820 dita
533 770 632 818 est.
664 749 962 814 Credamus
1001 758 1184 826 itaque
1207 765 1282 822 et,
1311 765 1573 826 quantum
1616 757 1798 822 datur,
1844 773 1993 809 men-

399 857 468 910 tis
511 854 625 908 acie
665 851 976 904 intueamur
1019 851 1034 880 ‘
1075 850 1254 924 omnia
1305 847 1536 901 visibilia
1577 855 1630 901 et
1667 843 1988 910 invisibilia,

397 955 612 1002 aeterna
639 950 694 998 et
729 939 1132 1012 intemporalia,
1166 938 1406 1012 illudque
1438 947 1737 1020 aeternum,
1769 947 1821 990 et
1853 945 1988 990 tem-

394 1054 527 1111 pus,
573 1045 629 1092 et
680 1035 796 1112 loca
825 1074 840 1100 ,
889 1041 944 1086 et
989 1032 1194 1104 spatia,
1238 1017 1292 1086 et
1334 1017 1550 1114 omnia,
1575 1045 1712 1102 quae
1745 1030 1994 1084 dicuntur

397 1132 697 1194 secundum
739 1125 1099 1186 substantiam
1141 1133 1196 1180 et
1234 1124 1487 1196 accidens
1511 1164 1526 1190 ,
1565 1122 1994 1204 generaliterque

397 1223 688 1278 dicen-dum
711 1261 726 1288 ,
762 1231 1118 1294 quaecunque
1155 1215 1481 1282 universitas
1521 1215 1686 1270 tetius
1715 1222 1994 1268 creaturae

408 1314 690 1378 continet,
719 1311 774 1364 in
803 1307 984 1364 Verbo
1019 1308 1111 1362 Dei
1147 1305 1422 1376 unigenito
1449 1314 1504 1362 et
1539 1314 1559 1343 ²
1586 1314 1803 1360 aeterna
1835 1303 1994 1358 simul

403 1415 460 1462 et
491 1405 634 1460 facta
667 1417 818 1468 esse,
850 1411 906 1456 et
935 1414 1109 1470 neque
1147 1398 1526 1464 aeternitatem
1567 1399 1619 1452 in
1660 1399 1739 1453 eis
1774 1412 1996 1478 praece-

403 1497 536 1552 dere
567 1495 864 1558 facturam,
899 1507 1072 1562 neque
1102 1490 1365 1566 facturam
1397 1491 1724 1564 praecedere
1765 1489 1997 1562 aeterni-

404 1597 596 1642 tatem.
627 1586 908 1656 Siquidem
939 1598 1127 1660 eorum
1157 1582 1452 1638 aeternitas
1484 1581 1697 1638 condita
1737 1581 1758 1611 ³
1785 1590 1868 1638 est
1897 1621 1912 1648 ,
1946 1589 2000 1638 et

405 1678 648 1734 conditio
698 1683 918 1732 aeterna
969 1675 1024 1730 in
1076 1673 1484 1743 dispensatione
1537 1672 1720 1728 Verbi.
1768 1671 1902 1742 Nam
1945 1681 1999 1728 ct

409 1777 606 1823 cuncta
629 1807 644 1832 ,
669 1779 810 1835 quae
837 1763 1092 1842 videntur
1122 1763 1172 1817 in
1203 1763 1394 1818 ordine
1430 1762 1736 1836 seculorum
1795 1772 1998 1832 tempo-

2097 583 2327 628 naturae
2360 589 2580 628 cursum
2615 571 2780 625 multa
2816 571 2990 626 solent
3025 563 3170 639 ﬁeri,
3219 563 3279 628 ut
3309 575 3465 630 nobis
3498 585 3686 630 osten-

2096 665 2276 728 datur,
2311 663 2452 732 quod
2487 663 2670 717 divina
2703 663 3044 732 providentia
3075 681 3180 718 non
3215 683 3353 732 uno,
3389 669 3482 722 sed
3509 667 3692 723 multi-

2097 755 2221 823 plici
2254 756 2412 810 modo
2446 763 2610 828 atque
2639 755 2849 808 infinito
2875 765 3052 826 potest
3076 747 3688 813 (nnitiaadministrare.

2099 843 2152 897 Si
2185 843 2367 912 itaque
2397 844 2524 896 nulli
2553 843 2846 898 intellectui
2878 844 3089 914 cognita
3121 847 3203 899 est
3227 846 3605 902 universitatis
3638 850 3688 902 in

2103 935 2300 990 divinis
2331 933 2542 1006 legibus
2577 936 2980 992 administratio
3003 980 3016 1003 ,
3051 939 3136 992 cui
3171 938 3575 995 rationabilium
3611 942 3692 996 vel

2102 1025 2552 1081 intellectualium
2585 1037 2766 1098 potest
2805 1027 2919 1082 fieri
2961 1021 3530 1100 perspicua'ejusdem
3571 1035 3693 1087 uni-

2097 1117 2376 1171 versitatis
2411 1117 2462 1170 in
2495 1117 2673 1171 Verbo
2699 1118 2792 1171 Dei
2825 1129 3043 1172 aeterna
3072 1121 3330 1200 coinlitio,
3361 1122 3412 1174 in
3445 1138 3553 1194 quo
3581 1139 3696 1176 om-

2098 1209 2186 1262 nia
2211 1219 2266 1264 et
2289 1217 2506 1262 aeterna
2541 1209 2774 1262 simulet
2799 1207 2936 1263 facta
2981 1225 3100 1280 esse
3131 1205 3288 1265 nemo
3313 1212 3562 1280 ﬁdelium
3608 1215 3698 1268 dc-

2097 1303 2224 1357 beat
2261 1303 2549 1372 ignorare;
2581 1305 2828 1372 quamvis
2861 1319 2964 1356 non
2999 1295 3301 1372 intelligat,
3336 1319 3444 1384 qua
3481 1308 3698 1361 ratione

2105 1403 2330 1448 aeterna
2357 1403 2483 1448 sunt
2515 1393 2653 1448 facta
2679 1436 2692 1460 ,
2723 1403 2779 1450 et
2809 1394 2946 1449 facta
2979 1406 3102 1450 sunt
3133 1391 3391 1463 aeterna;
3423 1398 3525 1462 hoc
3555 1399 3696 1452 enim

2101 1485 2402 1552 soliVerbo,
2421 1487 2473 1540 in
2488 1503 2595 1557 quo
2609 1497 2659 1544 et
2677 1485 2818 1544 facta
2837 1497 2961 1542 sunt
2977 1499 3029 1542 et
3049 1471 3288 1562 aeterna,
3305 1489 3575 1562 cognitum
3594 1499 3695 1546 est.

2171 1579 2319 1634 DISC.
2361 1579 2436 1634 De
2484 1579 2793 1634 conditione
2825 1579 3197 1636 universitatis
3231 1563 3515 1648 inverbo,
3551 1592 3602 1637 et
3633 1585 3700 1638 de

2103 1669 2425 1726 aeternitate
2471 1672 2736 1726 rationem
2767 1687 2872 1726 non
2906 1689 3126 1744 quaero.
3157 1663 3327 1727 Nemo
3353 1673 3494 1726 enim
3520 1681 3701 1743 potest

2105 1759 2310 1824 dicere,
2339 1753 2636 1830 quomodo
2685 1771 2940 1828 acterna,
2985 1773 3038 1818 et
3089 1755 3228 1818 facta
3259 1761 3417 1820 sunt.
3477 1765 3690 1820 Modmn

403 1862 554 1917 ribus
576 1868 632 1916 et
657 1858 792 1914 locis
819 1837 914 1930 per
941 1839 1346 1928 generationem
1374 1857 1541 1922 oriri,
1569 1856 1726 1930 simul
1757 1866 1809 1911 et
1836 1857 2001 1912 semel
2037 1845 2078 1904 Β
2107 1865 2341 1920 namque
2371 1851 2700 1907 conditionis
2733 1869 2911 1908 rerum
2945 1837 3008 1910 ini
3028 1854 3207 1910 Verbo
3257 1845 3400 1910 nulla
3447 1867 3698 1922 creatura

404 1953 755 2010 acternaliter
781 1951 834 2006 in
862 1949 1036 2026 Verbo
1060 1949 1269 2004 Domini
1305 1948 1442 2003 facta
1471 1957 1615 2004 sunt.
1650 1948 1832 2028 Neque
1860 1948 2004 2004 enim

405 2044 735 2114 credendum
787 2051 902 2112 est,
963 2051 1088 2106 tunc
1145 2039 1431 2092 inchoasse
1487 2038 1638 2100 fieri,
1688 2039 1906 2114 quando
1953 2039 2004 2092 in

411 2137 614 2192 mundo
668 2115 988 2210 sentiuntur
1019 2131 1172 2190 oriri.
1215 2131 1440 2202 Semper
1492 2132 1636 2194 enim
1687 2130 1902 2196 fuerunt
1953 2132 2006 2186 in

408 2227 594 2284 Verbo
649 2227 862 2296 Domini
909 2224 1364 2294 substantialiter,
1408 2234 1670 2296 ortusque
1715 2239 1904 2290 eorum
1955 2233 2009 2279 et

415 2335 650 2380 occasus
685 2324 705 2350 ⁸
751 2321 804 2374 in
844 2320 1032 2376 ordine
1074 2329 1374 2389 temporum
1418 2328 1580 2388 atque
1630 2303 1869 2392 locorum
1913 2333 2008 2390 per

414 2411 851 2482 generationem,
895 2413 996 2466 hoc
1032 2421 1114 2466 est
1152 2425 1246 2478 per
1283 2410 1645 2466 accidentium
1678 2411 2006 2480 assumptio-

415 2516 541 2556 nem
573 2515 790 2571 semper
817 2501 870 2554 in
905 2499 1076 2556 Verbo
1111 2500 1199 2556 Dei
1231 2510 1349 2564 erat
1370 2541 1384 2566 ,
1421 2501 1636 2570 inquo,
1671 2515 1808 2570 quae
1835 2501 2011 2568 futura

416 2601 576 2654 sunt,
613 2590 725 2658 jam
778 2590 916 2646 facta
953 2601 1080 2645 sunt
1123 2590 1162 2642 ⁵.
1196 2589 1486 2660 iSiquidcm
1534 2590 1713 2658 divina
1751 2591 2011 2660 sapientia

415 2681 824 2738 circumscribit
867 2691 1140 2752 tempora,
1181 2691 1234 2738 ct
1285 2683 1497 2748 onmia,
1548 2698 1688 2752 quae
1733 2684 1784 2746 in
1825 2693 2014 2748 natura

416 2788 602 2828 rerum
641 2774 1013 2844 tcmporaliter
1043 2775 1314 2840 oriuntur,
1347 2775 1398 2828 in
1444 2775 1554 2845 ipsa
1593 2777 1923 2846 praecedunt
1961 2786 2016 2830 et

417 2865 720 2930 subsistunt
749 2865 1117 2922 acterualitcr.
1155 2866 1270 2935 Ipsa
1313 2877 1394 2922 est
1430 2867 1571 2930 enim
1613 2881 1864 2922 mensura
1894 2881 2014 2922 om-

419 2955 570 3009 nium
623 2958 742 3022 sine
783 2973 1067 3022 mensura,
1115 2967 1469 3022 ct,numerus
1512 2959 1629 3014 sine
1671 2974 1926 3022 numero,
1959 2969 2016 3014 et

421 3049 672 3117 pondus,
705 3049 756 3112 id
803 3060 886 3106 est
923 3051 1086 3114 ordo,
1137 3051 1254 3106 sine
1297 3051 1567 3120 pondere,
1607 3061 1657 3106 et
1707 3049 1728 3081 ⁸
1771 3051 1882 3120 ipsa
1931 3059 2014 3108 est

425 3129 641 3210 tempus
672 3151 725 3196 et
771 3141 1046 3206 seculum,
1097 3142 1210 3211 ipsa
1245 3153 1324 3196 est
1352 3141 1670 3210 praeterita,
1704 3151 1754 3196 ct
1796 3143 1812 3171 '
1847 3157 2008 3211 prae-

2110 1943 2447 2000 rationabilis
2482 1944 2522 1975 ¹⁰
2555 1959 2646 2000 seu
2694 1945 3076 2001 intellectualis
3117 1957 3294 2018 potest
3339 1951 3698 2028 cognoscere;

2109 2036 2209 2092 soli
2246 2037 2510 2108 siquidem
2544 2038 2820 2108 gnosticae
2851 2039 3034 2094 virtuti
3078 2049 3245 2112 patet.
3293 2041 3407 2108 Qua
3451 2057 3580 2096 vero
3617 2059 3702 2096 ra-

2115 2129 2259 2184 tione
2315 2130 2692 2200 compellimur
2744 2129 2937 2198 fateri,
2995 2142 3214 2188 aeterna
3270 2149 3390 2188 esse
3450 2131 3606 2189 facta
3647 2135 3700 2189 in

2118 2220 2292 2276 Verbo
2323 2219 2415 2274 Dei
2443 2262 2456 2286 ,
2488 2237 2718 2298 quaero,
2750 2223 2794 2276 si
2825 2232 3002 2294 potest
3035 2223 3286 2279 inveniri.
3321 2223 3433 2280 Non
3465 2227 3606 2280 enim
3641 2227 3704 2282 de

2110 2313 2542 2383 primordialimn
2573 2329 2858 2370 causarmn
2903 2317 3289 2388 multiplicibus
3329 2317 3607 2374 effectibus
3649 2319 3703 2374 in

2117 2407 2278 2460 rebus
2309 2405 2612 2460 visibilibus
2638 2414 2692 2459 et
2723 2405 3081 2462 invisibilibus
3111 2424 3254 2462 nunc
3283 2409 3481 2480 agitur,
3511 2407 3560 2462 in
3587 2409 3705 2478 qui-

2113 2499 2212 2562 bus
2245 2499 2428 2554 omnia
2461 2499 2601 2554 facta
2635 2515 2754 2554 esse
2799 2516 2955 2556 nemo
3003 2503 3304 2572 sapientum
3351 2504 3577 2558 dubitat.
3627 2503 3704 2558 Eo

2114 2607 2346 2662 namque
2379 2593 2538 2646 modo
2567 2607 2824 2662 praesens
2852 2593 3097 2661 quaestio
3130 2593 3261 2646 solvi
3294 2608 3454 2662 posse
3489 2592 3701 2646 videre-

2114 2691 2224 2748 tur,
2255 2682 2299 2738 si
2323 2683 2444 2752 quis
2470 2692 2652 2752 posset
2681 2683 2722 2722 ι¹
2747 2682 2894 2738 veris
2919 2684 3216 2736 rationibus
3248 2685 3460 2748 docere,
3487 2683 3665 2736 omnia
3687 2724 3700 2748 ,

2123 2773 2177 2827 in
2221 2783 2482 2842 quantum
2533 2775 2586 2828 in
2631 2774 2807 2828 Verbo
2849 2773 2942 2827 Dei
2985 2773 3284 2828 subsistunt
3329 2775 3380 2827 in
3425 2773 3706 2844 principiis

2124 2866 2266 2930 suis,
2307 2867 2357 2920 in
2395 2849 2601 2920 tantum
2634 2873 2854 2920 aeterna
2884 2880 3000 2920 csse
3044 2865 3390 2936 intelligenda
3438 2873 3601 2930 sunt;
3651 2865 3704 2917 in

2115 2966 2375 3028 quantum
2409 2973 2538 3012 vero
2585 2957 2640 3010 in
2682 2955 2906 3011 enectus
2951 2971 3109 3022 suos,
3155 2956 3266 3010 sive
3310 2955 3701 3024 intelligibiles,

2115 3049 2228 3104 sive
2257 3049 2574 3114 sensibiles,
2607 3049 2659 3104 iu
2693 3049 2884 3104 ordine
2915 3031 3214 3119 temporum
3259 3063 3356 3118 per
3401 3048 3706 3118 generatio-

2115 3153 2236 3202 nem
2264 3140 2595 3210 procedunt,
2629 3140 2682 3196 in
2713 3149 2922 3194 tantum
2955 3141 3098 3194 facta
3132 3149 3294 3208 sunt;
3325 3141 3398 3194 ita
3429 3149 3485 3195 ut
3517 3157 3704 3196 corum

424 3231 596 3284 sentia
617 3271 632 3294 .
661 3241 714 3292 ct
741 3231 938 3285 fultura.
974 3232 1198 3302 Ideoque
1227 3247 1254 3286 a
1290 3233 1513 3288 Graecis
1541 3235 1765 3292 ἐπέκεινα
1791 3248 1816 3275 ει
1849 3249 2006 3290 voca—
2036 3210 2080 3272 (ἶ
2115 3231 2410 3286 aeternitas
2441 3231 2494 3286 in
2523 3230 2703 3286 Verbo
2731 3231 2826 3286 Dei
2860 3233 3212 3302 praecederet
3241 3233 3284 3264 ¹²
3310 3246 3495 3286 eorum
3524 3231 3705 3286 condi-

426 3331 533 3381 tur,
573 3322 694 3389 quia
735 3323 916 3376 omnia
963 3333 1201 3393 tempora
1231 3324 1282 3378 in
1315 3339 1374 3380 sc
1401 3335 1553 3380 creat
1577 3336 1634 3380 et
1661 3327 2009 3384 circumscri-

421 3411 532 3476 bit,
569 3413 692 3466 dum
725 3427 890 3482 super
924 3415 1102 3476 omnia
1147 3427 1387 3484 tempora
1431 3417 1500 3472 sit
1546 3419 1868 3474 aeternitate
1911 3433 2008 3474 sua

419 3505 600 3558 enmia
633 3505 917 3560 intervalla
951 3509 1312 3576 praecedens,
1349 3509 1626 3576 ambiens,
1659 3511 2005 3568 concludens.

423 3596 552 3649 Nam
583 3607 638 3652 ct
667 3597 734 3662 de
763 3597 850 3676 bis
870 3637 886 3662 ,
911 3613 1052 3668 quae
1081 3600 1314 3656 naturali
1346 3617 1507 3656 cursu
1535 3603 1588 3658 in
1633 3604 1825 3660 ordine
1873 3615 2008 3660 tem—

423 3700 614 3759 porum
645 3689 923 3744 annuatim
964 3690 984 3720 '
1017 3689 1131 3744 ﬁeri
1163 3692 1451 3756 sentimus,
1485 3693 1752 3750 rationem
1785 3696 2009 3750 reddere

421 3791 579 3832 nemo
606 3789 802 3848 potest.
830 3781 962 3848 Quis
987 3782 1130 3838 enim
1157 3784 1266 3837 vim
1289 3771 1554 3839 seminum
1581 3785 1844 3856 cogitans,
1873 3803 2008 3856 quo—

421 3871 583 3924 modo
613 3886 710 3940 per
755 3887 1010 3930 numeros
1053 3874 1290 3932 locorum
1333 3883 1387 3932 ct
1433 3887 1732 3946 temporum
1773 3888 1828 3933 et
1865 3877 1885 3908 ⁹
1921 3893 2010 3932 va-

422 3961 535 4014 rias
571 3963 778 4032 species
810 3964 1149 4032 animalium,
1187 3966 1439 4022 fruticmn
1461 4008 1476 4033 ,
1511 3967 1800 4024 herbarum
1829 3983 2010 4026 crum-

419 4059 550 4120 punt
573 4092 586 4118 ,
613 4067 714 4106 cur
742 4064 796 4108 et
830 4055 1096 4122 quomodo
1122 4057 1300 4112 dicere
1327 4069 1668 4128 praesumat,
1700 4067 1794 4112 aut
1821 4073 2006 4115 eorum

418 4145 732 4208 occasiones
765 4146 831 4200 ad
873 4163 1068 4216 pltl‘lllll
1103 4149 1420 4219 dignoscere
1453 4150 1791 4220 praevaleat,
1819 4160 1874 4206 ct
1903 4165 2006 4206 non

417 4237 674 4292 continuo
699 4241 1046 4308 pronuntiet,
1073 4243 1206 4299 haec
1233 4243 1415 4298 omnia
1443 4243 1642 4296 divinis
1671 4242 1875 4314 legibus
1899 4258 2012 4298 om-

417 4341 542 4380 nem
576 4343 794 4386 sensum
823 4341 878 4386 et
905 4331 1237 4388 iutellct‘tum
1261 4332 1641 4403 superantibus
1664 4334 2007 4388 attribuenda

420 4421 590 4474 sitat?
617 4420 890 4494 Nullisque
917 4425 1249 4496 conjecturis
1277 4426 1442 4480 animi
1473 4426 1885 4496 inquiremlmn,
1911 4443 2010 4482 cur

418 4513 496 4568 sic
529 4514 610 4567 vel
641 4515 718 4570 sic
738 4556 752 4580 ,
780 4525 832 4570 et
859 4521 1132 4587 quomodo
1157 4520 1238 4576 sic
1267 4520 1346 4576 vel
1375 4521 1486 4586 sic,
1518 4531 1572 4578 ct.
1599 4537 1704 4576 non
1733 4521 1890 4576 aliter
1917 4521 2010 4576 de-

415 4604 542 4660 bent
575 4608 822 4662 ordinem
859 4620 1162 4680 temporum
1196 4611 1443 4681 implere,
1471 4621 1522 4668 et
1554 4629 1616 4668 ex
1647 4613 2008 4668 iuvisibilibus

417 4696 594 4750 causis
635 4696 687 4750 in
721 4699 770 4750 vi
803 4700 1072 4754 SCll‘tillllm
1124 4700 1280 4754 simul
1324 4703 1633 4758 constitutis
1663 4719 1768 4760 non
1811 4704 2004 4769 simul,

417 4787 508 4838 sed
539 4795 838 4856 temporum
872 4790 1171 4846 intervallis
1197 4801 1249 4846 ct
1278 4791 1516 4848 locorum
1537 4833 1550 4858 ,
1581 4794 1631 4848 in
1663 4793 1864 4849 formas
1889 4809 2008 4848 seu-

421 4872 600 4930 sibilos
627 4881 956 4946 procedere,
988 4883 1143 4951 quasi
1193 4897 1296 4938 non
1339 4885 1496 4942 aliter
1529 4885 1646 4939 ticri
1679 4895 1930 4953 possent,
1963 4886 2008 4941 si

421 4960 634 5022 divinae
677 4969 942 5028 voluntati
991 4972 1151 5029 aliter
1197 4974 1314 5032 ﬁeri
1361 4976 1660 5040 videretur,
1689 4991 1830 5044 quae
1862 4974 2010 5027 nulla

2118 3323 2318 3378 tionem
2355 3324 2408 3378 in
2441 3323 2631 3378 ordine
2665 3323 2971 3378 seculorum
2995 3364 3009 3387 ,
3042 3323 3153 3378 sive
3187 3321 3510 3377 invisibilem
3543 3337 3706 3394 supra

2113 3430 2244 3480 nos,
2280 3415 2396 3482 sive
2426 3414 2697 3470 visibilem
2731 3415 3029 3470 secundum
3061 3429 3160 3468 nos
3189 3413 3448 3468 mundum
3481 3411 3708 3484 implen-

2117 3513 2216 3566 tes.
2259 3509 2378 3566 Jam
2429 3523 2588 3576 vero,
2631 3511 2887 3580 quoniam
2930 3508 3057 3562 talia
3101 3507 3258 3564 fateri
3304 3495 3428 3561 vera
3473 3523 3572 3561 nos
3601 3522 3706 3561 non

2114 3602 2244 3656 sinit
2275 3601 2451 3668 ratio;
2485 3600 2686 3654 clamat
2715 3601 2857 3655 enim
2881 3641 2894 3664 ,
2928 3608 2984 3653 et
3009 3599 3291 3654 verissime
3325 3599 3562 3676 clamat,
3597 3615 3705 3654 non

2116 3695 2290 3750 solum
2322 3693 2702 3764 primm-diales
2733 3710 2926 3758 causas
2947 3709 3178 3768 ,tverum
3211 3693 3371 3746 etiam
3413 3707 3599 3762 earum
3630 3691 3709 3746 ef-

2119 3783 2324 3848 fectus,
2356 3795 2410 3839 ct
2441 3783 2556 3838 loca
2578 3824 2592 3848 ,
2620 3789 2674 3838 et
2704 3793 2947 3854 tempora
2973 3823 2986 3848 ,
3018 3792 3071 3838 et
3099 3783 3145 3814 ¹³
3173 3784 3438 3838 essentias
3459 3824 3472 3846 ,
3509 3793 3563 3836 et
3592 3783 3710 3836 sub-

2115 3874 2368 3938 stantias,
2397 3875 2499 3928 hoc
2526 3883 2640 3940 est,
2665 3890 2864 3944 genera
2891 3874 3320 3950 generalissima,
3351 3883 3398 3928 et
3429 3873 3711 3944 generales

2115 3963 2318 4022 formas
2337 4004 2350 4030 ,
2381 3973 2435 4018 et
2464 3966 2671 4034 species
2699 3965 3122 4036 specialissimas
3151 3981 3245 4034 per
3277 3963 3579 4020 individuos
3607 3981 3707 4017 nu-

2117 4069 2300 4112 meros
2332 4070 2453 4108 cum
2483 4055 2734 4109 omnibus
2775 4055 3146 4110 accidentibus
3191 4055 3302 4108 suis
3343 4039 3705 4118 naturalibus,

2115 4159 2168 4206 et
2199 4159 2258 4202 ut
2281 4147 2324 4178 “
2347 4146 2666 4217 simpliciter
2705 4148 2916 4212 dicam,
2958 4159 3146 4214 omne,
3192 4145 3334 4214 quod
3375 4153 3456 4220 est
3500 4145 3554 4196 in
3595 4141 3708 4195 uni-

2114 4241 2378 4296 versitate
2411 4253 2592 4292 rerum
2626 4238 3004 4302 conditarum,
3038 4237 3151 4292 sive
3178 4221 3339 4316 sensu
3364 4274 3376 4298 ,
3411 4235 3526 4288 sive
3554 4233 3708 4285 intel-

2117 4334 2260 4388 lectu
2311 4333 2582 4396 humano,
2622 4329 2706 4383 vel
2748 4328 2992 4398 angelico
3035 4325 3544 4404 comprehendatur,
3595 4325 3709 4378 sive

2115 4440 2332 4480 omnem
2365 4437 2582 4478 sensum
2603 4463 2616 4484 ,
2651 4435 2980 4490 omnemque
3009 4403 3206 4496 mentis
3235 4403 3408 4496 aciem
3449 4415 3704 4482 cXcedat,

2115 4529 2172 4573 et
2215 4527 2393 4572 tamen
2441 4515 2716 4580 conditum
2763 4521 2876 4579 est,
2922 4511 2974 4566 in
3017 4510 3194 4564 Verbo
3239 4508 3330 4564 Dei
3363 4517 3416 4562 et
3459 4505 3626 4562 semel
3653 4515 3708 4562 et

2117 4609 2278 4664 simul
2308 4605 2590 4662 aeternum
2615 4604 2886 4660 etfactum
2916 4618 3036 4662 esse
3065 4619 3077 4667 ;
3110 4611 3162 4657 et
3187 4615 3463 4672 nunquam
3489 4608 3640 4654 erant
3665 4598 3708 4632 1³

2117 4709 2334 4752 aeterna
2363 4706 2418 4752 et
2467 4711 2570 4749 non
2601 4695 2741 4749 facta
2763 4734 2776 4758 ,
2817 4709 2991 4763 neque
3018 4693 3162 4746 facta
3193 4701 3246 4746 et
3290 4707 3394 4745 non
3446 4699 3664 4744 aeterna
3692 4707 3704 4741 ε

2115 4793 2192 4846 nil
2229 4793 2372 4848 aliud
2405 4791 2729 4861 relinquitur
2757 4789 2827 4854 ³⁸,
2856 4789 2960 4844 nisi
2995 4799 3054 4842 ut
3085 4793 3397 4856 quaeratur,
3431 4801 3536 4838 non
3577 4799 3709 4854 quo-

2119 4885 2280 4940 modo
2326 4884 2435 4939 sint
2467 4884 2508 4914 ¹⁷
2540 4893 2761 4938 aeterna
2807 4889 2860 4936 et
2905 4879 3048 4934 facta
3069 4920 3082 4946 ,
3129 4879 3222 4932 sed
3255 4893 3359 4950 qua
3392 4876 3602 4929 ratione
3631 4874 3710 4926 di-

2123 4985 2316 5030 cantur
2341 4974 2385 5007 ¹⁸
2409 4985 2464 5030 et
2519 4973 2659 5030 facta
2697 4983 2753 5029 et
2809 4981 3050 5028 aeterna.
3097 4969 3236 5024 MAG.
3265 4966 3430 5024 Facta
3457 4966 3711 5021 dicuntur

1703 5107 1961 5163 VARIAE
2001 5105 2405 5162 LECTIONES.

489 5218 505 5249 ι
538 5211 579 5264 Α
613 5211 897 5270 intuemur.

416 5279 439 5310 ⁸
461 5293 582 5335 sunt
609 5299 718 5338 om.
748 5285 810 5340 C.

410 5355 754 5422 praecedet-it.

999 5230 1019 5258 ι
1069 5233 1113 5275 et
1164 5237 1275 5277 om.
1308 5221 1370 5274 C.

925 5289 945 5320 ⁸
971 5301 1016 5344 et
1046 5307 1155 5346 om.
1187 5295 1250 5346 A.
1329 5293 1348 5322 ⁷
1379 5303 1424 5345 el
1454 5307 1562 5345 om.
1595 5295 1658 5344 A.

833 5357 880 5392 “
904 5371 951 5416 et
977 5376 1086 5422 om.
1122 5364 1188 5418 A.
1269 5362 1316 5392 υ
1344 5375 1396 5415 ut
1423 5378 1533 5418 om.
1563 5363 1628 5416 Δ.

1473 5222 1493 5251 ³
1523 5221 1564 5273 Λ
1616 5221 1777 5289 facta.

1740 5291 1760 5322 ⁸
1790 5290 1856 5344 Α.
1890 5292 2291 5344 annurciatum.

1729 5361 1775 5392 “’
1799 5364 1841 5413 Α
1867 5371 2018 5414 erunt

1881 5219 1902 5248 "
1930 5219 1974 5273 ,Α
2015 5235 2147 5288 quae
2197 5219 2453 5288 ridenlmﬂ
2477 5217 2528 5269 in
2563 5217 2758 5288 ordine,
2785 5213 3114 5288 saeculorum
3146 5238 3225 5288 ——-_
3251 5223 3466 5288 occasus
3503 5207 3704 5288 0m.7C‘.

2381 5291 2401 5321 ’
2431 5287 2475 5340 A
2509 5289 2582 5339 in.
2663 5286 2704 5316 ¹⁰
2738 5287 2781 5338 Α
2815 5283 3110 5337 rationalis.
3190 5283 3228 5318 ί¹
3261 5279 3300 5332 C
3327 5280 3508 5340 possit.
3589 5287 3632 5317 η
3665 5279 3708 5330 Λ

2117 5359 2160 5390 ¹⁶
2191 5359 2230 5412 Α
2262 5358 2608 5428 relinquatur.

2663 5286 2704 5316 ¹⁰
2738 5287 2781 5338 Α
2815 5283 3110 5337 rationalis.
3190 5283 3228 5318 ί¹
3261 5279 3300 5332 C
3327 5280 3508 5346 possit.

2691 5357 2729 5384 ‘7
2758 5354 2798 5410 C
2825 5365 2964 5407 sunt.
3045 5353 3088 5390 1⁸
3124 5351 3162 5404 C
3199 5350 3434 5402 docet-ur.

1934 5495 2182 5552 NOTAE.

487 5597 516 5626 ⁸
548 5585 702 5658 (Σοηι.
723 5631 738 5656 ,
769 5592 812 5644 Α
837 5593 878 5646 C
929 5592 1177 5650 ἐπέκεινα.
1229 5593 1341 5648 Vox
1374 5597 1596 5652 ἐπέκεινα
1648 5593 1683 5646 i.
1716 5590 2016 5658 (μέμνηαι-ἱείς

411 5651 834 5736 ξκρι·ιε.οᾴυἰτὶι
867 5663 1026 5736 Dion.
1067 5667 1334 5736 Areopag.
1375 5651 1442 5720 de
1482 5667 1590 5722 div.
1621 5651 1792 5718 Nom:
1929 5661 2012 5714 16.

412 5724 609 5806 iliceti.
709 5734 774 5787 ad
807 5735 1110 5806 marginem
1141 5724 1574 5806 haec‘adscripta
1599 5743 1724 5790 sunt
1753 5751 1762 5786 :
1805 5724 2012 5806 Glossa.

415 5795 554 5851 Deus
583 5817 612 5852 α
635 5799 852 5858 Graecis
877 5795 1110 5863 επῖκαινα
1135 5807 1234 5872 (sic
1253 5809 1292 5877 ε)
1323 5795 1553 5872 notattir,
1587 5807 1708 5875 quia
1733 5805 2014 5874 praeterita

2119 5602 2164 5644 et
2205 5591 2382 5660 futura
2427 5588 2482 5639 in
2539 5586 2648 5660 ipso
2703 5581 3020 5660 subsistant,
3052 5588 3098 5660 et
3143 5583 3352 5660 ipse“!
3383 5585 3427 5656 et
3452 5575 3706 5660 inllipsmn'

2123 5646 2492 5714 terminantur.
2535 5646 2764 5722 Ideoque
2801 5659 3008 5722 propter
3047 5646 3354 5722 facilitatem
3390 5646 3710 5714 intelligendi

2119 5747 2268 5799 saepe
2301 5749 2534 5785 επικαινα
2561 5720 2836 5799 summitas
2869 5721 3100 5799 euntium
3129 5720 3500 5788 interpretatur
3527 5733 3706 5792 quam-

2121 5791 2431 5869 ris'proprie
2465 5795 2746 5866 praeterita
2784 5803 2830 5848 et
2870 5791 3071 5862 futura.
