4236 6274
872 390 891 395 ν
969 387 1031 404 η-

578 418 679 474 671

1960 407 2241 464 JOANNIS
2280 404 2477 465 SCOTI

3744 406 3852 463 672

570 535 725 606 juxta
790 540 978 597 sacrae
1039 524 1355 596 Scripturae
1429 521 1810 578 auctoritatem
1838 558 1853 586 ,
1923 534 2156 590 pronun-
2181 539 2230 598 Δ
2259 532 2367 573 uno
2409 529 2578 606 grano
2609 522 2720 606 toto
2752 512 2923 606 maior
2939 519 3048 606 est,
3078 524 3242 580 quam
3273 510 3329 564 in
3379 511 3646 606 particula
3679 513 3850 606 ipsius

577 626 806 690 ciantis,
854 630 915 677 ut
961 620 1156 676 iisdem
1202 617 1463 688 exemplis
1506 625 1763 671 utamur:
1796 613 1862 668 In
1897 614 2152 684 principio

578 719 694 787 fecit
729 716 869 769 Deus
904 711 1107 766 caelum
1141 719 1189 764 et
1224 718 1436 762 terram.
1476 706 1667 761 Omnia
1699 707 1753 759 in
1782 706 2040 776 sapientia
2078 705 2156 774 fe-

575 786 709 861 cisti.
769 803 961 858 Omnia
990 786 1102 872 per
1144 800 1316 869 ipsum
1358 797 1501 865 facta
1541 804 1680 849 sunt.
1735 795 1803 849 In
1841 812 1942 865 quo
1980 802 2153 847 creata

574 909 693 954 sunt
734 896 941 960 omnia,
972 908 1108 964 quae
1135 900 1254 945 sunt
1284 889 1339 941 in
1383 886 1540 941 caelis
1577 896 1625 941 et
1668 902 1798 956 quae
1848 887 1862 915 ¹
1896 884 1951 938 in
1978 893 2150 947 terra,

575 990 676 1044 sive
707 982 959 1049 visibilia,
1004 981 1109 1036 sive
1149 974 1470 1039 invisibilia,
1514 983 1570 1028 et
1613 974 1783 1027 multa
1825 970 2150 1040 huiusmodi.

573 1080 787 1136 Modum
827 1083 1011 1131 autem
1052 1079 1106 1129 et
1150 1069 1414 1125 rationem
1454 1064 1780 1119 conditionis
1809 1063 2048 1117 omnium
2098 1061 2151 1115 in

574 1168 750 1223 Verbo
790 1164 886 1220 Dei
937 1164 1084 1218 dicat
1120 1170 1164 1225 ι,
1216 1157 1306 1228 qui
1349 1162 1558 1226 potest;
1609 1168 1697 1208 me
1746 1153 1956 1207 nescire
2009 1150 2029 1181 ³
2072 1150 2154 1202 fa-

582 1271 716 1316 teor.
748 1257 859 1312 Nec
883 1256 905 1288 ⁸
932 1269 1020 1311 me
1047 1253 1210 1325 pudet
1244 1250 1266 1282 ⁵
1301 1248 1545 1313 nescire,
1588 1246 1814 1300 audiens
1852 1242 2152 1314 apostolum

572 1351 837 1405 dicentem
871 1363 884 1401 :
912 1344 1017 1411 Qui
1041 1341 1182 1398 solus
1207 1340 1363 1395 habes
1389 1335 1860 1401 immortalitatem,
1901 1343 1948 1387 et
1986 1331 2154 1386 lucem

571 1439 777 1493 habitas
822 1432 1255 1495 inaccessibilem,
1280 1426 1602 1499 praesertim
1641 1425 1796 1495 quasi
1842 1423 1863 1454 ⁸
1907 1422 1972 1477 de
1998 1421 2155 1491 longe

571 1525 868 1598 praesentis
896 1523 1098 1594 negotii
1143 1522 1304 1576 ﬁnem
1333 1516 1698 1573 considerans.
1728 1515 1812 1570 Ad
1841 1515 1942 1568 hoc
1969 1512 2155 1591 ienim

569 1637 826 1691 praesens
849 1616 1215 1681 ratiocinatio,
1245 1615 1413 1669 immo
1430 1628 1558 1667 vero
1584 1611 1699 1680 ipsa
1721 1608 1859 1662 ratio
1872 1609 2150 1677 perducet,

570 1722 628 1765 ut
659 1711 1043 1782 intelligamus,
1076 1721 1183 1762 non
1211 1705 1380 1760 solum
1408 1704 1461 1758 in
1487 1703 1579 1758 Dei
1617 1700 1789 1756 Verbo
1810 1700 1830 1730 ⁸
1857 1699 2035 1753 omnia
2058 1712 2153 1752 ae-

571 1814 720 1857 terna
763 1810 818 1857 et
851 1800 995 1857 facta
1029 1813 1168 1865 esse,
1214 1811 1403 1852 verum
1447 1794 1608 1849 etiam
1649 1791 1824 1861 ipsum
1854 1788 2033 1843 omnia
2073 1785 2154 1841 fa—

2258 607 2434 679 grani.
2465 604 2741 675 Multiplex
2765 604 2907 659 enim
2937 603 2991 656 in
3018 617 3127 656 uno
3153 610 3259 669 est,
3290 612 3345 656 et
3369 618 3475 657 una
3505 602 3561 658 in
3587 604 3854 676 multiplio

2255 697 2425 752 cibus.
2466 694 2523 750 Si
2562 710 2690 749 vero
2719 693 2839 762 quis
2867 692 3085 757 dixerit,
3134 692 3244 745 vim
3290 691 3559 747 seminum
3588 708 3699 750 non
3747 710 3854 767 per

2256 789 2513 858 seipsam,
2544 788 2638 842 sed
2682 787 2734 840 in
2769 785 2946 854 aliqua
2981 783 3231 850 materia,
3267 783 3372 840 hoc
3400 796 3506 853 est,
3540 787 3592 841 in
3620 788 3851 847 humore

2255 878 2524 949 pateﬁeri,
2556 893 2619 932 ac
2659 891 2759 946 per
2791 882 2892 930 hoc
2934 875 3047 944 ipsa
3077 873 3159 939 ﬁt,
3189 875 3332 943 quod
3370 885 3612 946 apparet,
3644 880 3739 934 sed
3788 879 3849 938 in

2254 984 2362 1023 uno
2410 968 2550 1038 quod
2584 977 2845 1037 apparere
2889 972 2932 1006 ιι
2987 964 3120 1033 agit,
3148 973 3207 1018 ut
3233 965 3313 1019 sic
3359 974 3619 1036 appareat
3638 968 3710 1036 υ,
3739 984 3846 1026 non

2255 1059 2323 1115 de
2362 1060 2561 1129 seipsa,
2591 1059 2686 1113 sed
2721 1056 2788 1112 de
2827 1056 3007 1126 aliqua
3038 1056 3267 1111 materia
3317 1058 3662 1127 operationes
3713 1076 3843 1117 suas

2254 1162 2539 1218 peragens,
2580 1144 3034 1215 respondendum,
3067 1146 3113 1198 si
3147 1145 3203 1199 in
3231 1147 3411 1216 specie
3437 1157 3661 1219 apparet
3679 1158 3733 1204 et
3761 1149 3843 1219 ﬁt,
3892 1166 3899 1172 ·

2253 1245 2407 1293 estne
2451 1237 2659 1306 species
2685 1236 2935 1302 materia,
2965 1235 3093 1291 dum
3122 1238 3411 1293 manifesta
3458 1240 3597 1297 ratio
3623 1238 3840 1312 clamat,

2255 1328 2508 1398 quicquid
2540 1334 2755 1381 maneat
2781 1326 2826 1359 ³³
2854 1327 2907 1380 in
2939 1328 3188 1392 materia,
3215 1342 3314 1397 per
3341 1332 3574 1400 speciem
3599 1348 3840 1401 manere,

2255 1421 2382 1475 dum
2421 1434 2518 1489 per
2560 1420 2790 1488 seipsam
2835 1426 2892 1474 et
2929 1417 2976 1451 ⁸⁵
3003 1419 3271 1476 instabilis
3318 1430 3374 1476 et
3401 1423 3648 1480 informis
3686 1426 3737 1463 ⁸³
3778 1442 3845 1484 ac

2254 1526 2390 1580 pene
2422 1510 2556 1565 nihii
2582 1510 2689 1564 sit?
2710 1508 2765 1564 Si
2789 1509 2843 1564 in
2869 1510 3165 1577 coloribus,
3187 1529 3315 1567 num
3355 1514 3503 1570 color
3542 1517 3587 1549 "
3617 1519 3841 1575 materia

2254 1613 2357 1669 est,
2374 1619 2496 1659 cum
2512 1611 2719 1658 constet
2736 1603 2802 1669 ’⁷,
2819 1618 2913 1658 eos
2939 1604 3081 1658 circa
3098 1604 3378 1660 materiem
3400 1606 3467 1673 ⁸⁸,
3494 1607 3658 1664 immo
3676 1610 3841 1666 etiam

2254 1677 2398 1751 circa
2447 1695 2680 1764 speciem
2709 1694 2969 1765 intelligi?
2998 1693 3056 1749 Si
3109 1696 3161 1749 in
3192 1697 3418 1752 odorum
3464 1700 3835 1765 suavitatibus,

2255 1802 2382 1841 num
2430 1785 2474 1827 ³³
2500 1788 2636 1842 odor
2685 1787 2911 1842 materia
2966 1796 3070 1853 est,
3102 1803 3222 1843 cum
3280 1789 3512 1859 qualitas
3557 1791 3839 1849 olfaciendi

566 1908 712 1957 cere,
740 1901 796 1948 et
821 1893 876 1948 in
900 1891 1151 1948 omnibus
1175 1888 1292 1943 fieri
1323 1886 1555 1957 simplici
1579 1882 1776 1939 mentis
1800 1881 1933 1936 acie.
1982 1879 2051 1936 Ut
2079 1880 2154 1933 ait
2182 1876 2228 1934 Β
2257 1892 2472 1931 sensum
2518 1874 2758 1932 afﬁciens
2800 1877 2868 1932 ab
2895 1877 3001 1944 his,
3036 1881 3127 1947 qui
3159 1879 3285 1933 talia
3318 1889 3572 1947 tractant,
3614 1899 3734 1939 esse
3759 1883 3841 1938 di-

565 1995 785 2041 sanctus
814 1984 1114 2040 Maximus:
1145 1978 1253 2035 Per
1277 1980 1504 2032 rationes
1524 1980 1717 2042 °,quae
1743 1975 1800 2027 in
1817 1972 2151 2027 existentibus

562 2086 704 2142 sunt,
727 2076 797 2129 ad
832 2074 1043 2129 causale
1075 2072 1122 2104 ¹⁶
1150 2070 1357 2127 verbum
1400 2067 1655 2129 videlicet,
1701 2066 1971 2135 e/ferentes
1998 2062 2154 2116 intel-

566 2166 777 2231 lectum,
804 2174 852 2219 et
881 2164 982 2235 ipsi
1010 2164 1111 2217 soli
1138 2171 1311 2232 utpote
1339 2158 1671 2229 congreganti
1703 2157 1897 2222 omnia,
1928 2172 2061 2226 quae
2086 2170 2151 2208 ea:

563 2256 677 2326 ipso
706 2263 848 2321 sunt,
874 2262 921 2308 et
961 2251 1245 2306 attraltenti
1276 2248 1576 2319 alligantes,
1606 2244 1895 2299 rationibus
1926 2260 2017 2314 per
2042 2244 2150 2297 sin-

563 2346 688 2417 gula
732 2344 1059 2400 existentium
1103 2341 1339 2395 ordinate
1367 2338 1582 2402 utendo,
1630 2352 1731 2388 non
1754 2334 1873 2404 jam
1911 2333 2145 2403 confuse,

563 2437 651 2489 sed
698 2432 965 2506 praeclare
1013 2432 1297 2495 credentes,
1347 2427 1517 2483 solum
1565 2426 1733 2481 Deum
1784 2425 1990 2495 proprie
2039 2441 2148 2477 esse

562 2524 800 2580 relictum
826 2539 889 2577 e1:
916 2523 1170 2592 diligenti,
1212 2536 1344 2591 quae
1378 2528 1452 2572 est
1479 2520 1547 2572 ad
1587 2533 1665 2580 ea,
1712 2532 1845 2586 quae
1872 2525 2014 2580 sunt,
2066 2516 2147 2569 in-

561 2616 815 2681 tentione,
865 2624 913 2668 et
957 2614 1230 2667 essentiam
1260 2611 1592 2665 existentium
1629 2608 1693 2674 ιι,
1743 2617 1789 2661 et
1849 2617 2069 2672 motum,
2097 2616 2147 2661 et

562 2704 917 2775 diﬂ‘erentium
940 2703 1325 2765 discretionem,
1347 2710 1395 2753 et
1419 2700 1791 2753 continentiam
1817 2695 2145 2750 insolubilem

560 2798 865 2861 mixtorum,
915 2804 964 2848 et
1015 2793 1413 2862 fundamentum
1455 2789 1775 2844 immutabile
1832 2791 2142 2860 positorum,

556 2896 605 2942 et
633 2887 798 2941 omnis
842 2885 1149 2955 simpliciter
1174 2894 1432 2953 utcunque
1477 2882 1519 2913 “
1548 2881 1839 2935 intellectae
1868 2881 2140 2945 essentiae,

558 2987 605 3030 et
660 2977 902 3030 motionis
930 2984 975 3029 et
1022 2975 1347 3043 (li/ferentiae
1382 2973 1741 3042 mixturaeque
1785 2980 1833 3025 et
1868 2970 2140 3040 positionis

557 3067 841 3121 causalem.
874 3068 953 3121 Ac
979 3081 1075 3136 per
1103 3065 1205 3119 hoc
1226 3064 1271 3119 si
1295 3063 1390 3118 Dei
1424 3062 1660 3117 Verbum
1689 3062 2025 3117 solummodo
2059 3076 2143 3114 re-

557 3160 817 3228 linquitur
837 3157 1069 3214 essentia
1100 3156 1443 3211 existentium
1489 3163 1544 3208 et
1587 3162 1764 3208 motus
1808 3162 1864 3208 et
1887 3153 2138 3207 differen-

557 3252 690 3308 tium
732 3253 987 3307 discretio
1019 3258 1074 3303 ct
1121 3247 1450 3303 continentia
1496 3246 1796 3299 insolubilis
1828 3246 2141 3310 mixtorum,

560 3345 663 3398 hoc
688 3352 772 3398 est
801 3334 1244 3410 compositorum,
1276 3346 1331 3392 et
1356 3336 1766 3389 fundamentum
1800 3333 2139 3388 immutabile

563 3434 881 3502 positorum,
923 3431 1026 3483 hoc
1060 3436 1142 3481 est
1163 3428 1231 3480 ad
1260 3424 1649 3478 immutabilem
1674 3424 1914 3477 habitum
1943 3438 2135 3507 perve-

553 3522 840 3586 nientium,
858 3531 912 3575 et
927 3530 1196 3587 utcunque
1215 3515 1517 3570 intellectae
1540 3515 1804 3569 essentiae
1820 3524 1874 3568 et
1895 3511 1942 3546 ¹³
1962 3522 2140 3570 motus

550 3622 609 3674 et
641 3611 687 3652 ιδ
711 3610 1071 3676 discretionis,
1111 3619 1165 3664 et
1214 3606 1617 3676 compositionis
1647 3646 1660 3672 ,
1711 3616 1766 3662 et
1808 3607 2138 3662 habitudinis

556 3719 722 3761 causa
751 3703 820 3768 ⁸⁵,
849 3702 976 3770 quid
1009 3700 1151 3754 aliud
1179 3705 1347 3752 restat
1369 3694 1613 3762 intelligi,
1637 3695 1739 3749 nisi
1765 3695 1938 3764 ipsum
1954 3696 2135 3749 onmia

554 3799 609 3853 in
631 3795 880 3852 omnibus
909 3793 1061 3847 ﬁeri?
1087 3790 1365 3858 Quomodo
1389 3797 1591 3852 autem,
1629 3798 1682 3841 et
1712 3787 1755 3827 ιθ
1786 3803 1893 3857 qua
1922 3788 2133 3842 ratione

554 3889 651 3943 Dei
680 3887 915 3943 Verbum
943 3887 997 3940 in
1023 3883 1294 3947 omnibus,
1317 3896 1456 3951 quae
1485 3880 1539 3933 in
1559 3895 1623 3934 eo
1644 3880 1685 3918 ιτ
1704 3878 1845 3934 facta
1874 3888 2019 3944 sunt,
2053 3880 2133 3944 lit,

551 3981 749 4037 mentis
771 3988 986 4033 nostrae
1009 3976 1180 4032 aciem
1208 3973 1360 4043 fugit.
1396 3971 1505 4028 Nec
1517 3970 1735 4036 mirum,
1751 3987 1873 4026 cum
1896 3971 1950 4024 in
1972 3969 2133 4025 rebus

548 4071 890 4128 sensibilibus
933 4084 1091 4124 nemo
1139 4075 1314 4137 potest
1348 4066 1560 4130 dicere,
1613 4065 1881 4134 quomodo
1915 4064 1995 4117 vis
2040 4079 2128 4119 se-

548 4163 764 4218 tninalis
795 4162 1112 4231 incorporea
1135 4156 1180 4197 ιδ
1216 4156 1272 4211 in
1301 4155 1510 4227 species
1536 4155 1772 4210 visibiles
1798 4154 2127 4223 formasque,

545 4257 602 4313 in
649 4257 830 4313 varios
880 4254 1110 4318 colores,
1153 4250 1211 4305 in
1263 4249 1505 4305 diversas
1558 4249 1783 4303 odorum
1837 4247 2128 4301 suavitates

544 4362 855 4419 erumpens,
889 4344 949 4399 ﬁt
986 4342 1235 4399 sensrbus
1260 4339 1567 4403 manifesta,
1607 4348 1661 4392 et
1687 4339 1742 4391 in
1774 4335 1934 4391 rebus
1962 4334 2125 4401 facta,

546 4448 602 4492 et
625 4438 753 4492 dum
798 4436 858 4489 ﬁt
897 4433 1206 4497 manifesta,
1253 4445 1361 4484 non
1405 4429 1613 4484 desinat
1644 4428 1686 4459 “
1729 4442 1849 4481 esse
1891 4426 2123 4481 occulta.

544 4527 613 4581 Et
653 4526 768 4580 sive
808 4522 1088 4576 manifesta
1117 4523 1207 4586 sit,
1228 4504 1353 4574 sive
1381 4517 1614 4583 occulta,
1657 4515 1988 4571 naturalibus
2015 4515 2127 4570 suis

543 4616 832 4669 virtutibus
861 4628 1139 4681 nunquam
1184 4584 1450 4666 deseritur
1482 4618 1593 4665 tota
1639 4609 1693 4662 in
1742 4608 1887 4673 totis,
1929 4617 2038 4662 tota
2068 4609 2121 4662 in
2155 4584 2203 4644 θ
2229 4608 2281 4662 in
2330 4608 2468 4662 Filio
2499 4609 2664 4677 ﬁunt,
2716 4584 2921 4680 Spiritu
2966 4623 3155 4668 sancto
3198 4615 3593 4670 distribuuntur
3636 4634 3648 4668 :

545 4706 741 4773 seipsa,
789 4718 888 4758 nec
934 4702 1151 4766 crescit,
1195 4703 1319 4755 dum
1347 4702 1559 4756 videtur
1608 4700 1975 4769 multiplicari,
2022 4715 2122 4755 nec

540 4793 820 4857 minuitur,
851 4789 977 4843 dum
1017 4798 1237 4859 putatur
1277 4790 1329 4841 in
1358 4789 1686 4858 paucitatem
1718 4789 1984 4853 contrahi,
2028 4789 2120 4844 sed

540 4885 595 4940 in
622 4884 811 4941 eodem
842 4892 986 4938 statu
1027 4896 1158 4936 suae
1194 4888 1421 4935 naturae
1471 4879 1881 4933 immutabiliter
1911 4896 2120 4948 perma-

537 4986 646 5030 net.
698 4973 813 5030 Non
852 4973 997 5029 enim
1045 4968 1290 5025 minor'o
1320 4981 1403 5024 est
1456 4969 1510 5023 in
1549 4983 1658 5022 uno
1706 4984 1874 5039 grano
1926 4970 2112 5036 tritici,

536 5068 685 5123 verbi
730 5067 923 5139 gratia,
971 5081 1133 5136 quam
1164 5065 1218 5119 in
1261 5062 1444 5119 multis
1480 5061 1744 5117 messibus
1775 5063 1876 5117 sub
1924 5063 2110 5118 eodem

534 5172 730 5232 genere
757 5155 1148 5227 multiplicatis,
1189 5164 1245 5210 et
1273 5154 1416 5224 quod
1444 5162 1527 5209 cst
1571 5152 1896 5221 mirabilius,
1928 5170 2027 5210 nec
2053 5156 2106 5210 in

2255 1977 2429 2035 catur,
2483 1969 2718 2038 qualitas
2767 1977 2946 2023 autem
2977 1969 3292 2040 incorporea
3326 1973 3440 2026 est?
3470 1970 3730 2028 Similiter
3772 1976 3838 2029 de

2251 2060 2447 2115 ceteris
2476 2058 2847 2129 qualitatibus,
2908 2059 2960 2113 in
3012 2058 3056 2089 ⁸⁰
3104 2060 3300 2128 quibus
3349 2062 3518 2117 virtus
3568 2065 3833 2118 seminum

2250 2150 2387 2205 solet
2406 2164 2687 2220 apparere,
2717 2150 3023 2205 dicendum.
3054 2150 3112 2204 Si
3139 2159 3316 2206 autem
3346 2154 3616 2222 praedicta
3648 2156 3827 2209 omnia

2251 2241 2613 2310 incorporalia
2651 2248 2777 2296 sunt
2822 2239 3139 2310 corporibus
3177 2241 3542 2309 adhaerentia,
3572 2251 3627 2300 et
3666 2244 3719 2299 in
3745 2259 3833 2301 se-

2250 2331 2498 2400 metipsis
2521 2340 2675 2386 extra
2712 2346 2940 2401 corpora
2968 2331 3264 2397 intellecta,
3305 2334 3425 2401 quis
3446 2335 3547 2389 nisi
3576 2335 3834 2405 insipiens

2250 2421 2468 2484 dixerit,
2498 2420 2604 2473 vim
2649 2421 2915 2475 seminum
2961 2421 3356 2492 incorporalem
3395 2426 3692 2494 corporalis
3716 2442 3829 2481 ma-

2252 2511 2421 2565 teriae
2461 2512 2527 2564 ad
2575 2510 2967 2580 apparitionem
3006 2526 3158 2565 suam
3206 2513 3485 2584 indigere?
3522 2516 3715 2570 Ablata
3763 2517 3833 2571 si-

2248 2602 2465 2671 quidem
2513 2602 2713 2671 specie,
2761 2603 3017 2672 omnique
3070 2604 3347 2674 qualitate,
3401 2615 3456 2660 et
3501 2608 3822 2676 quantitate,

2249 2691 2426 2745 virtus
2455 2690 2733 2745 seminalis
2763 2692 2817 2745 in
2865 2693 3007 2747 nuda
3036 2694 3254 2749 materia
3284 2694 3429 2749 nullo
3468 2696 3628 2751 modo
3656 2707 3831 2766 potest

2247 2796 2341 2836 seu
2375 2781 2490 2834 ﬁeri
2517 2798 2612 2836 seu
2637 2782 2844 2836 sentiri.
2880 2783 3060 2850 Quid?
3091 2784 3147 2838 Si
3181 2784 3291 2855 ipsa
3318 2786 3592 2853 materies,
3638 2787 3693 2842 in
3720 2801 3831 2857 qua

2247 2883 2469 2943 putatur
2496 2864 2769 2945 apparere
2788 2885 2842 2930 et
2872 2892 3055 2946 agere,
3086 2895 3150 2934 ex
3185 2879 3530 2950 qualitatibus
3558 2881 3611 2937 in
3639 2897 3831 2952 corpo-

2246 2965 2452 3021 ralibus
2477 2967 2739 3037 originem
2782 2967 2980 3024 ducere
3005 2971 3283 3040 probatur,
3317 2986 3491 3027 nonne
3522 2974 3824 3039 conﬁcitur,

2246 3069 2352 3110 non
2379 3056 2593 3111 aliunde
2637 3058 2743 3111 vim
2788 3060 3057 3113 seminum
3104 3062 3350 3131 accipere
3392 3063 3504 3129 illa,
3555 3063 3610 3118 in
3636 3065 3827 3135 quibus

2246 3156 2517 3216 operatur,
2539 3149 2632 3202 sed
2662 3164 2692 3202 a
2711 3163 2772 3203 se
2801 3149 2915 3219 ipsa
2938 3150 3056 3204 etin
3084 3167 3142 3207 se
3166 3153 3304 3222 ipsa,
3335 3154 3436 3208 hoc
3459 3163 3560 3219 est,
3590 3155 3643 3209 in
3674 3166 3827 3210 natu-

2170 3241 2215 3305 C
2247 3237 2452 3292 ralibus
2483 3238 2595 3294 suis
2618 3240 2940 3308 virtutibus,
2972 3243 3047 3297 ita
3077 3254 3136 3298 ut
3158 3246 3394 3299 mirabili
3444 3246 3603 3303 modo
3633 3249 3725 3303 ﬁat
3772 3257 3826 3303 et

2246 3328 2419 3381 faciat
2445 3338 2499 3382 et
2536 3332 2765 3386 materia
2788 3347 2885 3387 sua
2909 3342 2964 3387 et
2988 3336 3235 3404 Operatio
3258 3345 3312 3391 et
3333 3340 3609 3408 Operatrix
3630 3341 3655 3393 ?

2314 3419 2400 3472 Π.
2436 3419 2755 3477 Inconcussa
2781 3424 2961 3492 itaque
2989 3427 3285 3481 auctoritas
3333 3429 3545 3484 divinae
3577 3429 3819 3502 Scriptu-

2243 3524 2336 3565 rae
2364 3526 2459 3566 nos
2490 3514 2762 3583 compellit
2806 3516 3047 3582 credere,
3083 3518 3246 3573 totius
3275 3532 3556 3576 creaturae
3600 3523 3820 3580 univer-

2240 3604 2455 3658 sitatem
2509 3606 2562 3659 in
2606 3606 2780 3661 Verbo
2828 3607 2920 3662 Dei
2954 3611 3225 3666 conditam
3267 3627 3406 3679 esse,
3445 3614 3718 3684 ipsiusque
3774 3615 3819 3646 ³¹

2239 3696 2564 3752 conditionis
2619 3698 2884 3755 rationem
2934 3716 3122 3757 omnes
3171 3705 3472 3762 intellectus
3522 3722 3811 3777 superare,

2237 3787 2443 3856 solique
2480 3788 2676 3856 Verbo,
2708 3790 2763 3845 in
2799 3808 2910 3861 quo
2936 3796 3152 3850 condita
3177 3805 3302 3851 sunt
3326 3799 3505 3852 omnia
3544 3799 3608 3865 ",
3636 3798 3818 3871 cogni-

2237 3886 2344 3931 tam
2374 3892 2515 3933 esse.
2562 3878 2619 3933 Si
2670 3895 2800 3936 vero
2836 3883 2918 3937 vis
2961 3886 3169 3950 audire,
3212 3888 3340 3955 quid
3367 3888 3434 3943 de
3454 3889 3819 3945 universitatis

2234 3972 2554 4027 aeternitate
2591 3972 2643 4025 in
2687 3972 2865 4029 Verbo
2894 3975 2987 4031 Dei
3029 3979 3221 4045 sentio,
3252 3980 3319 4033 ad
3359 3981 3515 4046 haec,
3567 3996 3707 4051 quae
3733 3996 3815 4036 se-

2235 4072 2493 4131 qutmtur,
2552 4063 2793 4119 intentus
2838 4074 2975 4121 esto.
3012 4068 3157 4125 Dtsc.
3204 4069 3428 4126 Praesto
3475 4087 3615 4127 sum.
3674 4072 3810 4127 Msa.

2232 4155 2371 4211 Num
2399 4157 2705 4225 arbitraris,
2737 4159 2970 4214 Verbum
2999 4161 3117 4228 Dei,
3150 4163 3203 4217 in
3248 4179 3354 4233 quo
3375 4163 3519 4219 facta
3550 4173 3674 4221 sunt
3697 4181 3817 4220 om-

2230 4246 2339 4311 nia,
2388 4246 2582 4302 fecisse
2620 4246 2666 4277 ³³
2714 4249 2916 4316 omnia,
2946 4266 3084 4319 quae
3114 4252 3166 4306 in
3196 4267 3260 4307 eo
3296 4251 3438 4308 facta
3476 4255 3641 4309 sunt?
3669 4254 3809 4308 Dtsc.

2228 4337 2479 4393 Arbitror
2502 4353 2650 4393 sane.
2674 4338 2931 4406 Quamvis
2955 4342 3098 4396 enim
3135 4343 3311 4398 divina
3339 4346 3602 4415 operatio,
3628 4346 3680 4399 in
3705 4360 3811 4415 qua

2230 4429 2447 4483 condita
2478 4438 2606 4484 sunt
2645 4431 2846 4496 omnia,
2881 4433 3163 4503 tripliciter
3189 4450 3343 4489 sacra
3387 4435 3667 4506 Scriptura
3687 4452 3809 4507 per-

2232 4518 2449 4574 hibente
2487 4535 2516 4573 a
2543 4520 2803 4589 theologis
2829 4523 3231 4589 consideretur;
3277 4522 3440 4580 Pater
3485 4528 3627 4580 enim
3657 4525 3807 4591 facit,

3701 4628 3805 4669 una

2231 4706 2409 4752 tamen
2450 4707 2610 4767 atque
2633 4700 2821 4754 eadem
2848 4716 3091 4756 summae
3115 4702 3162 4735 ³⁸
3187 4714 3509 4773 sanctaeque
3530 4702 3811 4759 Trinitatis

2227 4797 2310 4842 est
2332 4787 2593 4857 operatio.
2620 4787 2933 4853 Quodenim
2960 4790 3121 4846 Pater
3142 4793 3365 4857 facit,.et
3384 4793 3551 4847 Filius
3576 4793 3723 4854 facit,
3749 4800 3807 4844 et

2227 4879 2460 4949 Spiritus
2479 4890 2697 4936 sanctus
2711 4878 2862 4947 facit,
2877 4891 2931 4935 et
2948 4885 3089 4952 quod
3104 4885 3157 4938 in
3179 4883 3313 4939 Filio
3335 4883 3532 4938 factum
3554 4891 3659 4949 est,
3680 4882 3734 4935 in
3759 4880 3807 4912 ³⁵

2221 4971 2382 5027 Patre
2406 4982 2457 5025 et
2483 4972 2688 5041 Spiritu
2712 4981 2900 5029 sancto
2923 4974 3124 5031 factum
3147 4986 3249 5032 est.
3271 4973 3544 5045 Siquidem
3567 4974 3614 5030 si
3642 4973 3689 5005 ³⁸
3718 4972 3807 5028 Fi-

2219 5063 2323 5119 lius
2350 5064 2400 5116 in
2434 5063 2593 5118 Patre
2626 5073 2728 5130 est,
2758 5080 2936 5132 omne,
2967 5068 3111 5136 quod
3148 5069 3201 5122 in
3231 5067 3366 5122 Filio
3387 5064 3588 5122 factum
3619 5074 3723 5131 est,
3750 5066 3805 5120 in

2217 5152 2379 5209 Patre
2420 5169 2541 5209 esse
2580 5170 2801 5212 necesse
2833 5164 2936 5211 est.
2968 5158 3104 5211 Nam
3138 5158 3333 5213 rationi
3377 5171 3486 5213 non
3531 5155 3802 5220 convenit,

1816 5283 2071 5339 VARIAE
2108 5287 2507 5345 LECTIONES.

626 5387 803 5453 'quae
862 5396 969 5438 om.
998 5378 1093 5453 AA.
1248 5377 1303 5453 _C
1352 5378 1497 5453 dicit.

530 5453 553 5486 ⁷
599 5452 645 5518 0
683 5448 894 5506 ἀάΙηιε.
993 5451 1016 5483 ⁸
1061 5451 1109 5503 Δ
1151 5449 1302 5502 verbo
1349 5448 1466 5518 Dei.

529 5532 585 5577 ut
638 5522 841 5577 cuique.

527 5608 638 5647 sae.
713 5586 759 5624 ιδ
786 5588 832 5642 Α
869 5598 978 5643 aut.
1054 5588 1096 5620 ³⁷
1127 5590 1173 5641 Α
1207 5588 1263 5642 in
1292 5586 1402 5640 illo.

1594 5447 1616 5478 ’
1655 5448 1703 5500 Λ
1750 5448 2089 5515 perartiones.

1481 5587 1526 5618 ⁸⁸
1546 5588 1850 5655 incorporea
1881 5601 1989 5639 om.
2014 5587 2079 5639 A.

528 5663 585 5716 in
621 5677 725 5716 uno
760 5689 831 5700 -—
858 5666 1106 5727 appareat
1130 5657 1327 5727 opm._A.
1403 5657 1449 5688 ³³
1474 5655 1515 5727 C
1542 5664 1779 5727 manet._
1813 5654 1859 5684 “
1884 5664 1931 5709 et
1957 5670 2067 5727 om.
2096 5657 2156 5712 C.

1155 5725 1202 5755 ’⁸
1228 5725 1275 5779 Α
1299 5726 1594 5797 materiam.
1648 5724 1714 5797 _”
1741 5723 1924 5797 Quen.
1999 5724 2042 5757 ³ο
2060 5728 2130 5797 fin
2158 5744 2265 5784 om.
2299 5730 2364 5782 Α.
2433 5728 2481 5762 ³⁸
2506 5729 2553 5782 Α
2602 5729 2772 5797 Ipsius
2796 5723 2937 5785 vero.

528 5729 600 5792 C;
624 5733 664 5782 A
694 5744 822 5781 cura
842 5734 1059 5780 constat.

531 5798 685 5849 disse.
763 5794 809 5826 "'
839 5795 882 5846 Α
909 5808 1259 5861 summaeque.
1338 5793 1384 5824 ⁸⁸
1410 5794 1466 5846 in
1492 5809 1599 5848 om.
1633 5793 1698 5847 A.
1766 5793 1811 5825 ³⁸
1831 5795 1879 5849 si
1908 5810 2016 5850 om.
2043 5796 2107 5851 Α.

1612 5377 1634 5410 ³
1660 5375 1766 5452 Pro
1820 5393 1901 5430 me
1934 5378 2164 5452 _nescire
2210 5382 2254 5452 A
2306 5398 2420 5452 ego.

2218 5451 2261 5481 ¹⁰
2298 5450 2349 5504 Ᾱ
2383 5468 2592 5505 causae.

939 5519 984 5553 ³³
1014 5520 1258 5591 motionis
1300 5528 1350 5591 et
1398 5517 1722 5591 differentiae
1777 5517 2137 5591 mixturaeque
2181 5529 2255 5591 et,
2277 5523 2548 5591 positionis
2582 5549 2645 5591 -τ
2671 5532 2720 5575 et
2749 5536 2857 5575 om.
2889 5523 2954 5576 A.

3524 5384 3548 5416 ⁸
3575 5380 3798 5452 A'quae.

2552 5384 2574 5413 ⁸
2611 5382 2659 5436 Α
2702 5382 2829 5437 haec
2952 5381 2976 5415 '
3025 5384 3181 5453 pudet
3224 5397 3334 5440 om.
3375 5384 3420 5437 A
3524 5384 3548 5416 ⁸
3575 5381 3798 5452 A'quae.

2552 5468 2592 5505 β.
2715 5460 2758 5491 ιι
2813 5454 3101 5505 essentiam
3147 5463 3196 5505 et
3241 5454 3610 5505 existentium.
3688 5452 3801 5505 "A

2715 5460 2758 5491 ιι
2813 5454 3101 5508 essentiam
3147 5463 3196 5508 et
3241 5454 3610 5509 existentium.

3063 5522 3108 5557 ¹⁴⁵
3158 5533 3207 5578 et
3231 5539 3339 5578 om.
3365 5525 3432 5578 A.
3509 5523 3626 5576 "A
3671 5538 3800 5575 cau-

2157 5588 2200 5620 "
2229 5588 2325 5665 _S_i°
2351 5590 2459 5665 4C:
2536 5591 2580 5665 ’Ῠ
2604 5590 2644 5644 C
2665 5592 2864 5665 minuq-
2939 5596 2983 5629 ²¹
3009 5591 3163 5660 Conj-
3188 5610 3203 5659 ;
3226 5664 3229 5665 7
3249 5594 3290 5649 C
3318 5611 3530 5665 appara.
3617 5593 3682 5665 ξ’
3710 5590 3801 5665 sed

2226 5660 2337 5713 "A
2364 5659 2611 5714 informis
2630 5660 2717 5712 sit.
2794 5660 2840 5691 ²⁶
2867 5676 2964 5731 pro
2999 5659 3129 5716 num
3152 5664 3296 5717 color
3331 5659 3532 5719 A'non.
3609 5662 3652 5695 "
3706 5660 3802 5715 Sic

2226 5746 2265 5784 it.
2299 5730 2364 5782 Α.
2433 5728 2481 5762 ³⁸
2506 5729 2553 5782 Α
2602 5729 2772 5788 Ipsius
2796 5746 2937 5785 vero.
3013 5732 3060 5763 δ’
3081 5735 3257 5787 omnia
3284 5748 3391 5787 om.
3423 5734 3488 5788 Α.
3564 5731 3613 5764 ³³
3650 5729 3698 5787 Α
3727 5736 3802 5785 r-t-
