4236 6274
388 407 498 468 6T5

1244 406 1334 461 DE
1371 405 1707 462 DIVISIONE
1744 403 2092 462 NATURAE.
2131 434 2200 446 -—
2237 403 2438 459 LIBER
2475 399 2791 460 TERTIUS.

3533 407 3639 462 674

385 530 451 579 ut
474 520 836 592 intelligamus
851 507 1042 574 Filium
1067 517 1240 588 ipsum
1254 516 1425 572 solum
1449 517 1501 570 in
1523 517 1704 583 Patre,
1727 531 1791 572 ea
1810 531 1958 581 vero,
1989 523 2043 583 Α
2067 515 2292 587 simplex
2348 515 2527 570 divina
2580 515 2736 580 visio,
2787 528 2927 585 quae
2965 516 3144 570 omnia
3182 516 3328 572 videt
3365 532 3553 584 unum,
3584 532 3640 577 et

387 631 530 687 quae
548 616 709 670 Pater
733 613 784 668 in
814 611 948 668 Filio
976 611 1120 675 facit,
1143 611 1194 663 in
1221 608 1382 664 Patre
1413 623 1516 662 non
1539 623 1677 662 esse.
1708 605 1967 662 Similiter

388 706 532 776 quod
565 704 796 774 Spiritus
827 710 1042 757 sanctus
1069 700 1238 754 nutrit
1260 707 1313 753 et
1343 698 1634 761 distribuit,
1671 713 1699 750 a
1725 696 1885 752 Patre
1908 708 1965 752 et

387 797 527 851 Filio
570 795 804 850 nutritur
848 802 903 848 et
937 792 1294 846 distribuitur.
1328 789 1465 844 MAG.
1507 789 1563 843 Si
1589 789 1769 859 itaque
1796 789 1962 844 Filius

388 885 540 951 facit,
576 899 713 954 quae
744 884 798 938 in
824 897 888 938 eo
918 881 1056 937 facta
1098 890 1243 945 sunt,
1295 880 1532 948 nunquid
1574 879 1898 934 credendum
1941 883 1957 912 ³

387 984 472 1031 est
514 975 742 1040 fecisse,
779 987 917 1043 quae
954 987 1061 1027 non
1097 971 1270 1026 vidit?
1313 970 1460 1025 DISC.
1509 969 1721 1025 Vidisse
1755 972 1776 1002 ⁸
1815 984 1956 1032 eum,

387 1077 524 1131 quae
547 1059 692 1129 fecit,
733 1070 788 1116 et
816 1061 870 1116 in
901 1075 967 1116 eo
995 1061 1136 1115 facta
1161 1067 1306 1122 sunt,
1338 1059 1590 1112 arbitror.
1629 1057 1767 1112 MAG.
1795 1057 1964 1112 Recte

385 1152 693 1207 arbitraris.
730 1150 829 1206 Dic
873 1152 1073 1220 itaque,
1105 1150 1372 1219 quomodo
1402 1148 1557 1213 vidit,
1581 1157 1762 1202 utrum
1799 1162 1960 1202 sensu

335 1223 341 1242 ³
387 1257 672 1313 corporeo,
733 1257 802 1296 an
858 1241 1337 1296 intellectn?Dtsc.
1383 1238 1494 1294 Nec
1519 1252 1679 1294 sensu
1708 1237 1961 1303 dixerim,

385 1351 489 1391 nec
543 1335 816 1391 intellectu
876 1336 1046 1390 Deum
1105 1334 1304 1389 vidisse
1363 1348 1503 1404 quae
1575 1331 1722 1388 fecit.
1787 1331 1960 1386 Sensu

385 1426 656 1496 siquidem
715 1439 974 1495 corporeo
1037 1433 1213 1488 caret,
1286 1423 1378 1494 qui
1449 1422 1798 1492 incorporeus
1851 1429 1956 1477 est.

387 1515 500 1572 Nec
523 1516 738 1586 proprie
768 1514 1065 1570 intellectus
1095 1515 1314 1581 dicitur,
1337 1515 1429 1585 qui
1458 1521 1716 1585 exuperat
1743 1528 1958 1568 omnem

384 1606 737 1662 intellectum.
761 1605 1064 1662 Intellectus
1098 1614 1276 1661 tamen
1305 1621 1402 1677 per
1426 1607 1795 1676 metaphoram
1823 1605 1960 1661 dici-

383 1707 501 1764 tur,
542 1699 682 1753 sicut
737 1707 790 1752 et
841 1699 1091 1766 animus;
1136 1714 1166 1754 a
1222 1709 1473 1756 creatura
1523 1699 1772 1756 videlicet
1821 1699 1889 1752 ad
1935 1698 1957 1728 ³

377 1790 708 1855 Creatorem,
734 1791 987 1860 quoniam
1011 1792 1172 1847 totius
1194 1792 1497 1848 intellectus
1519 1800 1575 1846 et
1603 1791 1767 1846 animi
1790 1805 1952 1846 causa

2068 621 2233 664 unum
2270 607 2468 662 omnia.
2505 607 2578 662 'Et
2622 608 2668 662 si
2705 609 2809 663 hoc
2851 607 3033 662 datum
3076 607 3272 672 fuerit,
3324 624 3535 675 vereor,
3570 627 3638 667 ne

2065 697 2206 752 forte
2234 713 2320 752 me
2349 697 2640 768 compellas
2675 713 2838 752 unum
2871 713 2901 752 e
2924 697 3129 752 duobus
3155 700 3334 766 fateri,
3375 709 3468 754 aut
3488 700 3640 754 vide-

2063 787 2192 844 licet
2234 789 2506 858 segregari
2551 789 2595 820 ¹⁸
2625 787 2950 843 voluntatem
2976 788 3068 843 Dei
3109 803 3140 842 a
3171 788 3299 853 Deo,
3342 799 3398 843 et
3420 789 3637 860 adjungi

2065 887 2363 944 creaturae,
2396 879 2469 934 ita
2493 889 2553 933 ut
2571 879 2714 933 aliud
2739 881 2810 934 sit
2833 879 2975 934 Deus
3000 887 3054 934 et
3076 879 3222 933 aliud
3251 894 3348 934 sua
3365 879 3634 947 voluntas,

2065 969 2169 1023 hoc
2203 978 2302 1032 est,
2349 977 2410 1023 ut
2429 969 2662 1025 sitDeus
2692 970 2737 1002 ⁸⁸
2775 968 2968 1034 factor,
3014 969 3262 1023 voluntas
3289 975 3467 1023 autem
3515 968 3636 1040 ejus

2063 1056 2237 1122 facta;
2268 1065 2362 1110 aut
2385 1059 2430 1112 si
2462 1058 2566 1113 hoc
2591 1074 2695 1114 non
2725 1058 2854 1112 sinit
2891 1073 3016 1112 vera
3043 1057 3185 1112 ratio
3207 1057 3408 1124 dicere,
3446 1072 3635 1114 neces-

2063 1147 2208 1201 sario
2257 1147 2503 1212 fatebor,
2555 1159 2610 1202 et
2653 1148 2818 1204 Deum
2849 1190 2865 1215 ,
2920 1157 2975 1204 et
3027 1149 3330 1204 voluntates
3381 1164 3530 1217 suas,
3579 1158 3636 1206 et

2061 1237 2262 1303 omnia,
2288 1254 2428 1308 quae
2472 1238 2619 1304 fecit,
2666 1254 2829 1294 unum
2855 1248 2909 1295 et
2951 1239 3004 1294 id
3037 1241 3210 1308 ipsum
3238 1255 3379 1297 esse.
3410 1241 3487 1296 Ac
3516 1243 3633 1298 sine

2061 1342 2213 1382 mora
2254 1328 2682 1383 ratiocinationis
2723 1330 2922 1408 virtute
2966 1340 3193 1402 cogente
3221 1331 3568 1388 concludetur
3613 1349 3629 1388 ;

2060 1420 2200 1475 Dens
2227 1420 2391 1490 igitur
2415 1422 2650 1490 seipsum
2679 1420 2826 1486 fecit,
2853 1423 2898 1476 si
2927 1437 3032 1477 non
3063 1432 3215 1477 extra
3245 1423 3361 1494 ejus
3385 1431 3631 1479 naturam

2060 1524 2191 1565 suae
2233 1510 2532 1565 voluntates
2579 1518 2728 1576 sunt,
2767 1519 2824 1566 et
2851 1526 2956 1566 non
3004 1512 3164 1567 aliter
3201 1512 3347 1567 videt
3388 1528 3513 1568 snas
3539 1528 3632 1569 vo-

2059 1598 2310 1665 luntates,
2335 1609 2389 1656 et
2409 1600 2563 1655 aliter
2588 1616 2726 1670 quae
2766 1601 2912 1669 fecit,
2951 1604 3042 1657 sed
3071 1612 3129 1657 ut
3159 1619 3283 1661 suas
3323 1605 3630 1662 voluntates

2057 1690 2223 1756 videt,
2255 1705 2393 1760 quae
2424 1689 2570 1746 fecit.
2612 1691 2676 1744 Et
2719 1692 2762 1746 si
2803 1693 2875 1746 ita
2916 1701 3018 1758 est,
3043 1696 3162 1763 quis
3207 1696 3272 1751 de
3307 1698 3628 1752 aeternitate

2057 1783 2316 1847 omnium,
2349 1799 2486 1852 quae
2511 1783 2651 1839 facta
2673 1793 2818 1850 sunt,
2844 1785 2898 1839 in
2921 1787 3027 1841 Deo
3045 1787 3304 1842 dubitarit
3325 1789 3389 1853 ",
3413 1791 3626 1858 quando

376 1894 458 1938 est
486 1893 538 1938 et
566 1883 830 1940 conditor.
872 1883 988 1939 Non
1019 1899 1145 1955 ergo
1171 1900 1269 1954 per
1305 1893 1608 1940 creaturam
1630 1885 1793 1950 videt,
1838 1885 1952 1939 sive
1983 1865 2030 1926 Β

1983 1865 2030 1926 Β
2057 1889 2164 1927 non
2195 1873 2365 1928 solum
2409 1873 2554 1929 facta
2578 1884 2633 1930 et
2661 1884 2901 1941 aeterna,
2934 1892 3119 1933 verum
3149 1879 3309 1934 etiam
3337 1880 3477 1935 Deus
3506 1897 3625 1936 esse

376 1990 712 2044 corpoream,
753 1975 869 2030 sive
911 1975 1302 2044 incorporcam,
1332 1977 1422 2046 qui
1451 1975 1646 2030 nullius
1669 1985 1952 2030 creaturae

377 2066 714 2121 instrumenti
742 2067 944 2138 indiget
968 2067 1033 2120 ad
1063 2082 1126 2123 ea
1153 2067 1404 2134 videnda,
1433 2084 1571 2138 quae
1598 2069 1712 2123 vult
1745 2067 1946 2124 facere.

378 2154 501 2210 Non
532 2158 669 2210 enim
694 2174 822 2221 esse,
852 2165 911 2210 ut
950 2158 1027 2212 ait
1067 2157 1348 2222 Maximus,
1385 2159 1629 2229 possibile
1669 2171 1765 2225 est,
1811 2161 1949 2214 sicut

378 2248 594 2301 ostendit
627 2247 782 2314 ratio,
834 2264 970 2314 eum,
995 2249 1084 2319 qui
1108 2257 1181 2303 est
1201 2265 1356 2319 super
1382 2265 1465 2315 ea,
1502 2266 1636 2319 quae
1675 2260 1820 2317 sunt,
1860 2268 1944 2317 ea,

377 2353 508 2406 quae
519 2348 658 2402 sunt,
678 2340 904 2409 accipere
916 2339 957 2394 ⁸.
987 2338 1093 2396 Sed
1108 2342 1244 2396 sicut
1259 2356 1387 2396 suas
1409 2340 1708 2396 voluntates
1720 2342 1741 2374 ⁸
1755 2356 1948 2410 cogno-

378 2441 530 2481 scere
549 2441 670 2480 enm
701 2427 927 2482 dicimus
951 2441 1036 2494 ea,
1062 2443 1197 2498 quae
1220 2435 1364 2494 sunt,
1397 2430 1652 2485 addentes
1673 2431 1837 2484 etiam
1879 2446 1948 2486 ex

377 2533 540 2573 causa
569 2518 1051 2574 ratiocinationem.
1097 2519 1152 2574 Si
1179 2521 1322 2574 enim
1352 2519 1625 2574 voluntate
1665 2521 1844 2575 omnia
1872 2519 1949 2574 fe-

374 2609 470 2674 cit,
521 2616 575 2663 et
616 2608 758 2663 nulla
809 2609 1128 2664 contradicit
1182 2611 1340 2675 ratio,
1394 2625 1721 2680 cognoscere
1766 2620 1947 2666 autem

373 2717 524 2756 suam
557 2702 889 2758 voluntatem
918 2701 1087 2757 Deum
1135 2718 1352 2772 semper
1378 2703 1527 2773 pium
1556 2702 1734 2758 dicere
1769 2711 1826 2758 et
1858 2701 1948 2772 ju-

370 2799 511 2846 stum
555 2802 666 2856 cst;
713 2791 1129 2861 unumquodque
1171 2804 1301 2846 vero
1342 2807 1563 2858 eorum,
1619 2805 1756 2861 quae
1798 2790 1944 2847 facta

371 2892 514 2948 sunt,
541 2883 726 2938 volens
772 2882 900 2939 fecit
931 2898 945 2937 :
975 2884 1137 2956 igitur
1183 2893 1241 2938 ut
1283 2899 1409 2940 suas
1455 2883 1755 2939 voluntates
1799 2883 1941 2938 Deus

369 2976 646 3042 cognoscit
673 2989 758 3039 ea,
783 2989 920 3043 quae
954 2983 1096 3040 sunt,
1119 2975 1372 3046 quoniam
1399 2983 1453 3029 et
1479 2973 1656 3030 volens
1676 2989 1756 3040 ea,
1785 2989 1940 3044 .qnae

370 3071 520 3128 sunt,
569 3061 712 3116 feeit.
755 3062 892 3116 MAG.
938 3062 1392 3130 Quemadmodum
1420 3063 1582 3134 igitur
1623 3062 1764 3119 Dens
1809 3078 1938 3119 suas

373 3152 672 3210 voluntates
701 3155 862 3220 videt,
891 3154 960 3208 ita
990 3165 1043 3209 et
1063 3170 1147 3222 ea,
1171 3169 1308 3224 quae
1335 3153 1462 3208 fecit
1497 3155 1538 3220 ⁸,
1571 3156 1746 3210 videt?
1784 3155 1928 3212 Dtsc.

365 3244 442 3300 Ita
472 3245 706 3313 quidem,
741 3216 891 3298 non"
932 3245 1107 3299 aliter.
1133 3216 1143 3222 I
1165 3216 1278 3298 N-on
1305 3253 1501 3310 autem,
1523 3216 1590 3300 int
1618 3246 1932 3317 insipientes
1961 3216 2006 3279 δ

365 3343 665 3396 autumant,
699 3349 794 3404 per
817 3349 1034 3389 sensum
1063 3333 1353 3398 sensibilia,
1384 3349 1555 3404 neque
1595 3349 1690 3404 per
1728 3336 1933 3391 intelle-

361 3432 506 3478 ctum
555 3423 908 3495 intelligibilia
957 3423 1122 3490 videt,
1167 3426 1259 3479 sed
1316 3427 1763 3494 quemadmodum
1807 3443 1932 3482 suas

358 3513 681 3580 voluntates,
713 3515 785 3570 ita
810 3514 1080 3570 scnsihilia
1117 3523 1171 3570 et
1198 3515 1548 3589 intelligihilia
1591 3518 1752 3574 videt.
1789 3519 1928 3574 MAG.

357 3605 520 3660 Plane
547 3605 569 3636 ⁸
599 3620 662 3660 ac
685 3619 815 3675 pure
863 3605 1136 3676 intelligis.
1176 3605 1282 3660 Sed
1321 3606 1490 3672 dicas,
1522 3605 1722 3678 ﬂagito,
1752 3617 1928 3663 utrum

357 3696 501 3749 aliud
529 3704 656 3750 sunt
703 3696 915 3751 divinae
955 3695 1282 3758 voluntates,
1331 3712 1464 3766 quas
1489 3697 1633 3752 Deus
1661 3699 1822 3762 videt,
1875 3708 1930 3752 ct

355 3786 502 3840 aliud
548 3785 706 3852 facta,
757 3801 893 3856 quae
941 3795 999 3842 ut
1038 3802 1164 3841 suas
1215 3787 1512 3842 voluntates
1555 3789 1732 3844 videt?
1780 3789 1926 3843 Dtsc.

351 3877 472 3933 Non
503 3892 621 3930 sum
663 3875 902 3942 idoneus,
932 3875 1023 3945 qui
1051 3877 1177 3930 huic
1205 3877 1555 3947 pr0positioni
1589 3879 1718 3932 satis
1752 3888 1924 3932 rccte-

349 3983 459 4039 que
515 3968 883 4036 respondeam.
933 3967 1157 4022 Coartor
1198 3969 1339 4023 enim
1397 3970 1648 4038 undique.
1700 3969 1831 4024 Nam
1879 3970 1924 4023 si

349 4059 547 4113 dixero
575 4057 738 4123 aliud,
771 4073 894 4112 mox
924 4058 1161 4113 dicturus
1194 4059 1329 4113 eris:
1360 4074 1463 4113 non
1501 4061 1522 4093 ⁹
1561 4074 1688 4130 ergo
1713 4070 1772 4114 ut
1800 4075 1927 4115 suas

346 4151 659 4205 voluntates
706 4149 845 4205 Deus
884 4149 1046 4216 videt,
1073 4165 1208 4220 quae
1251 4149 1416 4215 fecit;
1447 4151 1499 4203 in
1525 4150 1749 4205 diversis
1779 4153 1924 4206 enim

347 4249 653 4308 natm-aque
700 4239 1070 4295 dill‘erentibns
1103 4255 1209 4295 una
1251 4256 1316 4294 ac
1363 4239 1587 4308 simplex
1631 4241 1766 4295 visio
1809 4240 1925 4297 ﬁeri

346 4343 448 4383 non
482 4336 680 4398 potest.
715 4329 780 4382 Et
806 4329 1094 4384 concludes
1133 4344 1147 4382 :
1178 4329 1358 4383 divina
1389 4336 1567 4382 autem
1613 4330 1751 4385 visio
1792 4332 1923 4386 sim-

343 4418 466 4487 plex
514 4427 681 4472 estet
727 4435 832 4473 una
865 4429 918 4476 et
956 4421 1270 4486 uniformis;
1318 4421 1504 4492 igitur,
1553 4422 1596 4476 si
1649 4421 1790 4476 aliud
1843 4433 1926 4479 est

345 4508 436 4563 Dei
474 4507 522 4538 ²⁹
554 4508 819 4575 voluntas,
850 4519 904 4566 et
928 4511 1070 4565 aliud
1095 4512 1234 4580 quod
1262 4510 1408 4575 fecit,
1440 4526 1544 4567 non
1576 4523 1636 4568 ut
1675 4513 1918 4568 volunta-

345 4607 446 4653 tcm
480 4614 632 4653 suam
663 4601 806 4655 videt
839 4601 879 4632 ³¹
929 4601 1070 4672 quod
1095 4602 1221 4656 fecit
1255 4602 1316 4655 ³³.
1352 4602 1407 4658 Si
1441 4614 1617 4660 autem
1663 4605 1849 4661 dixero
1881 4605 1924 4636 ¹³

346 4704 445 4742 non
483 4689 653 4755 aliud,
684 4692 996 4747 necessario
1041 4700 1294 4760 sequetur
1325 4711 1337 4747 :
1367 4693 1614 4750 voluntas
1640 4695 1803 4764 igitur
1828 4695 1922 4751 Dei

347 4778 545 4832 factum
573 4779 690 4850 ejus
718 4779 762 4812 “
805 4789 906 4844 est,
939 4789 994 4835 et
1023 4781 1324 4838 voluntates
1349 4800 1474 4839 suas
1500 4784 1645 4852 fecit,
1677 4794 1748 4852 et,
1782 4797 1920 4855 quae

349 4866 495 4932 fecit,
526 4869 834 4927 voluntates
862 4886 993 4926 suae
1021 4881 1163 4928 sunt.
1208 4873 1318 4930 Una
1344 4876 1486 4930 enim
1533 4877 1826 4948 eademque
1863 4887 1920 4932 et

349 4956 576 5025 simplex
619 4959 799 5015 divina
845 4961 986 5016 visio
1016 4964 1176 5034 cogit,
1226 4979 1390 5018 unum
1419 4973 1474 5019 et
1500 4965 1551 5018 id
1596 4965 1768 5034 ipsum
1796 4981 1916 5021 esse

347 5058 529 5108 omne,
555 5048 694 5115 quod
725 5050 890 5105 videt.
923 5051 1079 5107 Videt
1126 5061 1305 5109 autem
1341 5061 1399 5106 nt
1439 5068 1566 5108 suas
1590 5055 1912 5122 voluntates,

346 5151 485 5206 quae
526 5137 670 5192 fecit.
715 5141 892 5198 Unum
935 5145 1100 5215 igitur
1136 5155 1190 5201 et
1221 5147 1274 5200 id
1317 5147 1489 5216 ipsum
1537 5154 1662 5200 sunt
1703 5149 1914 5204 divinae

344 5223 669 5298 voluntates,
691 5240 746 5288 et
769 5247 904 5303 quae
931 5235 1074 5294 Deus
1099 5236 1242 5294 fecit.
1277 5237 1352 5292 Ea
1393 5237 1656 5307 siquidem
1693 5239 1916 5294 unitlcat

1953 4563 2004 4622 Ι)

2051 1963 2457 2035 intelliguntur?
2485 1964 2623 2021 MAG.
2654 1967 2972 2021 Cautissime
3013 1985 3076 2023 ac
3114 1970 3519 2037 vigilantissime
3545 1991 3626 2026 ra-

2052 2061 2213 2115 tionis
2251 2058 2356 2114 itcr
2383 2057 2698 2127 ingrederis.
2739 2058 2817 2111 Ac
2843 2074 2937 2128 per
2979 2059 3079 2115 hoc
3103 2061 3148 2115 si
3175 2074 3304 2130 pure
3345 2061 3618 2132 intelligis,

2049 2153 2165 2207 sine
2191 2149 2538 2220 ambiguitate
2565 2149 2667 2202 ulla
2712 2150 2784 2204 ita
2815 2159 2868 2204 et
2896 2165 3003 2206 non
3031 2151 3188 2206 aliter
3216 2165 3354 2218 esse,
3381 2167 3519 2222 quae
3539 2154 3623 2209 di-

2049 2241 2175 2296 xisti
2203 2282 2218 2307 ,
2266 2241 2318 2295 in
2374 2241 2644 2296 suadenda
2697 2242 3012 2296 aeternitate
3059 2242 3297 2296 omnium
3326 2283 3340 2308 ,
3385 2257 3520 2312 quae
3569 2244 3624 2298 in

2049 2330 2227 2384 Verbo
2250 2330 2343 2384 Dei
2367 2330 2507 2384 facta
2534 2338 2678 2394 sunt,
2717 2329 2946 2400 amplius
2987 2329 3234 2388 laborare
3257 2332 3619 2390 necessarium

2047 2435 2155 2474 non
2184 2433 2305 2474 esse
2337 2419 2510 2474 video.
2547 2420 2694 2474 Dtsc.
2721 2420 2943 2476 Derides
2974 2438 3080 2488 me,
3123 2432 3183 2477 ut
3210 2423 3462 2488 arbitror,
3493 2423 3620 2478 dum

2049 2526 2262 2566 mecum
2306 2509 2600 2565 liberaliter
2628 2511 2761 2582 agis,
2794 2511 2895 2566 hoc
2927 2521 3031 2578 est,
3062 2514 3185 2568 dum
3215 2514 3447 2568 libertati
3479 2516 3620 2569 arbi-

2049 2601 2138 2655 trii
2168 2600 2272 2654 mei
2297 2601 2548 2655 concedis
2567 2600 2782 2670 eligere,
2799 2602 2926 2671 quid
2947 2601 2992 2636 ίε
3019 2603 3167 2668 velit,
3183 2611 3237 2657 et
3263 2612 3460 2669 tenere,
3476 2606 3618 2672 quod

2046 2692 2181 2757 vult,
2215 2699 2281 2747 'et
2308 2707 2412 2746 non
2438 2693 2579 2748 veris
2625 2693 2922 2748 rationibus
2963 2693 3136 2764 exigis
3169 2709 3254 2748 me
3276 2695 3618 2760 concludere,

2045 2784 2173 2854 quid
2201 2783 2244 2815 ¹⁹
2261 2784 2327 2839 de
2351 2783 2543 2838 talibus
2565 2793 2766 2839 remota
2792 2786 2938 2839 omni
2966 2783 3201 2839 falsitate
3219 2787 3542 2842 credendum
3563 2796 3620 2841 et

2045 2873 2446 2944 intelligendum
2488 2881 2590 2928 est.
2617 2871 2673 2928 Si
2702 2873 2844 2928 enim
2867 2889 2964 2944 per
2989 2889 3077 2928 me
3113 2875 3281 2943 ipsum
3307 2890 3438 2944 pure
3463 2875 3617 2929 intelo

2043 2963 2266 3035 ligerem
2308 2979 2394 3028 ea,
2429 2979 2567 3032 quae
2593 2963 2725 3028 dixi,
2759 2979 2863 3017 non
2892 2963 3141 3018 fortassis
3179 2979 3417 3031 vererer,
3461 2981 3616 3035 aper-

2043 3061 2153 3107 tam
2187 3053 2508 3107 sententiam
2539 3053 2604 3106 de
2645 3051 2843 3106 divinis
2884 3052 3271 3118 voluntatibus,
3311 3061 3367 3108 ct
3401 3053 3468 3108 de
3508 3055 3610 3118 his,

2041 3159 2181 3214 quae
2207 3142 2349 3197 facta
2375 3151 2521 3208 sunt,
2553 3143 2812 3212 proferre,
2842 3158 2968 3198 num
2995 3159 3158 3197 unum
3187 3144 3230 3174 ³ο
3254 3152 3309 3198 et
3355 3145 3408 3198 id
3440 3145 3612 3214 ipsum

2040 3236 2150 3290 sint
2174 3236 2218 3266 ’ί
2261 3249 2448 3290 necne.
2480 3233 2698 3290 Veritus
2739 3250 2856 3289 sum
2884 3244 3085 3300 autem,
3118 3235 3377 3304 meipsum
3408 3251 3612 3306 cogno-

2042 3342 2198 3383 scens
2221 3342 2328 3380 non
2357 3326 2491 3380 satis
2521 3324 2774 3380 idoneum
2825 3327 2891 3381 ad
2919 3327 3054 3381 haec
3091 3326 3424 3381 discutienda
3469 3327 3613 3382 ince-

2040 3422 2186 3475 dere.
2238 3419 2378 3474 Mae.
2419 3419 2697 3474 Gradatitn
2741 3433 2871 3490 ergo
2911 3419 3210 3490 ingredere,
3251 3436 3317 3474 ne
3346 3421 3400 3474 in
3430 3421 3610 3489 aliquo

2034 3505 2262 3570 fallaris,
2283 3515 2340 3561 et
2379 3505 2425 3539 ²⁹
2451 3505 2806 3576 quodcunque
2836 3505 3190 3572 concesseris,
3217 3506 3391 3563 stabili
3416 3508 3611 3564 mentis

2037 3599 2220 3652 habitu
2246 3597 2509 3653 obtineas.
2541 3598 2683 3653 Dtsc.
2710 3597 2998 3664 Praecede,
3013 3615 3224 3669 sequar.
3245 3600 3381 3654 MAG.
3405 3601 3608 3668 Quam-

2035 3689 2136 3753 vis,
2169 3698 2229 3742 ut
2269 3691 2478 3759 opinor,
2516 3691 2582 3744 de
2605 3689 2877 3762 voluntate
2918 3689 3012 3746 Dei
3042 3691 3089 3721 ’³
3139 3690 3372 3758 dubites,
3401 3707 3492 3746 seu
3541 3693 3609 3748 de

2031 3779 2414 3844 voluntatibus,
2449 3794 2542 3834 seu
2569 3780 2636 3834 de
2666 3778 2919 3835 ineffabili
2966 3781 3178 3836 divinae
3207 3783 3430 3837 unitatis
3469 3784 3606 3838 ntul~

2033 3869 2396 3936 tiplicitate—
2423 3869 2566 3925 Deus
2591 3879 2674 3925 est
2702 3871 2748 3902 ”
2781 3873 2925 3926 enim
2949 3887 3112 3926 unum
3137 3871 3412 3942 multiplex
3439 3875 3491 3928 in
3515 3889 3603 3928 sc-

2031 3959 2146 4026 ipso
2178 3959 2305 3998 ²⁵-
2328 3969 2506 4013 utrum
2536 3961 2603 4013 ad
2631 3977 2874 4016 summae
2900 3963 3156 4017 bonitatis
3185 3965 3480 4032 simplicem
3508 3983 3604 4021 na-

2031 4059 2204 4103 turam
2227 4051 2550 4120 pertineant,
2585 4062 2644 4105 ut
2669 4067 2776 4106 non
2817 4053 2962 4106 aliud
3009 4063 3225 4124 praeter
3253 4055 3426 4122 ipsum
3472 4058 3600 4122 sint,

2030 4158 2095 4196 an
2133 4159 2237 4197 non
2277 4162 2289 4196 :
2324 4143 2490 4197 Deum
2514 4142 2560 4173 ²⁶
2585 4151 2761 4197 tamen
2807 4145 2918 4199 suis
2954 4145 3317 4202 voluntatibus
3363 4149 3603 4203 caruisse

2028 4249 2133 4288 non
2176 4233 2408 4287 dubitas.
2453 4232 2598 4286 Dtsc.
2631 4232 2768 4288 Hinc
2819 4233 3066 4288 dubitare
3095 4235 3597 4303 insipientissimum

2027 4335 2130 4380 est.
2159 4325 2330 4381 Omne
2383 4324 2668 4394 siquidem,
2698 4325 2840 4394 quod
2873 4326 3052 4390 habet,
3085 4341 3296 4396 semper
3322 4338 3374 4383 et
3403 4329 3598 4384 immu-

2029 4417 2264 4472 tabiliter
2285 4416 2465 4482 habet,
2507 4416 2758 4485 quoniam
2791 4416 2923 4470 nihil
2966 4416 3016 4471 ei
3045 4418 3088 4449 ³⁷
3121 4418 3331 4473 accidit.
3369 4419 3600 4490 Ideoque

2029 4515 2121 4562 aut
2143 4522 2415 4577 nunquam
2444 4507 2630 4561 habuit
2656 4522 2780 4563 suas
2800 4507 3124 4575 voluntates,
3164 4518 3276 4576 aut,
3307 4512 3352 4566 si
3384 4512 3594 4580 habuit,

2031 4615 2241 4670 semper
2279 4615 2372 4654 eas
2401 4599 2652 4654 habuisse
2678 4599 2824 4655 nullo
2850 4601 3009 4656 modo
3037 4602 3410 4660 dubitandum.
3450 4604 3593 4661 MAG.

2028 4689 2170 4743 Dens
2209 4690 2388 4759 itaque
2422 4704 2633 4760 semper
2664 4690 2965 4746 voluntates
2990 4707 3116 4748 suas
3160 4693 3366 4761 habuit,
3396 4710 3596 4766 easque

2027 4797 2243 4853 semper
2269 4783 2418 4837 vidit.
2443 4782 2558 4838 Non
2579 4785 2724 4838 enim
2752 4783 2927 4850 latere
2939 4801 3062 4841 eum
3096 4786 3288 4856 potuit,
3326 4789 3469 4859 quod
3498 4790 3595 4845 ha-

2022 4875 2156 4929 buit.
2188 4874 2333 4928 Dtsc.
2376 4874 2442 4928 Et
2469 4875 2657 4930 habuit
2677 4884 2733 4931 et
2760 4876 2914 4932 vidit.
2946 4878 3114 4933 Deum
3143 4893 3375 4948 namque
3402 4881 3592 4935 volun-

2021 4965 2223 5020 tatibus
2250 4965 2362 5020 suis
2388 4966 2648 5031 carnisse,
2679 4975 2772 5021 aut
2797 4982 3009 5038 semper
3034 4984 3127 5023 eas
3149 4984 3257 5024 non
3314 4969 3586 5037 habuisse,

2022 5067 2116 5111 ant
2134 5073 2240 5112 non
2267 5058 2490 5125 vidisse,
2517 5058 2845 5114 dementiam
2875 5068 2960 5114 est
2982 5061 3286 5115 aestimare.
3328 5061 3468 5117 Mite.
3493 5060 3586 5114 Di-

2019 5149 2179 5204 vinae
2207 5163 2337 5216 ergo
2366 5148 2668 5204 voluntates
2697 5156 2952 5204 aeternae
2977 5156 3122 5214 sunt,
3155 5149 3406 5216 quoniam
3450 5150 3582 5218 ipse,

2021 5239 2170 5308 cujus
2210 5239 2516 5296 voluntates
2548 5247 2692 5306 sunt,
2743 5247 2994 5294 aeternus
3033 5246 3136 5293 est.
3179 5236 3322 5292 Dtsc.
3355 5237 3587 5294 Omnino

1607 5373 1862 5430 VARIAE
1899 5373 2297 5432 LECTIONES.

404 5515 424 5551 ³
447 5509 534 5567 Sic
564 5512 672 5566 AC.
738 5511 768 5584 _'
788 5508 1060 5568 AVidisse
1084 5530 1208 5584 ergo
1228 5527 1372 5568 eum.
1449 5512 1471 5544 ³
1493 5513 1536 5566 Α
1561 5522 1609 5566 et
1635 5512 1731 5584 ad.
1797 5513 1819 5544 δ
1853 5513 1943 5568 Sic
1963 5512 2036 5578 C;
2066 5513 2110 5566 A
2133 5514 2223 5583 qui
2254 5521 2337 5570 est
2364 5529 2523 5583 super
2545 5527 2614 5584 ea
2656 5524 2794 5584 quae
2825 5518 3072 5584 suntaper
3094 5521 3157 5561 ea
3199 5519 3230 5574 q

413 5596 468 5633 tte
491 5593 606 5636 sunt
640 5581 908 5651 accipere.
986 5585 1006 5614 ⁵
1039 5585 1084 5636 Α
1111 5577 1396 5637 voluntates
1426 5599 1568 5637 suas.
1643 5583 1664 5614 ⁸
1695 5583 1738 5637 C
1763 5583 1906 5651 facit.
1976 5585 1996 5615 "
2023 5577 2061 5636 Α
2086 5595 2131 5637 et
2151 5577 2258 5638 non
2284 5577 2461 5637 aliter.
2538 5583 2559 5612 "
2582 5582 2624 5634 Δ
2656 5577 2830 5632 Ilmtc.
2905 5578 2924 5607 ’
2947 5577 2986 5631 C
3012 5593 3166 5629 nunc.

413 5648 449 5720 C
472 5653 631 5706 video.
722 5654 766 5684 "
794 5653 935 5720 quod
962 5654 1080 5720 fecit
1110 5669 1216 5707 om.
1235 5654 1300 5707 Α.
1377 5654 1420 5684 ¹³
1451 5655 1489 5704 Α
1515 5654 1757 5707 dixerim.
1806 5653 1847 5692 ιδ
1869 5653 1974 5707 Pro
1997 5653 2191 5720 factum
2212 5654 2323 5720 ejus
2365 5655 2406 5706 A
2455 5656 2612 5720 facta.
2691 5650 2737 5687 ³⁵
2764 5648 2811 5720 AV
2829 5663 3116 5720 segregare.

341 5593 468 5680 πιθα
491 5593 606 5662 sunt
640 5593 908 5651 accipere.
986 5593 1006 5614 '
1111 5593 1300 5637 volanti

347 5711 385 5722 η
409 5648 449 5722 C
472 5653 631 5706 video.
722 5654 766 5684 "
794 5653 935 5722 quod
962 5654 1080 5721 fecit
1110 5669 1216 5707 om.
1235 5654 1300 5707 Α.

3237 5519 3335 5560 uae
3359 5516 3484 5563 sunt
3518 5527 3582 5566 ea

3245 5575 3287 5607 ¹⁹
3309 5575 3352 5630 Α
3381 5579 3578 5636 divina.

2455 5656 2612 5724 facta.
2691 5650 2737 5687 ³⁵
2764 5648 3116 5724 ΑΑξερνςθίςττ.
3268 5648 3309 5700 Α
3334 5649 3468 5702 Deus
3490 5652 3577 5724 sit.

415 5718 454 5793 ᾼ
479 5723 776 5793 dubitaret.
807 5711 818 5722 ’
853 5723 898 5759 ⁸⁸
929 5711 977 5793 At
1014 5740 1198 5793 quae,_
1243 5725 1284 5755 ι’
1314 5723 1358 5776 Α
1378 5725 1538 5793 quod.
1614 5724 1657 5753 ¹⁰
1686 5739 1842 5776 unum
1867 5711 2069 5793 om.'A.
2149 5725 2190 5756 “
2218 5711 2257 5779 (ἶ
2278 5734 2414 5778 sunt.
2455 5711 2463 5724 ’
2495 5722 2538 5793 τ’
2566 5721 2605 5773 Α
2649 5727 2723 5772 ut.
2799 5718 2844 5750 ³³
2866 5711 2908 5771 Ᾰ
2930 5711 3124 5769 dirimi.
3201 5716 3246 5749 ”
3272 5728 3344 5772 est
3368 5733 3472 5772 om.
3509 5719 3577 5777 Α.

344 5781 447 5843 "A
478 5790 528 5846 in
553 5793 730 5862 seipso
765 5803 860 5846 est.
936 5791 981 5822 ³⁸
1025 5781 1335 5846 ῬτοὯινιιηι
1377 5781 1421 5846 Ᾱ
1455 5797 1598 5847 dum.
1674 5794 1716 5824 ³⁷
1757 5795 1801 5848 ei
1830 5808 1936 5848 om.
1964 5792 2028 5846 A.
2503 5790 2510 5796 ’

766 5883 1040 5942 ΡΑτιιοι..
1089 5881 1344 5944 CXXII.

3105 5880 3184 5940 2‘2
