4236 6274
592 320 703 384 6Ἷό

1959 314 2243 379 ιθΑΝΝιε
2281 313 2478 377 8901'!

3745 314 3859 379 675

592 447 699 502 hoc
724 442 1106 502 manu.
1132 440 1271 498 me.
1294 441 1433 510 ριιίά
1454 442 1653 514 igitur?
1676 441 1811 499 Num
1840 449 2000 504 μου,
2027 454 2167 510 quae
2194 443 2242 501 Α
2272 435 2438 490 veluti
2487 433 2695 490 duabus
2732 431 2980 505 partibus
3025 429 3308 499 concludi.
3332 430 3440 495 hoc
3478 439 3583 503 est,
3631 431 3747 492 Deo
3796 446 3857 496 et

594 538 783 602 voiuit,
813 550 1026 603 semper
1070 536 1280 600 habuit,
1320 543 1375 589 et
1409 549 1622 605 semper
1646 533 1816 589 vidit?
1849 532 2006 588 Clare
2047 532 2163 601 qui-

595 633 719 686 dem
732 629 1068 699 intelligis,nt
1083 640 1227 693 reor,
1244 627 1351 681 Deo
1369 627 1499 681 nihil
1514 642 1633 681 esse
1648 625 2039 688 futurutn,dutn
2054 639 2088 678 o
2100 660 2119 671 η.
2143 652 2164 663 -

596 723 682 776 nia
700 728 946 789 tempora
975 720 1114 773 intra
1131 720 1366 788 seipsum
1390 718 1697 779 concludat,
1721 724 1777 770 et
1803 715 2004 779 omnia,
2028 729 2164 784 quae

595 812 649 866 in
690 813 769 866 eis
810 819 955 864 sunt.
993 808 1244 864 Omnium
1282 809 1480 877 quippe
1504 807 1824 877 principitun
1847 817 1900 860 et
1929 805 2162 861 medium

595 915 665 958 ct'
691 904 933 965 finisest,
965 910 1018 956 et
1042 902 1279 954 ambius
1307 910 1362 953 et
1399 914 1592 954 cursus
1621 911 1673 954 et
1701 914 1974 954 recursus.
2016 899 2161 953 Disc.

597 992 739 1046 Nihil
790 993 901 1047 Deo
939 990 1177 1044 futurum
1225 1004 1344 1044 esse
1382 1003 1492 1043 non
1534 988 1766 1057 ambigo.
1802 987 1942 1043 Mtte.
1972 985 2163 1043 Omnia

597 1085 798 1153 itaque,
824 1098 971 1153 quae
996 1082 1176 1137 facere
1202 1081 1394 1145 voluit,
1422 1080 1475 1134 in
1505 1080 1621 1134 suis
1636 1079 2002 1134 voluntatibus
2026 1093 2166 1135 seti)-

595 1190 691 1242 pcr
722 1173 930 1238 habuit;
974 1187 1078 1225 non
1103 1172 1247 1227 enim
1285 1170 1339 1225 in
1370 1186 1435 1225 eo
1458 1170 1736 1240 praecedit
1761 1169 1896 1221 velle
1926 1168 1997 1230 id,
2024 1167 2165 1236 quod

595 1264 709 1316 vult
757 1263 871 1317 fieri
921 1279 939 1317 τ
977 1263 1146 1333 ipsius
1187 1262 1329 1316 enim
1355 1261 1617 1341 voluntati
1671 1268 2014 1315 coaeternum
2060 1267 2162 1313 est.

598 1354 877 1423 Siquidem
913 1368 1018 1408 non
1044 1360 1321 1409 exmectat
1354 1351 1493 1416 fieri,
1520 1351 1663 1421 quod
1688 1350 1821 1413 vult,
1845 1349 1999 1418 quasi
2024 1347 2165 1402 futu—

598 1462 737 1511 rum,
791 1449 879 1503 cui
928 1449 1103 1502 omnia
1163 1446 1467 1517 praesentia
1500 1451 1648 1505 sunt,
1691 1442 1846 1511 cujus
1870 1441 2117 1495 voluntas
2146 1444 2162 1475 ι

594 1553 759 1592 causa
782 1526 1023 1591 omnium
1050 1546 1154 1601 est,
1179 1552 1235 1592 ει
1257 1536 1389 1590 visio
1412 1544 1467 1588 et
1487 1535 1509 1566 ⁸
1538 1532 1762 1587 elfectus
1786 1543 1841 1586 et
1883 1529 2160 1599 perfectio.

597 1628 683 1680 Fit
709 1628 871 1689 enim,
896 1626 1040 1680 nulla
1070 1641 1221 1680 mora
1254 1624 1588 1692 interposita,
1612 1623 1759 1693 quod
1800 1621 1945 1677 videt
1966 1620 2162 1675 facien-

596 1722 820 1772 dum.At
834 1717 878 1770 si
898 1716 1145 1770 voluntas
1155 1716 1271 1785 ejus
1283 1712 1547 1781 visiaejus
1560 1721 1664 1777 est,
1677 1722 1732 1768 et
1746 1713 1882 1767 visio
1897 1711 2162 1773 voluntas,

2264 535 2532 591 creatura,
2559 527 2819 583 hactenus
2849 525 3119 582 tenebam.
3155 525 3263 581 Sed
3292 542 3435 582 nunc
3465 526 3663 582 iterum
3714 527 3858 588 ﬁdes

2262 635 2384 675 mea
2441 619 2648 674 videtur
2709 626 2943 682 nutare,
2996 615 3287 685 praedictis
3342 615 3859 677 ratiocinationibus

2264 710 2556 767 inﬁrmata.
2610 709 2748 766 Mtte.
2772 708 2965 762 Fidem
3013 717 3161 762 tuam
3205 706 3500 763 stabilitam
3531 723 3856 776 esse,vera-

2264 819 2370 874 que
2412 805 2456 835 ¹³
2504 803 2710 858 ratione
2766 801 3028 856 munitam
3060 799 3105 832 “
3147 800 3339 865 video,
3372 801 3561 856 saltem
3617 803 3671 857 in
3723 803 3853 875 hoc,

2264 906 2417 950 extra
2451 895 2615 950 Deum
2661 892 2793 947 nihil
2829 907 2949 947 esse
2977 890 3226 945 credens.
3259 889 3402 945 Dtsc.
3430 889 3533 956 Ita,
3559 900 3618 945 ut
3670 888 3847 960 dicis;

2265 986 2395 1041 illud
2423 987 2566 1040 enim
2612 983 2902 1055 purissime
2948 982 3302 1052 contemplor.
3336 982 3474 1038 MAG.
3532 978 3850 1056 Diligentius

2266 1075 2449 1145 itaque
2474 1084 2532 1129 et
2577 1073 2940 1144 pchpicacius
2986 1074 3182 1128 mentis
3210 1073 3383 1128 aciem
3407 1075 3552 1133 circa
3591 1089 3679 1141 ea,
3708 1092 3849 1147 quae

2267 1163 2407 1218 intra
2462 1163 2630 1217 Deum
2678 1177 2797 1219 esse
2843 1162 3043 1227 credis,
3071 1161 3378 1218 circumfer.
3418 1163 3563 1220 Dtsc.
3614 1164 3660 1197 "
3704 1165 3845 1221 Intra

2267 1254 2435 1310 Deum
2469 1254 2599 1309 nihil
2635 1253 2777 1307 aliud
2824 1268 2943 1310 esse
2970 1254 3146 1309 sentio
3175 1263 3393 1324 praeter
3436 1255 3669 1324 seipsnm
3704 1266 3758 1312 et
3781 1256 3847 1314 ab

2266 1346 2385 1417 ipso
2412 1346 2452 1377 ‘°
2480 1346 2750 1401 conditam
2774 1353 3099 1399 creaturam.
3127 1344 3264 1419 Mtte.
3292 1345 3348 1400 ln
3382 1346 3491 1402 Deo
3517 1362 3645 1418 ergo
3672 1348 3845 1417 vides,

2268 1438 2410 1507 quod
2440 1437 2584 1491 Deus
2610 1452 2713 1491 non
2741 1445 2841 1490 est.
2876 1434 3020 1491 Dtsc.
3053 1432 3238 1496 Video,
3268 1449 3333 1490 ex
3359 1435 3469 1490 Deo
3493 1445 3670 1492 tamen
3694 1452 3850 1493 erea-

2269 1539 2405 1586 ttnn.
2440 1528 2575 1584 MAG.
2625 1528 2763 1594 Quid
2793 1528 2972 1596 itaque
2997 1527 3092 1582 tibi
3122 1526 3370 1582 videtur?
3393 1527 3530 1581 Num
3565 1524 3708 1584 Deus
3733 1544 3845 1585 om.

2270 1621 2384 1685 nia,
2412 1635 2551 1691 quae
2601 1619 2750 1685 fecit,
2783 1627 3073 1691 antequam
3106 1619 3313 1680 tierent,
3348 1618 3519 1672 vidit?
3542 1619 3682 1674 Dtsc.
3712 1619 3845 1677 Eum

2271 1711 2466 1766 vidisse
2494 1711 2694 1775 omnia,
2721 1725 2859 1779 quae
2879 1709 3044 1764 voluit
3073 1708 3275 1773 facere,
3300 1709 3613 1787 priusquam
3637 1708 3844 1777 fierent,

597 1825 777 1872 omne,
807 1810 948 1879 quod
972 1809 1083 1861 vult
1104 1808 1219 1862 tieri
1236 1807 1276 1868 ³,
1304 1809 1579 1862 subtracto
1605 1805 1752 1860 omni
1778 1803 2061 1860 intervallo
2090 1805 2167 1857 ﬁt.
2201 1792 2246 1853 Β
2272 1800 2648 1855 existimat-im.
2681 1797 2819 1855 MAG.
2853 1800 2925 1853 Ea
2956 1813 3084 1868 ergo
3115 1798 3267 1865 vidit,
3292 1814 3429 1869 quae
3455 1799 3630 1855 facere
3656 1801 3845 1868 voluit,

594 1901 665 1953 At
687 1901 706 1930 ⁸
739 1901 781 1953 si
807 1915 993 1962 omne,
1036 1899 1176 1966 quod
1198 1897 1314 1952 vult
1341 1898 1473 1955 fieri.
1498 1905 1554 1951 et
1596 1894 1895 1950 faciendum
1919 1895 2083 1957 videt,
2115 1902 2169 1948 et

598 2004 704 2042 non
744 1997 896 2040 extra
946 2002 1003 2041 se
1049 1996 1163 2050 est,
1210 1987 1352 2054 quod
1389 1986 1505 2039 vult
1544 1994 1599 2038 et
1628 1985 1791 2048 videt,
1832 1985 1925 2039 sed
1977 1984 2028 2037 in
2085 1999 2164 2046 se,

596 2077 838 2145 nihilque
881 2076 933 2130 iit
988 2077 1103 2145 ipso
1147 2085 1251 2138 est,
1300 2075 1442 2143 quod
1488 2075 1600 2143 ipse
1629 2088 1734 2128 non
1783 2074 1870 2135 sit,
1902 2072 2165 2141 sequitur,

595 2177 655 2219 ut
702 2167 723 2196 ⁸
753 2180 950 2229 omne,
989 2166 1132 2233 quod
1173 2165 1318 2218 videt
1367 2174 1421 2216 et
1466 2163 1635 2241 vult,
1666 2173 2007 2216 coaeternutn
2052 2160 2100 2213 ei
2147 2157 2168 2188 ⁸

596 2259 925 2327 lntcliigatur
951 2297 965 2322 ,
1013 2257 1057 2311 si
1100 2255 1347 2310 voluntas
1374 2254 1521 2310 illius
1557 2263 1611 2309 et
1658 2254 1791 2307 visio
1831 2261 1886 2306 et
1933 2251 2167 2307 essentia

599 2365 762 2402 unum
789 2357 887 2402 est.
936 2347 1077 2403 Dtsc.
1104 2345 1263 2416 Cogis
1292 2345 1404 2413 jam
1432 2361 1528 2400 nos
1578 2345 1758 2410 fateri,
1780 2345 1979 2409 omnia,
2005 2359 2167 2416 quae-

601 2455 811 2508 cunque
851 2448 1066 2494 aeterna
1098 2446 1154 2493 et
1199 2438 1340 2493 facta
1394 2439 1666 2504 dicuntur,
1702 2441 1866 2494 Deum
1920 2455 2056 2495 esse.
2109 2440 2163 2493 Si

597 2534 740 2586 enim
766 2533 943 2585 divina
972 2531 1220 2585 voluntas
1262 2530 1548 2599 divinaque
1574 2531 1710 2585 visio
1733 2531 2037 2586 essentialis
2085 2541 2168 2586 est

595 2637 647 2680 et
676 2635 1104 2689 arterna,etnon
1119 2624 1262 2679 aliud
1284 2624 1435 2679 estei
1454 2624 1478 2658 "
1507 2638 1646 2688 esse,
1673 2622 1815 2676 aliud
1842 2622 1996 2684 velle,
2022 2620 2167 2676 aliud

596 2717 797 2779 videre,
845 2717 937 2771 sed
976 2729 1143 2770 unum
1183 2724 1240 2769 et
1291 2714 1342 2769 id
1394 2714 1565 2783 ipsum
1601 2712 2086 2782 superesseutiale,
2113 2718 2170 2769 et

596 2820 793 2867 cuine,
831 2805 1188 2875 quodcunque
1232 2805 1377 2858 intra
1421 2803 1751 2858 voluntatem
1802 2811 1858 2857 et
1904 2802 2164 2856 visionem

593 2911 746 2950 suam
778 2896 799 2927 "
823 2895 1246 2964 oentprelieadit,
1278 2909 1384 2949 non
1414 2893 1558 2947 aliud
1589 2900 1804 2963 praeter
1827 2893 2001 2961 ipsum
2028 2892 2167 2946 ratio

593 2985 720 3049 sinit
751 2985 1005 3056 intelligi;
1038 2985 1264 3054 simplex
1287 2984 1551 3054 siquidem
1580 2991 1773 3037 natura
1800 2983 1942 3038 intra
1972 2996 2031 3051 se
2054 2998 2166 3038 non

593 3077 797 3146 patitur
821 3090 960 3141 esse,
989 3077 1129 3144 quod
1149 3077 1263 3146 ipsa
1289 3091 1393 3130 non
1419 3076 1491 3131 sit
1519 3092 1535 3129 :
1562 3084 1731 3130 restat
1756 3076 1873 3131 sine
1899 3075 2005 3131 ulla
2033 3091 2164 3132 eon-

511 3173 516 3182 ‘
595 3168 879 3230 troversia,
910 3183 1074 3221 unum
1108 3167 1276 3221 Deum
1303 3167 1483 3221 omnia
1528 3167 1583 3221 in
1631 3168 1885 3223 omnibus
1916 3183 2036 3224 esse
2082 3165 2163 3223 fa-
2191 3143 2237 3205 Ο

597 3258 720 3310 teri.
751 3259 816 3310 Et
867 3258 911 3312 si
939 3257 1010 3310 ita
1042 3266 1144 3319 est,
1191 3257 1259 3312 de
1286 3257 1613 3312 aeternitate
1644 3259 1910 3322 omnium,
1940 3273 2080 3328 quae
2110 3260 2165 3314 in

595 3346 707 3403 Deo
728 3360 869 3413 sunt,
905 3351 1010 3403 imo
1033 3350 1194 3404 etiam
1219 3363 1359 3417 quae
1384 3351 1523 3404 Deus
1546 3358 1692 3415 sunt,
1710 3366 1865 3405 nemo
1887 3352 1973 3419 pie
1996 3350 2171 3420 philo-

595 3435 934 3506 sophantium
969 3440 1126 3492 debet
1163 3438 1429 3505 ignorare.
1478 3439 1669 3494 Adhuc
1696 3448 1875 3494 tamen
1903 3456 2007 3494 nou
2037 3442 2171 3496 satis

594 3531 769 3593 video,
793 3531 1063 3600 quomodo
1092 3530 1269 3584 divina
1302 3540 1517 3596 natura,
1540 3541 1692 3585 extra
1719 3546 1879 3602 quam
1913 3531 2044 3586 nihil
2062 3543 2169 3599 est,

595 3627 649 3670 et
698 3620 836 3672 intra
867 3633 1027 3688 quam
1058 3618 1354 3674 subsistunt
1380 3621 1583 3685 onmia,
1609 3622 1739 3675 nihil
1769 3623 1911 3677 intra
1938 3640 1997 3679 se
2028 3625 2169 3679 reci-

593 3714 674 3783 pit
694 3717 840 3779 eise,
861 3713 1002 3783 quod
1030 3713 1133 3767 sibi
1165 3714 1517 3769 eoessentiale
1549 3731 1656 3770 non
1682 3715 1770 3771 sit.
1804 3715 1945 3773 Mtte.
1983 3718 2057 3771 De
2079 3733 2166 3780 eo,

595 3804 738 3874 quod
766 3804 909 3858 nulla
936 3814 1134 3859 natura
1158 3804 1418 3860 subsistat
1442 3814 1658 3874 praeter
1686 3807 1853 3862 Deum
1878 3818 1933 3862 et
1951 3818 2166 3862 creatu-

602 3910 737 3959 ram,
770 3910 874 3950 non
921 3896 1166 3952 dubitare
1214 3906 1267 3952 te
1286 3900 1640 3964 crediderim,
1668 3901 1775 3953 imo
1822 3902 1983 3954 etiam
2034 3902 2168 3956 satis

597 3989 779 4043 videre
810 3996 859 4043 te
879 3992 899 4023 ⁸
923 3989 1094 4043 video.
1138 3987 1269 4043 Nam
1292 3990 1433 4058 quod
1454 3989 1634 4044 dixisti
1662 3990 1727 4044 de
1751 3990 1929 4044 divina
1958 3999 2166 4055 natura,

598 4091 746 4133 eirtra
770 4092 932 4148 quam
965 4079 1095 4133 nihil
1110 4089 1215 4145 est,
1243 4081 1317 4134 ita
1349 4080 1623 4151 intelligis,
1651 4088 1709 4134 ut
1734 4080 1983 4143 arbitror,
2015 4096 2168 4134 erea-

598 4173 787 4226 tricem
831 4172 1044 4240 quidem
1073 4182 1321 4225 naturam
1355 4171 1489 4227 nihil
1514 4179 1668 4226 ostra
1712 4186 1772 4225 se
1815 4172 2014 4234 sinere,
2041 4170 2168 4239 quia

601 4273 751 4316 extra
785 4277 905 4316 eam
957 4262 1002 4299 ³ο
1028 4263 1162 4318 nihil
1210 4272 1388 4334 potest
1432 4278 1593 4329 esse;
1623 4272 1797 4318 totum
1850 4278 1999 4327 vero,
2027 4261 2170 4331 quod

596 4357 817 4417 crearit,
844 4365 896 4409 et
917 4366 1087 4419 creat,
1112 4358 1253 4411 intra
1276 4357 1509 4426 seipsam
1531 4358 1838 4420 continere;
1864 4357 1939 4410 ita
1966 4365 2166 4421 tamen,

600 4456 657 4498 nt
687 4446 830 4499 aliud
870 4447 941 4499 sit
970 4447 1102 4515 ipsa,
1147 4448 1270 4516 quia
1312 4446 1776 4517 superessentialis
1796 4454 1901 4509 est,
1923 4454 1979 4499 et
1998 4444 2165 4508 aliud,
2200 4483 2246 4542 υ

598 4535 737 4601 quod
769 4536 823 4586 in
842 4546 905 4588 se
928 4543 1077 4588 creat
1096 4536 1160 4588 ἰ.
1191 4535 1324 4589 Nam
1346 4539 1580 4608 seipsum
1598 4550 1788 4593 creare
1802 4551 1908 4591 non
1923 4535 2016 4589 tibi
2031 4535 2169 4589 veri-

598 4624 774 4679 simile
800 4624 1029 4677 videtur.
1077 4624 1220 4680 Disc.
1266 4625 1457 4683 Totam
1505 4629 1910 4699 conceptionem
1959 4627 2166 4697 cogita-

598 4712 761 4766 tionis
786 4725 937 4767 tneae
961 4713 1029 4767 de
1052 4714 1158 4768 Deo
1183 4722 1241 4769 et
1268 4727 1513 4771 creatura
1541 4720 1884 4788 perspexisti.
1913 4706 2171 4775 Firmiter

597 4804 742 4858 enim
773 4813 933 4873 atque
974 4804 1292 4859 inconcusse
1319 4816 1497 4870 teneo,
1534 4809 1735 4861 nullam
1784 4818 2034 4864 naturam
2080 4809 2165 4864 vei

597 4904 836 4948 creatam
862 4892 947 4947 vel
972 4909 1079 4948 non
1123 4903 1361 4951 creatam
1393 4896 1437 4929 “
1462 4904 1617 4949 extra
1649 4896 1815 4950 Deum
1846 4897 2162 4963 subsistere,

597 4995 651 5039 et
687 4984 834 5040 nullo
860 4986 1024 5041 modo
1042 4998 1164 5041 esse
1188 5001 1203 5051 ;
1235 4998 1396 5042 omne
1423 5001 1570 5051 vero,
1586 4987 1730 5056 quod
1756 4987 2025 5052 subsistit,
2055 4987 2169 5045 sive

598 5085 862 5144 creatura,
888 5080 1010 5134 sive
1053 5094 1159 5135 non
1193 5088 1470 5144 creatam,
1510 5080 1654 5135 intra
1678 5080 1853 5150 ipsum
1878 5081 2163 5139 contineri.

596 5166 677 5222 Ac
729 5182 827 5237 per
876 5170 980 5225 hoc
1026 5170 1189 5226 totius
1226 5170 1593 5229 universitatis
1638 5170 2025 5243 plenitudinem
2081 5172 2166 5231 his

2270 1900 2325 1946 et
2350 1908 2451 1946 non
2481 1892 2582 1946 alia
2611 1892 2763 1955 vidit,
2792 1891 2891 1945 nisi
2917 1906 3000 1956 ea,
3023 1907 3162 1962 quae
3188 1891 3332 1953 fecit,
3350 1899 3405 1946 et
3435 1908 3673 1961 ea,qnae
3700 1893 3847 1958 fecit,

2271 1987 2582 2056 priusquam
2615 1983 2837 2049 faceret,
2871 1984 3018 2037 vidit.
3056 1983 3201 2038 Disc.
3232 1983 3308 2038 Ita
3345 1992 3518 2039 teneo.
3552 1983 3691 2039 MAG.
3720 1985 3839 2047 Dic,

2271 2090 2493 2144 quaeso,
2524 2088 2662 2142 quae
2710 2082 2835 2127 sunt
2875 2073 2982 2140 illa,
3013 2089 3149 2143 quae
3175 2074 3333 2138 Deus,
3363 2085 3649 2145 antequam
3684 2075 3726 2107 "
3754 2074 3848 2128 tic-

2273 2174 2411 2233 rent,
2443 2166 2609 2219 vidit'.’
2664 2165 2943 2232 Quomodo
2995 2163 3136 2219 enim
3173 2172 3468 2223 creaturam
3511 2162 3677 2230 vidit,
3701 2180 3848 2235 quae

2271 2256 2447 2310 adlmc
2477 2271 2580 2310 non
2610 2265 2727 2309 erat
2757 2254 2935 2309 facta?
2962 2255 3025 2309 Et
3049 2256 3093 2310 si
3118 2252 3161 2289 η
3189 2270 3285 2310 nec
3299 2255 3437 2309 aliud
3458 2264 3671 2329 praeter
3691 2270 3849 2309 crea-

2273 2356 2449 2401 turam
2496 2346 2670 2413 vidit,
2721 2362 2881 2402 omne
2908 2346 3074 2411 enim,
3106 2346 3246 2416 quod
3272 2354 3391 2413 est,
3417 2355 3509 2399 aut
3555 2345 3699 2401 Deus
3751 2353 3849 2400 aut

2271 2447 2522 2517 creatura
2559 2447 2681 2494 est:
2716 2439 2842 2507 quid
2870 2439 2996 2493 vidit
3038 2438 3120 2492 ‘9?
3158 2437 3388 2494 Proinde
3422 2449 3513 2494 aut
3537 2436 3581 2471 “
3613 2436 3847 2509 seipsum

2268 2532 2424 2594 vidit,
2447 2540 2736 2600 antequam
2766 2529 2969 2585 faceret
3008 2547 3189 2594 omne,
3216 2532 3359 2601 quod
3389 2531 3537 2598 fecit,
3573 2541 3667 2586 aut
3697 2547 3850 2586 crea-

2272 2629 2445 2680 turam
2480 2622 2630 2688 vidit,
2663 2636 2801 2693 quae
2853 2622 3027 2676 adhuc
3051 2637 3154 2676 non
3184 2631 3262 2676 est
3316 2608 3512 2677 creata.
3568 2620 3848 2690 Quomodo

2268 2724 2450 2768 autem
2481 2715 2635 2779 vidit,
2659 2713 2799 2784 quod
2819 2715 2994 2770 adhuc
3016 2729 3120 2769 non
3138 2714 3289 2768 erat?
3318 2712 3371 2769 Si
3399 2729 3522 2769 vero
3548 2711 3591 2744 ¹¹
3622 2722 3759 2776 erat,
3789 2721 3844 2767 et

2270 2804 2391 2859 ideo
2421 2804 2592 2857 visunt
2620 2816 2723 2869 est,
2754 2806 2878 2876 quia
2926 2816 3063 2868 erat,
3094 2808 3335 2875 profecto
3378 2813 3493 2862 erat
3519 2812 3645 2861 ante
3681 2821 3839 2863 crea-

2272 2904 2468 2959 turam,
2493 2898 2633 2966 quod
2662 2907 2905 2951 creatura
2936 2912 3038 2950 non
3067 2906 3204 2951 erat.
3241 2897 3295 2951 Si
3325 2908 3500 2954 autem
3524 2897 3669 2954 solus
3698 2898 3842 2953 Deus

2269 2997 2324 3041 et
2343 2987 2445 3042 sibi
2478 2989 2834 3044 coessentiale
2862 2988 2909 3018 "
2936 2997 3058 3041 ante
3078 3005 3292 3044 omnem
3319 2996 3623 3045 creaturam
3653 2989 3845 3044 sinitur

2270 3093 2411 3141 esse,
2443 3094 2549 3135 non
2576 3079 2623 3111 "
2653 3079 2794 3133 aliud
2821 3080 3115 3149 praecessit
3145 3090 3471 3145 creaturam,
3513 3079 3654 3152 quod
3706 3080 3844 3135 Deus

2268 3172 2500 3237 videret,
2530 3179 2817 3240 antequam
2864 3169 3068 3225 faceret
3097 3181 3424 3236 creaturam,
3457 3170 3565 3227 nisi
3592 3179 3683 3224 ant
3711 3172 3841 3240 ipse,

2268 3270 2364 3318 aut
2390 3270 2609 3317 aeterna
2659 3260 2712 3314 in
2740 3274 2800 3314 se
2825 3269 2880 3315 et
2924 3269 3207 3315 coaeterna
3243 3261 3342 3314 sihi
3390 3269 3579 3314 natura
3612 3259 3680 3311 “.
3705 3258 3840 3314 Con-

2272 3351 2472 3409 fectum
2497 3360 2582 3409 est
2608 3358 2785 3431 autem
2815 3351 2864 3383 "
2916 3351 3057 3406 inter
3085 3367 3203 3415 nos,
3239 3354 3403 3407 Deum
3451 3352 3667 3416 vidisse,
3701 3340 3842 3421 quae

2272 3443 2519 3502 facienda
2565 3453 2750 3507 erant;
2782 3458 2887 3497 non
2930 3445 3072 3498 enim
3124 3443 3380 3514 ignorans
3427 3442 3554 3498 fecit
3606 3451 3695 3497 aut
3734 3459 3838 3499 non

2270 3536 2628 3609 praevidens,
2661 3535 2803 3605 quod
2847 3533 3027 3590 facere
3067 3535 3251 3590 voluit.
3299 3535 3439 3591 Disc.
3488 3536 3707 3607 Septum
3759 3551 3843 3591 me

2270 3628 2507 3697 undique
2536 3625 2712 3691 video,
2742 3625 3051 3698 nullamque
3079 3624 3314 3698 fugiendi
3351 3628 3489 3681 viatn
3535 3641 3841 3681 remanere.

2271 3719 2406 3777 Nam
2432 3722 2478 3777 si
2532 3720 2739 3784 dixero,
2763 3721 2932 3791 Deum
2982 3720 3035 3775 in
3083 3721 3262 3791 seipse
3314 3722 3525 3783 vidisse,
3570 3734 3708 3791 quae
3756 3721 3853 3776 {3-,

2271 3812 2459 3867 eienda
2479 3820 2652 3875 erant,
2684 3826 2846 3882 cogor
2872 3810 3050 3877 fateri,
3075 3812 3312 3884 seipsutn
3342 3813 3562 3878 vidisse,
3593 3814 3721 3884 quia
3745 3813 3841 3869 ad-

2272 3904 2378 3959 huc
2412 3918 2517 3959 non
2540 3911 2658 3958 erat
2697 3914 2969 3970 creatura,
2993 3886 3152 3974 quam
3177 3906 3397 3968 videret,
3427 3922 3525 3960 nec
3555 3906 3697 3960 aliud
3727 3915 3843 3963 erat

2271 4004 2399 4050 ante
2422 4009 2635 4050 omnem
2656 4003 2983 4059 creaturam,
3000 3997 3140 4064 quod
3159 4005 3376 4065 praeter
3402 3996 3638 4066 seipsum
3663 3998 3844 4052 videro

2272 4093 2452 4153 posset
2479 4083 2544 4136 ".
2573 4083 2649 4137 Ac
2675 4098 2772 4154 per
2798 4085 2900 4139 hoc
2924 4084 2967 4138 si
2996 4084 3199 4150 omnia,
3228 4100 3364 4155 quae
3394 4083 3637 4140 facienda
3664 4094 3841 4152 erant,

2275 4176 2328 4231 in
2360 4178 2536 4246 seipse
2564 4176 2715 4238 vidit,
2743 4176 3059 4246 priusquam
3106 4176 3318 4242 fierent,
3351 4178 3658 4232 necessario
3704 4177 3843 4248 seip-

2272 4283 2391 4323 sum
2434 4268 2634 4324 vidisse
2689 4282 2810 4324 vera
2838 4267 3049 4323 docebit
3082 4267 3239 4333 ratio,
3267 4274 3321 4321 et
3350 4267 3462 4337 ipse
3487 4269 3594 4321 erit
3642 4267 3841 4333 omnia,

2274 4375 2411 4429 quae
2440 4359 2584 4414 fecit.
2640 4358 2699 4415 Si
2729 4374 2816 4424 ea,
2852 4374 2990 4429 quae
3019 4359 3172 4424 vidit,
3199 4359 3255 4413 in
3281 4360 3456 4429 seipse
3486 4359 3631 4425 fecit,
3658 4370 3716 4417 et
3739 4359 3842 4415 erit

2272 4447 2444 4502 factor
2470 4456 2526 4502 et
2556 4446 2780 4502 factura.
2819 4447 2876 4502 Si
2914 4458 3095 4503 autem
3126 4449 3338 4514 dixero,
3368 4457 3676 4505 creaturam
3707 4448 3842 4507 vidit

2271 4539 2591 4603 faciendam,
2610 4539 2917 4611 priusquam
2944 4539 3119 4604 fieret,
3144 4540 3386 4595 dicturus
3409 4540 3548 4595 eris:
3570 4548 3689 4595 erat
3711 4554 3841 4609 ergo

2271 4638 2540 4693 creatura,
2556 4640 2844 4700 antequam
2869 4630 3041 4688 fieret.
3060 4630 3120 4686 Si
3140 4633 3285 4687 enim
3304 4632 3449 4687 Deus
3469 4632 3606 4686 vidit
3627 4646 3747 4685 eam
3765 4629 3837 4695 ⁸⁷,

2269 4729 2557 4793 antequam
2605 4721 2759 4775 fieret
2783 4721 2852 4784 ’⁸,
2882 4720 3010 4777 illud
3054 4736 3181 4776 vere
3229 4723 3659 4779 substantialiter
3698 4730 3837 4788 erat,

2270 4811 2412 4882 quod
2437 4810 2578 4865 Deus
2610 4809 2662 4864 in
2709 4824 2771 4864 ea
2799 4811 2950 4874 vidit,
2983 4811 3297 4882 priusquam
3346 4810 3515 4864 ﬁeret.
3544 4809 3659 4865 Non
3689 4811 3866 4893 enim]

2271 4900 2416 4958 Deus
2436 4900 2570 4956 vidit
2597 4901 2641 4935 ”
2676 4899 2831 4966 falsa,
2856 4900 2982 4955 dum
3020 4902 3091 4956 sit
3123 4896 3571 4956 incommutabilis
3611 4899 3837 4964 veritas,

2271 5002 2327 5051 et
2352 5006 2533 5058 omne,
2554 4991 2701 5063 quod
2747 4993 2801 5049 in
2830 5006 2893 5047 ea
2922 5000 3030 5058 est,
3056 5007 3245 5047 verum
3294 4997 3347 5046 et
3392 4987 3837 5044 incommutabile

2271 5096 2373 5142 est.
2398 5086 2464 5141 Et
2490 5087 2535 5143 si
2561 5088 2700 5143 Deus
2727 5086 2780 5143 in
2808 5086 2988 5157 seipse
3017 5086 3152 5140 vidit
3174 5093 3497 5153 creaturam,
3519 5083 3836 5154 priusquam

2271 5177 2448 5241 ﬁeret,
2480 5192 2697 5249 semper
2721 5178 2874 5243 vidit,
2897 5176 3039 5246 quod
3065 5176 3220 5233 vidit.
3250 5174 3369 5233 Non
3396 5175 3543 5233 enim
3574 5171 3835 5237 acciditel

1862 5286 2115 5349 VARIAE
2148 5288 2437 5349 LECTION
2445 5288 2551 5345 ES.

669 5396 691 5471 ξ
719 5403 761 5453 υ
784 5399 1107 5471 voluntatis.
1154 5407 1175 5471 ξ
1204 5413 1251 5456 et
1272 5416 1381 5456 om.
1416 5399 1479 5471 Α.
1516 5470 1521 5471 ί
1554 5399 1575 5431 ³
1600 5399 1717 5470 ﬁeri
1752 5414 1859 5455 om.
1901 5401 1966 5471 Α,
2032 5403 2053 5432 ⁸
2081 5400 2125 5455 Α
2155 5400 2251 5456 Ac.
2320 5402 2342 5433 ⁸
2363 5401 2407 5455 Α
2437 5401 2596 5471 quod.
2665 5400 2687 5430 ⁶
2718 5400 2759 5471 (ζ
2785 5411 2853 5455 et.

1429 5470 1470 5503 ¹⁶
1499 5470 1542 5524 Α
1571 5468 1779 5524 creavit.
1858 5471 1901 5503 ¹¹
1929 5470 1970 5526 C
1998 5482 2242 5525 naturam
2282 5487 2383 5525 non
2424 5468 2651 5524 creatam
2682 5468 2757 5523 uel
2787 5478 3037 5524 creatam.

597 5538 865 5595 munitam
887 5554 993 5609 esse
1015 5540 1185 5595 video.
1253 5542 1296 5572 "
1312 5544 1448 5595 intra
1468 5540 1629 5595 Deum
1646 5570 1714 5579 —
1733 5541 2012 5604 circumfer
2029 5541 2169 5595 Disc.
2199 5554 2306 5595 om.
2330 5540 2391 5595 C.
2448 5540 2491 5572 ¹⁰
2515 5541 2553 5592 Α
2569 5556 2649 5609 ego.
2714 5541 2754 5571 ‘7
2770 5542 2808 5591 Α
2824 5540 3147 5609 priusquam.

598 5464 625 5501 ⁸
649 5466 697 5522 Δ
725 5476 774 5521 te
803 5469 990 5523 videre.
1071 5470 1115 5502 ’θ
1140 5469 1184 5523 Α
1212 5487 1349 5526 eum.

598 5609 729 5666 Uidit
764 5623 872 5664 om.
910 5607 949 5660 A
1049 5610 1093 5639 '°
1123 5621 1213 5663 aut
1253 5627 1362 5664 om.
1396 5612 1456 5663 Α.
1552 5613 1592 5642 ²²
1626 5614 1664 5664 Α
1696 5612 1749 5663 in
1776 5628 1853 5664 eo.
1929 5612 1977 5641 "
2003 5609 2093 5666 Sic
2117 5610 2157 5664 C

2958 5401 2978 5433 ⁷
3025 5401 3074 5455 ei
3107 5412 3215 5452 om.
3255 5397 3316 5453 C.
3412 5399 3611 5452 'suatu
3635 5394 3831 5457 anuli

3137 5464 3648 5539 "torqueam-0.
3723 5465 3835 5524 “A

3137 5578 3147 5609 ε
3214 5535 3560 5595 “sicunA.
3646 5535 3835 5609 "quid

2180 5626 2194 5677 ;
2225 5612 2269 5665 A
2299 5608 2640 5664 coessemiuli.
2717 5609 2762 5639 ’³
2794 5607 2834 5662 Λ
2867 5607 2992 5663 nil.
3036 5610 3083 5642 ”
3123 5607 3164 5669 Α
3189 5618 3452 5665 creatura.
3530 5610 3578 5643 "
3602 5608 3649 5669 Δ
3673 5607 3831 5667 αξη.

602 5677 654 5714 ³⁸
680 5679 725 5739 Α
751 5678 911 5747 possit
1005 5678 1050 5708 ’⁷
1077 5679 1253 5743 Corn,
1286 5682 1325 5732 A
1354 5698 1436 5733 ea.
1511 5681 1558 5714 "
1586 5681 1646 5735 Si
1671 5683 1805 5735 enim
1829 5680 1970 5734 Deus
1999 5710 2067 5721 —-
2099 5681 2243 5751 ﬁeret
2282 5695 2391 5735 om.
2419 5678 2479 5732 C.
2555 5678 2602 5711 "
2627 5678 2668 5732 C
2693 5680 2851 5739 uidet.
