4236 6274
1544 225 1561 233 _
1602 221 1735 250 ut”
1765 235 1768 237 Α
1796 223 1808 229 .,

514 322 618 379 679
1415 323 1421 330 '
1891 309 2172 372 JOANNIS
2209 311 2405 370 SCOTI
2958 309 2965 312 ⁷
3654 311 3758 371 630

514 445 622 488 non
663 430 754 497 sit,
797 427 855 486 in
893 441 1000 502 qua
1045 427 1275 501 seipsam
1325 427 1485 496 facit;
1531 425 1766 497 alioquin
1817 424 2084 496 impotens
2112 433 2167 493 Α
2189 419 2380 481 borum
2410 423 2637 479 intuere.
2668 422 2933 494 Numquid
2956 423 3005 457 ἠ
3026 423 3181 495 quasi
3203 424 3259 480 in
3291 422 3473 495 aliquo
3499 422 3638 492 loco,
3665 442 3758 482 seu

514 521 810 587 videretur,
864 528 917 575 et
957 519 1010 574 in
1050 520 1226 590 seipse
1253 520 1629 589 imperfectus,
1665 519 1710 574 si
1741 517 1954 573 aliunde
1996 531 2086 572 ac—
2189 516 2379 585 spatio,
2413 515 2680 585 quoddam
2706 515 3007 571 aediﬁcium
3031 514 3161 571 fecit
3184 516 3326 571 Deus
3355 515 3410 572 in
3436 532 3533 573 sua
3555 518 3762 588 sapien-

515 613 722 685 ciperet
761 609 1111 680 apparitionis
1149 619 1202 664 et
1243 610 1590 680 perfectionis
1635 623 1765 663 suae
1806 607 2081 663 auxilium.

513 705 562 760 Δ
589 705 767 772 seipse
797 702 960 772 igitur
997 701 1015 732 ⁸
1058 701 1200 756 Deus
1251 701 1446 770 accipit
1477 699 1924 769 theophaniarum
1958 712 2085 752 sua-

515 810 660 857 rum,
692 792 794 848 hoc
823 801 930 857 est,
975 791 1278 846 divinarum
1310 791 1708 860 apparitionum
1750 790 2084 853 occasiones,

514 880 767 949 quoniam
813 895 876 933 ex
920 879 1034 949 ipso
1059 921 1074 945 ,
1115 890 1162 933 et
1196 896 1288 949 per
1313 882 1482 950 ipsum
1505 920 1520 946 ,
1562 889 1609 934 et
1657 880 1712 933 in
1752 880 1862 948 ipso
1885 920 1900 944 ,
1935 887 1982 932 et
2017 876 2087 930 ad

513 972 684 1040 ipsum
723 980 842 1026 sunt
882 972 1077 1025 omnia.
1129 970 1247 1025 Ac'
1282 985 1380 1041 per
1416 971 1518 1025 hoc
1555 979 1611 1024 et
1662 970 1776 1039 ipsa
1812 969 2084 1034 materies,

514 1063 583 1117 de
609 1077 714 1132 qua
743 1063 940 1134 legitur
969 1061 1227 1117 mundum
1259 1058 1472 1127 fecisse,
1506 1061 1572 1116 ab
1609 1061 1747 1132 ipso,
1777 1070 1834 1117 et
1873 1063 1926 1117 in
1971 1063 2088 1132 ipso

514 1162 622 1221 est,
649 1161 704 1209 et
735 1156 849 1225 ipse
876 1155 929 1208 in
958 1170 1020 1210 ea
1047 1163 1161 1220 est,
1190 1163 1453 1225 quantum
1490 1153 1806 1224 intelligitur
1842 1169 1906 1209 ea
1945 1169 2083 1209 esse.

520 1240 630 1299 Nec
666 1245 770 1300 hoc
794 1245 990 1300 mirum
1008 1287 1023 1311 ,
1064 1261 1187 1301 cum
1218 1246 1323 1301 hoc
1343 1245 1364 1276 ⁸
1393 1245 1636 1316 exempla
1678 1244 1992 1316 Scripturae
2021 1245 2088 1299 de

517 1334 716 1391 talibus
735 1336 982 1394 doceant.
1019 1336 1074 1390 Si
1105 1336 1248 1391 enim
1270 1336 1482 1390 animae
1510 1334 2031 1408 MoysietSamuelis
2045 1336 2086 1401 ⁵,

516 1427 642 1481 dum
681 1429 791 1482 sint
831 1437 1020 1482 natura
1065 1429 1088 1461 ⁸
1130 1429 1424 1484 invisibiles
1453 1435 1508 1484 et
1547 1427 1931 1497 incorporales,
1962 1429 2093 1484 visi-

512 1513 650 1570 biles
689 1516 796 1570 ac‘
818 1516 981 1571 veluti
1027 1519 1333 1586 corporales
1376 1532 1483 1572 non
1517 1517 1572 1571 in
1609 1516 1788 1586 aliqua
1825 1517 2093 1573 extrinse-

514 1621 610 1662 cus
651 1616 926 1677 assumpta
956 1609 1201 1673 materia,
1241 1609 1333 1664 sed
1365 1624 1461 1680 per
1507 1608 1734 1678 seipsas,
1787 1608 1930 1662 nulla
1978 1623 2092 1663 me-

512 1697 714 1753 dietate
752 1699 1086 1769 interposita,
1139 1700 1206 1753 ad
1266 1701 1624 1770 perpetranda
1668 1701 1925 1771 mysteria
1984 1716 2091 1754 non

2187 605 2283 668 tia,
2316 619 2421 657 non
2447 613 2507 657 ut
2537 603 2651 673 ipsa
2680 604 3098 660 substantialiter
3133 605 3286 660 ﬁeret
3309 607 3510 669 omnia,
3549 605 3642 662 sed
3669 620 3761 661 so-

2185 693 2458 749 lummodo
2484 693 2529 726 "
2556 694 2853 750 contineret
2882 697 3083 763 omnia,
3113 705 3168 753 et
3191 699 3345 769 quasi
3383 698 3524 754 aliud
3554 698 3608 753 in
3633 698 3758 764 alio,

2186 783 2242 839 in
2283 784 2542 855 sapientia
2588 784 2779 840 ﬁerent
2813 787 2993 840 omnia
3027 785 3050 838 τ
3095 784 3211 842 Non
3263 786 3343 843 sic
3385 787 3540 843 docet
3584 788 3756 854 ratio,

2186 875 2281 931 sed
2303 875 2380 930 sic
2396 893 2409 930 :
2427 875 2616 930 Omnia
2639 877 2692 928 in
2720 877 2974 946 sapientia
2996 876 3179 945 fecisti,
3197 877 3299 932 hoc
3313 885 3417 943 est,
3440 879 3760 948 sapientiam

2187 974 2334 1022 tuam
2362 965 2539 1020 omnia
2571 964 2762 1019 fecisti.
2809 963 2943 1018 Nam
2983 973 3038 1019 et
3075 965 3157 1020 sol
3201 966 3303 1022 iste
3336 966 3585 1033 visibilis,
3634 968 3758 1024 dum

2186 1069 2284 1124 per
2308 1057 2541 1125 seipsum
2563 1053 2787 1124 simplex
2814 1053 2949 1123 ignis
2975 1055 3063 1118 sit,
3089 1055 3395 1126 nullamque
3421 1056 3762 1128 compositio-

2188 1159 2312 1200 nem
2337 1145 2406 1200 ab
2431 1145 2537 1210 his,
2566 1159 2706 1215 quae
2737 1144 2838 1200 sibi
2862 1146 3333 1202 consubstantialia
3362 1161 3469 1202 non
3505 1157 3650 1213 sunt,
3675 1163 3760 1203 re-

2188 1235 2369 1306 cipiat,
2420 1235 2658 1290 omnium
2703 1243 2882 1291 tamen
2931 1237 3260 1292 sensibilium
3306 1247 3551 1293 naturam
3605 1238 3659 1292 in
3702 1253 3762 1293 se

2189 1326 2430 1380 continet
2469 1333 2524 1379 et
2565 1324 2993 1394 comprehendit,
3030 1339 3137 1380 non
3170 1334 3230 1380 ut
3270 1325 3413 1380 aliud
3452 1335 3667 1395 praeter
3702 1341 3764 1383 se

2191 1416 2366 1486 ipsum
2396 1416 2448 1470 in
2487 1432 2545 1472 se
2589 1415 2880 1484 contineat,
2927 1416 3020 1472 sed
3054 1416 3169 1487 ipse
3217 1417 3644 1473 substantialiter
3680 1428 3763 1476 est

2191 1522 2372 1572 omne,
2395 1509 2536 1577 quod
2559 1508 2736 1562 omnia
2760 1509 2810 1562 in
2836 1523 2894 1563 se
2912 1509 3149 1563 continet
3162 1509 3240 1574 '°;
3265 1509 3508 1564 omnium
3534 1524 3764 1580 namque

2190 1599 2478 1655 visibilium
2509 1599 2805 1654 substantia
2835 1599 2888 1653 in
2935 1599 3051 1668 ipso
3092 1607 3176 1654 est
3219 1607 3421 1653 creata.
3471 1598 3588 1655 Non
3619 1599 3761 1654 enim

2192 1690 2372 1746 omnia
2397 1705 2646 1759 corpora,
2689 1689 2743 1744 in
2771 1689 2964 1758 quibus
2992 1688 3198 1760 ﬂagrat,
3228 1690 3393 1745 veluti
3423 1691 3478 1745 in
3514 1691 3758 1747 alimonia

511 1788 873 1859 phantaslioe,
917 1790 1010 1846 sed
1043 1791 1309 1846 veraciter
1360 1791 1586 1847 aliorum
1626 1791 1918 1856 mentibus,
1963 1807 2090 1862 apo.
2118 1791 2166 1852 Β
2192 1797 2288 1837 sua
2318 1791 2680 1848 consumeret,
2724 1781 2769 1835 εἰ
2815 1795 2920 1836 non
2961 1781 3110 1850 prius
3165 1795 3352 1836 eorum
3389 1781 3763 1838 subsistentiae

511 1881 774 1938 stolorum
801 1883 921 1938 dico
946 1891 999 1937 et
1027 1882 1175 1950 Saul,
1204 1891 1586 1954 apparuerunt,
1617 1883 1744 1954 quid
1785 1898 1883 1938 nos
1908 1883 2092 1953 prohi-

510 1969 605 2026 bet
653 1971 744 2025 tali
769 1971 1028 2027 miraculo
1068 1973 1421 2029 manuductos
1463 1974 1484 2006 '
1530 1973 1598 2028 ad
1645 1974 1833 2029 altiora
1879 1974 2092 2030 divinae

503 2058 729 2144 [virtutis
755 2063 1065 2127 ascendere,
1097 2071 1156 2116 ut
1184 2061 1560 2133 intelligamus,
1601 2077 1719 2117 eam
1765 2073 1819 2118 et
1860 2080 2022 2135 super
2067 2065 2092 2098 ⁸

513 2148 697 2204 omnia
736 2165 874 2216 esse,
920 2161 975 2206 ct
1019 2152 1070 2206 in
1115 2152 1365 2207 omnibus
1409 2152 1547 2217 ﬁeri,
1573 2168 1678 2207 non
1710 2152 1920 2208 aliunde
1945 2154 2089 2209 acci-

511 2238 749 2310 pientem
775 2244 819 2308 ',
851 2250 914 2296 ut
933 2242 1185 2322 diximus,
1218 2243 1522 2309 materiem,
1557 2252 1648 2296 aut
1687 2244 1753 2298 de
1797 2243 1962 2299 nihilo
2005 2244 2089 2297 fa-

513 2331 746 2386 cientem
777 2331 843 2398 “,
873 2331 927 2387 in
943 2348 1048 2402 qua
1079 2333 1212 2388 ﬁtet
1239 2333 1575 2389 manifestam
1607 2348 1664 2389 se
1687 2333 1833 2389 facit.
1860 2334 2003 2390 Satis
2024 2333 2092 2389 de

512 2424 713 2478 virtute
753 2423 1017 2479 seminum
1069 2425 1393 2494 disputatum
1445 2434 1566 2491 est,
1619 2440 1758 2494 quae
1815 2426 1940 2480 dum
1995 2439 2093 2495 per

511 2513 742 2583 seipsam
775 2513 1055 2568 invisibilis
1094 2523 1150 2568 et
1177 2513 1728 2583 incomprehensibilis
1752 2514 1841 2579 sit,
1875 2515 1926 2568 in
1969 2514 2093 2568 inﬁ-

511 2603 657 2658 nitas
684 2602 883 2658 formas
911 2620 973 2658 ac
997 2611 1040 2644 οι
1069 2604 1277 2673 species
1305 2604 1534 2675 seipsam
1578 2603 1913 2674 multiplicat,
1966 2619 2114 2660 seu--

513 2691 769 2761 sibusque
805 2695 1077 2764 corporeis
1121 2693 1450 2759 succumbit;
1481 2708 1620 2763 quae
1657 2709 1871 2748 omnem
1899 2694 2094 2748 mentis

514 2781 708 2847 aciem,
738 2783 863 2838 dum
900 2785 1199 2854 quaeritur,
1242 2781 1446 2851 eil‘ugit.
1486 2783 1718 2838 Proinde
1743 2783 1917 2838 nullus
1943 2784 2094 2839 locus

513 2873 827 2928 conceditur
847 2875 1015 2929 nihilo
1042 2876 1140 2942 illi,
1172 2877 1275 2931 hoc
1313 2883 1416 2941 est,
1442 2875 1728 2945 privationi
1761 2875 1922 2931 totius
1944 2874 2095 2930 habi-

513 2964 715 3020 tudinis
743 2975 902 3037 atque
931 2969 1218 3034 essentiae,
1249 2969 1314 3023 de
1363 2983 1470 3038 quo
1503 2969 1683 3022 omnia
1731 2976 1988 3037 putantur
2026 2967 2094 3020 ab

513 3056 620 3122 his,
664 3058 754 3127 qui
784 3059 958 3114 minus
987 3059 1310 3129 intelligunt,
1356 3059 1495 3114 facta
1545 3059 1728 3125 fuisse,
1768 3060 2091 3127 nescientes,

515 3146 642 3216 quid
667 3161 730 3202 eo
755 3150 970 3204 nomine
997 3159 1182 3205 sancta
1205 3150 1473 3220 significat
1503 3149 1815 3221 Theologia.

586 3237 672 3292 18.
695 3239 840 3294 DISC.
868 3238 1050 3306 Miror,
1083 3241 1369 3310 quomodo,
1397 3255 1536 3309 quae
1582 3255 1726 3294 nunc
1771 3256 1801 3294 a
1853 3249 1909 3295 te
1949 3239 2092 3295 dicta

514 3336 662 3393 sunt,
693 3330 938 3398 quamvis
976 3330 1157 3385 multis
1186 3329 1349 3395 invia,
1395 3331 1542 3384 etab
1587 3331 1688 3395 his,
1727 3329 1816 3400 qui
1854 3329 2091 3398 philoso-

514 3419 954 3489 pharividentur,
991 3422 1522 3486 remota,verissima
1571 3432 1751 3476 tamen
1797 3435 1917 3476 esse
1964 3435 2092 3476 vera

514 3513 812 3584 proclamat
842 3512 999 3565 ratio.
1030 3511 1096 3566 Et
1131 3511 1427 3566 auctoritas
1454 3527 1643 3566 sacrae
1678 3511 1989 3582 Scripturae
2015 3513 2094 3567 id-

515 3606 714 3674 ipsum,
745 3603 870 3656 dum
893 3601 1149 3658 intentius
1175 3601 1566 3668 considera-tur,
1598 3603 1788 3658 suadet
1807 3611 1862 3657 et
1882 3603 2094 3671 praedi-

515 3703 636 3758 cat;
675 3694 806 3749 dicit
849 3694 990 3748 enim
1019 3711 1032 3746 :
1061 3691 1130 3746 In
1166 3695 1420 3764 principio
1463 3694 1581 3763 fecit
1623 3694 1763 3750 Deus
1801 3695 2002 3750 caelum
2045 3705 2094 3751 et

515 3797 728 3851 terram,
752 3786 856 3841 hoc
885 3793 988 3852 est,
1015 3786 1156 3840 Deus
1178 3784 1340 3840 Pater
1370 3787 1424 3841 in
1463 3786 1576 3841 Deo
1609 3787 1745 3842 Filio
1783 3788 2097 3844 universita-

516 3889 628 3932 tem
652 3877 817 3932 totius
836 3885 1114 3932 creaturae
1138 3876 1365 3932 visibilis
1413 3886 1468 3932 et
1504 3878 1787 3934 invisibilis
1834 3881 2091 3936 condidit.

513 3963 584 4021 Et
619 3967 748 4035 quid
773 3966 817 3999 “
843 3967 897 4021 in
919 3967 1184 4038 principio
1203 3967 1270 4022 de
1305 3982 1363 4022 se
1391 3968 1568 4037 genito
1598 3968 1662 4033 ¹³,
1693 3969 1746 4024 in
1775 3969 1952 4026 Verbo
1975 3987 2092 4036 suo,

514 4057 571 4112 in
600 4055 736 4113 Filio
759 4071 859 4112 suo
887 4058 932 4089 “
962 4058 1222 4128 sapientia
1253 4073 1349 4114 sua
1379 4057 1425 4091 "
1446 4059 1611 4115 Pater
1634 4062 1923 4128 conderet,
1953 4063 2095 4132 quod

515 4153 630 4224 ipse
650 4153 817 4209 Filius
837 4169 942 4209 non
965 4156 1143 4211 esset?
1160 4155 1410 4226 Alioquin
1432 4172 1537 4212 non
1561 4157 1614 4211 in
1637 4157 1752 4228 ipso
1774 4159 2092 4225 condiderit,

513 4245 608 4300 sed
635 4255 786 4301 extra
816 4247 1010 4316 ipsum,
1041 4250 1183 4318 quod
1205 4247 1419 4304 aliunde
1444 4251 1666 4320 accepit,
1707 4259 1799 4305 aut
1827 4251 1892 4305 de
1929 4251 2096 4307 nihilo

513 4336 662 4393 fecit.
707 4337 815 4392 Aut
853 4341 1119 4409 quomodo
1162 4350 1455 4409 pateretur,
1497 4340 1610 4396 ﬁeri
1644 4344 1696 4395 in
1730 4356 1789 4395 se
1836 4341 2090 4407 Verbum,
2149 4400 2156 4406 _

2190 1873 2506 1928 occasiones
2529 1881 2846 1941 praestaret.
2897 1870 3074 1926 Solem
3114 1887 3257 1927 nunc
3301 1872 3423 1928 dico
3469 1874 3640 1945 ipsam
3681 1875 3764 1930 in-

2190 1961 2728 2034 comprehensibilem
2783 1961 3039 2018 virtutem
3068 2003 3084 2030 ,
3143 1977 3282 2034 quae
3321 1961 3765 2036 diﬂ'uuditurper

2189 2061 2364 2110 totum
2382 2055 2524 2110 hunc
2552 2053 2816 2109 visibilem
2839 2054 3118 2120 mundum,
3141 2069 3278 2125 quae
3299 2063 3582 2125 propterea
3628 2057 3764 2125 ignis

2191 2146 2409 2212 dicitur,
2441 2146 2566 2216 quia
2603 2146 2746 2200 intus
2773 2145 2828 2200 in
2850 2145 3100 2201 omnibus
3139 2147 3262 2216 agit,
3295 2145 3444 2215 cujus
3485 2147 3608 2201 fons
3653 2162 3764 2201 ma-

2190 2237 2368 2291 ximus
2389 2245 2472 2292 est
2515 2251 2710 2306 corpus
2751 2235 2879 2290 illud
2906 2237 3233 2303 aethereum,
3261 2237 3388 2292 solis
3416 2238 3632 2292 nomine
3668 2251 3764 2306 ap-

2189 2325 2468 2397 pellatum,
2499 2324 2550 2378 in
2576 2340 2701 2394 quo,
2731 2333 2807 2379 et.
2827 2339 2924 2394 per
2959 2327 3101 2395 quod
3129 2325 3589 2382 manifestissimas
3633 2339 3764 2397 ope-

2191 2416 2418 2471 rationis
2465 2430 2592 2470 suae
2633 2415 2859 2470 virtutes
2905 2417 3232 2482 manifestat,
3291 2416 3463 2473 lucem
3515 2418 3656 2482 dico,
3714 2422 3772 2472 et

2193 2507 2446 2562 calorem.
2484 2505 2674 2561 Cetera
2720 2519 2845 2560 vero
2883 2506 3063 2561 omnia
3095 2521 3341 2576 corpora,
3371 2521 3508 2576 quae
3535 2523 3767 2562 nascun-

2195 2608 2284 2654 tur
2324 2601 2376 2654 in
2408 2600 2607 2654 mundo
2649 2608 2705 2654 et
2740 2600 3063 2664 nutriuntur,
3113 2601 3545 2656 oceultatissimis
3578 2603 3623 2642 ἰ
3657 2603 3767 2657 suis

2192 2694 2592 2765 operationibus
2619 2693 2978 2758 administrat,
2996 2703 3050 2748 et
3069 2693 3130 2748 ﬁt
3151 2696 3196 2726 "
3227 2695 3422 2763 ubique
3447 2702 3585 2749 totus
3612 2694 3676 2758 ",
3709 2703 3767 2750 et

2195 2786 2262 2841 de
2296 2801 2353 2840 se
2377 2787 2512 2855 ipso,
2542 2785 2595 2839 in
2625 2801 2681 2840 sc
2715 2785 2851 2855 ipso,
2876 2786 2928 2840 in
2959 2786 3210 2842 onmibus
3247 2785 3434 2850 factus,
3477 2801 3764 2856 erumpens

2195 2876 2249 2930 in
2275 2875 2455 2929 omnia
2484 2874 2793 2940 visibiliter,
2825 2889 3146 2931 consumens
3183 2876 3363 2931 omnia
3389 2876 3441 2930 in
3488 2891 3548 2930 se
3592 2876 3759 2944 ipsun'.

2196 2965 2538 3021 invisibiliter
2582 2965 2650 3019 “.
2704 2965 2839 3021 Hinc
2865 2981 2968 3021 non
2993 2967 3262 3023 immerito
3289 2968 3419 3023 dicit
3444 2967 3724 3037 Scriptura
3752 2985 3767 3022 :

2198 3055 2408 3129 Gyrans
2435 3060 2667 3130 gyrando
2692 3060 2829 3114 vadit
2857 3059 3103 3130 Spiritus,
3130 3070 3178 3115 et
3215 3062 3269 3114 in
3311 3060 3481 3114 locum
3503 3077 3654 3116 suum
3698 3078 3770 3115 re-

2119 3146 2166 3210 C
2195 3151 2426 3204 vertitur.
2465 3149 2696 3219 Spiritus
2739 3150 2883 3205 enim
2933 3150 3121 3222 igneus
3153 3153 3348 3207 eximia
3391 3167 3521 3207 suae
3548 3160 3769 3208 naturae

2199 3240 2493 3297 subtilitate
2527 3240 2718 3295 lustrat
2745 3241 2922 3296 omnia
2949 3283 2963 3307 ,
3001 3249 3056 3298 et
3093 3241 3151 3296 ﬁt
3186 3242 3238 3296 in
3269 3242 3520 3298 omnibus
3566 3241 3766 3308 omnia,

2196 3341 2250 3388 et
2272 3333 2324 3387 in
2347 3347 2404 3387 se
2430 3332 2603 3401 ipsum
2629 3333 2920 3387 revertitur
2940 3330 3008 3398 ⁸⁸,
3042 3333 3292 3403 quoniam
3316 3334 3557 3388 omnium
3590 3332 3768 3387 visibi-

2195 3428 2324 3482 lium
2353 3428 2474 3482 fons
2502 3427 2942 3484 substantialis’et
2963 3429 3114 3497 origo
3139 3437 3238 3485 est.
3286 3428 3516 3500 ideoque
3541 3445 3570 3482 a
3596 3429 3764 3483 Grae-

2196 3521 2276 3576 cis
2314 3528 2494 3594 φοιτῶν
2533 3519 2580 3552 ’⁸
2607 3519 2924 3590 appellatur,
2954 3521 3057 3576 hoc
3086 3528 3168 3576 est
3197 3530 3502 3586 revertens;
3533 3521 3769 3576 lustratis

2196 3611 2458 3681 siquidem
2506 3610 2753 3665 omnibus
2781 3618 2835 3666 et
2862 3609 3148 3666 visibiliter
3168 3619 3223 3666 et
3251 3609 3586 3666 invisibiliter
3609 3625 3768 3664 mun-

2197 3700 2351 3756 danis
2385 3697 2696 3767 corporibus
2731 3699 2786 3752 in
2816 3713 2876 3754 se
2906 3699 3076 3768 ipsum
3107 3700 3264 3763 redit,
3304 3707 3360 3754 et
3395 3699 3448 3754 in
3497 3715 3553 3754 se
3594 3699 3764 3768 ipsum

2196 3790 2376 3846 omnia
2404 3797 2639 3854 revocat,
2668 3802 2806 3858 quae
2835 3789 2902 3843 ab
2929 3789 3046 3859 ipso
3065 3789 3388 3860 principium
3409 3787 3769 3861 generationis

2197 3896 2325 3936 suae
2353 3880 2640 3951 accipiunt.
2681 3879 2816 3934 Hinc
2843 3881 2888 3912 ³⁷
2907 3880 3068 3934 etiam
3099 3881 3269 3936 sancti
3301 3881 3555 3950 Theologi
3584 3895 3771 3950 super-

2195 3973 2535 4028 essentialem
2574 3972 2810 4027 divinam
2849 3979 2903 4026 et
2946 3971 3231 4027 informem
3258 3972 3564 4036 essentiam,
3597 3980 3657 4027 ut
3694 3969 3772 4028 ait

2198 4065 2256 4120 S.
2298 4065 2604 4138 Dionysius,
2647 4064 2699 4119 in
2743 4065 2864 4134 igne
2887 4076 3047 4133 saepe
3073 4063 3383 4118 describunt
3416 4064 3481 4129 ⁸⁸,
3515 4072 3771 4132 tanquam

2195 4157 2428 4213 habente
2472 4155 2668 4210 multas
2711 4153 2942 4218 divinae,
2975 4153 3021 4207 si
3046 4152 3128 4207 fas
3153 4153 3353 4218 dicere,
3404 4151 3767 4224 proprietatis,

2194 4257 2452 4318 quantum
2483 4249 2536 4301 in
2563 4245 2883 4312 visibilibus,
2913 4244 3174 4315 imagines
3202 4244 3266 4298 ".

2266 4337 2353 4392 19.
2407 4335 2545 4403 Quid
2575 4345 2754 4390 autem
2788 4348 2853 4388 eo
2880 4333 3113 4396 nomine,
3147 4333 3290 4402 quod
3316 4341 3400 4389 est
3435 4334 3480 4366 '°
3521 4333 3768 4399 nihilum,

514 4430 657 4500 quod
701 4431 798 4485 sibi
836 4433 1289 4488 consubstantiale
1314 4448 1418 4487 non
1453 4433 1640 4486 esset?
1687 4431 1802 4486 Non
1832 4432 1974 4486 enim
2001 4432 2093 4486 lux
2196 4435 2384 4482 sancta
2413 4424 2677 4494 signiﬁcat
2703 4423 3014 4494 Theologia,
3037 4423 3317 4492 explanari
3343 4433 3441 4479 ate
3459 4433 3600 4494 peto.
3627 4423 3766 4478 Mss.

520 4521 651 4576 sinit
672 4523 726 4575 in
747 4535 808 4574 se
833 4525 1080 4576 tenebras
1111 4522 1322 4577 aliunde
1364 4531 1611 4592 acceptas
1631 4520 1700 4587 “,
1751 4537 1850 4576 nec
1893 4523 2092 4576 veritas
2121 4503 2169 4560 D
2194 4517 2519 4574 lncffabilem
2557 4526 2612 4572 et
2640 4508 3232 4586 incomprehensibilem
3272 4516 3484 4569 divinae
3516 4514 3768 4569 bonitatis

514 4611 709 4678 recipit
732 4612 786 4664 in
815 4625 874 4665 se
898 4612 1208 4682 ﬁgmentum
1249 4612 1313 4667 ⁸⁷.
1368 4613 1485 4668 Νοη
1533 4624 1709 4668 autem
1756 4623 1932 4684 potest
1975 4628 2093 4668 esse
2196 4607 2726 4678 inaccessibilemque
2769 4607 3068 4663 claritatem
3117 4607 3367 4662 omnibus
3412 4606 3765 4662 intellectibus

513 4715 722 4764 vemm,
753 4701 894 4770 quod
921 4717 1026 4755 non
1065 4711 1183 4755 erat
1223 4718 1434 4772 semper
1476 4715 1782 4771 aeternum;
1816 4713 2092 4760 aeternum
2193 4701 2307 4755 sive
2358 4697 2642 4764 humanis,
2690 4697 2804 4752 sive
2850 4699 3101 4769 angelicis
3149 4697 3766 4768 incognitam—super-

516 4797 700 4842 autem
721 4801 830 4842 non
853 4795 952 4852 est,
976 4789 1119 4857 quod
1145 4803 1212 4842 ex
1243 4792 1538 4858 privatione
1568 4793 1729 4846 totius
1759 4794 2094 4849 aeternitatis
2196 4792 2497 4850 essentialis
2518 4800 2601 4847 est
2618 4791 2762 4847 enim
2780 4801 2836 4847 et
2856 4791 3432 4862 supernaturalis—eo
3453 4789 3667 4843 nomine
3689 4788 3765 4840 si-

517 4887 678 4949 stque
711 4880 978 4934 essentiae
1003 4879 1204 4932 factum
1227 4889 1327 4934 est.
1380 4881 1488 4934 Aut
1525 4882 1655 4949 quid
1703 4882 1845 4935 aliud
1896 4883 2096 4939 faceret
2198 4883 2502 4956 gniﬁcatam
2531 4883 2870 4948 crediderim,
2899 4899 3038 4953 quae
3064 4881 3191 4937 dum
3219 4897 3314 4952 per
3337 4895 3396 4935 se
3416 4879 3588 4947 ipsam
3615 4877 3766 4947 cogi-

514 4973 678 5027 Pater
712 4972 763 5025 in
797 4985 893 5026 sua
931 4970 1214 5041 sapientia,
1249 4971 1351 5026 nisi
1391 4971 1560 5040 ipsam
1611 4971 1961 5041 sapientiam?
2007 4973 2097 5027 Ait
2202 4985 2364 5043 tatur,
2390 4991 2565 5048 neque
2591 4985 2696 5042 est,
2737 4987 3089 5047 nequc'erat,
3135 4990 3304 5046 neque
3348 4972 3469 5029 erit.
3518 4972 3575 5026 ln
3617 4972 3766 5027 nullo

516 5066 658 5121 enim
683 5065 991 5135 Propheta:
1023 5063 1213 5121 Omnia
1239 5066 1291 5121 in
1316 5066 1570 5135 sapientia
1598 5065 1779 5121 fecisti.
1835 5066 1948 5122 Vim
1978 5083 2096 5122 ver-
2201 5068 2343 5124 enim
2387 5069 2698 5142 intelligitur
2745 5069 3108 5135 existentium,
3148 5069 3273 5138 quia
3303 5076 3522 5141 superat
3546 5069 3768 5135 omnia;

1812 5177 2066 5234 VARIAE
2103 5176 2500 5235 LECTIONES.

589 5302 604 5330 ι
640 5294 685 5346 Α
729 5294 887 5362 igitur
926 5294 1056 5364 ipso.
1133 5295 1153 5324 '
1178 5293 1222 5347 A
1249 5294 1335 5348 At.
1408 5293 1428 5325 ³
1454 5296 1495 5349 Α
1522 5310 1656 5364 nos.
1712 5292 1733 5364 ξ
1781 5292 1825 5364 Λ
1866 5291 2114 5364 Samuel,
2171 5293 2212 5348 C
2242 5291 2585 5364 Samnltelis._
2635 5291 2656 5323 '
2685 5291 2730 5364 Α
2762 5299 2949 5364 natura
2976 5300 3115 5345 sunt.
3183 5293 3215 5364 7'
3237 5292 3376 5364 Aret.
3450 5290 3476 5328 τ
3512 5291 3770 5364 Cumanu-

516 5366 678 5419 dncti.
750 5360 774 5397 '
798 5365 840 5416 A
864 5360 1042 5433 supra.
1115 5364 1138 5398 ⁸
1159 5364 1199 5420 C
1221 5364 1495 5433 accipiens.
1571 5364 1613 5395 ⁸ο
1638 5363 1678 5417 (3
1701 5362 1927 5433 faciens.
1993 5363 2035 5394 ¹¹
2087 5362 2126 5414 Α
2153 5373 2217 5418 et.
2296 5364 2340 5395 ³¹
2367 5362 2411 5415 Α
2447 5362 2605 5433 quod.
2653 5432 2657 5433 ν
2683 5362 2727 5433 ξε
2766 5360 2872 5433 Pro
2893 5361 2957 5414 de
2983 5379 3036 5415 se
3075 5363 3245 5433 genito
3273 5363 3318 5415 A
3344 5379 3461 5417 suo.
3533 5362 3581 5394 ⁸⁸⁸
3603 5364 3647 5416 Α
3675 5376 3771 5433 suo

518 5435 802 5504 tmigenito.
879 5430 1204 5504 {F'sapientia
1232 5430 1464 5504 suaiom.
1514 5433 1577 5486 A.
1673 5433 1716 5464 ¹⁶
1746 5431 1958 5504 aliunde
1989 5443 2244 5504 _acc_eptas
2286 5448 2393 5487 om.
2449 5430 2513 5485 Α.
2549 5430 2786 5504 ωίτρΡιςο
2827 5430 3190 5504 ﬁgmentuntC
3222 5433 3333 5504 nisi
3368 5448 3564 5504 verum.
3605 5503 3624 5504 ί
3656 5430 3771 5504 ”_A

517 5499 639 5556 nmn
663 5502 807 5568 quid.
886 5503 928 5572 ξ’
971 5499 1018 5556 Α’
1049 5503 1235 5558 solum.
1265 5537 1269 5545 ι
1311 5503 1355 5535 ⁸ο
1386 5508 1473 5556 sed
1499 5504 1606 5572 ipse
1634 5502 1948 5572 e-_conti_tt_et
1977 5501 2018 5553 Ο
2040 5501 2106 5554 ad
2129 5499 2302 5572 marg.
2328 5505 2500 5556 adscr.
2521 5501 2640 5572 -⁰²¹ί
2659 5499 2788 5553 Gale
2810 5515 2950 5555 corr.
2986 5503 3440 5572 occultatissimus.
3517 5502 3562 5534 “
3589 5500 3769 5568 Conj.,

517 5572 649 5626 Gale
683 5584 823 5621 corr.
852 5571 950 5642 sit;
980 5572 1026 5642 β
1053 5576 1140 5626 sit.
1217 5572 1264 5606 ⁸³
1301 5572 1341 5625 C
1369 5569 1545 5626 totius.
1576 5591 1594 5642 γ·
1621 5571 1666 5602 ³⁸
1688 5570 1730 5624 C
1758 5569 2043 5642 visibiliter.
2083 5571 2164 5642 k"
2195 5569 2418 5642 Spiritus
2448 5570 2582 5623 enim
2628 5571 2890 5642 igneus:
2912 5574 3181 5642 revertitur
3217 5588 3326 5626 om.
3373 5571 3434 5627 C.
3513 5572 3558 5602 "
3590 5572 3766 5640 Conj.,

518 5642 606 5693 AC
635 5659 825 5714 patrna.
847 5640 939 5714 mf’
974 5639 1063 5714 Sic
1089 5644 1161 5706 C;
1194 5643 1236 5695 A
1262 5659 1413 5714 nunc.
1488 5643 1531 5674 ³⁸
1560 5641 1604 5694 Α
1629 5637 1942 5714 describant.
2005 5641 2049 5675 ²⁹
2070 5637 2246 5711 Conj.,
2275 5643 2315 5697 C
2335 5652 2582 5710 quantum
2627 5637 2967 5694 inuisibilibus
3008 5640 3337 5714 imaginibus,
3375 5642 3420 5697 Δ
3439 5656 3582 5696 corr.
3603 5637 3771 5711 qua—n-

518 5719 625 5762 tum
644 5707 991 5767 inrisibilibus
1022 5710 1287 5774 imaqines.
1310 5773 1314 5777 ι
1361 5711 1405 5742 ³ο
1428 5722 1499 5766 est
1526 5726 1632 5766 om.
1656 5711 1716 5766 C.
