4236 6274
1297 409 1384 469 DE
1422 411 1760 471 DIVISIONE
1799 413 2148 472 NATUBAE.
2195 441 2267 456 --
2301 411 2506 470 LIBER
2543 411 2860 468 TERTIUS.

3587 415 3694 474 682

443 532 574 590 dum
603 540 619 572 ι
645 543 776 588 vero
805 543 904 601 per
935 525 1440 584 condescensionem
1473 527 1742 596 quandam
1773 525 2017 584 ineftabi-
2039 533 2092 592 Α
2115 527 2260 582 omni
2287 533 2534 580 creatura
2559 533 2614 578 et
2641 523 2788 578 circa
2833 537 3046 578 onmem
3095 533 3396 582 creaturam
3444 540 3472 578 a
3521 528 3692 595 quali-

445 623 608 682 bilem
633 623 690 678 in
717 637 804 687 ea,
825 635 962 693 quae
986 629 1130 684 sum,
1161 620 1356 674 tuentis
1407 621 1428 650 '
1480 619 1758 674 obtutibus
1805 621 2017 690 inspici-

445 721 556 780 tur,
585 712 696 782 ipsa
717 711 828 766 sola
857 711 910 766 in
933 709 1182 764 omnibus
1209 709 1480 762 invenitur
1521 708 1543 739 ³
1579 723 1720 772 esse,
1748 717 1804 762 et
1828 711 1932 772 est,
1963 716 2019 764 et

443 811 584 870 erat,
609 813 660 860 et
689 802 808 858 erit.
850 802 987 854 Dum
1009 815 1138 869 ergo
1167 799 1724 870 incomprehensibilis
1765 799 2016 868 intelligi-

444 899 552 956 tur,
595 905 693 961 per
723 889 1096 946 excellentiam
1135 887 1360 944 nihilum
1387 903 1494 942 non
1525 888 1794 944 immerito
1813 887 2020 942 vocita-

443 986 550 1036 tur.
597 978 668 1034 At
705 991 836 1033 vero
861 979 914 1032 in
943 977 1058 1032 suis
1087 977 1423 1044 theophaniis
1452 977 1710 1047 incipiens
1733 993 2014 1047 apparere,

440 1066 600 1124 veluti
633 1082 704 1122 ex
727 1067 896 1122 nihilo
946 1066 1000 1120 in
1040 1065 1062 1096 δ
1108 1065 1310 1136 aliquid
1355 1066 1552 1120 dicitur
1595 1067 1884 1135 procedere
1910 1107 1926 1132 ,
1961 1075 2020 1122 et

361 1211 366 1214 .
442 1173 582 1230 quae
631 1158 844 1228 proprie
873 1172 1036 1228 supra
1069 1171 1286 1212 omnem
1325 1157 1618 1212 essentiam
1657 1158 2016 1224 existimatur,

353 1233 377 1319 ’ᾖ
441 1250 660 1319 proprie
697 1262 911 1318 quoque
939 1247 996 1302 in
1029 1248 1178 1302 omni
1213 1249 1448 1302 essentia
1475 1249 1834 1317 cognoscitur.
1867 1249 2017 1304 ideo-

351 1337 374 1348 "
447 1353 552 1408 que
576 1338 756 1394 omnis
780 1337 1006 1394 visibilis
1056 1345 1112 1392 et
1145 1337 1424 1392 invisibilis
1468 1348 1714 1393 creatura
1759 1340 2020 1410 theOpha-

447 1429 560 1494 nia,
593 1429 646 1484 id
680 1437 782 1494 est,
817 1428 994 1484 divina
1023 1428 1288 1498 apparitio
1315 1435 1494 1497 potest
1517 1428 1796 1498 appellari.
1831 1429 2020 1486 Omnis

447 1517 710 1588 siquidem
736 1518 868 1574 ordo
893 1525 1205 1572 naturarum
1237 1534 1268 1572 a
1297 1533 1508 1574 summa
1545 1533 1716 1589 usque
1743 1521 2018 1588 deorsum,

447 1610 552 1678 hoc
595 1617 698 1672 est,
739 1625 808 1664 ex
837 1609 1161 1665 caelestibus
1203 1609 1454 1666 essentiis
1489 1625 1658 1681 usque
1684 1612 1752 1666 ad
1779 1619 2022 1667 extrema

443 1699 628 1754 mundi
656 1700 813 1770 hujus
851 1700 1080 1756 visibilis
1109 1715 1336 1771 corpora
1369 1703 1410 1769 ⁵,
1450 1703 1504 1758 in
1531 1712 1792 1773 quantum
1837 1703 2020 1758 occul-

441 1790 548 1846 tius
577 1791 597 1821 ⁸
625 1790 966 1862 intelligitur,
1015 1793 1070 1848 in
1103 1801 1308 1848 tantum
1335 1795 1549 1850 divinae
1573 1795 1801 1850 claritati
1829 1809 2024 1866 appro-

2119 633 2332 688 cunque
2359 617 2632 672 intellectu
2657 624 2835 685 potest
2863 615 3105 684 intelligi.
3150 617 3217 671 Et
3249 619 3496 688 quisquis
3526 619 3696 672 iuten-
3747 629 3764 644 τ’

2121 718 2205 763 tus
2247 691 2418 764 sancti
2463 707 2702 776 Dionysii
2747 707 2910 762 verba
2967 695 3282 776 inspexerit,
3333 709 3468 764 haec
3513 710 3586 764 ita
3639 724 3700 764 se

2117 799 2320 854 habere
2369 797 2626 854 inveniet.
2683 797 2762 852 Ex
2809 797 3005 868 quibus
3050 811 3196 852 nunc
3237 812 3406 867 pauca
3457 799 3698 856 inserere

2117 905 2224 946 non
2251 890 2608 960 incongruum
2645 889 2880 955 videtur,
2927 899 3141 958 etquae
3190 889 3243 944 in
3291 889 3562 960 prioribus
3601 907 3700 947 no-
3765 959 3769 964 ι

2115 989 2264 1036 strae
2289 979 2756 1036 sermocinationis
2791 979 3224 1049 processionibus
3267 994 3334 1034 ex
3381 979 3498 1049 ipso
3539 993 3699 1036 acco-

2117 1073 2316 1142 pimus,
2354 1073 2550 1128 iterum
2586 1080 2829 1140 repetere
2867 1071 2912 1104 ¹³
2947 1071 3310 1126 necessarium
3345 1071 3696 1142 iudicamus.

2119 1168 2246 1236 Age,
2275 1167 2468 1235 inquit,
2491 1167 2738 1236 optimum
2762 1174 2818 1220 ut
2845 1183 2979 1232 uere,
3015 1175 3062 1220 et
3091 1166 3424 1220 existentium
3465 1169 3700 1224 omnium

2118 1254 2534 1322 substantificum
2545 1255 2816 1308 laudemus
2828 1251 2964 1320 'ON,
2983 1255 3062 1309 sic
3073 1256 3218 1308 enim
3232 1257 3343 1326 ipse
3357 1257 3640 1329 Dionysius

2118 1352 2278 1398 vocat
2321 1342 2510 1406 Deum,
2553 1343 2708 1396 totius
2749 1359 2858 1398 esse
2907 1343 3190 1398 secundum
3241 1345 3478 1398 virtutem
3525 1363 3704 1416 super-

2119 1433 2444 1488 essentialem
2463 1440 2536 1486 est
2557 1433 2870 1487 substituens
2903 1449 3088 1498 causa,
3113 1441 3162 1486 et
3193 1431 3412 1488 Creator
3431 1435 3700 1490 existentis

2119 1523 2502 1587 subsistentiae,
2543 1523 2884 1587 substantiae,
2911 1523 3180 1586 essentiae,
3224 1531 3468 1590 naturae,
3510 1525 3704 1594 princi-

2120 1614 2262 1682 pium
2283 1621 2328 1666 et
2351 1627 2524 1665 mensa
2535 1617 2592 1664 'ra
2611 1610 2901 1664 seculorum
2921 1619 2969 1664 et
2990 1613 3296 1680 temporum,
3319 1611 3702 1678 essentialitas;

2122 1714 2170 1758 et
2203 1717 2220 1753 :
2251 1703 2528 1756 aeternitas
2549 1701 2898 1766 existentium,
2935 1711 3134 1770 tempus
3173 1701 3216 1734 "
3253 1701 3508 1769 factorum
3542 1740 3558 1766 ,
3591 1717 3704 1756 esse

2127 1801 2384 1862 utcunque
2405 1791 2556 1861 factis
2577 1807 2641 1844 ea:
2663 1807 2744 1856 eo,
2759 1791 2896 1860 quod
2919 1790 2964 1824 ⁸⁸
2983 1799 3056 1845 est
3077 1799 3366 1856 aeternum,
3385 1801 3436 1844 et
3455 1793 3700 1858 essentia,

441 1881 704 1952 piuquare
749 1882 980 1938 videtur.
1033 1883 1266 1940 Proinde
1307 1899 1338 1940 a
1395 1886 1660 1956 theologia
1705 1885 2018 1940 caelestium
2045 1882 2093 1942 B
2120 1890 2166 1936 et
2187 1879 2260 1946 ὅν,
2291 1890 2337 1934 et
2365 1891 2586 1950 tempus,
2613 1889 2660 1934 et
2683 1881 2966 1950 generatio,
3009 1889 3056 1934 et
3099 1881 3318 1948 factum,
3358 1882 3414 1934 in
3459 1882 3702 1936 existenti

442 1970 698 2024 virtutum
727 1970 1120 2027 inaccessibilis
1145 1973 1364 2029 claritas
1408 1989 1568 2044 saepe
1597 1976 1908 2031 nominatur
1940 1984 2018 2030 te-

446 2060 765 2116 nebrositas.
795 2059 906 2116 Nec
939 2061 1158 2127 mirum,
1189 2078 1312 2117 cum
1337 2073 1392 2117 et
1419 2063 1534 2132 ipsa
1563 2081 1770 2118 summa
1810 2065 2020 2134 sapien-

447 2149 542 2218 tia,
568 2151 652 2208 cui
679 2153 1140 2224 appropinquant,
1159 2154 1482 2225 saepissime
1532 2154 1876 2212 tenebrarum
1929 2171 2024 2210 vo-

443 2243 634 2320 cabulo
674 2245 1022 2315 signiﬁcetur.
1075 2246 1212 2301 Audi
1261 2246 1600 2302 Psalmistam
1639 2267 1652 2302 :
1702 2248 1839 2314 Quia
1885 2251 2024 2304 sicut

447 2335 681 2389 tenebrae
703 2337 836 2405 ejus,
861 2339 932 2392 ita
954 2349 1002 2392 et
1025 2337 1198 2394 lumen
1217 2340 1352 2408 ejus.
1391 2341 1472 2396 Ac
1493 2341 1538 2395 si
1563 2353 1750 2410 aperte
1775 2342 1979 2396 diceret
2005 2361 2015 2395 :

450 2422 652 2478 Tantus
685 2436 767 2479 est
795 2426 1006 2481 divinae
1032 2426 1286 2482 bonitatis
1312 2429 1581 2498 Splendor,
1611 2441 1670 2486 ut
1697 2447 1804 2486 non
1839 2433 2021 2487 imme-

449 2515 553 2570 rito
581 2515 882 2572 volentibus
915 2533 1035 2572 eum
1065 2520 1436 2588 contemplari,
1479 2531 1536 2578 et
1575 2538 1682 2578 non
1723 2525 2024 2581 valentibus

448 2617 689 2662 vertatur
721 2610 776 2662 in
813 2609 1080 2666 tenebras.
1137 2609 1292 2665 Solus
1319 2613 1484 2677 enim,
1515 2623 1576 2666 ut
1603 2616 1680 2669 ait
1718 2615 2019 2686 Apostolus.

444 2696 850 2754 inaccessibilem
875 2700 1102 2768 possidet
1142 2700 1328 2755 lucem.
1381 2703 1438 2756 In
1475 2714 1734 2773 quantum
1765 2723 1888 2762 vero
1912 2709 2024 2763 lon-

443 2787 560 2858 gius
585 2790 718 2846 ordo
753 2805 938 2846 rerum
965 2789 1214 2846 deorsum
1247 2793 1544 2860 descendit,
1573 2796 1628 2849 in
1661 2805 1864 2852 tantum
1891 2813 2020 2853 con-

447 2878 812 2948 templantium
839 2882 1116 2938 obtutibus
1159 2883 1496 2940 manifestius
1537 2900 1594 2940 se
1639 2888 1828 2956 aperit.
1875 2887 2022 2943 Ideo-

449 2984 552 3038 que
576 2970 597 3002 τ
640 2970 846 3028 formae
885 2988 950 3028 ac
985 2976 1192 3045 species
1212 2991 1392 3032 rerum
1421 2977 1749 3032 sensibilium
1797 2981 2021 3034 manife-

449 3061 808 3120 stissimarum
839 3066 1284 3136 theophaniarum
1319 3070 1340 3100 ⁸
1379 3085 1568 3125 nomen
1599 3072 1886 3141 accipiunt.
1933 3074 2023 3126 Di-

449 3155 574 3210 vina
603 3155 766 3240 igitur
787 3157 1017 3225 bonitas,
1047 3175 1184 3228 quae
1223 3170 1500 3232 propterea
1528 3165 1751 3218 nihilum
1801 3167 2016 3231 dicitur,

2123 1972 2490 2036 essentialitas,
2526 1981 2574 2028 et
2615 1983 2873 2042 utcunque
2932 1972 3260 2026 subsistentia
3301 1981 3350 2026 et
3389 1975 3702 2028 substantia.

2124 2063 2334 2118 Etenim
2377 2063 2519 2117 Deus
2543 2079 2646 2116 non
2667 2063 2792 2116 dum
2815 2071 2889 2116 est
2933 2059 3005 2126 ὅν,
3031 2063 3119 2116 sed
3141 2061 3442 2131 simpliciter
3479 2073 3526 2116 et
3549 2066 3710 2118 incir-

2123 2155 2387 2220 cumﬁnite
2429 2163 2595 2208 totum
2623 2155 2676 2208 in
2697 2171 2750 2208 se
2769 2154 2880 2222 ipso
2919 2153 3232 2218 coambiens,
3271 2154 3488 2222 proinde
3525 2171 3708 2210 cures;

2123 2249 2319 2302 dicitur
2349 2246 2643 2302 seculorum
2669 2246 2730 2310 ι’,
2763 2255 3010 2316 tanquam
3035 2247 3088 2300 in
3109 2245 3380 2314 semetipso
3403 2247 3468 2312 ³⁸,
3495 2257 3542 2300 et
3568 2250 3707 2302 circa

2123 2341 2346 2408 seipsum
2373 2340 2532 2394 totius
2559 2355 2666 2392 esse
2695 2349 2740 2392 et
2780 2338 2824 2370 “
2849 2339 3114 2392 existentis
3135 2337 3456 2392 substitutor.
3513 2339 3582 2393 Et
3619 2358 3710 2395 ne-

2121 2446 2220 2499 que
2241 2439 2374 2493 erat,
2403 2445 2562 2498 neque
2590 2430 2708 2494 erit,
2731 2445 2892 2497 neque
2919 2429 3088 2496 factus
3115 2438 3210 2494 est,
3241 2445 3404 2500 neque
3432 2430 3516 2498 fit,
3542 2413 3706 2502 neque

2122 2519 2232 2589 ﬁet,
2272 2520 2436 2588 magis
2467 2531 2640 2574 autent
2669 2535 2828 2588 neque
2852 2529 2950 2582 est,
2973 2520 3062 2574 sed
3087 2521 3194 2588 ipse
3217 2531 3291 2574 est
3335 2539 3444 2576 esse
3487 2524 3708 2578 existen-

2125 2614 2282 2676 tibus,
2319 2622 2368 2668 et
2409 2629 2514 2668 non
2553 2613 2824 2668 existentia
2867 2611 3056 2677 solum,
3104 2613 3194 2666 sed
3236 2614 3462 2684 idipsum
3507 2617 3550 2648 ²²
3597 2633 3710 2671 esse

2122 2705 2450 2760 eminentium
2475 2721 2540 2758 ea:
2565 2715 2684 2758 ante
2721 2705 3054 2760 aeternaliter
3091 2707 3360 2764 existente.
3410 2708 3530 2777 Ipse
3567 2710 3708 2762 enim

2123 2806 2198 2850 est
2235 2794 2468 2850 seculum
2507 2793 2822 2859 seculorum,
2863 2795 3144 2851 subsistens
3187 2807 3310 2852 ante
3347 2797 3543 2862 secula,
3581 2800 3708 2868 quia

2125 2885 2362 2938 omnibus
2383 2884 2718 2940 existentibus
2741 2894 2786 2938 et
2805 2885 2992 2939 seculis
3017 2903 3126 2940 esse
3143 2903 3208 2942 ea:
3227 2888 3524 2955 providente
3541 2899 3636 2954 est,
3655 2897 3708 2943 et

2124 2993 2274 3032 autne
2299 2977 2508 3047 quidem
2531 2976 2762 3032 secutum
2785 2987 2832 3030 et
2858 2987 3056 3048 tempus
3077 2995 3140 3032 ea:
3173 2979 3285 3048 ipso
3323 2980 3484 3034 totius
3522 2979 3705 3045 seculi,

2125 3077 2172 3120 et
2195 3068 2462 3135 temporis,
2489 3077 2540 3121 et
2570 3069 2736 3122 omnis
2763 3077 3022 3139 utcunque
3041 3069 3331 3136 existentis,
3355 3070 3446 3140 qui
3481 3082 3556 3125 est
3587 3064 3708 3126 ante

2125 3159 2296 3214 omnia
2323 3159 2370 3191 ’³
2391 3157 2464 3225 ὅν,
2490 3161 2798 3230 principium
2821 3171 2868 3216 et
2889 3177 3070 3226 causa,
3081 3170 3130 3215 et
3157 3163 3330 3216 omnia
3355 3163 3522 3232 ipsum
3543 3165 3708 3232 parti-

448 3239 703 3316 quonlam
733 3248 874 3304 ultra
898 3251 1096 3316 omnia,
1137 3265 1275 3320 quae
1303 3261 1508 3310 suntet
1534 3269 1672 3323 quae
1715 3273 1818 3312 non
1873 3267 2018 3325 sum,
2049 3239 2093 3302 C
2125 3251 2320 3320 cipant,
2343 3261 2390 3304 et
2411 3268 2442 3304 a
2471 3250 2616 3306 nullo
2635 3251 2964 3306 eminentium
3003 3252 3218 3318 recedit,
3257 3261 3306 3306 et
3351 3254 3460 3322 ipse
3483 3263 3560 3308 est
3585 3265 3706 3310 ante

447 3338 502 3392 in
543 3339 684 3394 nulla
731 3343 960 3398 essentia
1001 3343 1288 3411 invenitur,
1337 3361 1404 3402 ex
1449 3349 1734 3418 negatione
1781 3353 2020 3406 omnium

443 3431 796 3486 essentiarum
849 3432 904 3486 in
956 3431 1360 3492 aflirmationem
1429 3439 1592 3494 totius
1655 3441 2022 3496 universitatis

442 3519 708 3576 cssentiae
732 3536 764 3576 a
793 3537 854 3578 se
881 3522 994 3593 ipsa
1019 3524 1076 3578 in
1101 3540 1162 3580 se
1185 3526 1356 3596 ipsam
1399 3529 1696 3594 descendit,
1740 3531 1904 3586 veluti
1949 3547 2019 3588 ex

442 3616 608 3674 nihilo
625 3617 1006 3689 inaliquid,.ex
1028 3619 1468 3679 inessentialitate
1487 3625 1540 3678 in
1561 3626 2018 3693 essentialitatem,

441 3725 509 3766 ex
537 3710 870 3768 iniormitate
905 3713 960 3767 in
1007 3713 1210 3771 formas
1251 3716 1672 3774 innumerabiles
1717 3725 1772 3772 et
1792 3720 2016 3788 species.

443 3799 626 3856 Prima
663 3802 684 3832 ’
723 3803 986 3872 siquidem
1017 3805 1182 3873 ipsius
1213 3809 1515 3876 progressio
1555 3809 1608 3862 in
1642 3809 2020 3877 primordiales

447 3906 644 3948 causas
671 3893 736 3958 η,
781 3893 834 3948 in
880 3896 1076 3964 quibus
1115 3898 1198 3964 ﬁt,
1251 3899 1415 3954 veluti
1466 3900 1709 3956 informis
1756 3903 2020 3974 quaedam

443 3981 674 4036 materia
699 3997 730 4037 a
757 3982 1032 4053 Scriptura
1057 3985 1281 4054 dicitur;
1333 3991 1558 4046 materia
1604 3993 1838 4061 quidem,
1893 3994 2020 4063 quia

441 4068 658 4128 initium
687 4082 772 4128 est
798 4076 840 4108 “
869 4076 1134 4132 essentiae
1173 4092 1376 4144 rerum,
1417 4079 1664 4136 informis
1696 4096 1846 4148 vero,
1892 4083 2020 4152 quia

441 4160 762 4218 informitati
795 4165 1008 4222 divinae
1048 4169 1342 4237 sapientiae
1379 4170 1622 4240 proxima
1667 4180 1770 4228 est.
1828 4173 2018 4229 Divina

441 4264 620 4310 autem
654 4255 916 4326 sapientia
947 4258 1192 4316 informis
1233 4269 1380 4318 recte
1427 4263 1471 4295 η
1515 4262 1732 4328 dicitur,
1780 4265 1904 4333 quia
1949 4266 2018 4322 ad

443 4344 638 4398 nullam
667 4344 1253 4420 formamtsuperiorem
1283 4367 1344 4408 se
1369 4352 1436 4408 ad
1465 4351 1838 4410 formationem
1865 4369 2017 4409 suam

443 4440 804 4504 convertitur;
837 4451 922 4498 est
956 4443 1100 4496 enim
1124 4445 1362 4498 omnium
1405 4445 1702 4500 formarum
1749 4446 2018 4502 infinitum

443 4528 750 4596 exemplar;
803 4540 858 4586 et
892 4533 1018 4586 dum
1045 4533 1320 4589 descendit
1347 4535 1402 4590 in
1447 4535 1686 4591 diversas
1726 4537 2018 4592 visibilium

2123 3343 2319 3406 omnia,
2365 3351 2412 3396 et
2455 3344 2632 3396 omnia
2671 3343 2726 3396 in
2763 3359 2817 3398 se
2853 3343 3160 3406 constituit;
3219 3353 3270 3398 et
3313 3343 3616 3413 simpliciter
3657 3346 3708 3399 si

2119 3435 2244 3505 quid
2273 3435 2318 3464 “
2345 3443 2602 3505 utcunque
2619 3442 2693 3490 est
2718 3435 2776 3488 in
2812 3443 2932 3488 ante
2953 3435 3222 3499 existente,
3247 3443 3295 3489 et
3315 3443 3410 3498 est,
3437 3444 3486 3489 et
3511 3435 3706 3490 intellia

2119 3527 2281 3597 gitur,
2309 3535 2356 3582 et
2391 3527 2644 3581 saluatur.
2690 3526 2758 3580 Et
2781 3526 2940 3595 paulo
2969 3535 3089 3597 post
3113 3527 3542 3596 primordialium
3568 3543 3702 3582 cau-

2121 3631 2304 3674 sarum
2353 3616 2783 3688 explanationem
2829 3618 3012 3683 addit,
3069 3618 3301 3674 dicens:
3345 3617 3480 3673 Esse
3529 3629 3704 3673 autem

2120 3709 2291 3778 ipsum
2316 3709 2648 3764 existentibus
2671 3709 2909 3764 omnibus
2935 3725 3201 3780 nunquam
3223 3710 3498 3773 deseritur,
3525 3711 3697 3780 ipsum

2123 3815 2242 3853 vero
2264 3814 2372 3852 esse
2395 3815 2460 3852 ea:
2485 3808 2603 3854 ante
2621 3801 2888 3867 existente,
2912 3812 2957 3854 et
2983 3801 3048 3854 ab
3078 3802 3192 3871 ipso
3213 3810 3287 3855 est
3315 3818 3444 3866 esse,
3482 3811 3530 3855 et
3553 3803 3702 3871 prin-

2121 3888 2332 3958 cipium,
2359 3896 2410 3942 et
2434 3905 2680 3944 mensura
2713 3901 2834 3944 ante
2873 3892 3145 3944 essentiam
3164 3887 3302 3956 ὍΝ,
3348 3901 3396 3944 et
3446 3907 3549 3946 non
3597 3893 3706 3960 ipse

2120 3993 2247 4043 esse,
2273 3988 2322 4032 et
2351 3994 2470 4034 cum
2491 3981 2640 4034 habet
2667 3997 2796 4046 esse,
2823 3993 2870 4035 et
2893 3981 2964 4045 ὄν,
2989 3993 3036 4036 et
3055 3983 3342 4048 existentis,
3373 3992 3420 4036 et
3443 3983 3624 4046 seculi,
3653 3993 3704 4036 et

2122 4070 2352 4124 omnium
2393 4069 2810 4138 substantiﬁcum
2851 4072 3163 4140 principium
3187 4112 3202 4134 ,
3248 4080 3296 4124 et
3336 4072 3609 4136 medietas,
3651 4083 3703 4140 et

2121 4161 2518 4214 consummatio.
2559 4159 2629 4212 Et
2652 4137 2936 4230 propterea
2959 4137 3028 4214 ab
3053 4161 3272 4231 eloquiis
3295 4161 3402 4227 ipse
3432 4175 3544 4214 vere
3583 4137 3704 4215 anle

2119 4247 2174 4305 ὅν
2219 4248 2376 4318 juxta
2415 4264 2620 4302 omnem
2659 4249 2988 4304 existentium
3027 4248 3422 4318 intelligentiam
3453 4248 3704 4319 multipli-

2121 4349 2290 4394 catur.
2332 4337 2400 4392 Et
2437 4339 2575 4408 quod
2604 4349 2714 4392 erat
2737 4341 2791 4392 in
2821 4340 2954 4408 ipso,
2985 4347 3034 4392 et
3055 4339 3195 4408 quod
3217 4349 3311 4404 est,
3335 4349 3382 4394 et
3405 4339 3545 4407 quod
3578 4339 3697 4404 erit,

2120 4440 2167 4486 et
2202 4431 2340 4501 quod
2385 4430 2582 4500 factum
2617 4439 2712 4494 est,
2751 4439 2800 4484 et
2839 4429 2918 4496 ﬁt,
2960 4441 3006 4482 et
3039 4429 3148 4497 ﬁet,
3184 4431 3390 4499 proprie
3425 4428 3696 4484 laudatur.

2123 4519 2268 4574 Haec
2297 4522 2434 4574 enim
2469 4519 2646 4572 omnia
2689 4518 2934 4572 divinitus
2971 4518 3372 4588 intelligentibus
3413 4518 3700 4573 secundum

437 4623 498 4674 et
521 4591 868 4674 iuviSEbilium
895 4619 1122 4688 formas,
1153 4623 1218 4676 ad
1245 4637 1304 4677 se
1329 4623 1500 4692 ipsam
1525 4624 1690 4679 veluti
1717 4625 1783 4679 ad
1813 4591 2013 4682 forma-
2041 4591 2095 4652 D
2119 4635 2320 4673 omnem
2344 4617 2392 4649 ²⁵
2419 4616 2842 4686 excogitationem
2865 4617 3031 4684 ipsum
3059 4614 3560 4685 superessentialiter
3589 4631 3700 4668 esse

435 4707 636 4766 tionem
679 4723 830 4764 mam
859 4711 1100 4780 respicit.
1151 4711 1383 4768 Proinde
1405 4713 1584 4770 divina
1614 4715 1824 4772 bonitas
1851 4731 2012 4786 super

433 4800 620 4854 omnia
641 4801 984 4858 considerata
1008 4800 1208 4856 dicitur
1229 4816 1336 4856 non
1361 4817 1500 4868 esse,
1538 4812 1594 4860 et
1633 4800 1852 4860 omnino
1873 4784 2010 4860 nihil

435 4901 580 4958 esse,
609 4892 662 4946 in
693 4893 948 4950 omnibus
975 4907 1108 4948 vero
1127 4903 1184 4950 et
1203 4901 1288 4950 est
1319 4894 1360 4926 "
1387 4903 1442 4952 et
1468 4895 1664 4951 dicitur
1701 4909 1840 4962 esse,
1870 4913 2006 4966 quo-

439 4985 588 5040 niam
617 4989 777 5044 totius
813 4990 1180 5046 universitatis
1207 4992 1438 5046 essentia
1465 4999 1568 5054 est,
1600 4997 1654 5044 et
1689 4992 2006 5056 substantia,

435 5085 498 5132 et
513 5089 702 5147 gestus,
737 5088 792 5134 et
813 5081 1044 5151 species,
1080 5083 1426 5151 et-quatitas,
1447 5088 1502 5136 et
1527 5080 1800 5150 quantitas
1845 5081 1910 5146 ⁸⁸,
1954 5090 2009 5136 et

433 5165 682 5222 omnium
717 5171 928 5240 copula,
973 5179 1031 5226 et
1069 5172 1226 5237 situs,
1271 5178 1328 5226 et
1356 5170 1592 5235 habitus,
1641 5177 1694 5224 et
1739 5168 1908 5234 locus,
1953 5177 2008 5224 et

434 5261 670 5326 tempus,
695 5265 752 5312 et
773 5259 934 5326 actio,
959 5267 1014 5315 et
1039 5259 1236 5330 passio,
1269 5267 1326 5316 et
1349 5273 1526 5325 omne,
1569 5257 1922 5327 quodcunque
1953 5256 2008 5312 in

2115 4710 2430 4781 signiﬁcant,
2465 4718 2514 4762 et
2542 4707 2732 4778 ubique
2771 4707 3102 4760 eminentium
3147 4706 3434 4760 causalem.
3489 4705 3697 4758 Etenim

2115 4816 2276 4870 neque
2299 4799 2508 4869 quidem
2539 4807 2612 4852 est
2647 4797 2764 4862 hoc,
2813 4795 2908 4850 hoc
2947 4805 3120 4849 autem
3163 4813 3264 4850 non
3301 4805 3399 4860 est,
3431 4811 3594 4865 neque
3625 4795 3698 4848 ibi

2111 4893 2318 4963 quidem
2337 4901 2436 4955 est,
2459 4889 2530 4943 ibi
2557 4897 2730 4944 autem
2746 4903 2848 4941 non
2867 4895 2974 4952 est;
3001 4886 3092 4942 sed
3119 4887 3296 4941 omnia
3317 4897 3414 4952 est,
3434 4895 3480 4940 et
3509 4901 3696 4938 causa-

2101 4981 2175 5040 lis
2191 4982 2438 5046 omnium,
2455 4981 2694 5048 etinipso
2712 4979 2884 5032 omnia
2901 4978 3158 5047 principia
3175 5019 3192 5042 ,
3208 4994 3384 5031 omnes
3411 4974 3696 5030 conclauia-

2112 5089 2220 5138 nes,
2244 5072 2418 5124 omnia
2435 5070 2708 5124 existentia
2727 5069 3042 5130 coambiens,
3065 5075 3112 5120 et
3124 5067 3394 5134 perlubens
3417 5065 3462 5096 "
3479 5103 3497 5130 ,
3525 5075 3574 5118 et
3603 5081 3694 5118 su-

2111 5177 2204 5231 per
2223 5161 2396 5214 omnia
2408 5167 2502 5224 est,
2517 5167 2574 5212 ut
2589 5166 2707 5212 ante
2721 5157 2896 5212 omnia
2921 5152 3417 5226 superessentialiter
3437 5168 3592 5220 super
3614 5150 3690 5208 ὅν.

2185 5250 2274 5306 20.
2307 5248 2563 5319 Quisquis
2586 5250 2776 5304 borum
2804 5244 3367 5314 verborum1virtutem
3395 5254 3687 5311 perspexe-

1700 5369 1953 5428 VARIAE
2013 5368 2412 5428 LECTIONES.

507 5489 524 5520 ι
547 5483 592 5538 Α
614 5501 754 5540 cum.

839 5487 860 5518 ⁸
885 5485 992 5542 Pro
1013 5489 1196 5544 mentis
1226 5488 1269 5541 A
1291 5485 1486 5540 multis.
1565 5485 1586 5518 ³
1609 5483 1650 5538 Α
1676 5484 1934 5538 invenitur
1971 5483 2028 5537 in
2079 5481 2336 5536 omnibus.
2414 5480 2437 5513 ⁵
2463 5481 2519 5535 in
2539 5495 2646 5535 om.
2671 5478 2738 5532 A.
2757 5543 2777 5544 ί
2813 5476 2836 5509 ⁵
2859 5491 3075 5544 corpora
3114 5487 3224 5544 om.
3250 5470 3351 5544 ᾼι-
3389 5468 3410 5499 ⁸
3440 5469 3482 5524 Α
3512 5469 3690 5544 occul-

433 5561 546 5626 tus.
615 5555 636 5586 ⁷
671 5555 716 5608 Δ
741 5539 910 5610 Ideo:
934 5539 946 5542 —
968 5539 994 5591 ί
1016 5539 1568 5626 Ᾰ-ἦίῶιέίεέτῖὲείὶηαηι
1617 5555 1996 5626 theophaniam.
2032 5623 2043 5626 _
2071 5551 2094 5584 ⁹
2119 5551 2633 5626 in‘essentialitatem
2653 5577 2723 5588 —-
2745 5539 3068 5626 Primaioni.
3101 5541 3167 5596 A.
3211 5540 3292 5626 -.ξ’
3318 5539 3422 5626 Pro
3461 5541 3688 5626 primor-

435 5623 600 5677 diales
627 5641 818 5680 causas
847 5627 894 5680 Α
919 5643 999 5680 ea.
1079 5630 1118 5660 ι’
1149 5629 1192 5680 Α
1223 5623 1294 5680 est
1323 5627 1547 5680 initium.
1625 5625 1669 5657 ¹¹
1701 5623 1834 5677 recte
1877 5639 1984 5677 om.
2018 5623 2082 5677 Α.

1732 5695 1774 5726 ¹τ
1798 5693 1842 5747 Α
1871 5701 2175 5762 temporum.

427 5751 481 5795 ³⁸
510 5773 556 5815 et
593 5751 702 5820 om'.
729 5765 794 5819 C.
866 5767 912 5799 “
937 5765 979 5820 Α
1002 5751 1189 5836 ipsum.
1267 5751 1312 5802 ἷτ
1335 5768 1506 5820 omnia
1531 5781 1638 5819 om.
1669 5765 1732 5818 Δ.
1803 5763 1848 5795 ³⁵
1877 5764 1920 5815 A
1951 5751 1996 5816 si
2016 5764 2148 5832 quis.
2223 5761 2270 5792 "
2299 5758 2340 5812 ϐ
2368 5751 2615 5812 omnium.
2695 5757 2741 5788 "
2767 5755 2808 5810 C
2833 5753 3170 5808 praeltabens.

437 5691 482 5765 ff
509 5691 552 5746 Α
576 5694 821 5764 recipere.
907 5696 954 5728 “
987 5697 1093 5765 ipse
1133 5699 1413 5765 Dionysius
1443 5711 1549 5748 om.
1583 5697 1644 5748 A.

2159 5621 2204 5652 “
2233 5621 2354 5690 Pro,
2379 5631 2428 5674 et
2463 5629 2535 5673 est
2583 5619 2628 5690 Α
2651 5633 2777 5690 esse.
2847 5613 2900 5690 _“
2927 5613 2970 5667 Α
2991 5622 3038 5668 et
3055 5609 3686 5690 quantitasft‘qualitas.

2258 5691 2302 5722 ³³
2327 5689 2366 5744 C
2394 5691 2501 5758 qui.
2582 5689 2624 5722 η
2651 5683 3010 5758 Αγρεςυιοναζη
3031 5679 3244 5758 dicitur.
3332 5681 3376 5711 “
3405 5679 3446 5732 A
3475 5695 3528 5732 se
3550 5679 3686 5748 ipso.
