4236 6274
554 381 669 442 ωδ

1937 373 2221 435 ,ΙΟΛΝΝΙΒ
2257 372 2452 433 SCO’H

566 499 656 558 rit,
704 496 781 552 nil
822 494 964 551 aliud
1010 496 1242 565 reperiet
1275 495 1524 559 suadere,
1563 494 1730 548 immo
1752 493 1917 547 etiam
1958 489 1979 522 ⁸
2008 504 2137 561 pro-
2164 489 2219 552 Δ
2243 484 2390 540 labi“
2442 488 2615 558 gratia
2667 486 2876 541 aeterni
2930 485 3146 541 luminis
3200 486 3461 544 mmet.
3517 488 3599 545 ml
3658 496 3821 561 quam

567 589 844 651 nunciam,
865 584 967 640 nisi
993 586 1167 653 ipsum
1195 587 1359 641 Deum
1406 586 1643 640 omnium
1690 585 1948 639 factorem
1997 599 2135 646 esse,

563 687 620 732 et
648 680 699 732 in
728 676 979 732 omnibus
1015 678 1243 742 factum;
1278 686 1332 731 et
1357 678 1483 731 dum
1512 690 1675 747 super
1698 676 1877 732 omnia
1925 679 2141 748 quaeri-

552 780 672 834 ~tur,
696 770 748 823 in
776 769 919 824 nulla
941 770 1172 824 essentia
1200 769 1471 823 invenitur
1500 771 1552 835 ’ς
1584 769 1820 824 nondum
1868 770 2012 823 enim
2055 776 2139 825 est

561 873 712 923 esse;
744 858 871 913 dum
907 872 1038 914 vero
1064 860 1118 912 in
1141 858 1389 913 omnibus
1441 856 1773 929 intelligitur,
1822 859 1898 913 nil
1956 860 2010 913 in
2058 860 2139 915 eis

554 950 667 1004 nisi
691 950 839 1005 scius
864 950 977 1019 ipse
1005 950 1268 1004 subsistit.
1320 950 1387 1003 Et
1435 962 1609 1020 neque
1657 959 1741 1006 est
1786 952 1907 1015 hoc,
1954 959 2014 1005 ut
2064 951 2141 1006 ait

562 1041 673 1107 ille,
706 1042 807 1096 Ime
829 1050 1008 1095 autem
1036 1056 1144 1096 non
1182 1048 1286 1107 est,
1321 1042 1412 1096 sed
1446 1041 1626 1096 omnia
1653 1051 1754 1095 est.
1814 1043 2045 1096 Proinde
2070 1052 2138 1098 ex

560 1130 1113 1200 superessentialitate
1171 1145 1303 1186 suae
1359 1142 1627 1195 naturae,
1681 1132 1735 1185 in
1789 1142 1892 1201 qua
1943 1132 2142 1186 dicitur

562 1236 669 1276 non
716 1235 871 1284 esse,
914 1222 1148 1291 primum
1191 1220 1558 1286 descendens,
1605 1223 1660 1275 in
1705 1221 2140 1289 prinmrdialibus

560 1305 740 1365 causis
767 1310 789 1344 ⁸
815 1326 848 1365 a
873 1325 932 1366 se
963 1310 1079 1380 ipso
1104 1320 1338 1374 creatur,
1400 1321 1456 1365 et
1494 1309 1556 1364 iit
1596 1309 1921 1379 principium
1964 1308 2141 1363 omnis

558 1398 850 1464 essentiae,
888 1399 1065 1453 omnis
1092 1400 1254 1463 vitae,
1280 1401 1457 1454 omnis
1491 1398 1895 1469 intelligentiae,
1928 1406 1985 1452 et
2026 1413 2141 1452 om-

560 1489 733 1553 nium,
757 1504 894 1557 quae
936 1489 991 1543 in
1032 1489 1467 1560 primordiaiibus
1512 1490 1692 1544 causis
1729 1489 1969 1558 gnostica
2014 1502 2142 1543 con-

560 1577 811 1632 siderat‘
832 1579 1062 1633 'tlteoria.
1126 1579 1329 1634 Deinde
1356 1594 1422 1634 ex
1458 1578 1899 1649 primordialibus
1937 1578 2140 1646 causis,

552 1685 701 1739 quae
729 1672 1071 1727 medietatem
1096 1673 1364 1741 quandam
1393 1674 1536 1728 inter
1561 1673 1725 1728 Deum
1754 1682 1811 1729 et
1838 1684 2142 1729 creaturam

556 1763 824 1829 obtinent,
855 1766 957 1819 hoc
981 1773 1085 1829 est,
1112 1765 1253 1820 inter
1273 1765 1419 1820 illam
1446 1766 1770 1823 iueﬂ‘abiiem
1798 1780 2143 1836 superessen~

2241 578 2501 633 visionem
2548 578 2839 631 humanam
2882 585 3127 631 naturam
3156 578 3416 633 reducere
3456 577 3552 634 Dei
3584 574 3822 640 Verm-

2228 670 2578 725 -incarnatum
2605 668 2912 732 descendit,
2942 667 3112 738 ipsam
3136 668 3287 737 prius
3315 668 3727 740 lapsam,'quam
3750 672 3823 732 el

2232 763 2523 830 pristinum
2573 770 2771 816 statum
2815 771 3128 825 revocaret,
3159 761 3462 829 accipiens,
3502 762 3820 823 delictorum

2234 854 2459 909 vulnera
2521 868 2758 918 sanans,
2819 853 3074 907 falsarum
3133 852 3541 922 pbuutasiarum
3601 856 3822 915 umbras

2236 947 2579 1016 extinguens,
2607 946 2794 1000 oculos
2825 944 3020 999 mentis
3053 945 3325 1014 aperiens,
3354 945 3591 1014 seipsum
3618 940 3673 1001 in
3700 960 3819 1004 omi-

2238 1036 2399 1090 nibus
2434 1037 2542 1099 his,
2571 1036 2662 1106 qui
2709 1036 2853 1105 digni
2890 1044 3017 1091 sunt
3054 1034 3149 1089 tali
3177 1036 3412 1102 visione,
3440 1036 3815 1097 manifestans.

2236 1127 2385 1181 Dleo.
2417 1125 2563 1181 Haec
2591 1128 2759 1180 ardua
2790 1126 2942 1181 valde
2970 1134 3117 1188 sunt,
3143 1137 3201 1183 et
3227 1143 3257 1181 a
3289 1128 3539 1185 sensibus
3567 1142 3819 1199 corpora-

2234 1216 2310 1271 iia
2348 1226 2403 1270 et
2444 1216 2676 1270 visibilis
2725 1217 3081 1286 cogitantium
3116 1223 3355 1283 remota;
3406 1217 3491 1272 bis
3529 1226 3692 1284 vero,
3727 1220 3818 1288 qui

2236 1322 2402 1378 super
2419 1308 2649 1362 visibilia
2665 1349 2679 1371 ,
2703 1312 2759 1361 et
2788 1306 3100 1378 temporalia
3124 1306 3175 1339 “
3188 1308 3545 1378 spirituaiiter
3562 1309 3618 1364 in
3637 1309 3819 1379 cogni-

2236 1402 2440 1456 tionem
2464 1401 2712 1457 veritatis
2748 1402 3081 1465 ascendunt,
3114 1401 3396 1457 verissime
3428 1411 3485 1459 et
3513 1399 3819 1461 dulcissime

2238 1492 2565 1548 clarescunt.
2599 1485 2730 1560 Quis
2756 1494 2903 1547 enim
2927 1493 3219 1548 carnaliter
3251 1494 3567 1559 viventium,
3592 1495 3833 1552 claram-'

2239 1598 2346 1653 que
2385 1582 2432 1618 ⁸⁸
2482 1584 2777 1652 sapientiae
2828 1581 3002 1639 lucem
3051 1598 3274 1639 cernere
3323 1585 3647 1651 nolentium,
3695 1586 3816 1642 tatis

2238 1675 2487 1740 audiens,
2536 1690 2641 1729 non
2688 1675 2942 1730 continuo
2975 1683 3256 1744 erumpat,
3301 1683 3358 1730 et
3406 1675 3598 1730 clamet
3622 1675 3701 1730 ηε
3733 1674 3819 1731 ln-

2240 1766 2478 1829 saniunt,
2513 1765 2604 1835 qui
2636 1763 2768 1819 haec
2798 1765 3000 1820 dicunt.
3043 1765 3324 1833 Quomodo
3348 1765 3494 1821 enim
3523 1781 3677 1837 supra
3704 1782 3820 1822 om;-

556 1852 840 1908 ‘tialitatem
870 1868 1034 1925 super
1060 1870 1274 1910 omnem
1317 1856 1644 1911 intellectum
1666 1898 1681 1921 ,
1714 1868 1767 1912 et
1802 1858 2140 1913 manifestam
2171 1836 2217 1897 Ι
2244 1854 2331 1908 nia
2386 1854 2526 1908 Deus
2569 1854 2852 1908 invisibilis
2872 1895 2886 1918 ,
2938 1854 3293 1921 incorporalis
3315 1895 3329 1919 ,
3376 1836 3818 1925 incorruptibilie,

560 1944 983 2001 substantialiter
1008 1956 1254 2002 naturam
1280 1949 1430 2018 puris
1458 1952 1652 2005 animis
1677 1952 2019 2020 conspicuam
2052 1951 2145 2005 de-

559 2038 823 2092 scendens
868 2039 919 2093 in
952 2038 1229 2096 edectibus
1271 2042 1508 2111 ipsarum
1548 2043 1641 2108 iit,
1671 2053 1725 2097 et
1767 2043 2050 2097 manifeste
2087 2044 2142 2098 in

561 2130 903 2199 theophaniis
949 2134 1060 2188 suis
1106 2133 1362 2202 aperitur.
1412 2135 1610 2189 Deinde
1654 2149 1752 2203 per
1820 2135 2143 2204 multiplices

558 2220 845 2275 effectnum
874 2222 1091 2283 formas,
1116 2238 1289 2294 usque
1311 2225 1376 2277 ad
1403 2233 1704 2279 extremum
1728 2226 1891 2279 totius
1920 2235 2145 2279 naturae

556 2311 833 2376 ordinem,
860 2327 969 2381 quo
995 2327 1222 2383 corpora
1267 2317 1632 2377 continentur,
1662 2315 1922 2384 procedit.
1950 2315 2026 2369 Ac
2064 2316 2144 2369 sic

559 2404 806 2459 ordinate
834 2405 886 2459 in
916 2406 1092 2459 omnia
1131 2407 1456 2476 proveniens
1485 2406 1611 2461 facit
1650 2406 1861 2472 omnia,
1895 2415 1950 2460 et
1993 2406 2051 2459 fit
2087 2407 2142 2461 in

560 2495 812 2550 omnibus
832 2496 1038 2560 omnia,
1062 2505 1117 2551 et
1145 2498 1198 2550 in
1227 2511 1285 2552 se
1314 2498 1486 2567 ipsum
1518 2496 1676 2560 redit,
1708 2511 1967 2551 revocans
1997 2499 2049 2551 in
2083 2511 2144 2552 se

558 2585 762 2650 omnia,
790 2596 847 2641 et
870 2588 994 2641 dum
1026 2587 1078 2641 in
1104 2588 1354 2641 omnibus
1384 2587 1463 2654 fit,
1492 2602 1652 2657 super
1675 2589 1856 2642 omnia
1889 2602 2008 2643 esse
2038 2602 2144 2643 non

554 2674 778 2729 desinit.
826 2676 905 2730 Ac
927 2678 1009 2731 sic
1027 2675 1055 2710 ⁸
1080 2676 1147 2730 de
1175 2676 1346 2731 nihilo
1368 2676 1500 2731 facit
1528 2678 1734 2741 omnia,
1766 2678 1832 2731 de
1870 2692 1963 2732 sua
1990 2678 2142 2731 vide-

562 2767 689 2821 licet
726 2767 749 2800 ⁶
783 2769 1337 2841 superessentialitate‘
1368 2770 1620 2839 producit
1646 2769 1939 2831 essentias,
1964 2769 2029 2821 de
2055 2782 2145 2822 su-

563 2857 923 2926 pervitsiitate
956 2859 1126 2922 vitas,
1164 2859 1232 2913 de
1275 2858 1898 2928 superinteilectualitate
1938 2857 2144 2911 intelle-

560 2956 711 3013 ctus,
743 2950 808 3003 de
834 2950 1115 3020 negatione
1150 2950 1421 3016 omnium,
1449 2965 1590 3021 quae
1618 2962 1746 3005 sunt
1779 2962 1835 3004 et
1868 2960 2007 3017 quae
2034 2963 2144 3003 non

560 3049 715 3105 sunt,
749 3038 1135 3097 afﬁrmationes
1158 3042 1421 3108 omnium,
1453 3056 1592 3110 quae
1616 3046 1739 3097 sunt
1767 3051 1820 3097 et
1853 3038 1993 3111 quae
2035 3055 2142 3095 non

562 3134 706 3185 sum.
749 3130 818 3185 Et
860 3130 965 3186 hoc
995 3131 1431 3187 mandestissime
1468 3133 1626 3188 docet
1653 3134 1893 3187 omnium
1938 3131 2144 3187 reditus

560 3222 617 3274 in
642 3234 861 3275 causam
880 3259 897 3286 ,
923 3235 991 3275 ex
1026 3234 1129 3289 qua
1157 3230 1565 3291 ptocesserunt,
1593 3224 1810 3292 quando
1847 3223 2027 3277 omnia
2058 3239 2145 3279 re-

562 3320 840 3366 vertentur
875 3312 897 3344 '
934 3312 995 3365 in
1027 3313 1228 3378 Deum,
1267 3314 1408 3368 sicut
1450 3326 1546 3366 aer
1582 3313 1640 3367 in
1685 3313 1891 3377 lucem,
1929 3315 2146 3382 quando

526 3440 529 3445 .
560 3402 665 3455 erit
696 3401 835 3456 Deus
870 3403 1044 3456 omnia
1073 3402 1132 3455 in
1172 3404 1446 3467 omnbus;
1479 3417 1584 3458 non
1624 3404 1766 3472 quod
1805 3403 1969 3458 etiam
2002 3420 2147 3462 unus

562 3503 669 3542 non
705 3489 776 3543 sit
806 3489 946 3544 Deus
974 3491 1151 3544 omnia
1176 3492 1234 3546 in
1260 3492 1523 3557 omnibus,
1550 3494 1645 3548 sed
1673 3494 1817 3564 quod
1845 3504 1967 3564 post
1990 3508 2142 3564 prae-

563 3578 948 3634 varicationem
982 3581 1255 3637 hmanas
1290 3589 1550 3648 naturae,
1583 3593 1640 3639 et
1673 3586 2040 3654 expuisionem
2079 3587 2146 3643 de

563 3670 690 3726 sede
714 3673 979 3741 paradisi,
1005 3674 1109 3729 hoc
1136 3683 1239 3741 est,
1263 3676 1329 3731 de
1352 3675 1633 3731 altitudine
1661 3678 1957 3747 spiritualis
1980 3680 2142 3747 vitae,

562 3772 619 3819 et
660 3779 728 3820 ex
767 3765 1075 3837 cognitione
1103 3769 1441 3825 clarissimae
1470 3771 1798 3842 sapientiae,
1831 3774 1885 3828 in
1925 3774 2147 3844 profun-

561 3856 813 3912 dissimas
860 3857 1195 3927 ignorantiae
1230 3862 1483 3918 tenebras
1525 3863 1812 3929 detrusae,
1854 3874 2014 3920 nemo
2041 3865 2147 3921 nisi

560 3946 742 4002 divina
771 3951 943 4020 gratia
968 3950 1300 4011 illuminatur
1331 3948 1390 4020 ⁸,
1430 3964 1487 4010 et
1515 3956 1569 4010 in
1608 3956 1911 4011 divinorum
1947 3966 2148 4028 myste-

560 4040 765 4097 riorum
796 4043 1131 4099 altitudinem
1165 4044 1190 4078 '
1219 4060 1341 4101 cum
1408 4046 1575 4102 Paulo
1621 4057 1835 4117 raptus,
1872 4048 2146 4118 quomodo

562 4129 705 4188 Deus
724 4135 904 4188 omnia
936 4133 993 4188 in
1014 4136 1265 4193 omnibus
1289 4144 1388 4200 est,
1414 4151 1572 4193 verae
1600 4138 1985 4210 intelligentiae
2012 4152 2146 4195 con-

563 4226 698 4281 tuitu
720 4235 897 4297 potest
920 4227 1246 4299 perspicere,
1263 4232 1402 4286 nube
1421 4231 1718 4286 carnalium
1736 4231 2146 4302 cogitationum,

565 4330 930 4389 vanammque
973 4318 1021 4351 “
1068 4320 1471 4388 pbantasiarum
1528 4320 1754 4391 caligine
1804 4320 2145 4390 interposita,

564 4410 867 4479 mentisque
898 4410 1015 4464 acie
1042 4410 1444 4468 irrationalibus
1473 4413 1816 4482 passionibus
1852 4413 2145 4479 inﬁrmata,

564 4508 619 4553 et
644 4514 711 4552 ex
736 4499 1109 4592 splendoribus
1130 4503 1444 4592 perspicuae
1466 4501 1510 4536 “
1537 4502 1782 4558 veritatis
1811 4517 2141 4573 repercussa,
2175 4532 2224 4592 Β

565 4590 946 4658 consuetisqne
1003 4591 1373 4658 corporalibus
1426 4594 1635 4649 umbris
1691 4602 1965 4650 contenta.
2026 4592 2142 4649 Non

567 4678 713 4731 enim
739 4678 1065 4733 credendum
1101 4688 1185 4735 est
1216 4680 1284 4735 de
1318 4681 1644 4740 caelestibus
1677 4685 1958 4752 essentiis,
2003 4697 2144 4754 quae

567 4778 839 4839 nunquam
888 4779 1142 4829 aeternae
1187 4773 1532 4833 beatitudinis
1581 4788 1779 4835 statum
1832 4781 2142 4847 deseruere,

568 4858 712 4914 aliud
756 4860 961 4931 aliquid
995 4861 1050 4917 in
1080 4865 1329 4922 universa
1369 4876 1616 4924 creatura
1647 4878 1864 4938 praeter
1891 4871 1938 4903 ι’
1970 4870 2147 4939 ipsum

569 4951 737 5009 Deum
760 4968 1105 5026 cognoscere,
1135 4958 1396 5030 siquidem
1425 4960 1478 5015 in
1504 4960 1634 5025 Deo,
1658 4969 1712 5016 et
1744 4961 1796 5015 in
1826 4961 2146 5032 primordia-

570 5042 711 5100 libus
732 5048 913 5105 causis
934 5065 1097 5127 super
1114 5066 1330 5109 omnem
1352 5066 1566 5109 sensum
1588 5060 1644 5107 et
1668 5052 1995 5107 intellectum
2023 5065 2144 5107 om-

572 5135 659 5190 nia
682 5138 1032 5210 perspiciunt,
1057 5142 1306 5197 omnibus
1330 5149 1555 5196 naturae
1583 5142 1835 5211 operibus
1854 5140 1921 5195 ad
1946 5154 2146 5212 cogno-

573 5228 827 5285 scendam
852 5231 1138 5287 veritatem
1168 5246 1276 5287 non
1300 5231 1623 5301 indigentes,
1654 5231 1768 5287 sola
1797 5239 1976 5287 autem
1994 5218 2145 5285 inef-

2170 3183 2217 3247 C

2240 1953 2425 2015 potest
2450 1960 2480 1999 a
2520 1946 2700 2014 seipso
2728 1945 3081 2011 descendere,
3111 1956 3167 2000 et
3192 1961 3250 2001 se
3278 1947 3450 2017 ipsum
3486 1947 3538 2002 in
3576 1948 3824 2005 οιηηίὺω

2244 2050 2463 2101 creare,
2488 2045 2545 2090 ut
2583 2037 2656 2089 sit
2687 2036 2869 2090 omnia
2898 2037 2950 2090 in
2981 2037 3251 2098 omnibus,
3284 2048 3337 2092 et
3362 2052 3528 2107 usque
3554 2040 3621 2093 ad
3646 2051 3825 2096 extre-

2242 2142 2361 2181 mas
2390 2125 2548 2193 hujus
2576 2128 2757 2181 mundi
2784 2127 3024 2182 visibiles
3062 2127 3414 2198 turpitudines
3439 2140 3492 2183 et
3520 2131 3824 2200 corruptio-

2244 2230 2369 2275 nes,
2413 2216 2807 2286 vilissimasque
2845 2217 3046 2272 formas
3078 2227 3134 2272 et
3172 2221 3375 2290 species
3406 2224 3725 2290 procedere,
3760 2229 3825 2278 ut

2244 2308 2358 2377 ipse
2385 2307 2549 2361 etiam
2582 2309 2634 2362 in
2663 2309 2745 2363 eis
2771 2310 2859 2371 sit,
2890 2310 2936 2364 si
2960 2311 3139 2365 omnia
3167 2311 3221 2365 in
3248 2312 3495 2367 omnibus
3518 2315 3639 2368 esti
3665 2313 3823 2383 igno-

2246 2412 2393 2458 rans,
2426 2398 2516 2468 qui
2557 2400 2690 2453 haec
2714 2399 2763 2431 “
2791 2400 2952 2463 dicit,
2984 2401 3183 2455 nullam
3213 2404 3591 2473 turpitudinem
3620 2404 3673 2459 in
3707 2402 3829 2461 unl-

2244 2491 2502 2545 versitate
2533 2496 2696 2545 tutius
2738 2503 3020 2547 creaturae
3060 2508 3218 2562 posse
3257 2510 3411 2561 esse,
3445 2495 3643 2551 nullam
3677 2497 3827 2554 mall-

2246 2581 2375 2633 tiam
2405 2581 2452 2634 ei
2481 2596 2708 2646 nocere,
2748 2583 2893 2637 nullo
2941 2599 3129 2639 errore
3168 2585 3275 2639 falli
3301 2587 3382 2640 vel
3428 2588 3624 2643 seduci.
3670 2589 3825 2656 Quod

2244 2673 2389 2726 enim
2419 2673 2616 2741 partim
2640 2670 2685 2705 ⁸⁷
2708 2674 2988 2743 contingit.
3013 2677 3065 2729 in
3095 2684 3205 2731 toto
3232 2676 3345 2731 ﬁeri
3373 2678 3512 2732 Deus
3534 2693 3636 2733 non
3667 2679 3820 2748 sinit,

2245 2761 2401 2831 cujus
2434 2765 2802 2819 universitatis
2842 2779 2943 2821 nec
2972 2766 3017 2799 ⁸⁸
3049 2768 3321 2837 turpitudo
3356 2769 3526 2838 turpis
3562 2779 3675 2834 est,
3720 2783 3825 2826 nec

2244 2857 2450 2910 malitia
2483 2866 2668 2918 nocet,
2701 2872 2803 2913 nec
2843 2872 3000 2914 error
3022 2868 3187 2913 errat.
3230 2860 3481 2930 Turpiter
3519 2861 3734 2927 quidem
3771 2866 3827 2918 et

2246 2946 2481 3018 maligne
2514 2949 2555 2983 "
2576 2948 2900 3013 viventibus,
2927 2959 2981 3004 et
3005 2966 3033 3004 a
3050 2951 3275 3005 veritate
3303 2950 3608 3006 errantibus
3650 2950 3825 3023 turpia

2248 3037 2497 3104 honesta,
2531 3040 2669 3095 mala
2698 3041 2858 3105 bona,
2886 3041 3125 3096 errantia
3157 3051 3329 3105 recta,
3359 3052 3523 3110 prava
3551 3039 3696 3110 justa
3725 3052 3826 3110 pu-

2246 3140 2433 3187 tantur
2456 3147 2591 3187 esse.
2622 3132 2863 3199 Quorum
2902 3132 3263 3203 turpitudine,
3293 3138 3349 3187 et
3378 3130 3582 3187 malitia
3602 3166 3621 3199 ν
3647 3142 3704 3187 et
3740 3142 3826 3187 er-

2250 3238 2371 3279 rore
2393 3224 2634 3286 sublatis,
2651 3224 2832 3278 omnia
2854 3224 2943 3293 pie
2961 3222 3377 3294 intelligentibus
3396 3234 3549 3293 pura.
3566 3221 3821 3292 perfecta,

2246 3315 2562 3384 impolluta,
2592 3314 2747 3370 valde
2775 3316 2913 3368 bona
2938 3354 2953 3379 ,
2989 3315 3136 3368 olnni
3170 3324 3358 3369 errore
3387 3313 3625 3368 carentia
3654 3324 3825 3367 tema-

2246 3414 2395 3461 nent.
2428 3406 2495 3459 Et
2528 3420 2634 3460 non
2667 3406 2928 3475 cogitans,
2952 3405 3097 3476 quod
3137 3418 3289 3460 sacra
3328 3404 3648 3475 pronunciat
3680 3402 3827 3458 Scris

2246 3506 2405 3567 ptnra
2436 3514 2449 3550 :
2479 3495 2647 3551 Omne
2673 3498 2855 3549 datum
2883 3498 3153 3565 optimum,
3184 3502 3234 3550 et
3260 3506 3409 3549 omne
3436 3495 3628 3549 donum
3654 3492 3825 3562 perlev-

2248 3597 2387 3640 cnnn
2424 3586 2489 3641 de
2523 3601 2733 3640 summ
2780 3595 2895 3651 est,
2924 3586 3236 3640 desectum
3273 3601 3307 3639 α
3343 3579 3513 3638 Patre
3546 3583 3825 3649 lumina,

2248 3680 2358 3734 dati
2383 3680 2601 3748 quidem
2630 3678 2895 3734 vocabulo
2936 3677 3174 3732 murium
3223 3686 3405 3730 rerum
3446 3672 3825 3731 substantiola

2246 3770 2687 3835 constitutiones,
2734 3768 2858 3823 doni
2898 3783 3037 3824 vero
3074 3768 3333 3831 virtutes,
3374 3766 3568 3836 quibus
3603 3770 3828 3820 οτυιια

2247 3864 2499 3917 universa
2537 3870 2758 3925 natura,
2781 3858 3061 3916 declarans
3128 3858 3199 3914 Et
3235 3859 3340 3913 hoc
3381 3866 3557 3913 totum
3585 3856 3655 3921 ⁸⁸,
3702 3853 3831 3912 ειδ-

2248 3962 2449 4016 stantia
2492 3958 2743 4014 videlicet
2768 3966 2825 4012 et
2865 3956 3058 4019 virtus,
3105 3955 3177 4010 de
3221 3967 3435 4009 sursum
3484 3950 3764 4008 descendit
3795 3958 3828 4006 a

2248 4051 2412 4108 Patre
2436 4052 2720 4115 luminum,
2750 4044 2855 4104 hoc
2878 4056 2981 4112 est,
3007 4060 3073 4101 ex
3098 4045 3245 4101 fonte
3272 4044 3513 4099 omnium
3538 4044 3827 4106 bonum

2249 4143 2380 4209 Deo,
2405 4143 2497 4213 qui
2527 4143 2581 4194 in
2608 4139 2810 4201 omnia,
2834 4151 2975 4208 quae
3000 4146 3125 4193 sunt
3150 4144 3206 4190 et
3233 4149 3374 4206 quae
3399 4144 3509 4189 non
3530 4140 3681 4197 sunt,
3705 4140 3830 4201 pret-

2248 4234 2513 4300 luens,in
2533 4232 2787 4287 omnibus
2802 4230 2887 4290 ﬁt.
2911 4229 3029 4283 sine
3048 4242 3156 4298 quo
3176 4225 3310 4281 nihil
3338 4236 3459 4281 esse
3483 4231 3680 4294 potest.
3699 4221 3828 4287 θαι.

2248 4335 2308 4380 ut
2335 4326 2547 4394 opinor,
2568 4323 2702 4377 satis
2727 4322 2794 4377 de
2821 4320 3011 4382 nihilo,
3028 4320 3094 4373 de
3112 4330 3222 4388 quo
3247 4317 3589 4373 optinemus
3609 4314 3657 4348 ’ί
3681 4312 3827 4378 fecit,

2249 4425 2431 4469 actum
2460 4422 2564 4468 est.
2588 4411 2731 4467 tlte.
2749 4408 2848 4465 Sat
2878 4407 3151 4479 proiecto;
3176 4407 3269 4462 sed
3290 4406 3490 4462 cursim
3512 4401 3827 4473 repetendo.

2249 4504 2433 4574 Neque
2467 4504 2601 4559 haec
2627 4503 2857 4559 dicimus
2891 4502 3105 4556 illorum
3133 4512 3353 4555 sensum
3382 4496 3699 4559 refutantes,
3735 4492 3829 4563 qui

2250 4600 2316 4655 de
2349 4598 2547 4663 nihilo,
2586 4611 2693 4666 quo
2731 4597 2896 4651 totius
2932 4592 3263 4649 baliitudinis
3290 4591 3526 4660 privatio
3562 4584 3831 4657 signiﬁci-

2246 4699 2367 4755 tur,
2401 4691 2568 4744 Deum
2613 4688 2793 4742 omnia
2821 4686 2867 4719 ⁸·
2899 4686 3091 4740 iecisse
3119 4683 3473 4747 arbitrantur,
3504 4692 3610 4734 non
3648 4678 3832 4731 autem

2246 4780 2316 4835 de
2352 4777 2540 4840 nihilo,
2578 4790 2686 4847 quo
2706 4772 3235 4844 superessentiolitas
3264 4779 3322 4825 et
3342 4764 3832 4837 “perustum

2248 4870 2464 4925 divinae
2482 4866 2742 4923 bonitatis
2766 4881 2796 4920 a
2816 4863 3105 4935 Tlteoiogis
3124 4861 3385 4918 inanitur.
3406 4857 3465 4912 in
3487 4854 3832 4925 Theologieil

2249 4962 2514 5031 siquidem
2556 4958 2757 5030 regulis
2792 4958 2862 5012 ad
2906 4954 3333 5025 investigandum
3359 4949 3574 5005 divinae
3599 4955 3833 5001 natura

2250 5050 2637 5106 sublimitatem
2675 5057 2733 5103 et
2769 5042 3465 5117 incomprehensibiiitatan
3510 5038 3633 5110 plus
3664 5048 3833 5106 ngat

2253 5140 2433 5205 tionis,
2457 5148 2619 5209 quam
2647 5137 3017 5194 aﬂrmationis
3044 5137 3219 5191 virtus
3246 5133 3408 5190 valet.
3438 5130 3615 5200 Quem
3641 5128 3831 5198 siqui

2253 5232 2494 5286 intentus
2541 5229 2866 5300 inspexerit,
2915 5234 3025 5283 non
3070 5225 3399 5289 mirabitur,
3444 5236 3511 5278 oo
3550 5216 3831 5284 recubuit

1430 5458 1447 5467 γ’
1868 5385 2121 5443 VABIAE
2157 5383 2555 5442 LECTIONES.

664 5494 999 5566 latim-om.
1025 5498 1092 5554 Α.
1154 5498 1239 5554 Ἀ
1264 5498 1524 5555 invenitur
1542 5499 1785 5553 essentia.
1861 5500 1882 5531 ³
1906 5514 2077 5553 causis
2100 5513 2208 5553 om.
2235 5499 2298 5551 A.
2358 5498 2380 5530 ‘
2404 5500 2447 5553 A
2473 5497 2770 5553 considerat
2790 5496 3043 5566 gnostica.
3182 5492 3259 5546 sic
3301 5506 3412 5545 om.
3449 5488 3532 5566 At,
3591 5482 3695 5566 [Α

577 5563 717 5621 licet.
791 5565 811 5602 ³
852 5565 894 5625 C
921 5580 1303 5624 convertentur.
1399 5570 1428 5601 ⁴¹
1474 5570 1568 5627 Sic
1606 5567 1722 5634 AC;
1749 5568 1785 5621 Γ.
1828 5568 2196 5623 iiiuminatus?
2298 5567 2318 5598 ’
2364 5573 2397 5621 Α
2437 5569 2727 5621 αιίἱέηάίηε.

577 5637 862 5691 versvicue.
939 5639 983 5670 “
1021 5638 1061 5690 C
1098 5650 1322 5691 propter.
1433 5640 1480 5674 ·³
1520 5641 1564 5691 Δ
1600 5639 1914 5691 cornoraiia.
2014 5642 2060 5673 ι’
2097 5636 2137 5690 C
2172 5637 2472 5691 datamaue.
2580 5638 2624 5672 ³⁵
2681 5637 2721 5689 Α

2039 5647 2060 5666 ⁸
2097 5647 2137 5707 Lf
2172 5647 2472 5707 datamque.

577 5637 890 5708 perspicue.“
939 5639 983 5670 “
1021 5638 1061 5690 C
1097 5650 1322 5707 propter.
1433 5640 1480 5674 ·³
1520 5641 1564 5693 Α
1600 5639 1914 5708 corporalia.

578 5707 770 5774 garum
797 5743 812 5768 ,
850 5704 893 5758 C
928 5704 1105 5772 parti,‘
1133 5708 1171 5759 f.
1226 5708 1412 5774 parti?
1514 5708 1558 5741 ¹⁸
1585 5710 1632 5763 Δ
1673 5704 1769 5765 ἀρε
1812 5706 2181 5766 universitatis.

581 5764 725 5825 Deus
770 5764 968 5830 maid.
1038 5764 1089 5808 ’ί
1119 5774 1167 5834 Δ
1202 5764 1454 5838 omnium.

2845 5567 2888 5598 ιο
2925 5567 2963 5620 C
3022 5563 3409 5630 variarumque.
3520 5563 3562 5600 ιι
3604 5560 3744 5623 Ειη..

2580 5569 2727 5620 rdine.
2790 5555 2814 5566 ν
2845 5567 2888 5598 ³ο
2925 5567 2963 5620 C
3022 5563 3409 5630 variarumque.
3520 5563 3562 5600 ιι
3604 5560 3744 5623 Ειη..
3781 5555 3839 5686 ﬁ

2580 5638 2624 5672 ³⁵
2681 5637 2721 5689 Α
2777 5635 3108 5705 proclamet._
3172 5631 3217 5663 “
3249 5632 3379 5685 haec
3416 5630 3630 5705 om.AA.
3799 5695 3817 5705 _

2305 5692 2439 5761 tﬁ'et
2488 5709 2713 5778 maligne
2751 5692 2857 5761 θ’ω.
2893 5707 2963 5761 Δ.
3063 5701 3112 5739 ³⁸
3148 5711 3319 5757 totum
3364 5713 3481 5755 om.
3530 5697 3602 5753 Α.
3705 5692 3749 5731 ⁸⁸
3786 5695 3841 5767 Α

3746 5842 3851 5867 μτ,

3786 5886 3823 5917 ’Χ
