4236 6274
449 357 556 460 ess

1315 389 1405 458 bs
1444 397 1780 457 mwsmnn
1819 401 2162 458 unc-uas.
2201 431 2270 442 -
2307 401 2504 456 LIBER
2544 399 2861 458 TERTIUS.

3601 407 3706 464 686
3767 489 3772 498 ἱ

452 518 596 588 quod
629 519 712 574 est
743 505 970 578 nihilum
993 553 1010 581 ,
1039 521 1196 586 saepe
1243 515 1300 570 in
1329 515 1622 583 Scripturis
1651 516 1824 584 ipsum
1863 515 2028 576 Deum
2058 521 2106 578 Α
2135 531 2250 568 rum
2272 530 2508 570 suarum.
2533 513 2622 568 alii
2647 514 2714 568 de
2737 515 3108 568 incarnatione
3137 515 3314 581 Verbi,
3349 518 3436 572 alii
3465 519 3530 572 de
3569 523 3708 578 uati-

449 610 658 666 vocari.
687 609 832 664 Disc.
859 606 968 662 Nec
995 623 1092 678 ego
1121 616 1136 646 ι
1169 608 1360 670 miror,
1386 619 1713 676 cognoscens
1731 644 1748 666 ,
1783 604 1904 674 plus
1940 619 2033 660 ue—

457 702 714 770 nationes,
734 715 896 770 quam
917 698 1298 753 aﬂirmationes
1319 699 1532 752 divinae
1555 697 1870 766 cognitioni,
1895 707 2034 754 teste

455 803 642 848 sancto
679 790 950 860 Dionysio,
977 789 1216 858 coaptari
1235 804 1408 858 posse.
1441 787 1576 842 MAG.
1609 787 1724 842 Non
1753 789 1972 858 negabis
1987 789 2028 854 ⁸,

456 895 516 938 ut
541 883 748 950 opinor,
773 891 990 944 cuncta,
1011 895 1150 950 quae
1173 881 1240 934 de
1261 879 1428 934 nihilo
1449 878 1590 932 facta
1615 893 1732 934 esse
1749 877 2032 946 Scriptura

457 984 704 1038 testatur,
730 987 892 1026 unam
920 971 1190 1042 quandam
1218 979 1464 1024 naturam
1491 983 1828 1023 communem
1860 968 2033 1020 omni-

451 1065 572 1126 bus,
590 1059 742 1128 cujus
763 1059 1176 1130 participatione
1195 1059 1514 1121 subsistunt,
1529 1057 1826 1112 secundum
1851 1058 2033 1112 unius-

454 1152 717 1224 cujusque
750 1151 1149 1220 proportionem
1196 1151 1488 1217 possidere.
1519 1149 1664 1204 Disc.
1693 1147 1810 1202 Hoc
1837 1161 2034 1218 negare

455 1248 570 1300 risu
596 1253 680 1300 est
703 1245 955 1312 dignum.
1015 1241 1295 1296 Credimus
1323 1256 1556 1310 namque
1579 1250 1636 1294 et
1664 1239 2030 1310 intelligimus,

459 1337 628 1392 Deum
677 1333 838 1390 simul
883 1343 940 1388 et
981 1333 1145 1386 semel
1194 1345 1530 1386 communem
1569 1331 1806 1386 omnium
1854 1344 2032 1384 rerum

463 1437 713 1486 naturam
741 1439 975 1488 creasse,
995 1439 1059 1478 ex
1085 1423 1238 1492 cujus
1257 1421 1666 1492 participatione
1691 1420 1826 1474 ﬁunt
1859 1419 1880 1450 ⁸
1915 1435 2034 1474 om.-

462 1520 572 1574 nia.
605 1518 740 1572 MAG.
781 1515 1011 1570 Putasne
1033 1513 1178 1566 illam
1221 1523 1470 1566 naturain
1505 1513 1569 1564 de
1609 1511 1776 1564 nihilo
1802 1523 1918 1564 esse
1947 1508 2032 1562 fa-

459 1607 646 1663 ctam?
669 1605 813 1660 DISC.
857 1603 970 1657 Non
1001 1603 1172 1656 solum
1215 1611 1366 1670 puto,
1391 1616 1576 1654 verum
1618 1600 1779 1652 etiam
1810 1599 2034 1654 ﬁrmiter

459 1708 636 1760 teneo,
675 1711 782 1748 non
826 1693 1039 1746 aliunde
1066 1691 1164 1746 nisi
1195 1691 1260 1744 dc
1311 1691 1480 1746 nihilo
1521 1691 1858 1760 productam.
1891 1687 2030 1742 MAG.

459 1787 626 1842 Deﬁni
671 1786 814 1840 illam
846 1795 1114 1846 naturam,
1156 1783 1282 1850 quid
1323 1783 1410 1836 sit.
1458 1780 1599 1836 DlSC-
1644 1779 1757 1834 Non
1791 1795 2030 1849 possum.

2135 607 2302 660 vitate
2327 605 2446 674 ejus
2471 621 2538 660 ex
2570 606 2728 660 Patre
2755 605 3046 674 accipiunt,
3069 621 3296 675 quorum
3319 625 3510 666 sensus
3533 615 3708 670 credi-

2135 695 2296 750 bilior
2325 693 2456 748 mihi
2485 694 2714 748 videtur.

2205 785 2294 840 22.
2336 785 2413 840 De
2439 787 2524 840 bis
2557 795 2758 852 autem,
2787 801 2884 856 qut-
2915 803 2980 842 oe
3021 802 3086 842 eo
3135 788 3320 850 nihilo,
3355 792 3496 857 quod
3549 794 3711 850 tutius
3745 829 3752 832 -

2121 876 2404 932 essentiae
2425 877 2760 946 negationem
2801 878 3068 948 signiﬁcat
3093 879 3178 934 vel
3221 879 3550 938 habitudinis
3595 883 3710 949 ejus

2135 966 2510 1035 privationem,
2569 971 2822 1020 mundum
2883 968 3080 1022 factum
3135 971 3300 1026 fuisse
3357 973 3706 1038 arbitrantur.
3777 985 3794 1012 '

2127 1056 2262 1125 .quid
2293 1056 2488 1118 dicam,
2517 1057 2723 1126 ignoro.
2755 1056 2866 1111 Non
2891 1057 3032 1112 enim
3057 1058 3232 1122 video,
3259 1076 3426 1128 quare
3455 1077 3560 1116 nou
3585 1081 3713 1120 con-

2133 1147 2378 1202 siderant
2404 1148 2772 1214 oppositurum
2823 1156 3092 1200 naturam.
3151 1147 3426 1218 Siquidem
3477 1153 3708 1220 privatio

2135 1255 2242 1294 non
2273 1247 2448 1308 potest
2471 1253 2614 1304 esse,
2663 1239 2752 1300 ubi
2787 1255 2896 1304 non
2937 1249 3018 1294 est
3065 1240 3280 1294 habitus
3323 1243 3592 1299 essentiae
3644 1243 3707 1300 ”.

2133 1329 2368 1384 Privatio
2413 1345 2646 1399 namque
2687 1330 3018 1388 ha—bitudiais
3051 1341 3137 1388 est
3185 1333 3446 1402 privatio;
3499 1351 3564 1390 ac
3615 1352 3710 1404 per
3773 1401 3776 1404 ν

2137 1421 2258 1486 hoc,
2297 1422 2390 1475 ubi
2425 1435 2528 1474 non
2555 1421 2832 1488 praecedit
2857 1421 3088 1486 habitus,
3121 1437 3224 1477 non
3253 1423 3494 1492 sequitur
3527 1425 3708 1493 priva-

2133 1510 2230 1564 tio.
2249 1509 2524 1574 Quomodo
2538 1525 2666 1579 ergo
2691 1509 2734 1542 “
2748 1510 2952 1577 dicunt,
2973 1510 3040 1564 de
3063 1511 3362 1582 privatione
3383 1516 3638 1570 mundum
3667 1515 3710 1548 ¹⁶

2135 1605 2335 1658 factum
2359 1619 2478 1660 esse
2507 1604 2590 1656 ‘7?
2622 1603 2680 1658 Si
2701 1603 2844 1658 enim
2875 1604 2978 1662 hoc
2999 1619 3182 1660 verum
3223 1616 3384 1672 esset,
3415 1617 3708 1674 constaret,

2137 1695 2308 1764 ipsum
2369 1696 2628 1748 mundum
2687 1693 3052 1750 habitudinem
3112 1697 3382 1766 quandam
3437 1698 3706 1762 habuisse,

2135 1789 2448 1858 priusquam
2495 1790 2664 1842 ﬁeret.
2713 1787 2784 1842 At
2837 1788 2884 1842 si
2936 1787 3035 1854 sic,
3077 1789 3344 1860 quomodo
3383 1789 3708 1846 habitudinis

457 1879 570 1936 Res
601 1878 744 1933 enim
771 1878 949 1936 adhuc
978 1875 1186 1930 inﬁnita
1215 1873 1557 1940 omniumque
1589 1870 1911 1932 communis,
1934 1883 2034 1922 nec
2065 1891 2106 1950 Β
2137 1894 2266 1934 suae
2301 1879 2656 1947 privationem
2685 1887 2976 1948 pateretur,
3011 1880 3136 1934 dum
3151 1881 3264 1948 jam
3297 1895 3404 1936 non
3425 1890 3564 1946 erat,
3591 1891 3706 1947 aut,

457 1970 619 2032 certis
639 1967 826 2025 [oratis
848 1966 1025 2022 adhuc
1046 1963 1296 2021 distincta
1327 1961 1406 2018 vel
1433 1961 1734 2032 speciebus,
1761 1960 2032 2030 quomodo

459 2059 666 2116 deﬁniri
687 2059 878 2128 possit,
907 2073 1011 2112 non
1037 2057 1190 2112 video

524 2151 614 2206 21.
651 2149 790 2206 MAG.
822 2149 992 2218 Quid?
1041 2147 1098 2204 Si
1131 2147 1251 2218 quis
1293 2162 1536 2202 summae
1563 2152 1891 2212 sanctaeque
1935 2157 2034 2196 au-

459 2244 723 2299 ctoritatis
754 2243 846 2296 tibi
874 2242 1148 2305 suaderet,
1177 2239 1320 2294 illam
1349 2247 1596 2293 naturam
1619 2255 1724 2292 non
1741 2237 1886 2291 aliud
1911 2252 2033 2292 esse

461 2345 674 2404 praeter
695 2333 790 2388 Dei
806 2331 1059 2396 Verbum,
1076 2329 1372 2386 dixissesne
1401 2344 1522 2384 eam
1545 2331 1611 2384 de
1637 2329 1802 2384 nihilo
1833 2328 2034 2382 tactam

464 2421 660 2476 esse“?
692 2421 765 2474 De
813 2420 899 2474 illo
927 2420 1092 2474 nihilo
1122 2419 1258 2484 dico,
1305 2420 1446 2487 quod
1488 2419 1840 2486 privationem
1871 2419 2034 2472 totius

463 2513 735 2568 essentiae
799 2523 850 2568 et
917 2503 1247 2566 substantiae
1297 2521 1352 2566 et
1403 2511 1676 2579 qualitatis
1749 2511 2032 2580 signiﬁcat.

463 2605 606 2659 Disc.
637 2603 1004 2674 Nequaquam.
1031 2603 1162 2670 Quis
1181 2604 1321 2658 enim
1349 2602 1564 2668 dixerit,
1597 2602 1692 2656 Dei
1715 2602 1946 2658 Verbum
1970 2603 2034 2664 de

459 2694 627 2749 nihilo
657 2710 776 2749 esse
803 2695 1020 2758 factum,
1064 2693 1188 2746 dum
1235 2693 1306 2748 sit
1341 2695 1580 2748 omnium
1607 2694 1628 2724 ⁸
1664 2694 1728 2748 de
1757 2693 1922 2748 nihilo
1953 2693 2034 2748 fa-

455 2787 646 2842 ciens?
715 2787 868 2842 Sed‘
908 2787 1028 2856 quis
1059 2786 1166 2849 ille,
1213 2787 1304 2856 qui
1353 2787 1586 2841 Verbum
1635 2788 1726 2841 Dei
1787 2795 2033 2842 naturam

453 2879 700 2934 omnium
733 2893 853 2936 esse
882 2895 986 2934 non
1011 2880 1186 2934 tinuiit
1210 2879 1423 2934 dicere?
1449 2879 1587 2934 MAG.
1617 2879 1754 2934 Audi
1785 2889 2030 2936 sanctum

461 2969 714 3024 Basiliam
743 2969 796 3022 in
817 2981 1002 3024 octava
1035 2969 1263 3026 llomilia
1283 2971 1336 3024 in
1361 2969 1590 3026 Genesin
1619 2987 1632 3023 :
1669 2969 1846 3040 Neque
1871 2973 2031 3037 enim,

463 3059 660 3127 inquit,
687 3059 895 3128 quando
927 3059 1121 3112 audivit
1151 3069 1290 3114 terra
1314 3074 1332 3110 .'
1367 3061 1616 3128 germinet
1635 3060 1846 3114 herbam
1869 3061 2030 3132 foeni,

462 3160 508 3203 et
545 3150 742 3218 lignum
767 3149 1122 3218 fructiferum,
1155 3149 1410 3204 occultant
1437 3151 1629 3204 habens
1678 3149 1888 3220 foenum
1915 3169 2034 3222 pra-

2131 1970 2178 2024 si
2203 1977 2344 2034 erat,
2377 1967 2576 2024 nonde
2627 1969 2925 2037 privatione
2975 1970 3060 2024 sui
3099 1971 3266 2028 erat?
3313 1969 3370 2024 Si
3409 1987 3536 2026 vero
3563 1970 3708 2028 nullo

2131 2063 2294 2116 ittodo
2317 2070 2454 2123 erat,
2487 2060 2798 2130 priusquam
2857 2062 3032 2123 ﬁeret,
3076 2061 3222 2114 omni
3271 2061 3582 2116 habitudine
3613 2077 3705 2114 ca.

2135 2155 2308 2208 ruisse
2335 2167 2492 2206 nemo
2527 2153 2569 2184 ιε
2606 2152 2906 2221 sapientum
2933 2151 3158 2208 dubitat.
3186 2153 3256 2208 At
3283 2155 3328 2208 si
3355 2155 3500 2208 omni
3549 2154 3705 2208 habi~

2135 2245 2318 2300 tudine
2371 2243 2562 2308 caruit,
2605 2243 2874 2312 quomodo
2921 2242 2988 2298 de
3033 2243 3332 2312 privatione
3379 2245 3705 2300 habitudinis

2133 2350 2262 2392 suae
2289 2335 2406 2388 ﬁeri
2437 2334 2608 2403 potuit
2643 2333 2706 2398 ⁸⁸,
2749 2349 2908 2402 quam
2937 2349 3207 2404 nunquam
3239 2336 3462 2390 habuit?
3505 2336 3704 2390 Eadem

2133 2436 2218 2484 est
2247 2427 2386 2482 ratio
2425 2426 2490 2480 de
2517 2426 2788 2480 essentiae
2819 2427 3122 2496 negatione.
3165 2425 3262 2482 Est
3307 2427 3450 2482 enim
3491 2429 3704 2498 negatio

2137 2519 2216 2574 rei
2266 2517 2546 2572 existentis
2593 2516 2674 2570 vel
2723 2515 2842 2572 ﬁeri
2879 2516 3108 2571 valentis
3163 2517 3395 2585 perfecta
3441 2518 3706 2574 absentia.

2133 2610 2390 2666 Absentia
2433 2625 2664 2678 namque
2712 2617 2795 2663 est
2845 2609 2922 2662 rei
2969 2608 3246 2676 cujusdam
3277 2611 3588 2678 praesentis,
3623 2609 3706 2664 vel

2133 2717 2388 2773 praesens
2415 2703 2524 2757 ﬁeri
2558 2702 2800 2762 valentis,
2827 2718 2858 2756 a
2903 2704 3148 2758 sensibus
3171 2703 3368 2756 ablatio
3392 2703 3458 2756 ’⁸.
3491 2701 3543 2756 Si
3575 2719 3702 2771 ergo

2135 2797 2368 2848 minutus
2393 2793 2459 2848 de
2487 2794 2730 2847 absentia
2761 2791 2932 2847 factus
2957 2801 3058 2856 est,
3083 2793 3372 2862 praecessit
3399 2792 3574 2860 aliqua
3601 2810 3704 2846 na-

2135 2893 2278 2948 tura,
2307 2881 2460 2950 cujus
2486 2883 2816 2937 habitudinis
2863 2882 3091 2950 privatio
3127 2883 3210 2936 vel
3247 2883 3514 2938 essentiae
3545 2883 3586 2912 ’ί
3611 2883 3707 2937 ab-

2133 2972 2306 3028 sentia
2335 2971 2600 3026 condendi
2643 2971 2826 3026 mundi
2875 2970 3087 3026 occasio
3137 2969 3276 3024 facta
3323 2980 3425 3026 est.
3473 2971 3537 3025 Et
3591 2971 3705 3040 ipsa

2135 3073 2324 3120 natura
2357 3071 2450 3118 aut
2491 3064 2648 3124 Deus,
2701 3071 2794 3118 aut
2843 3073 3090 3118 creatura
3141 3071 3276 3116 erat.
3335 3063 3399 3116 Et
3435 3066 3480 3118 si
3538 3063 3702 3128 Deus,

2136 3166 2398 3226 cogentur
2421 3157 2596 3220 fateri,
2627 3171 2694 3211 ex
2717 3155 2940 3211 Divitiae
2963 3163 3189 3210 naturae
3215 3157 3514 3223 privatione
3555 3157 3706 3212 habi-

463 3241 634 3304 duxit,
661 3257 820 3311 neque
857 3241 1106 3311 palmam,
1153 3251 1242 3294 aut
1283 3257 1550 3310 quercum,
1599 3252 1688 3298 aut
1733 3260 2030 3312 cypressum
2058 3230 2102 3290 Β
2137 3247 2337 3302 tudinis
2365 3247 2444 3302 vel
2469 3247 2736 3302 essentiae
2757 3247 2998 3306 absentia
3013 3249 3268 3302 mundum
3293 3247 3490 3304 factum
3513 3247 3700 3304 fuisse.

461 3323 582 3384 ante
601 3342 928 3400 conspectum
951 3332 1228 3386 uisceribus
1253 3333 1362 3386 suis
1385 3333 1592 3388 occulta
1631 3334 1808 3388 eduxit
1858 3337 1912 3388 in
1947 3352 2035 3390 su-

455 3421 744 3490 perﬁciem,
769 3423 862 3476 sed
880 3421 1126 3477 Divinum
1148 3423 1358 3478 uerbum
1378 3434 1569 3480 natura
1591 3437 1668 3480 est
1685 3443 2034 3498 eorumque:

458 3507 601 3578 facta
645 3519 787 3564 sunt.
823 3507 1129 3566 Producut.‘
1155 3530 1280 3580 non,
1323 3516 1464 3585 quod
1513 3515 1690 3582 habet,
1737 3517 2032 3586 depromat,

457 3601 550 3656 sed
609 3601 746 3671 quod
805 3619 911 3658 non
951 3604 1124 3672 habet,
1161 3615 1295 3660 creet
1339 3607 1381 3674 ⁷,
1441 3606 1552 3660 Deo
1601 3609 1828 3664 donante
1855 3625 2034 3678 opera-

459 3691 618 3747 tionis
647 3695 906 3748 virtutem.
949 3694 1192 3762 Intende,
1225 3713 1386 3766 quam
1434 3697 1749 3755 ﬁducialiter
1797 3715 2036 3768 pronun-

462 3783 646 3850 ciavit,
675 3792 920 3838 naturam
949 3786 1210 3854 omnium,
1237 3801 1376 3858 quae
1405 3787 1546 3842 facta
1591 3798 1738 3848 sunt,
1771 3789 1864 3842 Dei
1899 3788 2033 3844 Ver-

465 3875 594 3930 bum
619 3889 756 3932 esse.
783 3877 862 3932 Ac
905 3879 927 3910 ⁵
976 3879 1120 3934 nulla
1151 3879 1244 3936 tibi
1277 3881 1512 3950 suspicio
1559 3883 1812 3950 subrepat
1849 3882 2034 3937 existi-

466 3965 670 4034 mandi,
701 3967 846 4038 quod
865 3968 1004 4024 aliud
1029 3969 1100 4026 sit
1145 3969 1240 4026 Dei
1271 3971 1522 4037 Verbum,
1560 3973 1702 4030 aliud
1733 3971 1847 4040 ejus
1881 3987 2035 4041 prae-

463 4065 697 4124 ceptum.
729 4056 786 4111 ld
807 4059 978 4128 ipsum
1014 4075 1244 4130 namque
1283 4061 1340 4116 in
1391 4076 1457 4116 eo
1507 4068 1564 4116 et
1599 4077 1718 4118 esse
1767 4071 1850 4116 est
1898 4061 1940 4128 ’,
1980 4069 2036 4116 et

461 4149 644 4204 omnia
668 4148 1018 4217 essejubere;
1050 4153 1276 4216 essendo
1295 4154 1436 4208 enim
1477 4154 1647 4224 ipsum
1673 4154 1804 4208 ﬁunt
1825 4154 2034 4220 omnia,

462 4239 712 4309 quoniam
741 4241 915 4310 ipsum
945 4243 1124 4296 omnia
1164 4251 1266 4298 est.
1315 4244 1384 4298 Et
1413 4253 1470 4298 ut
1509 4245 1707 4298 certius
1740 4259 2034 4311 cognoscas

467 4330 561 4384 Dei
589 4329 818 4384 Verbum
841 4339 898 4384 et
911 4341 1156 4388 naturam
1180 4333 1419 4388 omnium
1445 4341 1658 4397 esse,et
1683 4334 2036 4390 consubstan-

467 4417 646 4472 tialem
667 4417 814 4474 Patri
843 4431 968 4475 ante
993 4421 1172 4476 omnia
1196 4432 1252 4478 et
1275 4424 1318 4454 ¹⁰
1343 4423 1396 4478 in
1428 4423 1692 4488 omnibus,
1724 4439 1862 4493 quae
1885 4424 1938 4480 in
1968 4439 2034 4478 eo

468 4506 606 4562 facta
635 4517 780 4578 sunt,
808 4521 1068 4578 creatum,
1114 4515 1237 4570 audi
1275 4515 1634 4570 Ecclesiasten
1661 4534 1675 4570 :
1709 4515 2032 4586 Sapientiam

2135 3337 2196 3394 Si
2223 3353 2350 3392 vero
2379 3347 2650 3400 creatura,
2686 3338 2991 3394 necessario
3021 3337 3268 3402 visibilis,
3301 3348 3394 3394 aut
3421 3339 3706 3396 invisibilis

2135 3427 2256 3486 erit.
2289 3429 2344 3484 Si
2373 3429 2616 3492 visibilis,
2657 3428 2819 3482 alium
2865 3429 3121 3484 mundum
3157 3431 3418 3488 visibilem
3459 3446 3707 3502 praeces-

2133 3519 2270 3574 sisse
2317 3520 2574 3574 debemus
2599 3519 2852 3584 credere;
2895 3518 2940 3574 si
2986 3517 3286 3584 invisibilis,
3335 3536 3446 3589 qua
3497 3523 3708 3576 ratione

2133 3611 2379 3682 cogimur
2407 3612 2726 3677 concedere,
2769 3613 2842 3682 de.
2867 3611 3156 3670 invisibilis
3183 3623 3412 3670 naturae
3460 3613 3706 3670 absentia

2135 3701 2394 3754 mundum
2425 3700 2584 3754 istum
2616 3698 2814 3754 factum
2853 3697 3018 3756 fuisse
3048 3701 3116 3767 “,
3149 3711 3244 3756 aut
3269 3717 3386 3756 eam
3421 3701 3465 3733 ³³
3493 3702 3708 3771 penitus

2135 3793 2388 3847 mundum
2435 3792 2828 3860 praecessisse?
2863 3791 2924 3846 Si
2953 3808 3080 3856 vero
3105 3794 3508 3850 universitatem
3541 3795 3705 3850 totius

2135 3882 2364 3938 visibilis
2385 3890 2444 3936 et
2471 3882 2754 3938 invisibilis
2781 3891 3004 3938 naturae
3033 3885 3098 3938 de
3141 3884 3310 3940 nihilo
3355 3883 3554 3946 factam
3587 3899 3706 3942 esse

2135 3987 2262 4026 vera
2283 3972 2436 4026 docet
2469 3973 2628 4034 ratio,
2653 3972 2961 4040 nullamque
3008 3982 3254 4030 naturam
3287 3983 3500 4044 praeter
3528 3976 3704 4042 ipsum

2135 4059 2300 4116 Deum
2329 4061 2685 4129 praecessisse
2723 4061 2790 4124 ³⁵,
2817 4062 3086 4129 quomodo
3119 4063 3184 4118 de
3221 4062 3460 4118 absentia
3485 4063 3568 4116 vel
3597 4065 3708 4132 pri-

2133 4151 2347 4216 vatione
2377 4165 2580 4212 rerum,
2609 4165 2750 4218 quae
2775 4165 3048 4221 nunquam
3069 4159 3250 4217 erant,
3271 4154 3504 4206 mundus
3531 4151 3704 4210 factus

2133 4249 2238 4306 est,
2267 4256 2374 4296 non
2407 4241 2660 4310 intelligo.
2692 4239 2748 4296 Si
2781 4255 2906 4296 vero
2933 4240 3056 4309 quis
3083 4242 3304 4306 dixerit,
3332 4255 3504 4310 neque
3528 4231 3704 4310 priva-

2135 4335 2336 4390 tionem
2365 4333 2710 4398 habitudinis,
2745 4347 2918 4402 neque
2944 4333 3242 4388 absentiam
3269 4330 3492 4400 alicujus
3521 4349 3704 4388 esseu-

2135 4426 2238 4480 tiae
2267 4425 2313 4458 “
2347 4423 2478 4478 nihil
2505 4422 2548 4458 "
2581 4423 2794 4478 nomine
2839 4420 3149 4493 signiﬁcari,
3203 4424 3298 4480 sed
3345 4421 3702 4480 universalem

2139 4517 2304 4570 totius
2335 4512 2681 4578 habitudinis,
2711 4521 2762 4566 et
2792 4512 3082 4576 essentiae,
3115 4512 3200 4570 vel
3237 4511 3586 4578 substantiae,
3619 4513 3704 4568 vel

463 4593 586 4662 Dei,
618 4597 810 4670 inquit,
835 4605 1224 4671 praecedentem
1253 4606 1292 4645 ι’
1334 4605 1506 4660 omnia
1528 4606 1643 4676 quis
1669 4575 1984 4677 investigarit
2010 4606 2036 4660 .9
2065 4575 2113 4636 Β
2141 4606 2458 4670 accidentis,
2477 4615 2534 4660 et
2553 4604 2866 4673 simpliciter
2889 4604 3149 4668 omnium,
3180 4617 3318 4674 quae
3345 4604 3462 4660 dici
3511 4613 3566 4660 et
3617 4605 3701 4658 in-

463 4687 606 4744 Ecce
635 4689 678 4721 “'
699 4695 1141 4750 coneternitatem
1169 4693 1313 4752 Patri
1341 4707 1394 4752 ct
1417 4699 1924 4752 coessentialitatem
1965 4699 2026 4749 ³³.

466 4779 542 4835 Ει.
563 4782 818 4838 continuo
845 4785 1092 4853 sequitur
1119 4805 1132 4840 :
1163 4781 1345 4842 Primo
1373 4790 1603 4844 omnium
1623 4802 1796 4844 creata
1841 4801 1914 4844 est
1945 4807 2034 4842 sa-

464 4873 680 4944 pientia.
709 4871 849 4930 Ecce
876 4875 928 4930 in
950 4877 1216 4932 creaturis
1241 4877 1462 4934 factum.
1485 4880 1620 4934 Audi
1647 4879 2028 4950 Evangelium:

472 4959 622 5026 Quod
644 4964 840 5031 factum
861 4976 936 5021 est
963 4967 1018 5022 in
1063 4969 1194 5040 ipso,
1237 4979 1340 5025 uua
1364 4979 1494 5024 erat.
1547 4968 1680 5024 Nam
1718 4971 1860 5040 quod
1905 4971 2032 5026 alibi

471 5050 524 5104 in
553 5049 837 5113 Salomone
855 5057 1344 5132 legiturzbominus
1365 5060 1552 5116 creavit
1573 5075 1653 5116 me
1680 5061 1736 5114 in
1760 5061 1906 5114 initio
1931 5063 2034 5114 via-

2137 4699 2298 4768 telligi
2349 4707 2610 4768 possunt,
2648 4697 2990 4768 negationem
3017 4737 3031 4762 ,
3071 4695 3420 4752 concludetur
3465 4696 3541 4750 sic
3573 4715 3588 4750 :
3639 4711 3704 4752 eo

2135 4789 2298 4858 igitur
2327 4788 2368 4820 ³⁷
2392 4787 2652 4854 vocabulo
2677 4786 2842 4840 Deum
2870 4788 3044 4841 vocari
3070 4800 3286 4850 necesse
3311 4793 3413 4850 est,
3445 4785 3534 4854 qui
3559 4785 3704 4840 solus

2135 4877 2418 4946 negatione
2467 4877 2726 4942 omnium,
2779 4891 2920 4945 quae
2967 4884 3120 4942 sunt,
3171 4875 3386 4946 proprie
3439 4875 3700 4940 innuitur,

2135 4968 2258 5038 quia
2291 4981 2453 5036 super
2481 4981 2662 5032 omne,
2693 4965 2834 5035 quod
2865 4965 3063 5020 dicitur
3093 4973 3146 5020 et
3191 4963 3525 5034 intelligitur,
3554 4963 3702 5016 exal-

2134 5069 2302 5125 tatur,
2350 5059 2442 5130 qui
2473 5059 2676 5114 nullum
2721 5071 2930 5122 eorum,
2969 5069 3106 5126 quae
3153 5063 3278 5108 sunt
3317 5061 3372 5110 et
3415 5067 3551 5125 quae
3596 5069 3700 5108 non

1702 5235 1954 5292 VARIAE
1991 5232 2384 5290 LECTIONES.

541 5410 560 5444 ι
603 5401 645 5458 C
686 5399 834 5455 Haec
852 5417 972 5458 eruo
1005 5402 1192 5458 miror.

471 5485 550 5530 ut.
626 5475 648 5508 ’
677 5471 858 5543 Corn,
889 5467 932 5526 Ᾰ
958 5481 1032 5528 est
1060 5482 1108 5526 at
1141 5467 1344 5543 curui}
1371 5467 1566 5543 cauet
1595 5474 1693 5520 est.

473 5541 886 5598 cocuentialm.
989 5543 1033 5574 ³ο
1077 5539 1328 5592 essentiae
1381 5554 1488 5592 om.
1539 5538 1603 5589 A.

477 5615 518 5649 ³⁸
551 5615 592 5666 Α
625 5613 820 5672 nullus.
905 5611 949 5646 ¹⁹
989 5613 1028 5663 C
1061 5610 1267 5673 pomeri
1298 5654 1312 5679 ,

1722 5536 1770 5570 ι’
1813 5535 1990 5604 igitur.

473 5699 582 5734 oni.
631 5684 696 5736 Α.

475 5769 584 5806 out.
617 5757 679 5808 Α.
758 5745 805 5783 ’⁸
835 5752 878 5804 A
909 5763 1119 5820 praesen

1269 5405 1278 5422 ‘
1311 5401 1363 5468 WC
1413 5397 1616 5468 negaris
1691 5396 1713 5428 ³
1747 5397 1788 5450 Α
1822 5406 1961 5468 sntit.
2035 5393 2058 5426 ⁸
2079 5393 2508 5468 Aesacufugtam.

1791 5467 1836 5502 ιο
1873 5475 1920 5518 et
1961 5479 2069 5519 om.
2113 5465 2180 5518 A.

2089 5534 2143 5572 1⁸
2179 5535 2220 5587 Α
2266 5528 2737 5586 αἰειιηι”ηιυηιιιιηι
2793 5528 3100 5594 privatione.

1389 5607 1431 5642 ¹⁰
1465 5607 1710 5660 Absentia
1741 5599 1960 5671 namque
1983 5633 2054 5644 —
2078 5603 2270 5658 ablatio
2307 5617 2414 5657 oin.
2464 5599 2524 5671 (ἒς

773 5685 820 5718 ⁸⁸
857 5681 918 5733 Si
945 5699 1061 5734 vero
1077 5673 1321 5730 creatum
1357 5709 1406 5716 η
1429 5679 1623 5744 factum
1651 5676 1810 5744 fuisse
1843 5689 1954 5730 om.
1989 5673 2054 5728 C.
2123 5673 2168 5708 ’³
2199 5673 2238 5726 C
2259 5674 2430 5726 etiam.

1307 5745 1352 5770 ’·”
1385 5743 1438 5774 -‘"
1709 5743 1858 5798 ihilo.
1933 5745 1975 5779 ’⁷
2015 5745 2221 5814 Aergo.

2607 5371 2610 5380 ’
2647 5391 2736 5446 Sic
2761 5387 2866 5443 AC.
2939 5387 2960 5419 ⁶
2995 5396 3038 5442 Α
3072 5397 3155 5440 At.
3259 5387 3280 5419 '
3313 5387 3354 5438 A
3385 5396 3556 5442 creat.‘
3620 5391 3698 5446 Ἀ

2257 5457 2304 5494 *ί
2335 5464 2376 5517 C
2405 5463 2658 5531 sapientia
2711 5488 2782 5498 —-
2829 5462 3183 5526 praecedente.
3259 5457 3372 5512 ΒΩ
3415 5467 3484 5512 et.
3561 5461 3606 5494 “
3655 5465 3698 5516 Α

2266 5535 2442 5584 dicunt
2485 5531 2737 5582 mundum
2793 5528 3100 5584 privatione.
3233 5525 3276 5557 ”
3311 5543 3420 5584 esse
3477 5546 3585 5584 om.
3629 5534 3695 5583 Α.

2615 5555 2737 5582 ιιαιη
2794 5555 2846 5594 ΡΙ
2859 5555 3100 5580 ιυιιιευπσ.
3234 5555 3246 5557 θ
3311 5555 3420 5584 σσσῦ
3477 5555 3585 5584 "In.
3629 5555 3695 5583 ﬂ.

2615 5601 2657 5632 ἰ
2707 5595 3028 5650 habitudinis
3068 5597 3286 5665 privatio
3331 5601 3405 5652 rel
3450 5603 3698 5652 essentiae

2509 5666 2646 5741 ius;
2683 5683 2801 5724 οπο
2831 5668 3214 5725 uitet-sitatam
3253 5697 3326 5708 ο·-
3361 5685 3696 5738 ριτίρρρδτ.ιιςεε
