4236 6274
516 306 623 365 687

514 517 663 572 inter
689 528 787 568 nos
810 519 866 566 et
886 510 1053 576 illum,
1084 509 1175 579 qui
1203 510 1518 565 videbamur
1542 520 1562 549 ι
1627 505 1934 567 dissentire,
1965 517 2092 558 con-

444 592 466 683 Ξ
515 606 718 661 veniet.
749 602 806 656 Si
854 607 1034 653 autem
1049 598 1439 668 'responderit:
1472 609 1647 665 neque
1672 595 1817 649 illam
1856 592 2095 663 negatio-

440 682 460 755 Ἰ
517 710 643 751 nem
666 693 785 747 dico
815 688 983 742 nihilo
1011 686 1329 758 signiﬁcari,
1367 700 1474 755 qua
1525 693 1752 755 negatur
1792 683 1934 738 Deus
1974 695 2096 737 esse
2199 682 2624 740 ratiocinationis
2657 682 2760 736 iter
2790 689 3085 747 teneamus,
3110 689 3166 736 et
3193 682 3450 752 quoniam
3490 699 3779 757 propemo-

439 761 476 857 ῥυ
516 785 646 855 quid
677 797 885 847 eorum,
911 795 1051 851 quae
1074 789 1219 845 sunt,
1249 778 1343 833 sed
1376 778 1541 841 illam,
1572 792 1711 846 quae
1734 785 1895 847 negat
1927 776 2096 830 Deum
2196 773 2327 829 dum
2348 772 2510 843 {inter
2550 787 2649 828 nos
2678 779 2761 827 est
2787 771 3091 827 confectum
3136 771 3202 837 ι’,
3246 774 3428 829 omnia
3455 789 3524 830 ex
3560 776 3693 845 Deo,
3723 790 3781 836 et

424 857 459 1019 ἰ

516 882 571 929 et
596 879 936 934 creaturam;
964 869 1272 923 necessario
1294 866 1572 930 fatebitur,
1603 867 1745 937 quod
1790 865 1976 935 negari
2005 880 2099 919 co-

516 963 769 1027 nabatur,
802 963 905 1017 hoc
924 968 1026 1026 est,
1053 959 1120 1014 de
1147 958 1431 1028 negatione
1444 956 1530 1011 vel
1564 957 1585 987 ²
1616 956 1915 1026 privatione
1957 954 2053 1009 Dei
2075 953 2097 985 ⁸

517 1061 575 1109 ει
606 1060 890 1109 creaturae
918 1050 1175 1105 mundum
1205 1048 1406 1103 factum
1450 1045 1635 1101 fuisse.
1669 1045 1896 1099 Mundus
1933 1044 2101 1115 siqui-

518 1148 641 1203 dem
670 1146 736 1202 de
757 1145 983 1201 materia
1012 1143 1227 1198 informi
1254 1141 1428 1197 factus
1461 1148 1575 1205 est;
1609 1140 1834 1194 materia
1857 1138 2101 1194 informis

519 1238 587 1294 de
612 1237 836 1293 omnino
859 1235 1060 1301 nihilo;
1094 1248 1158 1288 ac
1184 1247 1280 1303 per
1320 1232 1424 1287 hoc
1451 1238 1504 1286 et
1530 1230 1763 1285 mundus
1792 1230 1857 1284 de
1878 1229 2102 1286 omnino

517 1328 829 1386 nihilo.Non
842 1328 1006 1393 enim,
1021 1325 1306 1395 utopinor,
1324 1322 1541 1378 audebit
1569 1321 1773 1385 dicere,
1787 1335 1947 1376 omne
1960 1320 2104 1389 quod

521 1427 627 1485 est,
657 1426 752 1473 aut
778 1418 919 1472 Deus
947 1415 992 1482 ⁸,
1041 1423 1133 1470 aut
1168 1422 1420 1470 creatura
1461 1419 1570 1477 est,
1622 1419 1714 1466 aut
1744 1411 1765 1443 '
1809 1423 1910 1465 nec
1936 1410 2101 1476 Deus,

518 1524 622 1565 nec
643 1516 894 1563 creatura
922 1524 938 1573 ;
979 1518 1105 1561 nam
1150 1504 1196 1559 si
1233 1503 1455 1568 dixerit,
1486 1503 1630 1557 inter
1653 1516 1770 1567 eos,
1801 1500 1894 1571 qui
1921 1500 2106 1555 dicunt

521 1601 806 1657 materiam
827 1600 937 1655 Deo
953 1605 1295 1654 coaeternam
1319 1609 1459 1661 esse,
1484 1594 1901 1663 computabitur,
1920 1592 1984 1647 de
1999 1605 2104 1662 qua

518 1690 663 1746 Deus
686 1688 946 1744 mundum
976 1686 1169 1741 fecisse
1209 1684 1276 1739 ab
1305 1684 1373 1738 iis
1400 1683 1711 1753 putabatur.
1748 1682 1818 1737 At
1848 1682 1892 1736 si
1922 1694 2101 1747 omne,

1894 293 2179 352 JOANNIS
2215 294 2412 352 SCOTI

462 468 465 483 π
525 432 671 487 sunt,
702 430 805 485 est,
829 418 920 490 qui
946 416 1137 472 melius
1168 415 1461 473 nesciendo
1488 411 1676 469 scitur.
1730 410 1810 467 Ac
1862 425 1959 480 per
1992 412 2095 465 hoc
2123 420 2174 491 Α
2198 410 2437 466 creditur
2476 406 2669 464 fecisse
2717 401 2996 472 mundum,
3026 402 3380 479 significatur.
3410 405 3665 479 Quisquis
3709 414 3780 470 de

3672 289 3782 353 688

2196 498 2581 555 constitutione
2610 498 2790 552 mundi
2813 498 3074 552 rationem
3096 496 3323 553 reddere
3344 498 3638 569 desiderat,
3664 505 3781 562 suis

2197 591 2524 660 sequacibus
2547 589 2730 661 eligat,
2767 590 2894 660 quid
2914 590 3172 656 suadeat;
3204 604 3304 647 nos
3337 600 3520 649 autem
3558 604 3780 654 nostrae

2199 863 2365 919 Deum
2394 863 2447 918 in
2476 863 2726 918 omnibus
2760 876 2899 927 esse,
2931 870 2984 917 et
3013 878 3117 917 non
3152 863 3367 920 aliunde
3398 866 3500 921 nisi
3548 882 3615 923 ex
3659 869 3780 939 ipso

2199 955 2342 1010 facta
2370 969 2510 1021 esse,
2543 955 2796 1025 quoniam
2826 969 2893 1009 ex
2920 954 3037 1024 ipso
3064 962 3121 1010 et
3141 970 3240 1025 per
3269 956 3443 1027 ipsum
3472 965 3528 1014 et
3571 960 3621 1014 in
3657 961 3777 1032 ipso

2200 1044 2340 1101 facta
2371 1056 2496 1101 sunt
2524 1047 2721 1111 omnia,
2753 1046 3019 1115 quomodo
3047 1049 3438 1119 quadripertita
3480 1053 3638 1110 totius
3672 1070 3776 1111 na-

2203 1143 2356 1192 turae
2405 1136 2661 1191 discretio
2711 1137 2822 1192 Deo
2865 1137 3183 1204 conveniat,
3226 1138 3383 1209 plane
3434 1156 3498 1197 ac
3540 1143 3774 1202 breviter

2201 1225 2540 1296 recapitules,
2564 1225 2762 1296 ﬂagito.

2238 1317 2360 1375 .25.
2393 1316 2450 1371 In
2485 1316 2933 1386 disputationibus
2968 1334 3218 1390 namque,
3247 1329 3302 1376 et
3327 1321 3560 1379 maxime
3587 1324 3655 1382 de
3682 1326 3781 1383 ob—

2204 1407 2378 1463 scuris
2404 1408 2565 1462 rebus
2588 1408 2633 1439 ¹⁰
2662 1407 2887 1464 multum
2906 1409 3050 1466 valet
3075 1414 3519 1485 meatum,
3551 1418 3652 1473 hoc
3673 1429 3777 1487 est,

2206 1499 2606 1570 recapitulatio;
2660 1501 2899 1557 breviter
2964 1504 3107 1559 enim
3167 1518 3458 1578 aperteque
3503 1514 3777 1582 praedicta

2204 1591 2387 1647 omnia
2417 1593 2472 1647 in
2518 1594 2834 1650 memoriam
2879 1605 3118 1663 revocat,
3155 1599 3458 1669 mentisque
3504 1603 3779 1660 obtutibus

2205 1691 2423 1746 cuncta,
2454 1695 2591 1750 quae
2617 1690 2735 1737 acta
2757 1690 2904 1749 sunt,
2937 1683 3096 1738 simul
3133 1685 3416 1742 manifesta
3445 1700 3591 1745 sunt.
3634 1692 3770 1749 Illac.

518 1782 664 1852 quod
697 1787 803 1846 est,
832 1785 927 1834 aut
968 1776 1132 1842 Deus,
1161 1780 1261 1829 aut
1303 1781 1553 1831 creatura
1581 1780 1687 1839 est,
1717 1780 1773 1827 et
1824 1787 1983 1827 nemo
2013 1785 2101 1826 sa-
2128 1780 2177 1843 Β
2204 1770 2280 1827 De
2301 1771 2431 1837 Deo,
2450 1781 2510 1825 ut
2536 1772 2749 1842 opinor,
2779 1773 2917 1828 inter
2948 1788 3047 1829 nos
3075 1786 3423 1843 convenerat,
3451 1783 3593 1850 quod
3618 1784 3778 1840 totius

518 1885 651 1927 num
679 1869 702 1905 '
732 1868 947 1941 sapiens
991 1863 1294 1923 aestimarit
1318 1864 1339 1896 ⁷
1387 1864 1646 1918 mundum
1709 1862 1775 1917 de
1820 1860 2105 1932 negatione

519 1962 618 2020 Dei
645 1970 702 2018 et
724 1969 1010 2018 creaturae
1054 1954 1628 2025 factum,relinquitur
1656 1952 1767 2009 sola
1799 1953 1889 2008 illa
1939 1966 2106 2022 nega-

522 2055 602 2110 tio
629 2054 696 2109 ad
724 2066 948 2110 causam
976 2048 1163 2104 mundi
1194 2046 1445 2112 faciendi,
1477 2060 1619 2116 quae
1642 2044 1912 2100 ablatione
1938 2043 2106 2097 totius

522 2152 830 2209 creaturae,
860 2155 1022 2211 super
1047 2154 1231 2206 omne,
1267 2138 1411 2208 quod
1446 2136 1643 2192 dicitur
1684 2145 1741 2189 et
1767 2133 2102 2204 intelligitur,

522 2237 698 2294 Deum
723 2233 988 2302 exaltans,
1019 2231 1156 2288 nihil
1182 2245 1391 2296 eorum,
1423 2243 1563 2298 quae
1589 2234 1716 2284 sunt
1742 2234 1798 2281 et
1823 2240 1962 2294 quae
1991 2238 2104 2282 non

523 2335 674 2392 sunt,
700 2342 823 2382 eum
858 2338 981 2381 esse
1028 2323 1363 2395 pronuntiat.
1410 2321 1507 2376 Est
1531 2320 1674 2376 enim
1708 2317 2004 2373 maximum
2035 2317 2104 2372 de

523 2417 629 2473 hac
654 2416 865 2471 ratione
884 2420 1282 2486 argumentum.
1313 2411 1376 2467 Si
1402 2412 1507 2467 duo
1535 2409 1799 2480 quaedam
1825 2408 2106 2479 suntpeus

524 2517 581 2563 et
633 2515 903 2572 creatura,
955 2511 1049 2559 aut
1102 2503 1170 2558 ab
1210 2516 1318 2556 uno
1386 2499 1651 2571 principio
1709 2507 1855 2564 sunt,
1903 2512 1969 2553 ac
2010 2511 2109 2567 per

523 2597 629 2653 hoc
648 2596 889 2668 ejusdem
907 2604 1134 2650 naturae
1147 2623 1216 2634 —
1233 2608 1340 2648 non
1354 2593 1500 2649 enim
1515 2606 1579 2646 ex
1596 2590 1860 2662 principio
1884 2604 1991 2646 uno
2007 2606 2106 2645 na-

526 2695 754 2743 scuntur
777 2683 1051 2740 contraria
1084 2682 1378 2738 secundum
1400 2690 1684 2746 naturam;
1739 2678 1823 2735 sui
1869 2692 2108 2747 namque

523 2773 772 2846 principii
787 2781 1037 2827 naturam
1052 2770 1410 2826 attrahunt—
1421 2776 1624 2840 autper
1644 2782 1703 2823 se
1721 2766 1827 2822 duo
1843 2766 2106 2837 principia

525 2875 651 2924 sunt
675 2866 892 2922 sibimet
914 2864 937 2897 ⁸
966 2864 1212 2919 adversa.
1238 2862 1373 2916 Nam
1401 2861 1543 2916 sicut
1588 2858 1962 2916 substantialis
1996 2871 2107 2913 non

524 2966 653 3014 sunt
673 2956 800 3022 duo,
831 2954 925 3011 sed
952 2969 1140 3009 unum.
1174 2952 1234 3008 Si
1253 2961 1430 3008 autem
1470 2951 1612 3007 Deus
1639 2960 1694 3006 et
1720 2958 1967 3006 creatura
1996 2962 2106 3004 non

524 3059 653 3107 sunt
671 3050 797 3116 duo,
829 3048 924 3104 sed
950 3062 1113 3102 unum
1144 3052 1200 3101 et
1228 3059 1426 3110 unum;
1460 3052 1555 3100 aut
1585 3042 1832 3113 aequalia
1863 3049 2010 3107 sunt,
2050 3047 2107 3096 et

2203 1861 2570 1917 universitatis
2591 1863 2841 1919 conditae
2881 1864 3202 1934 principium
3236 1868 3325 1934 sit,
3357 1876 3413 1923 et
3440 1871 3697 1937 medium,
3724 1881 3781 1929 et

2203 1952 2347 2020 finis,
2372 1969 2478 2010 non
2506 1955 2648 2024 quod
2691 1956 2833 2012 aliud
2877 1957 2928 2011 ei
2974 1956 3045 2012 sit
3079 1973 3201 2014 esse
3246 1961 3584 2034 principium,
3632 1965 3778 2024 aliud

2205 2042 2465 2110 medium,
2496 2043 2640 2099 aliud
2677 2043 2828 2111 finis;
2877 2045 3011 2101 haec
3047 2047 3193 2101 enim
3220 2050 3322 2105 tria
3368 2051 3421 2106 in
3470 2053 3586 2123 ipso
3612 2072 3776 2112 unum

2205 2148 2361 2205 sunt;
2391 2138 2484 2194 sed
2523 2138 2667 2209 quod
2695 2138 3049 2210 Tlieologicae
3074 2144 3536 2213 contemplationis
3578 2148 3771 2218 triplex

2205 2234 2385 2283 motus
2407 2227 2497 2282 sit.
2534 2227 2703 2282 Aliter
2739 2228 2883 2283 enim
2912 2238 3156 2285 movetur
3195 2231 3494 2289 intellectus
3534 2237 3647 2291 sive
3673 2238 3773 2292 liu-

2205 2329 2417 2380 manus,
2447 2316 2561 2371 sive
2590 2314 2885 2386 angelicus,
2917 2318 3263 2374 considerans
3303 2321 3626 2394 principium
3654 2342 3777 2382 om-

2205 2406 2353 2462 nium
2376 2407 2545 2461 Deum
2567 2420 2716 2474 esse;
2747 2408 2902 2465 aliter
2926 2423 3257 2481 cognoscens
3277 2414 3455 2469 omnia
3483 2416 3535 2470 in
3563 2417 3702 2487 ipso,
3724 2428 3780 2476 et

2207 2514 2306 2569 per
2329 2500 2505 2570 ipsum
2532 2515 2674 2567 esse,
2717 2501 2879 2558 veluti
2910 2503 2964 2558 in
2994 2504 3226 2574 quadam
3262 2506 3581 2572 medietate;
3626 2511 3782 2567 aliter

2207 2591 2602 2661 contemplatur
2627 2591 2788 2647 finem
2823 2593 3065 2648 omnium
3112 2594 3167 2649 in
3204 2594 3316 2651 Deo
3345 2611 3484 2664 esse,
3510 2609 3564 2654 et
3588 2601 3774 2668 Deum,

2206 2698 2367 2753 quem
2394 2684 2573 2739 omnia
2590 2693 2865 2755 appetunt,
2880 2696 2933 2742 et
2960 2687 3012 2742 in
3034 2703 3142 2758 quo
3162 2689 3459 2759 quiescunt,
3488 2700 3543 2748 et
3564 2694 3769 2749 vivunt.

2207 2772 2305 2829 Cui
2331 2774 2512 2829 sensui
2538 2773 2683 2830 favet
2709 2784 2930 2832 sanctus
2947 2777 3274 2849 Augustinus
3299 2781 3350 2835 in
3366 2781 3501 2838 libro
3513 2791 3555 2823 ιι
3583 2796 3774 2842 octavo

2208 2864 2274 2919 de
2292 2863 2520 2920 Civitatc
2549 2865 2664 2932 Dei,
2686 2869 2845 2923 tertio
2868 2869 3123 2956 capitulo,
3149 2873 3216 2927 de
3229 2872 3447 2930 Socrate
3460 2868 3778 2952 philosopho

2206 2957 2527 3028 disputans:
2570 2956 2814 3027 Nolebat,
2842 2963 3038 3032 inquit,
3071 2965 3367 3024 immundos
3400 2975 3614 3028 terrenis
3636 2975 3779 3045 cupi-

2208 3045 2458 3102 ditatibus
2484 3048 2685 3102 animos
2705 3064 2815 3103 sese
2847 3053 3119 3108 extendere
3141 3053 3195 3109 in
3217 3055 3391 3111 divina
3409 3062 3780 3131 conari,quan-

522 3142 729 3235 ηυυυξη
758 3155 826 3235 (ξι
852 3139 1043 3235 mafo-
1074 3136 1132 3193 εί
1161 3137 1305 3192 enim
1322 3137 1452 3235 9'10»
1467 3149 1535 3191 ex
1563 3150 1670 3191 “n0
1698 3134 1847 3190 0380i
1877 3147 2097 3235 “803850
2122 3134 2167 3198 C
2198 3139 2470 3209 doquidem
2512 3140 2575 3192 ab
2605 3140 2670 3194 iis
2711 3157 2897 3195 causas
2948 3160 3123 3198 rerum
3160 3146 3362 3202 videbat
3398 3151 3621 3221 inquiri,
3650 3170 3779 3224 quas

523 3242 630 3290 est.
663 3232 722 3288 Si
746 3224 928 3287 autem
957 3228 1100 3284 Deus
1137 3241 1204 3282 ex
1247 3226 1415 3294 nullo,
1449 3235 1701 3283 creatura
1724 3240 1854 3280 vero
1877 3239 1944 3280 ex
1977 3224 2107 3292 Deo,

525 3329 638 3385 erit
661 3342 831 3383 unum
859 3339 929 3381 ex
955 3324 1125 3380 altero
1165 3329 1222 3378 et
1273 3336 1379 3376 non
1416 3328 1557 3385 sunt
1581 3322 1602 3354 ο
1631 3318 1905 3388 aequalia;
1942 3332 2111 3373 unum

527 3433 763 3489 namque
785 3418 854 3473 ab
882 3414 1093 3484 aequali
1119 3411 1221 3469 sibi
1243 3426 1351 3466 uno
1376 3424 1483 3465 non
1512 3409 1765 3480 gignitur.
1790 3411 1862 3463 At
1890 3409 1936 3464 si
1958 3421 2113 3489 crea-

525 3520 650 3566 tura
672 3484 742 3565 ει
761 3510 872 3565 Deo
895 3507 1018 3571 erit,
1047 3504 1154 3561 erit
1199 3504 1341 3559 Deus
1369 3517 1555 3568 causa,
1585 3509 1834 3557 creatura
1862 3484 2040 3556 autem
2065 3499 2110 3533 “

524 3600 767 3662 effectus.
816 3597 876 3653 Si
908 3602 1086 3651 autem
1132 3594 1208 3651 nil
1249 3592 1393 3649 aliud
1427 3594 1471 3627 “
1501 3599 1584 3648 est
1635 3590 1882 3658 ell‘ectus,
1932 3590 2035 3645 nisi
2064 3592 2112 3625 ¹²

524 3706 690 3750 causa
710 3690 876 3757 facta,
909 3686 1170 3757 sequitur,
1200 3685 1369 3742 Deum
1397 3698 1618 3740 causam
1657 3682 1704 3716 “
1733 3683 1791 3738 in
1830 3681 2110 3738 effectibus

525 3785 639 3840 suis
664 3781 816 3848 fieri;
846 3794 953 3836 non
976 3777 1120 3833 enim
1139 3793 1207 3834 ex
1239 3791 1405 3833 causa
1436 3775 1491 3830 in
1513 3773 1734 3831 effectus
1761 3788 1887 3828 suos
1912 3786 2107 3843 prece-

524 3873 624 3939 dit,
657 3871 803 3944 quod
830 3886 862 3926 a
891 3868 974 3924 sui
1014 3877 1205 3923 natura
1237 3866 1469 3922 alienum
1497 3865 1590 3932 sit,
1620 3865 1885 3934 siquidem
1929 3864 1982 3917 in
2012 3877 2106 3918 ca-

522 3963 714 4030 iorem,
735 3969 791 4019 et
829 3960 888 4017 iu
916 3957 962 3991 “
987 3958 1161 4014 lucem
1203 3956 1280 4012 nil
1309 3956 1452 4011 aliud
1496 3954 1601 4011 nisi
1653 3955 1768 4025 ipsa
1815 3954 1896 4009 vis
1949 3953 2107 4023 ignea

524 4053 780 4124 erumpit.
817 4050 877 4108 Si
923 4058 1102 4106 autem
1136 4048 1257 4119 quis
1285 4046 1502 4113 dixerit,
1534 4060 1700 4101 unum
1734 4045 1957 4116 aequale
2002 4044 2106 4101 sibi

521 4160 688 4200 unum
714 4141 927 4215 gignit;
973 4155 1097 4196 nam
1126 4147 1182 4193 et
1221 4137 1364 4193 Deus
1392 4137 1585 4200 ,Pater,
1615 4136 1742 4207 dum
1794 4135 1866 4191 sit
1914 4149 2104 4201 unum,

521 4234 746 4306 aequale
770 4234 873 4291 sibi
896 4247 1088 4300 unum,
1116 4229 1288 4285 Deum
1303 4227 1789 4299 “Filium,gignit:
1817 4233 2107 4298 cognoscat

520 4339 583 4382 se
608 4325 832 4380 nimium
856 4336 1062 4378 errare.
1096 4318 1319 4376 Summa
1361 4318 1625 4388 siquidem
1655 4325 1947 4386 sanctaque
1979 4314 2103 4369 Tri-

522 4416 669 4472 nitas
694 4429 802 4472 non
828 4422 913 4471 est
947 4428 1115 4469 unum
1157 4420 1214 4468 et
1237 4426 1401 4467 unum
1428 4418 1486 4465 et
1519 4424 1708 4474 unum,
1750 4408 1844 4464 sed
1874 4407 2100 4479 simplex

2210 3228 2407 3299 primas
2452 3237 2605 3298 atque
2629 3245 2861 3284 summas
2900 3247 3003 3287 non
3050 3234 3151 3289 nisi
3180 3234 3235 3289 in
3262 3239 3419 3293 unius
3437 3251 3485 3294 et
3523 3239 3568 3271 ³⁸
3591 3245 3779 3298 summi

2212 3317 2309 3373 Dei
2328 3317 2591 3373 voluntate
2617 3336 2728 3376 esse
2750 3320 3010 3378 credebat.
3042 3322 3192 3380 Unde
3222 3335 3269 3381 et
3295 3328 3340 3359 ”
3374 3346 3477 3384 non
3517 3348 3604 3387 eas
3625 3343 3774 3403 puta-

2211 3409 2322 3476 bat,
2344 3410 2445 3465 nisi
2471 3412 2722 3467 mundata
2745 3425 2915 3470 mente
2952 3434 3100 3488 posse
3134 3423 3516 3491 comprehendi.
3555 3423 3623 3480 Et
3658 3428 3776 3484 ideo

2207 3502 2510 3573 purgandae
2543 3503 2690 3559 bonis
2731 3508 2962 3562 moribus
3000 3510 3133 3565 vitae
3176 3515 3410 3569 censebat
3453 3517 3776 3590 instandum,

2208 3599 2265 3644 ut
2276 3590 2675 3661 depritnentibus
2691 3595 2988 3653 libidinibus
3004 3612 3313 3659 exoneratus
3326 3605 3530 3662 animus
3546 3611 3777 3667 naturali

2207 3681 2378 3752 uigore
2396 3684 2452 3737 in
2477 3693 2688 3741 aeterna
2713 3703 2768 3741 se
2802 3689 3082 3758 attolleret,
3105 3702 3448 3765 naturamque
3486 3700 3774 3771 incorporei

2205 3782 2253 3828 et
2286 3774 2720 3833 incommutabilis
2752 3777 2987 3847 luminis,
3016 3782 3105 3836 ubi
3133 3799 3322 3840 causae
3345 3790 3574 3844 omnium
3607 3792 3777 3861 [acta-

2207 3880 2322 3919 rum
2349 3874 2659 3921 naturarum
2687 3868 2944 3925 stabiliter
2989 3873 3183 3940 tvivunt,
3225 3875 3596 3946 intelligentiae
3634 3885 3776 3952 puri.

2206 3966 2309 4012 tate
2359 3960 2693 4029 conspiceret.
2736 3961 2881 4018 Dtsc.
2915 3963 3176 4035 Perplane
3198 3969 3245 4008 ³⁸
3277 3982 3622 4040 convenerat,
3651 3976 3774 4046 quia

2206 4049 2344 4104 ratio
2372 4052 2651 4122 approbat.
2702 4053 2839 4111 Msa.
2888 4055 3027 4111 Dum
3066 4072 3192 4129 ergo
3240 4062 3305 4117 de
3352 4063 3531 4119 divina
3585 4079 3777 4124 natura

2204 4156 2337 4212 pure
2387 4146 2753 4215 percipimus,
2808 4149 2949 4219 quod
3008 4148 3251 4207 omnium
3320 4155 3638 4226 principium
3706 4160 3776 4216 sit

2203 4245 2259 4291 et
2303 4251 2509 4303 causa;
2581 4247 2665 4294 est
2726 4240 2869 4295 enim
2921 4239 3148 4317 ἄναρχος
3173 4286 3187 4310 ,
3241 4252 3295 4300 ει
3341 4250 3563 4313 ἀναίτιος
3591 4292 3606 4317 ,
3675 4252 3777 4310 hoc

2201 4331 2305 4390 est,
2346 4325 2464 4382 sine
2504 4327 2789 4397 principio,
2834 4338 2890 4386 et
2933 4331 3051 4386 sine
3096 4347 3280 4401 causa,
3322 4335 3585 4407 siquidem
3644 4342 3775 4398 nihil

2203 4418 2498 4487 praecedit,
2531 4420 2673 4489 quod
2722 4420 2771 4476 ei
2812 4422 3080 4493 principii,
3121 4425 3205 4482 vel
3236 4442 3431 4484 causae
3473 4434 3771 4503 proportio-

520 4514 578 4564 et
605 4507 940 4562 individuum
978 4520 1147 4561 unum
1176 4506 1232 4561 in
1285 4503 1459 4560 tribus
1499 4500 1947 4573 inseparabilibus
1973 4500 2100 4555 sub-
2126 4488 2183 4549 D
2203 4520 2327 4563 nem
2351 4488 2610 4576 obtineat,
2638 4508 2754 4580 ipsa
2782 4488 2913 4567 vero
2953 4488 3214 4582 omnium,
3260 4488 3491 4588 quorum
3516 4488 3677 4578 ca-usa
3721 4488 3775 4579 et

523 4596 762 4662 stantiis,
808 4602 863 4650 et
894 4592 1023 4649 illud
1073 4609 1238 4649 unum
1290 4593 1569 4664 multiplex
1606 4593 1807 4649 virtute
1845 4598 1947 4658 est,
1990 4607 2100 4647 non

522 4701 770 4753 numero,
799 4692 855 4741 et
878 4700 987 4740 non
1005 4685 1226 4757 aliquod
1242 4686 1285 4717 “
1308 4701 1472 4740 unum
1493 4693 1595 4752 est,
1614 4686 1709 4741 sed
1729 4684 2103 4741 universaliter

522 4786 578 4835 et
603 4777 813 4833 infinite
835 4790 1021 4843 unum,
1048 4785 1105 4830 et
1127 4789 1289 4844 super
1315 4789 1473 4830 omne
1495 4791 1679 4841 unum,
1706 4775 1849 4845 quod
1887 4776 1993 4830 dici
2015 4775 2101 4833 vel

522 4867 747 4940 intelligi
771 4874 971 4939 potest,
1010 4880 1150 4920 unus
1171 4862 1217 4897 "
1256 4877 1385 4933 ergo
1424 4864 1492 4918 ab
1516 4878 1643 4930 uno,
1673 4879 1781 4918 non
1830 4877 1994 4919 unum
2032 4863 2102 4919 ab

521 4979 651 5029 uno,
675 4962 841 5019 Filius
857 4977 889 5015 a
904 4959 1080 5015 Patre.
1110 4957 1215 5013 Sed
1237 4964 1423 5012 contra
1435 4955 1607 5023 eos",
1629 4954 1720 5025 qui
1742 4953 1868 5008 talia
1881 4956 2100 5026 dogma-

523 5058 710 5125 tizant,
741 5072 884 5113 nunc
904 5054 1061 5112 nobis
1086 5068 1267 5110 sermo
1295 5066 1403 5108 non
1433 5061 1548 5120 est;
1581 5051 1685 5107 hoc
1727 5058 1934 5106 tantum
1976 5066 2101 5122 pro-

520 5152 821 5222 posuimus,
861 5159 1124 5222 quantum
1170 5148 1316 5203 vires
1356 5145 1712 5216 suppetebant
1750 5144 2096 5217 investigare,

520 5241 649 5313 quid
675 5257 744 5298 eo
791 5241 1029 5308 nomine,
1064 5238 1209 5309 quod
1257 5245 1343 5294 est
1389 5234 1638 5303 nibilum,
1689 5236 1755 5292 de
1801 5250 1908 5307 quo
1957 5235 2099 5291 Deus

2205 4599 2527 4671 principium
2567 4610 2668 4668 est,
2697 4611 2941 4659 naturam
2986 4616 3178 4663 creat:
3223 4624 3329 4664 non
3361 4611 3629 4669 immerito
3655 4628 3775 4670 eam

2206 4689 2435 4745 dicimus
2465 4691 2781 4746 creatricem
2803 4701 3075 4763 naturam,
3103 4707 3287 4754 etnon
3317 4711 3555 4758 creatam
3581 4721 3595 4770 ;
3630 4712 3781 4760 creat

2207 4794 2457 4850 namque,
2500 4787 2557 4835 et
2596 4795 2628 4834 a
2673 4780 2821 4836 nullo
2848 4787 3023 4840 creari
3072 4787 3294 4859 patitur.
3350 4789 3587 4847 Eandem
3622 4808 3772 4858 vero.

2206 4869 2443 4925 divinam
2468 4870 2676 4926 scilicet
2702 4881 2977 4941 naturam,
3001 4866 3429 4933 linem'omnium
3459 4893 3599 4946 esse,
3630 4879 3777 4938 ultra

2207 4971 2364 5028 quem
2396 4960 2553 5027 nihil,
2579 4969 2636 5017 et
2662 4961 2716 5016 in
2742 4978 2848 5033 quo
2876 4965 3056 5020 omnia
3083 4967 3425 5022 aeternaliter
3450 4967 3775 5038 subsistunt,

2205 5063 2259 5110 et
2272 5055 2647 5112 universaliter
2664 5056 2806 5114 Deus
2827 5067 2971 5127 sunt,
2997 5070 3400 5132 cognoscentes,
3422 5078 3597 5134 neque
3624 5078 3779 5121 crea-

2205 5150 2338 5211 tam,
2364 5159 2538 5216 neque
2572 5149 2894 5204 creatricem
2917 5150 3022 5205 rite
3047 5165 3334 5219 vocamus;
3393 5169 3500 5210 non
3534 5162 3775 5211 creatam

2204 5236 2440 5305 quidem,
2458 5238 2581 5307 quia
2610 5252 2642 5292 a
2667 5238 2810 5295 nullo
2828 5247 3061 5308 creatur,
3086 5257 3260 5315 neque
3285 5246 3631 5313 creatricem,
3653 5244 3777 5316 quia

521 5431 524 5435 .
557 5423 561 5427 δ
1779 5348 2037 5403 vanus
2097 5348 2498 5408 LECTlONES.

514 5466 522 5479 ι
614 5443 677 5499 ιε
709 5444 1027 5500 uidebantur.
1100 5442 1124 5476 ⁸
1168 5441 1245 5498 vel
1263 5457 1373 5498 om.
1393 5440 1460 5496 Α.
1533 5440 1555 5472 ³
1584 5437 2006 5509 Ρτοᾼρνὶυαιὶοηε
2038 5438 2136 5492 Dei
2160 5438 2204 5492 A
2229 5441 2501 5509 privativa.
2580 5443 2824 5502 ‘Abeus
2848 5456 2944 5503 est.
3022 5449 3043 5481 ³
3069 5459 3161 5504 aut
3202 5451 3392 5507 om.C.
3470 5453 3493 5485 ⁸
3520 5453 3561 5505 Α
3592 5465 3777 5509 sanus.

510 5513 544 5550 τ’
572 5512 619 5568 Α
642 5515 949 5567 aestimavit.
1046 5514 1069 5546 ⁸
1091 5512 1137 5565 Α
1166 5514 1383 5569 sibimet
1400 5519 1541 5564 sunt.

519 5594 662 5638 tura.
737 5583 781 5617 "
814 5581 859 5635 Δ
908 5597 1034 5636 non.
1108 5582 1153 5614 “
1180 5597 1394 5635 causam
1432 5595 1542 5633 om.
1570 5578 1637 5632 A.

504 5647 646 5707 ἀπο.
688 5718 691 5719 ν
722 5650 770 5719 9'
792 5651 839 5705 Δ
879 5650 1018 5704 illos.
1095 5649 1140 5680 “
1167 5650 1212 5704 A
1241 5648 1535 5719 confectum
1576 5655 1673 5703 est.

506 5720 570 5778 ."’
594 5719 642 5773 Α
669 5718 857 5774 Planc.

1646 5810 1736 5821 ..μ-«ω
1759 5810 1784 5817 -ρ
1808 5804 1829 5814 α·

1633 5511 1654 5541 ⁹
1683 5507 1789 5559 Pro
1831 5514 1889 5583 ει
1930 5524 2034 5561 non
2068 5518 2187 5561 sunt
2215 5508 2260 5559 Α
2291 5507 2401 5563 non
2441 5527 2579 5565 vero.
2656 5514 2699 5546 ι’
2734 5517 2777 5570 Α
2823 5533 2962 5572 vero.
3039 5523 3081 5555 ¹¹
3115 5522 3219 5576 Pro
3257 5522 3332 5575 nil
3379 5523 3528 5576 aliud
3569 5507 3781 5577 Ama;

1633 5616 1637 5630 .
1740 5574 1787 5613 ί*
1825 5590 1880 5626 m
1919 5590 2028 5629 om.
2077 5576 2139 5630 C.
2235 5578 2281 5610 ¹³
2313 5596 2470 5630 unum
2520 5581 2687 5630 Deum
2721 5600 2832 5630 οηι-
2864 5587 2924 5630 (ἶ-
2998 5588 3042 5629 ιο
3072 5589 3102 5630 Δ
3140 5591 3341 5630 ηιδιηιῑή
3435 5594 3478 5629 ιτ
3526 5590 3656 5630 anni
3697 5588 3780 5630 ,c

1771 5641 1817 5675 ²⁰
1843 5642 1891 5697 Α
1921 5645 2071 5700 rebus
2100 5644 2351 5703 obscuris.

2235 5578 2281 5610 ¹³
2313 5596 2470 5633 unum
2520 5581 2687 5636 Deum
2721 5600 2832 5640 om.
2864 5587 2925 5641 C.

2445 5596 2489 5681 ξι
2520 5588 2687 5662 [deum
2721 5600 2832 5640 om.
2864 5588 2925 5641 C.
2998 5588 3042 5629 ι⁶
3066 5589 3110 5643 Α
3140 5591 3360 5663 aliquid.
3435 5594 3478 5629 ⁸⁷
3526 5590 3710 5658 Conj.,
3734 5588 3780 5647 ϐ

2520 5650 2653 5707 ltbro
2705 5669 2815 5712 om.
2859 5656 2922 5713 C.
3025 5658 3141 5713 "C
3191 5678 3273 5713 ac.
3373 5662 3421 5703 ³³
3452 5670 3500 5713 et
3549 5676 3658 5713 om.
3702 5659 3773 5713 Α.

3025 5659 3071 5693 ²³
3099 5658 3141 5716 C
3191 5658 3273 5716 ac.
3373 5662 3421 5703 ³³
3452 5670 3500 5716 et
3549 5676 3658 5716 om.
3702 5659 3773 5719 Δ.
