4236 6274
513 351 623 422 603

1864 358 2148 421 JOANNIS
2188 359 2384 421 SCOTI

516 473 691 545 ipsis‘
740 434 899 546 aquis
937 457 1239 540 senserim,
1274 473 1481 545 paucis,
1532 473 1579 529 si
1615 472 1771 540 libet,
1797 474 2097 530 rationibus
2124 484 2177 544 Α
2200 473 2419 529 nomine
2436 470 2692 543 appellari
2710 457 2851 529 ratio
2870 470 3173 530 edocet.Ex
3187 471 3802 546 ipsisenimomniaeleé

520 564 826 634 explicabo.
874 561 1023 619 Disc.
1058 563 1216 619 Libet
1253 563 1490 634 quidem,
1522 564 1628 620 ac'
1668 564 1825 621 valde
1848 581 2101 622 necessa-

521 654 663 709 rium
692 661 775 709 est
795 651 837 705 ³.
889 652 965 707 De
996 653 1098 709 hac
1145 654 1288 709 enim
1319 653 1342 684 ⁸
1371 654 1689 724 quaestione
1717 655 1915 721 adhuc,
1962 656 2104 726 quod

520 745 653 800 mihi
676 744 808 800 satis
823 744 1117 811 videretur,
1144 761 1176 800 a
1206 745 1353 801 nullo
1374 754 1460 801 est
1481 762 1720 802 suasum.
1753 747 1893 803 MAG.
1918 747 2104 804 Totius

519 836 703 903 itaque
744 835 994 891 conditae
1039 844 1269 892 naturae
1317 837 1515 893 trinam
1566 838 1956 894 dimensionem
1984 854 2105 895 esse

520 925 775 981 arbitror.
828 924 1001 983 Omne
1046 926 1213 994 enim,
1245 929 1388 999 quod
1427 937 1670 985 creatum
1715 931 1889 1001 estn',
1936 939 2031 985 aut
2083 929 2104 962 ‘

518 1016 741 1072 omnino
828 1032 1024 1088 corpus
1101 1027 1189 1073 est
1244 1020 1307 1085 τ,
1370 1020 1506 1076 aut“
1565 1020 1786 1077 omnino
1840 1022 2102 1094 spiritus,

520 1116 614 1164 aut
682 1108 900 1180 aliquod
942 1109 1176 1166 medium
1207 1152 1223 1179 ,
1278 1112 1421 1182 quod
1474 1127 1577 1169 nec
1627 1113 1849 1170 omnino
1908 1131 2105 1185 corpus

516 1208 603 1258 est
646 1199 692 1269 ',
741 1216 842 1258 nec
881 1203 1102 1259 omnino
1132 1204 1376 1274 spiritus,
1420 1206 1514 1263 sed
1559 1206 1794 1277 quadam
1845 1209 2104 1263 medieta-

519 1294 611 1361 tis,
639 1301 695 1350 et
715 1296 1118 1352 extremitatum
1143 1298 1373 1365 ratione,
1403 1307 1460 1354 et
1479 1299 1748 1370 spirituali
1770 1301 1991 1357 omnino
2011 1317 2105 1359 na—

518 1392 673 1454 tura,
721 1387 884 1463 veluti
950 1403 1018 1444 ex
1078 1405 1184 1445 una
1236 1392 1583 1448 extremitate
1637 1401 1692 1449 et
1742 1394 2108 1464 superiori,et

515 1492 585 1535 ex
641 1478 831 1546 altera,
880 1479 985 1537 hoc
1032 1489 1145 1547 est,
1202 1497 1268 1538 ex
1304 1482 1526 1538 omnino
1566 1499 1826 1555 corporea
1860 1494 1915 1541 et
1966 1485 2103 1542 infe-

517 1569 649 1625 riori
681 1571 724 1603 ²⁰
754 1572 1229 1642 proportionaliter
1264 1573 1318 1628 in
1346 1588 1408 1631 se
1443 1575 1668 1646 recipit,
1708 1577 1865 1648 unde,
1890 1577 2106 1647 proprie

515 1672 568 1716 et
583 1663 1008 1720 counaturaliter
1017 1665 1451 1721 extremitatibus
1463 1667 1574 1722 suis
1595 1666 1859 1723 subsistit.
1874 1667 2106 1724 Proinde

515 1753 559 1809 si
586 1754 707 1823 quis
737 1754 975 1811 intentus
1001 1755 1044 1787 “
1066 1758 1385 1828 inspexerit,
1414 1758 1466 1813 in
1490 1757 1591 1814 hac
1621 1759 1853 1815 ternaria
1878 1776 2106 1832 propor-

2203 576 2405 631 menta,
2443 566 2559 621 sive
2596 566 2861 637 simplicia
2889 569 3003 623 sive
3030 571 3351 641 composita,
3379 573 3547 631 veluti
3580 592 3649 633 ex
3674 580 3799 651 qui-

2202 655 2427 711 busdam
2463 656 2676 727 magnis
2704 656 2948 713 fontibus
2980 656 3244 728 deﬂuunt,
3264 662 3509 734 jndeque
3537 665 3796 741 intelligi-
3823 655 3845 735 Ϊ’

2202 745 2297 801 bili
2327 748 2561 817 quadam
2589 746 2792 802 virtute
2829 747 3006 819 rigata
3044 749 3517 810 administrantur.
3553 755 3666 814 Nec
3692 758 3796 818 hoc

2202 836 2325 892 silet
2337 836 2616 908 Scriptura
2639 837 2881 894 clamans
2898 853 2915 893 :
2940 838 3005 894 Et
3027 856 3216 911 quae,
3232 859 3368 914 quae
3383 863 3543 918 super
3558 850 3797 907 ωειοςισ

2201 937 2349 995 sunt,
2360 928 2574 983 laudent
2586 928 2633 961 ’°
2647 944 2836 984 nomen
2845 929 2967 984 Dei.
2984 929 3245 998 Quamvis
3267 936 3414 992 enim
3427 937 3531 995 hoc
3540 939 3801 1001 de'caele-

2203 1017 2375 1073 stibus
2400 1017 2691 1074 virtutibus
2713 1019 2837 1090 quis
2866 1019 3153 1093 intelligat,
3174 1026 3459 1094 praeticto
3483 1032 3665 1087 sensui
3683 1048 3792 1091 non

2204 1119 2485 1183 repugnat,
2501 1110 2629 1167 dum
2651 1111 2724 1167 sit
2751 1112 3056 1171 divinorum
3083 1116 3420 1187 eloquiorum
3443 1122 3488 1155 ’ν
3514 1124 3792 1196 multiplex

2203 1202 2600 1273 interpretatio.
2632 1203 2870 1262 Proinde
2895 1207 3089 1264 harum
3121 1224 3385 1280 aquarum
3417 1214 3471 1268 in
3493 1215 3675 1271 medio
3713 1218 3793 1273 die

2206 1294 2285 1348 xit
2314 1293 2454 1350 Deus
2482 1294 2601 1350 ﬁeri
2629 1295 3054 1365 ﬁrmamentum,
3084 1300 3189 1356 hoc
3214 1311 3303 1358 est
3329 1304 3653 1374 simplicium
3680 1307 3792 1364 ele-

2204 1396 2511 1442 mentorum
2537 1395 2808 1456 naturam,
2834 1406 2977 1462 quae
3002 1402 3269 1463 quantum
3308 1396 3540 1453 visibilia
3567 1414 3793 1471 corpora

2204 1489 2445 1548 superat,
2475 1485 2685 1533 tantum
2708 1478 2777 1534 ab
2796 1479 3357 1539 invisibilibuseorum
3379 1486 3678 1543 rationibus
3700 1504 3795 1545 su-

2206 1579 2446 1640 peratur,
2475 1579 2845 1642 quantumque
2863 1588 2895 1628 a
2920 1575 3290 1646 superioribus
3308 1579 3557 1649 suscipit,
3588 1590 3794 1640 tantum

2205 1660 2552 1719 inferioribus
2581 1664 2889 1731 distribuit;
2918 1675 3176 1736 quantum
3204 1683 3334 1726 vero
3358 1671 3427 1727 ab
3448 1671 3792 1733 inferioribus

2206 1750 2439 1820 recipit,
2478 1760 2687 1808 tantum
2727 1754 3095 1824 superioribus
3132 1759 3403 1824 restituit,
3442 1760 3686 1818 referens
3722 1764 3794 1821 iis

515 1844 817 1901 tionalitate
830 1846 974 1903 hunc
986 1849 1242 1905 mundum
1257 1848 1609 1906 constitutum
1632 1850 1911 1922 intelliget.
1931 1852 2103 1924 Siqui-

2213 1854 2373 1895 omne
2397 1842 2541 1911 quod
2567 1843 2716 1900 abiis
2729 1843 2970 1901 deﬂuxit.
2986 1845 3158 1913 Quam
3183 1851 3501 1921 prophetico
3520 1854 3797 1923 spiritale-

514 1937 640 1992 dem
663 1938 716 1994 in
744 1948 1007 2008 quantum
1036 1940 1091 1995 in
1116 1941 1418 1998 rationibus
1447 1943 1580 2010 suis,
1609 1942 1663 1997 in
1690 1944 1887 2013 quibus
1916 1953 2096 2000 aeter-

514 2030 713 2085 naliter
731 2031 774 2062 "
800 2040 855 2086 et
881 2033 1209 2088 constitutus
1235 2045 1339 2099 est,
1367 2042 1422 2089 et
1435 2034 1802 2091 essentialiter
1821 2036 2094 2104 subsistit,

514 2123 910 2191 consideratur,
972 2141 1080 2183 non
1106 2128 1280 2183 solum
1333 2129 1651 2200 spiritualis,
1701 2146 1890 2187 verum
1931 2133 2096 2187 etiam

512 2217 735 2271 omnino
770 2218 991 2288 spiritus
1019 2222 1383 2292 cognoscitur.
1433 2221 1602 2279 Nemo
1631 2223 1777 2278 enim
1804 2232 1950 2281 recte
1977 2225 2098 2296 phi-

512 2307 912 2380 losophantium
942 2314 1180 2371 rationes
1198 2330 1489 2387 corporeae
1512 2327 1737 2375 naturae
1763 2320 2098 2391 Spirituales,

514 2398 623 2457 imo
649 2401 813 2458 etiam
836 2404 1061 2475 spiritus
1095 2420 1216 2462 esse
1245 2408 1450 2479 negarit
1470 2426 1486 2476 ;
1503 2410 1630 2465 dum
1652 2427 1781 2468 vero
1825 2423 2101 2470 extremae

514 2491 686 2562 ipsius
713 2495 966 2552 deorsum
994 2512 1184 2554 versus
1216 2499 1579 2570 inspiciuntur
1598 2514 1804 2573 partes,
1838 2505 1943 2561 hoc
1993 2515 2097 2572 est,

511 2585 692 2640 omnia
719 2587 833 2655 ista
851 2603 1075 2659 corpora
1102 2604 1171 2645 ex
1183 2591 1459 2649 catholicis
1479 2594 1758 2651 elementis
1778 2599 2097 2668 composita,

512 2678 750 2735 maxime
772 2680 938 2735 etiam
968 2689 1207 2748 terrena,
1233 2693 1289 2739 et
1336 2685 1606 2756 aquatica,
1635 2704 1775 2758 quae
1795 2698 1850 2745 et
1878 2705 2103 2760 genera-

511 2765 664 2831 tioni,
688 2778 746 2824 et
764 2771 1107 2841 corruptioni
1155 2773 1387 2830 obnoxia
1432 2787 1578 2842 sunt,
1604 2779 1739 2834 nihil
1783 2780 1927 2835 aliud
1952 2783 2005 2836 in
2036 2783 2103 2839 iis

509 2860 785 2919 invenitur
811 2864 854 2897 ³⁸
884 2876 1096 2936 praeter
1119 2882 1314 2940 corpus
1339 2872 1560 2926 omnino
1596 2880 1652 2928 et
1673 2873 1717 2905 “
1758 2889 2100 2945 corporeum.

512 2955 583 3011 At
605 2958 649 3012 si
687 2959 809 3027 quis
837 2960 1161 3031 simplicium
1203 2963 1594 3021 elementorum
1623 2969 2103 3025 naturamintuea-

512 3057 620 3113 tur,
653 3049 771 3105 luce
811 3051 1011 3107 clarius
1037 3053 1308 3124 quandam
1341 3057 1858 3128 proportionabilem
1908 3060 2107 3115 medie.

515 3145 676 3192 tatem
702 3140 956 3204 inveniet,
974 3157 1077 3211 qua
1105 3142 1151 3174 "
1176 3159 1277 3200 nec
1300 3147 1522 3202 omnino
1534 3163 1731 3218 corpus
1745 3157 1890 3214 sunt,
1915 3165 2106 3218 quam-

2203 1930 2427 2001 gislator
2454 1933 2761 1993 admonitus
2780 1936 3178 1995 ﬁrmamentum
3204 1942 3795 2019 appellavit.Abyssum

2203 2036 2436 2092 namque
2451 2023 2865 2097 intelligibilium
2882 2028 3152 2085 rationum
3172 2030 3218 2063 ³⁸
3234 2047 3396 2103 super
3418 2050 3476 2090 se
3495 2036 3793 2105 positarum
3826 2081 3841 2087 -

2204 2112 2358 2168 ﬁrma
2386 2122 2443 2169 et
2470 2115 2809 2188 inseparabili
2842 2135 2937 2176 sua
2951 2120 3291 2190 simplicitate
3312 2123 3460 2180 fulcit
3486 2126 3561 2193 “;
3586 2126 3792 2185 lituum

2205 2226 2336 2266 vero
2351 2212 2689 2269 mutabilium
2704 2230 3014 2286 corporum,
3029 2226 3085 2273 et
3096 2218 3483 2276 maximearida
3502 2230 3557 2277 et
3568 2222 3793 2281 humida

2206 2301 2470 2371 qualitate
2490 2305 2936 2373 compositorum,
2967 2307 3090 2362 dum
3118 2307 3398 2377 temporali
3424 2310 3795 2368 vicissitudine

2207 2392 2572 2460 resolvuntur,
2598 2395 2651 2449 in
2681 2396 2912 2467 seipsam
2940 2398 3190 2462 retrahit,
3205 2398 3370 2468 inque
3387 2414 3485 2455 sua
3504 2399 3795 2457 universali

2206 2483 2496 2551 soliditate,
2525 2501 2596 2541 ne
2624 2496 2873 2557 pereant,
2897 2489 3152 2547 custodit.
3182 2489 3370 2560 Neque
3400 2492 3505 2548 hoc
3525 2491 3794 2564 ignorant,

2207 2577 2297 2646 qui
2331 2577 2703 2649 philosophiae
2731 2581 2924 2636 studiis
2945 2581 3161 2648 imbuti,
3187 2582 3605 2640 transfusionem
3628 2593 3791 2640 natu-

2209 2683 2391 2723 rarum
2424 2668 2476 2723 in
2533 2685 2593 2725 se
2638 2670 2781 2741 ipsas
2833 2680 3167 2742 cognoscunt
3208 2673 3273 2727 ³⁸.
3321 2672 3525 2730 Causae
3570 2674 3791 2744 quidem

2211 2762 2353 2818 enim
2371 2761 2414 2793 ³¹
2437 2768 2492 2822 in
2512 2766 2803 2831 elementa,
2831 2764 3098 2821 elementa
3117 2767 3167 2822 iu
3179 2781 3408 2838 corpora
3436 2768 3788 2835 descendunt,

2211 2862 2386 2918 soluta
2413 2875 2640 2931 corpora
2667 2874 2763 2930 per
2791 2859 3059 2915 elementa
3082 2859 3136 2914 in
3164 2873 3356 2916 causas
3377 2874 3505 2916 suas
3519 2859 3792 2928 resiliunt,

2212 2956 2328 3025 ipsa
2357 2954 2519 3010 etiam
2546 2967 2774 3022 corpora
2796 2951 2849 3007 in
2881 2966 2940 3007 se
2965 2952 3196 3007 invicem
3228 2959 3527 3007 transeunt.
3553 2951 3615 3006 lu
3657 2951 3798 3007 dilu-

2213 3049 2299 3103 vio
2328 3062 2422 3103 aer
2468 3060 2656 3101 versus
2703 3052 2787 3099 est
2816 3043 2870 3098 in
2899 3059 3117 3114 aquam,
3159 3042 3465 3113 iterumque
3483 3041 3529 3077 ³¹
3578 3056 3796 3099 reversa

2214 3147 2298 3194 est
2327 3153 2466 3209 aqua
2493 3137 2546 3192 in
2574 3150 2719 3192 aera.
2751 3134 2901 3190 Dixit
2929 3135 3114 3204 itaque
3130 3134 3275 3190 Deus
3303 3152 3317 3188 :
3346 3131 3473 3188 Fiat
3492 3133 3797 3203 [iratam

511 3228 596 3285 vis
618 3231 660 3263 "
687 3248 872 3287 eorum
908 3234 1253 3304 corruptione
1268 3237 1534 3292 naturalia
1553 3253 1780 3308 corpora
1804 3240 2104 3296 subsistant
2131 3234 2177 3297 C
2207 3241 2319 3285 tum
2344 3229 2401 3284 ίη
2452 3228 2623 3282 medio
2661 3242 2943 3297 αηααηιηι.
2982 3226 3085 3280 hoc
3114 3234 3219 3291 es"
3265 3223 3360 3280 “at
3392 3223 3635 3281 30mm“
3657 3224 3789 3280 οἶα·

511 3334 578 3375 ex
607 3321 650 3355 "
676 3322 819 3378 coitu
852 3339 951 3379 nec
983 3326 1204 3380 omnino
1247 3341 1541 3398 corporeae
1564 3338 1793 3385 naturae
1827 3332 2095 3400 expertia,

513 3409 640 3464 dum
668 3413 736 3466 ab
756 3412 837 3467 eis
861 3415 1041 3468 omnia
1077 3430 1306 3485 corpora
1331 3417 1620 3487 proﬂuam,
1654 3427 1710 3474 et
1733 3419 1786 3474 in
1808 3432 1875 3475 ea
1901 3421 2096 3478 iterum

514 3499 882 3555 resolvantur:
924 3511 981 3556 et
1005 3503 1199 3558 iterum
1220 3504 1450 3561 alterum
1475 3508 1520 3540 ¹⁸
1535 3508 1958 3580 alterisuperiori
1980 3513 2101 3582 qui-

511 3590 635 3646 dem
660 3593 1001 3649 extremitate
1047 3606 1358 3666 comparata
1381 3600 1566 3665 ",nec
1608 3601 1830 3658 omnino
1877 3605 2100 3676 spiritus

511 3691 658 3748 sunt,
691 3684 946 3753 quoniam
976 3700 1082 3741 non
1110 3690 1330 3751 omnino
1361 3706 1621 3762 corporea
1639 3696 1984 3753 extremitate
2006 3700 2102 3753 ah-

512 3774 710 3842 soluta,
738 3790 838 3830 nec
861 3777 1083 3834 omnino
1108 3795 1214 3835 non
1237 3781 1475 3852 spiritus,
1504 3784 1761 3854 quoniam
1781 3787 1827 3818 ὀ
1845 3802 1913 3843 ex
1936 3788 2103 3843 ratio-

516 3866 675 3922 nibus
704 3867 926 3925 omnino
946 3870 1314 3939 spiritualibus
1361 3874 1741 3932 subsistentiae
1768 3892 1897 3933 suae
1940 3893 2103 3935 occa-

511 3955 696 4015 siones
715 3959 983 4030 accipiant
1013 3963 1080 4015 ".
1112 3960 1228 4018 Non
1267 3964 1714 4022 irrationabiliter
1735 3969 1918 4040 itaque
1964 3970 2104 4026 dixi-

516 4064 657 4117 mus,
698 4052 842 4107 hunc
872 4054 1129 4110 mundum
1176 4057 1551 4115 extremitates
1584 4061 1847 4129 quasdam
1874 4076 1903 4115 a
1934 4077 1994 4118 se
2022 4062 2102 4117 in-

511 4140 683 4198 vicem
707 4143 923 4214 penitus
946 4146 1226 4213 discretus,
1256 4151 1664 4218 etmcdietates,
1686 4153 1741 4207 in
1765 4154 1961 4223 quibus
1982 4155 2103 4209 uni-

509 4234 785 4291 versitatis
825 4237 994 4307 ipsius
1023 4239 1069 4271 ³³
1113 4254 1338 4296 concors
1388 4242 1666 4299 harmonia
1713 4244 2058 4316 coniungitur
2083 4286 2099 4312 ,

507 4325 804 4392 possidere.
820 4325 1093 4384 Ponamus
1117 4329 1283 4399 igitur
1299 4329 1583 4388 inferiores
1598 4332 1758 4402 hujus
1777 4336 1958 4391 mundi
1976 4351 2102 4407 par-

508 4421 592 4471 tes
612 4416 773 4472 veluti
796 4418 1079 4477 inferiores
1095 4437 1281 4492 aquas.
1306 4422 1415 4480 Nec
1439 4416 1733 4492 immerito,
1752 4426 1880 4482 dum
1902 4436 2099 4495 totum,

510 4509 653 4575 quod
687 4509 739 4562 in
763 4509 865 4565 hoc
900 4512 1101 4567 mundo
1136 4515 1412 4588 nascitur],
1456 4519 1681 4574 humore
1705 4520 1901 4575 crescit
1940 4527 2101 4591 atque

2199 3319 2424 3392 plicium
2453 3318 2845 3374 elementorum
2874 3315 3015 3372 inter
3047 3313 3472 3385 profunditatem
3525 3313 3791 3369 rationum

2201 3426 2445 3478 suarum,
2472 3419 2527 3465 et
2570 3408 2887 3465 mutabilem
2932 3406 3137 3462 ﬂuxum
3184 3419 3473 3476 corporum
3497 3403 3791 3461 comedens

2202 3518 2471 3561 concursu
2517 3503 2958 3572 compositorum,
2997 3509 3045 3554 et
3082 3499 3288 3555 diuidat
3326 3515 3492 3569 mea
3528 3498 3592 3553 ab
3616 3497 3793 3569 aquis,

2202 3594 2304 3651 hoc
2318 3602 2427 3661 est,
2448 3608 2677 3663 corpora
2699 3590 3018 3661 composita,
3036 3587 3170 3645 locis
3183 3588 3448 3659 dispersa,
3462 3586 3795 3656 temporibus

2200 3686 2501 3752 mutabilia,
2543 3685 2884 3758 generationi
2910 3693 2967 3740 et
3011 3681 3344 3752 corruptioni
3380 3676 3792 3737 distributadis-

2200 3789 2389 3838 cernat
2411 3796 2441 3835 a
2463 3780 2799 3851 simplicibus
2818 3776 3120 3835 rationibus
3132 3774 3795 3843 locorumtemporumque

2203 3873 2470 3930 varietate
2491 3871 2818 3938 carentibus,
2842 3869 3191 3942 generatione
3210 3874 3269 3923 et
3284 3865 3634 3937 corruptione
3662 3862 3796 3919 libe-

2203 3965 2302 4031 ris,
2326 3963 2649 4021 immutabili
2668 3962 2788 4034 lege
2824 3960 3079 4017 stabilitis
3118 3958 3185 4012 ³³.
3212 3957 3360 4013 Inter
3394 3954 3796 4027 simplicitatem

2203 4064 2385 4113 autem
2413 4071 2700 4112 causarum
2734 4062 2790 4110 ct
2813 4054 3202 4110 elementorum
3222 4047 3349 4104 talis
3361 4056 3445 4103 est
3466 4044 3794 4111 diﬂ‘erentia.

2203 4150 2348 4221 quod
2363 4149 2451 4204 illa
2473 4162 2759 4205 causarum
2783 4147 2999 4216 quidem
3011 4144 3216 4212 absque
3244 4139 3487 4195 locorum
3506 4146 3565 4195 et
3592 4148 3796 4208 tempo-

2201 4255 2321 4296 rum
2349 4249 2541 4297 natura
2562 4238 2893 4309 intelligitur,
2918 4237 3019 4292 ista
3046 4233 3092 4265 “
3114 4245 3244 4288 vero
3264 4228 3401 4287 locis
3439 4229 3800 4301 temporibus-

2201 4343 2307 4398 que
2334 4344 2521 4384 carere
2543 4344 2647 4384 non
2670 4336 2881 4397 potest;
2912 4328 2965 4382 in
2981 4327 3220 4384 eiscuim
3241 4317 3796 4390 eontiuetur,etquod

2202 4418 2294 4474 illa
2317 4419 2569 4475 omnibus
2599 4418 2969 4475 accidentibus
3002 4417 3249 4474 absoluta
3297 4429 3513 4486 semper
3565 4412 3657 4479 sit,
3689 4410 3797 4466 ista

2202 4515 2490 4585 aliquando
2508 4514 2808 4570 accidentia
2830 4513 3045 4583 recipit,
3061 4507 3608 4606 aliquandodepouit;

512 4600 790 4666 nutritur;
819 4601 1038 4659 humida
1063 4605 1328 4675 siquidem
1352 4611 1611 4678 qualitate
1631 4612 1951 4684 corporibus
1973 4614 2100 4669 sub.
2129 4592 2179 4652 ι)
2204 4607 2285 4664 nit
2303 4606 2519 4677 quidem
2554 4607 2608 4662 in
2628 4606 3043 4672 universalibus,
3059 4605 3115 4660 in
3133 4601 3552 4675 particularibus
3578 4593 3791 4666 recipit.

509 4689 636 4753 lata,
686 4693 889 4763 absque
940 4711 1089 4752 mora
1115 4700 1416 4768 tabescunt,
1449 4713 1504 4759 et
1529 4704 1867 4772 decrescunt,
1889 4717 1944 4763 et
1961 4721 2103 4778 pene

511 4781 577 4836 ad
606 4783 830 4839 nihilum
856 4786 1191 4859 rediguntur.
1219 4790 1352 4845 Nam
1377 4801 1431 4847 et
1456 4794 1706 4850 caelestia
1737 4812 1965 4865 corpora
1994 4798 2102 4854 fer-

2272 4696 2364 4751 27.
2395 4694 2733 4752 Generaliter
2770 4705 2953 4752 autem
2992 4695 3046 4752 in
3075 4695 3330 4751 omnibus
3368 4706 3465 4749 sex
3493 4689 3796 4761 primorum

2204 4790 2415 4847 dierum
2443 4788 2698 4859 operibus
2735 4788 3139 4859 intelligendum
3171 4794 3277 4853 est,
3315 4784 3617 4848 ubicunque
3648 4774 3794 4830 Seri-

509 4875 850 4943 ventissima,
878 4885 932 4934 et
957 4879 1133 4950 ignea,
1163 4881 1383 4936 humida
1412 4898 1677 4953 aquarum
1714 4894 1907 4940 natura
1930 4888 2102 4941 nutri-
2204 4887 2364 4949 plura
2389 4876 2968 4974 commemorat}
3198 4874 3325 4974 δαί
3353 4873 3469 4974 (“‘3'
3489 4865 3797 4974 ﬁat}?

509 4963 554 5017 ri
584 4967 862 5035 sapientes
888 4970 1072 5025 mundi
1097 4969 1389 5038 allirmant,
1414 4974 1559 5043 quod
1590 4989 1690 5030 nec
1737 4990 1926 5031 sacrae
1949 4975 2101 5031 Serio
2207 4981 2433 5027 utentum
2454 5012 2470 5039 ,
2501 4980 2556 5027 et
2580 4980 2759 5067 cetera
2784 4971 2838 5025 in
2864 4968 3089 5067 reliquis
3126 4956 3796 5067 diebus,-prllnftrdiali§f

507 5062 700 5126 pturae
737 5057 785 5094 ³³
828 5062 1164 5131 expositores
1214 5064 1479 5136 denegant
1505 5066 1570 5121 ".
1621 5064 1940 5137 Spirituales
1977 5081 2115 5157 vero
2209 5079 2497 5121 causarum
2520 5062 2810 5135 specialem
2831 5056 3541 5157 conditionem‘siguiﬁcat‘i.
3562 5063 3796 5157 ιιυαιςωιξ

508 5147 749 5205 omnium
809 5151 1105 5210 visibilium
1153 5156 1393 5213 rationes
1449 5159 1790 5229 superiorum
1842 5147 2115 5230 aquarum
2206 5155 2584 5213 universaliter
2609 5156 2813 5212 creatio
2836 5154 3055 5211 nomine
3079 5152 3476 5209 caelietterrae
3494 5147 3797 5218 praemissa

1820 5266 2076 5325 VARlAE
2119 5263 2522 5323 LECTIONES.

586 5370 606 5403 ⁸
636 5371 678 5424 Α
708 5371 810 5428 his.
873 5445 885 5457 ο
911 5372 931 5406 ¹
951 5373 996 5429 Δ
1022 5384 1093 5431 et.
1192 5375 1213 5407 ³
1235 5383 1313 5459 est
1332 5393 1441 5459 om.
1568 5451 1579 5459 .
1636 5379 1820 5459 {enim
1837 5395 1952 5459 om.
2128 5376 2214 5459 A'AA
2245 5388 2506 5459 creatur}.
2550 5379 2637 5433 Ἀ
2665 5389 2741 5459 est
2771 5378 2871 5459 get.
2945 5377 3075 5459 ’,ξιξ
3109 5392 3218 5438 om-
3412 5374 3435 5409 ⁸
3456 5366 3663 5459 ᾼιυέίοί,

513 5453 613 5522 nec
635 5451 707 5495 est
736 5445 956 5522 _o_m_niuo
990 5463 1199 5522 corpus.
1278 5447 1319 5479 η’
1346 5458 1394 5522 et
1422 5449 1662 5522 inferiori
1684 5465 1794 5522 om.
1824 5449 1889 5522 ᾼ.
1969 5448 2066 5501 “A
2084 5456 2332 5522 attentus.
2414 5450 2456 5485 ι’
2480 5450 2521 5503 Α
2539 5450 2902 5522 εςεςηιὶᾳζὶιςν.
2982 5449 3026 5481 ¹⁸
3047 5451 3092 5506 Α
3122 5449 3400 5522 reperitur:
3476 5442 3523 5475 “
3543 5444 3589 5498 A
3614 5450 3668 5522 εξ
3685 5456 3799 5522 ορξ-

511 5512 669 5591 nino;
736 5512 781 5542 ¹⁸
869 5516 1012 5591 quia.
1079 5509 1137 5591 ’ξσ
1156 5516 1202 5571 Α
1224 5509 1495 5591 quoniam;
1572 5519 1679 5591 "7A
1695 5519 1990 5591 subsistunt
2011 5527 2082 5572 et.
2160 5518 2203 5548 ¹⁸
2218 5518 2441 5591 alterum
2468 5535 2578 5573 om.
2604 5518 2665 5574 C.
2745 5520 2787 5551 ¹⁹
2810 5518 2859 5591 C_
2876 5537 2986 5574 esse
3004 5509 3230 5591 paraui.
3292 5518 3337 5548 ’°
3360 5516 3569 5591 C‘§u_m_
3625 5513 3679 5591 ’ξ
3704 5509 3800 5591 δερ

509 5580 556 5664 _A_
583 5596 610 5664 ς,
629 5579 670 5637 C
692 5579 998 5662 suscipiant.
1073 5579 1310 5664 “nimius
1328 5604 1436 5664 oin.
1470 5589 1536 5643 A.
1576 5586 2036 5664 -_"_C‘sc.ripturae
2058 5603 2259 5664 sacrae.
2337 5590 2391 5664 ’_‘_
2410 5590 2456 5664 ἐξ
2480 5598 2691 5657 negant.
2766 5591 2811 5623 "
2834 5589 2879 5645 A
2905 5579 3070 5664 supra
3101 5587 3337 5664 coelum:
3402 5583 3519 5664 ⁸⁸,ᾼ
3543 5581 3794 5664 Laudant-

509 5650 556 5730 ξ’
582 5652 623 5705 Α
649 5648 1047 5730 mysteriorusz
1115 5648 1182 5730 '9:
1202 5656 1258 5730 Α
1278 5658 1533 5730 νιιιὶοιξεη
1574 5658 1693 5730 ’ξΑ
1726 5648 1879 5727 (uicit
1913 5656 2268 5727 simplicitate.
2350 5658 2393 5690 ³⁰
2417 5658 2458 5715 C
2481 5648 2818 5730 εοῇηοεεαηι.
2900 5659 2948 5695 ³¹
2969 5648 3126 5717 ἐπίοι
3159 5672 3272 5715 om.
3307 5655 3377 5711 Δ.
3462 5653 3508 5690 ³²
3536 5648 3579 5708 C
3607 5651 3800 5709 ἱεσηιηι

513 5718 615 5787 (-
642 5718 740 5787 que
760 5736 868 5774 om.
891 5720 915 5790 >
938 5718 983 5751 ³³
1008 5718 1049 5774 C
1079 5723 1364 5781 stabilitas.
1434 5726 1481 5758 ἰ
1506 5728 1548 5781 Α
1577 5727 1690 5787 illa.
