4236 6274
384 417 489 480 697

1241 417 1332 476 DE
1367 417 1715 477 DIVISIONE
1750 417 2107 479 NATURAE.
2147 450 2219 462 —
2254 416 2461 474 LIBER
2499 415 2823 474 TERTIUS.

3564 417 3670 476 698

381 537 515 596 est;
543 527 848 599 ubicunque
867 541 1027 583 vero:
1059 523 1126 580 Et
1153 527 1294 597 facta
1329 537 1405 584 est
1457 530 1570 594 lux,
1593 539 1638 584 et
1667 530 1787 599 fecit
1833 530 1974 591 Deus
2002 535 2054 595 Α
2080 532 2433 602 ponderatum
2475 529 2779 584 naturalem
2817 543 2972 582 suum
3002 528 3190 584 situm'
3211 545 3318 586 non
3347 529 3543 586 sinitur
3569 531 3663 586 de-

382 620 799 693 ﬁrmamentum,
832 631 882 674 et
921 621 1120 690 factum
1169 631 1246 675 est
1277 621 1374 684 ita,
1405 621 1701 675 earundem
1747 621 1980 689 primor-

386 712 609 770 dialium
636 726 921 767 causarum
939 711 994 766 in
1021 709 1246 767 effectus
1274 727 1401 768 suos
1425 728 1522 782 per
1543 726 1741 783 genera
1773 720 1827 767 et
1857 727 1979 780 spe-

385 804 501 862 cies
540 804 960 875 processionem.
1026 802 1340 874 Vocauitque
1389 803 1533 858 Deus
1588 803 1978 872 ﬁrmamentum

385 894 610 952 caelum.
633 893 794 949 Juxta
819 908 1080 950 romanae
1108 893 1322 964 linguae
1351 895 1734 966 etymologiam
1765 894 1976 949 caelum

385 985 585 1043 dicitur
623 1001 656 1041 a
690 987 903 1056 pictura
950 985 1210 1050 siderum,
1260 987 1416 1056 quasi
1451 985 1646 1042 caelati
1695 987 1890 1052 instar,
1919 996 1979 1042 ut

386 1077 564 1134 Plinio
623 1078 860 1150 placet,.
896 1077 1055 1147 juxta
1111 1093 1243 1133 vero
1291 1094 1541 1150 graecam
1594 1081 1978 1152 proprietatem

384 1173 624 1248 οὐρανός,
655 1173 811 1241 quasi
837 1169 956 1245 ὄρος
996 1169 1117 1236 ἄνω,
1150 1171 1256 1227 hoc
1283 1180 1390 1237 est,
1417 1171 1556 1227 visio
1598 1172 1846 1241 desuper.
1870 1172 1979 1228 Me-

389 1260 502 1315 rito
544 1275 674 1330 ergo
719 1259 1119 1315 ﬁrmamentum
1166 1260 1552 1317 nniversalium
1591 1261 1978 1318 elementorum

392 1355 629 1426 οὐρανός,
654 1354 705 1408 id
727 1362 841 1417 est,
871 1353 1078 1408 caelum
1110 1353 1428 1424 appellatur,
1476 1355 1980 1424 quoniam-omnem

393 1446 754 1516 compositam
775 1460 1200 1516 corporeamque
1242 1455 1548 1502 creaturam
1579 1447 1860 1503 altitudine
1885 1463 1982 1502 na-

394 1542 551 1592 turae
579 1538 963 1607 supereminet.
1003 1538 1163 1598 Sunt.
1193 1538 1284 1609 qui
1310 1538 1659 1595 tenuissimas
1686 1555 1856 1609 aquas
1891 1555 1982 1594 su-

391 1645 496 1701 pra
525 1631 948 1695 tirmamentum,
983 1632 1085 1687 hoc
1113 1641 1196 1687 est
1220 1632 1237 1664 ⁸
1269 1673 1283 1698 ,
1315 1647 1480 1703 super
1522 1633 1718 1688 choros
1742 1633 2004 1713 siderum.

389 1735 515 1778 esse
535 1731 729 1792 putant
753 1739 767 1788 ;
803 1722 898 1779 sed
926 1738 1022 1780 eos
1049 1723 1248 1780 refellit
1277 1733 1298 1765 ι
1325 1733 1380 1780 et
1407 1725 1548 1781 ratio
1576 1725 1898 1796 ponderum,
1927 1733 1983 1780 et

390 1812 525 1870 ordo
576 1814 997 1872 elementorum.
1038 1817 1146 1872 Alii
1183 1832 1315 1873 vero
1357 1817 1525 1873 veluti
1572 1818 1593 1849 ³
1640 1817 1981 1887 vaporahiles

2079 637 2282 690 serere,
2330 623 2598 692 gravitate
2640 621 2858 690 quidem
2898 618 3173 675 inferioris
3203 622 3373 689 partis
3419 620 3670 689 superius

2078 716 2372 775 ascendere
2396 757 2410 780 ,
2442 715 2660 770 levitate
2686 729 2818 769 vero
2843 712 3139 783 superioris
3165 711 3393 768 inferius
3419 711 3672 767 inclinari

2078 825 2185 866 non
2212 808 2582 879 permittente.
2634 805 2870 860 Proinde
2909 803 3174 875 splendidi
3219 803 3420 858 coloris
3460 803 3673 858 videtur

2077 917 2219 967 esse,
2240 900 2331 969 qui
2359 899 2506 954 color
2521 899 2731 953 medius
2762 907 2846 952 est
2868 898 3009 954 inter
3019 897 3276 968 pallidum
3293 905 3348 952 et
3365 897 3587 952 rubrum
3605 895 3673 962 ³⁸,

2078 999 2290 1063 partem
2347 989 2566 1059 quidem
2614 1003 2680 1042 ex
2723 988 3022 1057 palliditate
3068 986 3383 1056 frigidorum
3433 985 3675 1041 siderum

2080 1097 2264 1152 supra,
2288 1089 2498 1149 partem
2525 1093 2656 1132 vero
2683 1093 2751 1132 ex
2780 1077 3042 1132 rubedine
3066 1075 3363 1132 calidorum
3387 1089 3677 1146 corporum

2080 1171 2222 1226 infra
2267 1171 2321 1226 in
2371 1169 2898 1239 contemperantiam
2954 1169 2994 1200 ⁸⁷
3045 1168 3127 1222 sui
3179 1168 3483 1238 splendoris
3527 1167 3675 1224 acci-

2079 1262 2256 1332 piens.
2284 1259 2544 1314 Planetae
2570 1273 2722 1321 vero,
2750 1258 2843 1328 qui
2879 1258 3022 1313 circa
3047 1273 3169 1312 eum
3213 1257 3526 1323 volvuntur,
3559 1273 3678 1314 mu-

2081 1360 2200 1406 tant
2240 1350 2454 1407 colores
2499 1350 2796 1405 secundum
2842 1350 3160 1420 qualitatem
3199 1350 3242 1384 “
3273 1350 3592 1420 spatiorum,
3620 1349 3681 1406 in

2083 1447 2280 1518 quibus
2305 1445 2638 1508 discurrunt,
2658 1443 2846 1498 Jovem
2869 1443 3011 1509 dico,
3037 1451 3091 1499 et
3111 1443 3361 1507 Martem,
3386 1441 3679 1510 Venerem,

2083 1546 2140 1593 et
2165 1535 2524 1599 Mercurium,
2557 1550 2696 1604 quae
2736 1550 2953 1606 semper
2979 1535 3215 1590 circulos
3244 1550 3371 1590 suos
3416 1534 3562 1590 circa
3589 1548 3690 1591 so-.

2084 1627 2190 1684 lem
2239 1638 2528 1699 peragunt,
2559 1628 2700 1683 sicut
2739 1627 2894 1685 Plato
2922 1630 2976 1684 in
3007 1629 3230 1685 Timaeo
3258 1629 3464 1684 edocet.
3502 1628 3682 1700 Atque

2079 1719 2207 1775 ideo
2233 1719 2360 1774 dum
2390 1734 2552 1788 supra
2579 1718 2750 1774 solem
2778 1727 2936 1784 sunt,
2957 1719 3138 1775 claros
3161 1719 3453 1774 ostendunt
3479 1718 3678 1785 vultus,

2083 1811 2213 1866 dum
2241 1825 2374 1866 vero
2405 1808 2570 1875 infra,
2606 1811 2821 1865 rubros.
2871 1809 2987 1865 Non
3032 1811 3197 1883 igitur
3224 1809 3398 1880 pallor
3441 1809 3681 1866 siderum

392 1920 584 1976 aquas,
608 1914 664 1961 et
691 1921 868 1976 paene
897 1907 1244 1977 incorporeas
1271 1923 1433 1979 supra
1456 1908 1665 1964 caelum
1695 1923 1982 1979 argumen-
2013 1915 2062 1976 Β
2088 1903 2234 1973 cogit
2282 1917 2381 1958 nos
2425 1901 2748 1972 intelligere,
2781 1919 2956 1973 aquae
2991 1903 3319 1958 elementum
3359 1901 3467 1957 ullo
3518 1901 3682 1956 modo

393 2003 658 2068 tantur.ex
682 1996 888 2068 pallore
915 1997 1428 2054 stellarum.Dicunt
1449 1999 1592 2054 enim
1614 2002 1659 2065 ⁵,
1679 2000 1860 2056 stellas
1888 1998 1984 2054 fri-

394 2087 548 2158 gidas
573 2102 715 2155 esse,
747 2097 910 2161 atque
952 2089 976 2123 ⁸
1013 2091 1134 2146 ideo
1175 2090 1434 2161 pallidas;
1481 2091 1752 2161 frigiditas
1799 2100 1982 2146 autem

394 2193 504 2234 non
551 2187 657 2246 est,
699 2188 760 2235 ut
800 2181 966 2246 aiunt,
1006 2183 1098 2238 ubi
1134 2195 1394 2253 aquarum
1439 2181 1741 2238 substantia
1785 2183 1979 2238 deest:

397 2270 581 2327 minus
608 2274 1015 2332 considerantes
1036 2275 1178 2346 quod
1208 2276 1423 2342 dicunt;
1452 2291 1576 2330 nam
1613 2286 1670 2332 et
1703 2276 1795 2333 ubi
1842 2276 1985 2347 ignis

403 2370 492 2418 est
531 2364 992 2432 substantialiter',
1038 2367 1113 2422 ibi
1153 2377 1207 2422 et
1237 2368 1524 2439 frigiditas.
1555 2368 1833 2440 Siquidem
1866 2387 1988 2442 cry-

403 2454 641 2519 stallum,
665 2470 786 2510 cum
810 2455 880 2512 sit
900 2455 1124 2528 frigidae
1147 2466 1388 2523 naturae,
1415 2474 1604 2515 carere
1629 2468 1808 2516 tamen
1835 2461 1990 2532 ignea

402 2543 630 2610 virtute,
649 2559 789 2613 quae
813 2544 995 2600 omnia
1017 2553 1265 2614 penetrat
1287 2563 1540 2618 corpora,
1571 2549 1755 2605 nullus
1777 2552 1991 2622 sapiens

404 2635 624 2690 dixerit.
656 2635 817 2706 ignea
868 2636 1053 2707 itaque
1074 2637 1178 2702 vis,
1221 2637 1313 2693 ubi
1359 2639 1534 2704 ardet,
1567 2641 1719 2696 calor
1747 2650 1862 2708 est;
1901 2642 1992 2696 ubi

404 2741 512 2780 non
541 2725 730 2790 ardet,
761 2725 932 2797 frigus
955 2735 1067 2792 est;
1101 2737 1155 2783 et
1183 2743 1291 2784 non
1321 2729 1478 2784 ardet
1507 2731 1613 2786 nisi
1645 2731 1734 2786 ubi
1764 2732 1993 2787 materia

404 2818 476 2872 sit
520 2816 562 2883 ⁸,
603 2818 658 2872 in
703 2833 809 2888 qua
859 2819 1068 2885 ardeat,
1123 2826 1178 2876 et
1223 2836 1390 2891 quam
1418 2832 1720 2878 consumat.
1760 2821 1993 2894 Ideoque

407 2909 614 2965 solares
634 2911 772 2966 radii
800 2927 898 2981 per
926 2911 1181 2970 aetherea
1215 2915 1392 2984 spatia
1420 2914 1599 2972 diﬂ'usi
1626 2931 1729 2970 non
1757 2917 1949 2973 ardent
1974 2934 1988 2980 ;

411 3001 467 3055 in
492 3000 844 3056 subtilissima
891 3003 1036 3058 enim
1068 3019 1134 3060 ac
1168 3004 1191 3038 "
1231 3005 1496 3076 spirituali
1540 3015 1727 3062 natura
1771 3009 1992 3064 ardendi

413 3093 700 3148 materiam
721 3094 743 3127 ⁸
769 3109 874 3150 non
901 3096 1195 3166 reperiunt.
1220 3098 1616 3156 Descendentes
1653 3111 1830 3157 autem
1861 3100 1882 3133 ’
1927 3101 1996 3156 ad

413 3184 711 3253 corpulenti
737 3186 882 3242 aeris
906 3187 1102 3256 spatia,
1134 3188 1296 3244 veluti
1333 3191 1566 3259 quadam
1601 3192 1828 3248 materia
1871 3207 1996 3263 ope-

2086 2009 2251 2064 supra
2275 1993 2488 2050 caelum
2512 2008 2651 2058 esse,
2679 1993 2804 2048 dum
2834 1995 2948 2064 ipsa
2976 1993 3245 2065 palliditas
3267 2009 3329 2047 ex
3362 1992 3562 2048 caloris
3589 1989 3688 2046 ab-

2083 2091 2256 2148 sentia
2286 2098 2565 2146 nascatur.
2600 2089 2708 2147 Sed
2749 2092 3004 2162 quoniam
3033 2091 3100 2146 de
3121 2092 3208 2148 bis
3231 2092 3450 2163 longum
3476 2098 3562 2146 est
3585 2105 3683 2146 ex-

2085 2196 2310 2252 ponere,
2361 2183 2618 2253 quicquid
2661 2183 2704 2220 ¹⁹
2746 2185 2890 2240 ratio
2919 2185 3086 2255 exigit
3115 2194 3365 2251 naturae,
3398 2187 3686 2242 redeamus

2088 2274 2155 2328 ad
2178 2274 2536 2344 propositum.
2571 2274 2641 2329 Et
2683 2275 2885 2345 factum
2929 2287 3004 2333 est
3048 2295 3253 2349 vespere
3302 2289 3349 2334 et
3390 2295 3543 2335 mane
3571 2279 3684 2337 dies

2088 2382 2225 2421 unus
2254 2366 2320 2420 '°.
2349 2367 2552 2422 Eadem
2580 2369 2956 2439 interpretatio
2982 2379 3088 2438 est,
3113 2387 3275 2442 quam
3301 2372 3421 2427 etin
3455 2373 3498 2404 “
3525 2373 3685 2442 primi

2090 2456 2193 2511 diei
2221 2459 2690 2513 censummatione
2725 2460 2770 2490 ”
2799 2461 3184 2529 praediximus.
3239 2460 3498 2528 Quamvis
3542 2461 3686 2517 enim

2091 2547 2195 2602 alia
2220 2548 2604 2618 contemplatio
2631 2557 2714 2604 cst
2736 2549 3096 2619 spiritualium
3131 2551 3176 2584 ³³
3199 2552 3385 2607 mundi
3414 2553 3686 2608 rationum

2093 2637 2148 2691 in
2179 2637 2619 2706 primordialibus
2647 2637 2844 2702 causis,
2876 2639 2980 2693 alia
3008 2640 3062 2694 in
3091 2640 3426 2711 simplicibus
3466 2649 3523 2696 et
3565 2642 3687 2697 uni-

2093 2731 2394 2785 versalibus
2413 2730 2712 2792 elementis,
2747 2730 2853 2784 alia
2900 2730 2953 2785 in
2997 2732 3314 2802 compositis
3339 2733 3688 2802 particulari-

2093 2821 2301 2889 busque
2330 2819 2650 2889 corporibus
2672 2860 2688 2886 ,
2719 2835 2859 2874 unus
2888 2829 3066 2876 tamen
3095 2822 3345 2890 idemque
3369 2822 3676 2878 intellectus

2096 2917 2182 2965 est
2211 2911 2376 2965 totius
2403 2911 2585 2964 mundi
2619 2910 3008 2966 universitatis.
3056 2911 3125 2966 Et
3166 2912 3302 2968 haec
3329 2913 3594 2984 expositio
3625 2914 3681 2970 in

2097 3003 2292 3057 ceteris
2324 3001 2372 3033 "
2399 3001 2588 3056 diebus
2611 3000 2947 3056 observanda
2971 3013 3074 3068 est,
3105 3002 3415 3072 ubicunque
3445 3003 3688 3074 interpo-

2098 3097 2245 3150 nitur
2274 3113 2286 3148 :
2316 3094 2382 3148 Et
2414 3095 2615 3164 factum
2640 3105 2712 3150 est
2741 3113 2943 3166 vespere
2982 3106 3030 3150 et
3070 3114 3222 3152 mane
3257 3098 3366 3152 dies
3405 3115 3558 3154 unus.
3590 3099 3688 3155 Sat

2099 3188 2166 3242 de
2187 3187 2421 3242 secunda
2451 3187 2558 3252 die,
2582 3197 2845 3259 quantum
2875 3190 3114 3244 brevitas
3140 3189 3324 3261 exigit,
3348 3198 3434 3246 est
3457 3184 3684 3248 dictur’n.

413 3276 640 3331 rationis
683 3276 921 3344 inventa,
951 3276 1180 3351 ﬂagrare
1207 3281 1493 3352 incipiunt,
1534 3291 1590 3338 et
1629 3282 1683 3338 in
1729 3293 1992 3355 quantum
2021 3274 2066 3338 C
2100 3278 2244 3334 Dtsc.
2278 3278 2373 3332 Sat
2401 3279 2560 3348 plane
2587 3295 2651 3334 ac
2686 3279 3011 3345 verisimile,
3043 3281 3290 3350 quamvis
3315 3282 3513 3348 multis,
3545 3297 3609 3340 ac
3638 3282 3687 3316 ”

410 3367 479 3421 ad
526 3368 792 3423 crassiora
834 3383 1059 3440 corpora
1110 3372 1447 3442 perveniunt,
1504 3373 1560 3430 in
1618 3383 1828 3431 tantum
1883 3375 1994 3430 vim

405 3472 560 3516 suam
587 3459 825 3515 ardendo
857 3470 1115 3517 exercent
1158 3463 1212 3518 in
1254 3465 1360 3530 bis,
1407 3480 1547 3535 quae
1569 3466 1768 3523 caloris
1792 3467 1995 3522 virtute

403 3549 709 3619 solvuntur,
751 3552 837 3608 vel
879 3554 921 3586 ¹⁰
967 3556 1103 3611 solvi
1147 3567 1392 3626 possunt.
1440 3558 1578 3614 Dum
1617 3575 1747 3617 vero
1778 3577 1992 3618 sursum

404 3652 598 3697 versus
622 3641 675 3698 in
709 3649 952 3700 extrema
985 3646 1171 3700 mundi
1204 3647 1487 3703 intervalla
1513 3650 1852 3716 tenuissima,
1883 3652 1996 3722 spi-

406 3732 701 3804 ritnalique
722 3742 948 3792 naturae
973 3737 1222 3808 proxima
1248 3739 1550 3810 eriguntur,
1585 3757 1692 3798 non
1717 3743 1997 3798 invenien-

407 3825 785 3880 tesmateriam
806 3825 1089 3896 ﬂagrandi,
1111 3828 1317 3884 nullum
1339 3829 1843 3902 caloremlgignnnt,
1871 3833 1994 3887 illu-

405 3915 728 3970 minationis
748 3923 954 3972 tantum
976 3919 1346 3988 operationem
1369 3921 1734 3977 ostendentes.
1760 3921 1994 3993 Ideoque

401 4004 687 4070 aetherea,
715 4020 778 4060 ac
813 4006 856 4046 ι¹
881 4021 1037 4076 pura.
1066 4017 1122 4064 et
1152 4009 1457 4078 spiritualia
1487 4025 1715 4080 corpora
1735 4011 1992 4067 caelestia

400 4093 609 4151 ibidem
633 4097 924 4154 constituta
951 4099 1128 4156 lucida
1151 4111 1278 4157 sunt
1310 4117 1543 4173 semper,
1577 4103 1775 4158 caloris
1805 4115 1989 4159 autem

397 4185 675 4255 expertia,
715 4201 779 4242 ac
833 4203 933 4259 per
973 4190 1076 4246 hoc
1123 4199 1180 4245 et
1236 4191 1452 4262 frigida,
1506 4199 1561 4246 ct
1606 4192 1802 4262 pallida
1871 4209 1992 4250 esse

395 4277 720 4334 creduntur.
755 4278 991 4338 Proinde
1025 4282 1239 4353 planeta
1268 4284 1357 4339 ille
1386 4284 1606 4340 Saturni
1648 4287 1870 4340 nomine
1897 4303 1990 4342 vo-

393 4375 560 4424 catus
577 4408 592 4431 ,
623 4371 877 4438 quoniam
893 4372 1077 4428 choris
1091 4375 1329 4431 siderum
1343 4373 1552 4429 vicinus
1565 4382 1649 4429 est
1665 4375 1730 4437 η.
1758 4375 1990 4446 pallidtts

393 4469 461 4515 et
489 4459 717 4532 frigidus
767 4463 810 4495 "
853 4479 975 4521 esse
1024 4466 1259 4531 dicitur;
1319 4465 1495 4522 solare
1544 4476 1724 4524 autem
1769 4483 1985 4540 corpus,

393 4547 532 4603 dum
581 4551 814 4608 medium
858 4555 1044 4610 mundi
1110 4557 1341 4626 spatium
1379 4557 1658 4627 possidet,
1723 4568 1986 4629 quantum

2095 3383 2232 3438 pene
2257 3369 2506 3424 omnibus
2535 3370 2799 3441 ignotum.
2842 3370 2982 3428 MAG.
3013 3370 3269 3442 Sequitur
3299 3388 3460 3443 ergo,
3508 3383 3569 3429 ut
3619 3375 3688 3431 de

2097 3461 2254 3515 tertia
2283 3460 2371 3515 die
2406 3461 2637 3518 strictim
2665 3463 2927 3518 dicamus.
2964 3464 3110 3518 Dixit
3141 3476 3317 3520 autem
3343 3467 3481 3522 Deus
3503 3483 3522 3521 :
3549 3466 3688 3522 Cou~

2095 3561 2370 3622 gregantur
2405 3568 2573 3622 aquae
2597 3568 2730 3624 quae
2749 3553 2842 3607 sub
2873 3553 3016 3607 caelo
3048 3563 3168 3608 sunt
3198 3555 3253 3608 in
3293 3555 3468 3609 locum
3497 3573 3680 3624 unum,

2093 3652 2142 3697 et
2163 3651 2409 3713 appareat
2425 3644 2604 3709 arida,
2628 3643 2928 3715 factumque
2949 3653 3024 3699 est
3046 3646 3141 3698 ita.
3169 3645 3246 3702 De
3265 3648 3686 3718 congregatione

2094 3750 2358 3804 aquarum
2402 3737 2455 3790 in
2503 3736 2679 3791 locum
2708 3753 2874 3792 unum
2907 3737 3088 3807 opinio
3123 3737 3211 3791 illa
3231 3779 3246 3803 ,
3278 3753 3440 3808 quam
3467 3739 3686 3809 plurimi

2094 3827 2428 3894 expositores
2451 3825 2609 3894 hujus
2649 3825 2964 3897 Scripturae
2993 3842 3022 3880 a
3061 3826 3120 3882 S.
3151 3826 3352 3884 Basilio
3383 3827 3686 3884 Caesareae

2093 3917 2466 3989 Cappadociae
2491 3919 2740 3974 antistite
2765 3928 3037 3989 sumptam
3061 3929 3365 3988 sequuntur
3389 3960 3402 3984 ,
3435 3922 3688 3978 omnibus

2093 4019 2217 4065 nota
2241 4017 2348 4073 est,
2375 4009 2629 4078 quoniam
2643 4009 3009 4079 cogitantibus
3037 4023 3102 4062 ca
3131 4007 3388 4063 facillima
3416 4009 3468 4041 “
3497 4024 3687 4064 oecur-

2094 4101 2197 4164 rit,
2235 4114 2373 4168 quae
2402 4097 2670 4152 infinitam
2699 4113 2982 4167 aquarum,
3024 4098 3262 4166 undique
3303 4098 3449 4152 circa
3481 4099 3680 4155 molem

2094 4201 2273 4248 terrae
2317 4191 2496 4246 adhuc
2527 4189 2815 4245 informem
2865 4201 2919 4245 et
2968 4189 3294 4246 invisibilem
3345 4189 3682 4258 diﬂ‘usarum,

2093 4285 2267 4356 spatia
2294 4283 2438 4339 aeris
2458 4291 2512 4338 et
2537 4283 2775 4337 aetheris
2813 4282 2991 4337 adhuc
3042 4281 3404 4351 implentium,
3430 4282 3686 4351 etprimi-

2093 4378 2234 4432 tivae
2257 4375 2392 4431 lucis
2413 4373 2614 4430 ambitu
2639 4372 3031 4444 splendentium
3042 4371 3080 4442 ,ξ
3099 4371 3471 4427 tenuissimam
3488 4385 3552 4426 ac
3577 4370 3684 4427 vel?

2090 4469 2170 4523 uti
2210 4467 2516 4538 vaporalem
2554 4466 2913 4537 quantitatem
2968 4464 3128 4521 tertia
3171 4463 3258 4519 die
3309 4464 3364 4518 in
3405 4477 3573 4517 unum
3604 4461 3684 4516 lo-

2093 4576 2214 4615 cum
2248 4567 2631 4631 congregatam
2663 4565 2938 4619 autumat;
2992 4555 3047 4612 in
3093 4556 3248 4627 cujus
3291 4554 3470 4611 medio
3500 4553 3685 4610 ﬁrma-

391 4638 704 4709 siquidcm,
732 4650 794 4698 ut
819 4644 974 4700 aiunt
1008 4645 1336 4718 philosOphi,
1371 4664 1401 4702 a
1436 4657 1578 4703 terra
1611 4650 1678 4704 ad
1709 4649 1876 4705 solem
1909 4652 1991 4706 in-
2015 4651 2068 4712 D
2094 4661 2338 4706 mentum
2375 4651 2578 4706 factum
2625 4650 2792 4705 fuisse
2835 4650 3074 4707 secunda
3110 4650 3197 4705 die
3221 4650 3267 4683 ³⁷
3301 4648 3497 4715 credit,
3524 4663 3686 4720 super

391 4729 609 4786 tervalli
668 4741 777 4798 est,
825 4742 1034 4791 tantum
1069 4752 1100 4791 a
1142 4737 1255 4792 sole
1284 4738 1326 4768 ιδ
1371 4738 1436 4793 ad
1481 4740 1678 4805 sidera,
1726 4742 1988 4797 medieta-

395 4829 508 4878 tem
551 4826 824 4892 quandam
854 4827 1174 4899 intelligitur
1197 4829 1463 4887 obtinere.
1511 4831 1594 4886 Ab
1643 4832 1988 4888 inferioribus

399 4911 548 4986 enim
569 4916 778 4972 naturis
797 4916 1193 4988 corpulentiam
1224 4921 1494 4990 quandam
1521 4961 1538 4986 ,
1562 4936 1591 4974 a
1616 4922 1988 4990 superioribus

397 5013 534 5056 vero
560 5001 894 5080 spiritualem
919 5008 1274 5065 subtilitatem
1306 5011 1373 5065 ad
1401 5010 1802 5066 subsistentiam
1832 5012 1877 5044 "
1903 5013 1987 5069 sui

397 5089 621 5160 recipit,
649 5107 714 5150 ac
737 5097 903 5153 veluti
932 5102 1242 5157 contrarias
1270 5102 1556 5171 utriusque
1582 5102 1767 5156 mundi
1793 5103 1984 5172 partis,

394 5183 702 5252 superioris
726 5187 973 5246 videlicet
997 5202 1053 5248 et
1085 5192 1382 5258 inferioris,
1415 5194 1469 5247 in
1495 5208 1553 5248 se
1581 5191 1786 5264 colligit
1817 5194 1990 5262 quali-
2027 5261 2038 5272 _

393 5279 563 5340 gates,
614 5288 847 5345 quarum
893 5283 1241 5340 contentione
1287 5282 1454 5338 veluti
1502 5281 1734 5352 quadam
1785 5291 1990 5338 statera

2094 4744 2237 4812 quod
2277 4742 2616 4811 superiorem
2647 4757 2912 4812 aquarum
2938 4751 3147 4813 partem
3187 4740 3444 4810 suspendi
3480 4748 3638 4811 putat
3665 4779 3682 4804 ,

2093 4832 2382 4889 inferiores
2438 4842 2618 4889 autem
2671 4833 2984 4904 praedictae
3035 4833 3217 4903 abyssi
3267 4830 3584 4887 diffusiones
3630 4830 3685 4884 in

2091 4940 2259 4979 unum
2306 4925 2586 4990 collectas,
2645 4925 2748 4981 hoc
2798 4933 2902 4990 est,
2950 4924 3094 4979 intra
3123 4923 3169 4955 ³⁸
3197 4914 3437 4978 conclusi
3491 4922 3535 4954 ”
3572 4919 3686 4974 suis

2091 5015 2366 5072 littoribus
2428 5017 2620 5072 oceani
2687 5017 2952 5070 ambitum
3015 5021 3406 5084 congregatas,
3471 5019 3531 5064 ut
3591 5022 3683 5078 ap—

2091 5114 2310 5176 pareret
2355 5107 2545 5171 arida,
2600 5107 2860 5177 locusque
2911 5105 3025 5161 aeri
3069 5113 3125 5158 et
3171 5103 3379 5157 aetheri
3439 5101 3678 5155 daretur.

2095 5193 2201 5249 Sed
2255 5195 2389 5251 haec
2449 5196 2671 5266 opinio,
2721 5194 2968 5252 consulta
3025 5181 3293 5256 veritate,
3353 5188 3538 5243 multis
3590 5201 3680 5241 ra-

2095 5283 2334 5341 tionibus
2383 5285 2599 5342 videtur
2663 5285 2930 5352 titubare,
2995 5292 3051 5338 et
3107 5281 3503 5351 inconsequens
3565 5291 3685 5333 om-

1638 5412 1892 5470 VARIAE
1931 5411 2332 5472 LECTIONES.

469 5545 488 5623 ξ
536 5544 582 5600 Α
607 5548 646 5602 i.
676 5565 738 5623 s._
802 5551 828 5585 ³
855 5552 898 5607 C
931 5552 1150 5623 refellet.
1228 5553 1250 5585 ³
1275 5551 1430 5608 ueluti
1478 5567 1586 5606 om.
1625 5551 1708 5623 7A.?
1781 5550 1802 5581 ⁵
1832 5551 1969 5623 enim
2017 5565 2125 5606 om.
2163 5552 2247 5623 A.
2303 5552 2398 5623 ἈΛ
2435 5561 2502 5606 et.
2581 5553 2600 5583 ‘
2637 5553 2681 5606 A
2729 5552 3085 5623 sitimateria.
3130 5553 3181 5623 7"
3210 5551 3250 5605 Δ
3275 5561 3343 5623 et.
3427 5552 3464 5623 γ’
3489 5552 3529 5608 C
3560 5569 3682 5623 mIt-

393 5614 588 5691 teriem.
664 5620 759 5691 ἈΔ
789 5637 928 5676 vero.
989 5614 1050 5654 ἰο
1080 5625 1123 5678 Α
1145 5633 1257 5678 aut.
1338 5624 1377 5656 “
1404 5623 1446 5677 A
1470 5633 1542 5677 et.
1619 5622 1662 5654 ἰ’
1685 5622 1728 5676 Α
1749 5631 1824 5676 est
1849 5621 2065 5676 vicinus.
2147 5623 2192 5654 “
2221 5622 2262 5679 C
2289 5621 2426 5676 illa..
2462 5631 2687 5676 vocata..
2732 5622 2944 5675 viciam.
2971 5621 3175 5691 pauida
3203 5632 3250 5676 et
3275 5622 3488 5690 frigida.
3569 5622 3611 5653 “
3633 5622 3676 5677 Β

392 5689 601 5762 gntum
627 5689 810 5762 solem.
892 5693 992 5747 “A
1018 5695 1383 5749 substantiam.
1464 5693 1508 5724 ⁸⁸
1527 5692 1567 5748 C
1589 5692 1920 5759 rubrumque.
2004 5691 2046 5725 ⁸⁷
2073 5693 2114 5747 C
2142 5694 2193 5747 in
2224 5692 2681 5761 contemperantia.
2765 5691 2864 5744 “A
2887 5689 3186 5762 qualitates.
3266 5693 3308 5724 ¹⁹
3333 5691 3376 5746 Α
3399 5700 3676 5761 quantum.

526 5760 811 5814 secundus.
887 5763 930 5796 ⁸¹
958 5764 1014 5817 in
1040 5780 1150 5819 om.
1185 5767 1250 5818 Α.
1328 5765 1372 5796 ³⁸
1414 5764 1454 5816 Α
1491 5752 2008 5818 consummationem.
2084 5763 2132 5804 ³³
2153 5764 2197 5817 Λ
2229 5752 2613 5830 contemplatio
2646 5752 3000 5830 spiritualium
3033 5765 3121 5817 sit.
3197 5765 3244 5796 ’δ
3275 5763 3318 5819 C
3357 5752 3422 5818 ἐπ’
3453 5763 3682 5820 residuis

393 5820 601 5884 diebus.
678 5829 724 5863 ἰ
752 5830 892 5888 Aet.
968 5833 1016 5868 ι·
1046 5835 1230 5892 Aecus
1258 5834 1527 5905 facillime.
1603 5834 1647 5866 ’τ
1674 5833 1715 5889 Α
1747 5834 1975 5891 secunda
1997 5833 2081 5890 die
2103 5835 2303 5906 factum
2328 5820 2509 5903 (utsic.
2586 5820 2880 5892 "Amer.
2936 5835 3001 5913 ,ιο
3031 5835 3076 5890 Α
3103 5835 3311 5891 inclusi.
