4236 6274
436 317 538 377 τοι

1307 305 1394 364 DE
1436 303 1776 364 DlVlSlONE
1821 303 2174 362 NA'I‘URAE.
2215 289 2286 346 L-
2317 299 2522 360 usca
2561 299 2890 359 TERTIUS.

3611 297 3730 374 709:

440 431 608 503 igitur
649 439 896 494 omnium
940 435 1228 494 corporum
1250 459 1266 485 ,
1303 435 1368 475 ex
1403 427 1661 489 quattttor
1705 417 2032 487 simplicium
2063 426 2112 484 Α
2141 417 2282 472 titius
2305 455 2320 482 ,
2371 416 2707 470 incrementa
2735 424 2790 468 et
2817 413 3144 472 detrimenta
3179 429 3280 486 per
3317 417 3738 490 quantitates“

440 525 834 581 elementorum
851 519 996 573 coitu
1025 513 1467 584 compositorum,
1489 527 1557 566 ex
1581 511 1832 566 maximis
1859 525 2034 580 usque

444 615 512 671 ad
537 615 758 669 minima
783 608 1236 682 pervenientium,
1261 603 1454 674 triplex
1479 603 1844 658 consideratio
1869 611 1954 657 est
1977 607 2028 655 ιε

441 706 601 764 aliter
629 703 772 758 enim
797 703 850 756 in
879 701 946 754 iis
975 697 1202 752 materia
1233 696 1536 765 inspicitur,
1577 694 1735 748 aliter
1769 693 1940 748 forma
1977 701 2034 748 et

441 797 676 870 Species,
695 806 858 861 quae.
908 789 1176 844 materiae
1195 788 1216 818 ³
1247 785 1480 854 adjecta,
1501 797 1660 838 otnne
1687 783 1920 838 solidum
1953 790 2036 838 at-

441 903 548 961 que
575 885 830 942 sensibile
863 896 1062 950 col-ptis
1113 879 1316 942 elticit',
1367 878 1632 946 siquidem
1657 876 1772 932 sola
1811 875 1834 908 ³
1863 887 2036 930 mate-

441 981 520 1035 ria
547 991 744 1033 carens
769 975 950 1046 specie
987 971 1194 1026 nullum
1219 984 1414 1038 col-pm;
1437 969 1670 1038 peragit,
1695 969 1823 1037 quia
1849 982 1949 1038 per
1972 981 2036 1022 se

441 1067 692 1124 informis
733 1071 818 1118 est
839 1103 858 1128 ,
906 1062 1118 1134 adjecta
1163 1073 1294 1114 rere
1335 1061 1516 1128 specie
1553 1074 1750 1126 corpus
1798 1057 1820 1090 ‘
1858 1057 2036 1128 perfe-
2069 1077 2072 1080 '

443 1169 593 1216 ctum
621 1158 644 1190 '
677 1157 766 1219 lit;
819 1154 978 1208 aliter
1019 1153 1260 1208 essentia
1307 1160 1364 1206 et
1407 1152 1780 1206 substantialis
1833 1151 2030 1217 forma,

445 1265 587 1321 quae
623 1248 786 1302 veluti
841 1247 1254 1302 fundamentum
1301 1244 1574 1300 immobile
1603 1245 1888 1300 formatam
1917 1247 2032 1302 suf-

447 1343 556 1398 fert
579 1351 632 1398 et
675 1339 918 1396 continet
941 1338 1222 1392 materiem
1247 1337 1266 1368 ⁸
1296 1353 1310 1390 :
1341 1337 1706 1391 necessarium
1735 1346 1874 1400 erat,
1906 1337 2038 1392 sub-

447 1433 756 1488 stantialem
795 1428 1026 1484 formam
1063 1442 1131 1481 ex
1170 1427 1396 1480 materia
1447 1426 1678 1481 formata
1727 1427 2034 1482 rationabili

444 1525 690 1582 contuitu
721 1535 1026 1592 segregare.
1060 1519 1290 1573 Maxima
1317 1529 1500 1574 autem
1529 1535 1758 1589 corpora
1783 1521 1896 1574 dixi
1927 1529 2036 1574 ter-

443 1633 583 1682 ram,
620 1629 840 1685 aquam,
875 1628 1022 1678 aera,
1055 1613 1408 1681 aetheraque,
1435 1611 1778 1682 caelumque,
1820 1613 1872 1666 in
1915 1612 2036 1680 qui-

437 1708 540 1762 bus
571 1703 984 1760 innumerabilis
1033 1703 1400 1756 maximorum
1431 1702 1454 1733 "
1491 1717 1802 1772 corporum,
1833 1711 1888 1756 et
1915 1717 2030 1756 me-

2136 510 2428 580 qualitates
2455 508 2668 576 recipit,
2705 507 2998 574 multisque
3025 524 3090 564 ac
3115 511 3156 544 "
3187 511 3352 572 variis
3384 511 3730 584 diﬂfereotiis,

2134 619 2276 674 quae
2301 602 2644 660 extrinsecus
2675 615 2744 658 ex
2781 599 3044 670 qualitate
3085 602 3352 668 locorum,
3383 618 3590 666 aetatm.
3627 603 3732 664 ille

2135 710 2370 758 morum,
2401 693 2646 750 ciborum
2675 691 3042 762 sintiliuntque
3067 691 3414 748 occasionum
3455 694 3734 766 accidunt.

2135 786 2440 844 succumbit
2473 803 2486 840 :
2519 799 2698 842 nonne
2739 783 3036 840 verisimile
3065 783 3298 848 videtur,
3329 795 3618 856 rectaeque
3643 801 3737 846 ra-

2137 877 2270 931 tioni
2293 874 2642 938 cmveniens,
2669 874 2842 944 ipsam
2871 873 3292 942 mutabilitatem
3319 877 3580 932 materiae
3605 894 3732 944 cum

2133 968 2250 1037 ipsa
2279 965 2452 1020 forma
2499 966 2815 1036 qualitativa
2839 1005 2854 1029 ,
2901 981 3044 1036 quae
3072 966 3120 1020 ei
3169 969 3474 1032 adhaerens
3497 971 3730 1028 eundem
3811 963 3824 976 ’

2134 1067 2344 1114 aestum
2387 1057 2638 1114 assiduae
2685 1057 3052 1114 ﬂuctuatiouis
3099 1059 3454 1128 turbidaeque
3503 1064 3728 1133 patitur,

2135 1167 2396 1222 aquarum
2425 1151 2525 1205 sub
2572 1149 2724 1206 caelo
2756 1151 3082 1220 simplicium
3109 1151 3500 1214 elementorum
3528 1158 3734 1226 posqu

2135 1259 2254 1298 rum
2289 1243 2494 1314 tropico
2521 1242 2742 1298 nomine
2767 1242 3099 1314 signiﬁcari?
3125 1244 3170 1276 ὀ
3193 1243 3582 1318 Substantialis
3607 1266 3736 1308 sero

2133 1331 2308 1388 forma
2343 1332 2426 1386 vel
2455 1332 2686 1404 species,
2719 1333 2772 1386 iu
2795 1333 2840 1366 “
2867 1347 3066 1403 genere
3095 1349 3194 1392 sue
3221 1335 3736 1410 inmutabiiiter

2134 1427 2456 1491 subsistens,
2487 1439 2627 1496 quae
2656 1435 2704 1468 ι·
2733 1425 2880 1482 nullo
2923 1427 3082 1482 modo
3107 1441 3232 1484 cum
3261 1443 3490 1499 corpore
3519 1445 3590 1486 es
3615 1447 3732 1488 ma.

2137 1518 2272 1572 teria
2303 1525 2358 1570 et
2407 1515 2726 1584 qualitativa
2777 1515 2948 1570 forma
2977 1519 3282 1588 composito
3313 1521 3732 1578 imitabilit-ateut

2131 1611 2337 1680 patitur
2361 1608 2608 1664 "—non
2631 1609 2776 1664 enim
2809 1623 2932 1664 cum
2949 1610 3664 1682 cor-poreLincipit,q-ttamt'is
3679 1615 3734 1672 in

2134 1718 2362 1773 corpore
2389 1712 2670 1767 nascatur,
2719 1701 2836 1756 sine
2881 1717 2990 1771 quo
3035 1718 3131 1773 per
3159 1705 3398 1774 seipsam
3441 1705 3498 1762 in
3535 1721 3734 1776 genere

439 1800 686 1863 diorum,
733 1806 789 1852 et
835 1796 1188 1850 minimarum
1233 1794 1255 1826 ⁸
1293 1795 1570 1863 quantitas
1619 1793 2030 1864 multiplicatur.
2063 1787 2236 1852 Bsuo
2265 1793 2629 1850 essentialiler
2657 1803 2979 1864 permanet,
3019 1811 3196 1866 neque
3237 1813 3360 1854 eum
3389 1811 3456 1854 eo
3485 1815 3732 1854 corrum-

442 1891 588 1959 Quae
631 1899 812 1944 tamen
858 1887 880 1918 ⁹
923 1888 1140 1952 omnia,
1180 1888 1280 1942 hoc
1319 1895 1406 1942 est
1448 1888 1715 1951 maxima,
1748 1897 1803 1941 et
1831 1887 2031 1952 media,

442 1991 497 2039 e‘t
525 1982 742 2036 minima
763 2021 780 2046 ,
828 1995 894 2035 ex
924 1989 1177 2048 quattuor
1216 1978 1544 2048 purissimis,
1589 1979 2032 2048 simplicissimis,

441 2077 904 2146 invisibilibusque
949 2074 994 2106 ¹⁰
1041 2089 1140 2144 per
1171 2088 1234 2128 se
1269 2072 1552 2127 elementis
1600 2073 2030 2136 constituuntur,

440 2169 694 2239 quoniam
721 2169 774 2221 in
804 2181 867 2221 ea
893 2164 1268 2228 resolvuntur;
1305 2162 1510 2218 nullum
1532 2163 1675 2217 enim
1697 2163 2030 2217 elementum

442 2277 542 2334 per
567 2277 624 2317 se
651 2275 912 2330 corporeo
951 2273 1110 2314 sensu
1155 2257 1458 2328 attingitur.
1508 2256 1566 2312 Si
1593 2271 1745 2327 ergo,
1777 2263 1836 2310 ut
1865 2269 2028 2324 prae—

445 2355 605 2412 dictis
619 2351 917 2408 rationibus
937 2353 1359 2405 demoustratum
1381 2357 1487 2412 est,
1511 2356 1765 2416 quattuor
1787 2347 1872 2400 illa
1897 2360 2032 2415 pura

443 2447 713 2501 elementa
751 2441 1072 2495 ﬁrmamenti
1103 2439 1146 2474 *ι
1193 2437 1280 2490 vel
1325 2437 1460 2492 caeli
1507 2436 1772 2491 vocabulo
1803 2451 1834 2488 a
1875 2433 2032 2490 Scri-

442 2549 602 2608 ptura
629 2535 672 2568 ⁸³
717 2541 940 2604 propter
985 2545 1116 2584 suae
1163 2537 1390 2583 naturae
1437 2528 1734 2596 simplicem
1779 2527 2032 2582 virtutem

443 2633 758 2682 meruerunt
789 2622 1065 2693 appellari,
1097 2621 1350 2674 nimirmn
1383 2620 1564 2674 omnia
1595 2633 1820 2688 corpora
1857 2620 1925 2674 ab
1953 2620 2034 2674 eis

440 2727 495 2773 et
525 2719 622 2772 sub
649 2713 728 2769 eis
755 2712 1010 2768 ineffabili
1037 2727 1224 2766 eorum
1253 2712 1396 2765 coitu
1429 2711 1741 2776 constituta,
1769 2725 2032 2779 aquarum

444 2809 542 2862 sub
569 2807 718 2862 caelo
747 2805 1046 2876 positarum
1085 2809 1310 2871 possunt
1358 2800 1574 2854 nomine
1621 2801 2027 2868 comprehendi.

443 2896 554 2950 Nec
587 2895 886 2958 immerito;
935 2907 1062 2946 nam
1095 2907 1202 2944 non
1250 2891 1422 2945 solum
1464 2891 1734 2944 mutabilia
1765 2900 1912 2956 sunt,
1939 2906 2035 2945 re-

445 3003 567 3041 rum
616 2988 776 3040 ctiam
809 2983 1144 3055 generationi
1177 2993 1234 3037 et
1267 2983 1596 3052 corruptioni
1628 2982 1892 3051 subjecta.
1933 2983 2026 3037 Et-

446 3081 589 3134 enim
631 3079 718 3133 illa
746 3078 823 3143 ¹³,
868 3092 1008 3147 quae
1045 3075 1294 3131 caelestia
1349 3075 1432 3129 vel
1477 3075 1728 3130 aetheros
1777 3077 2030 3130 dicuntur

2135 1890 2303 1959 pitur,
2335 1886 2593 1956 quoniam
2637 1885 2816 1940 omnis
2839 1883 2886 1918 "
2913 1885 3170 1950 essentia,
3199 1894 3254 1940 et
3292 1887 3484 1952 virtus,
3511 1895 3569 1942 et
3597 1903 3730 1957 ope-

2137 1979 2282 2035 ratio
2326 1993 2448 2032 cum
2501 1976 2944 2047 corruptibilibus
2977 1986 3035 2032 et
3063 1977 3415 2034 mutabilibus
3461 1995 3564 2034 nec
3605 1994 3731 2036 eor-

2135 2070 2311 2139 rumpi
2339 2109 2354 2132 ,
2405 2082 2508 2123 nec
2549 2068 2752 2122 mutari
2799 2079 3024 2138 possunt
3069 2068 3302 2138 propriis
3337 2084 3471 2124 suae
3499 2079 3731 2126 naturae

2135 2161 2392 2218 subsidiis
2403 2159 2628 2215 solidata
2641 2158 2712 2224 ’⁸,
2728 2189 2798 2202 ο-
2811 2161 3020 2225 aridae,
3032 2160 3248 2222 bocest.
3279 2159 3732 2232 terraévocabulo

2135 2268 2242 2308 non
2259 2253 2554 2320 incongrue
2567 2248 2872 2319 appellatur
2883 2248 2954 2304 ³⁸.
2983 2248 3374 2322 Congregentttr
3397 2268 3522 2322 ergo
3539 2269 3732 2324 aquae,

2132 2359 2268 2416 quae
2315 2341 2410 2395 sub
2459 2339 2604 2395 caelo
2639 2350 2762 2404 sunt
2785 2381 2802 2407 ,
2847 2341 2908 2396 in
2955 2340 3128 2396 locum
3159 2358 3350 2408 unum,
3387 2351 3442 2397 et
3479 2351 3732 2414 apparat

2135 2434 2308 2488 arida.
2345 2431 2460 2486 Nisi
2489 2431 2632 2486 enim
2661 2431 3110 2502 contemplativus
3137 2434 3352 2492 animus
3379 2432 3728 2494 ﬂuctuantem

2135 2523 2398 2581 materiae
2439 2525 2896 2592 adhue-remisque
2937 2525 2988 2580 ei
3033 2524 3244 2580 formae
3293 2526 3730 2594 instabilitatem,

2133 2619 2300 2673 veluti
2323 2615 2588 2687 quosdam
2615 2625 2928 2676 aestuantes
2970 2615 3166 2672 ﬂuctus
3191 2657 3207 2684 ,
3255 2619 3310 2673 in
3337 2635 3506 2684 unum
3537 2619 3734 2678 intelli-

2133 2709 2348 2782 gentiae
2371 2709 2570 2773 locum,
2593 2723 2736 2762 unus
2749 2723 2995 2777 namque
3015 2708 3328 2764 intellectus
3353 2717 3440 2766 est
3469 2712 3734 2768 materiae

2132 2813 2188 2856 et
2211 2801 2562 2856 adhaerentis
2587 2799 2632 2834 ³⁷
2681 2799 2732 2856 ei
2777 2799 3020 2866 formae,
3051 2801 3306 2870 quoniam
3337 2817 3502 2856 unum
3535 2817 3732 2874 corpus

2133 2891 2403 2956 cilicium,
2433 2894 2586 2962 prius
2611 2890 2852 2962 colligat,
2885 2889 3059 2946 forma
3089 2890 3178 2944 illa
3213 2892 3605 2958 substantialis,
3637 2909 3732 2948 na-

2133 2983 2292 3036 turali
2319 2982 2594 3036 soliditate
2621 2997 2754 3036 suae
2781 2990 3008 3037 naturae
3033 2995 3248 3050 semper
3276 2983 3505 3048 stabilis,
3531 2984 3731 3040 mentis

2133 3074 2304 3129 oculis
2335 3089 2598 3144 apparere
2635 3089 2743 3130 non
2773 3073 2996 3143 poterit.
3041 3074 3115 3130 ‘Ut
3139 3075 3284 3136 enim
3315 3073 3532 3130 diﬁ‘usio
3561 3091 3732 3147 aqua-

448 3185 670 3238 corpora
699 3210 714 3234 ,
757 3169 1004 3238 quamvis
1055 3165 1350 3236 Spiritualia
1385 3171 1440 3218 et
1477 3165 1903 3235 incorruptibilia
1945 3168 2026 3221 vi-
2055 3163 2102 3227 C
2133 3179 2254 3218 rum
2277 3163 2487 3219 telluris
2513 3164 2860 3230 soliditatem,
2889 3179 2956 3219 ne
2982 3165 3232 3220 sensibus
3255 3169 3534 3237 corporeis
3561 3183 3730 3238 appar-

449 3262 676 3314 dcanlur
703 3274 842 3324 esse,
875 3258 1182 3312 necessario
1213 3265 1390 3310 tamen
1418 3256 1494 3320 “,
1529 3259 1784 3324 quoniam
1815 3275 1908 3327 per
1937 3275 2032 3330 ge—

440 3350 776 3404 nerationem
804 3355 858 3403 et
887 3348 1330 3416 compositionem
1375 3347 1764 3404 inclinaverunt
1793 3350 1926 3412 licri,
1963 3351 2028 3404 ad

439 3439 599 3494 ﬁnem
631 3455 760 3492 suae
793 3439 1078 3494 solutionis
1105 3445 1161 3492 et
1189 3439 1553 3507 corruptionis
1595 3440 1930 3508 pervenient.
1969 3439 2026 3492 Si

439 3539 614 3584 autem
643 3529 896 3584 caelestia
925 3542 1152 3598 corpora
1180 3529 1549 3583 necessariam
1581 3529 1662 3582 sui
1705 3529 2026 3583 solutionem

439 3633 743 3690 expectant,
777 3622 1008 3675 veritate
1037 3621 1250 3676 dicente
1291 3635 1305 3673 :
1345 3617 1562 3674 Caelum
1601 3629 1648 3673 et
1679 3631 1824 3673 terra
1845 3631 2026 3674 trans-

437 3713 584 3767 ibunt
609 3713 682 3780 ³⁸;
713 3719 768 3767 et
797 3713 840 3744 "
867 3712 1154 3767 Psalmista
1181 3729 1194 3764 :
1219 3709 1656 3781 Operamanuum
1681 3721 1890 3764 tuarum
1909 3721 2027 3766 sunt

440 3801 595 3866 caeli,
627 3803 724 3872 ipsi
749 3802 1020 3871 peribunt,
1047 3811 1102 3856 et
1127 3800 1322 3855 similia
1355 3797 1756 3868 S._Scripturae
1787 3801 2030 3856 testimo-

441 3892 554 3955 nia,
584 3891 710 3961 quid
751 3892 818 3946 de
845 3891 1046 3947 inlimis
1074 3892 1254 3946 ntundi
1285 3892 1604 3959 corporibus
1627 3901 1712 3945 est
1738 3892 2030 3945 aestimau-

439 3983 588 4048 dum,
620 4000 758 4054 quae
789 3985 1026 4052 quotidie
1053 3993 1350 4040 nascuntur
1379 3989 1540 4052 atque
1569 3983 1888 4037 solvuntur?
1923 3983 2026 4038 lia-

439 4089 546 4146 que
571 4076 616 4128 si
647 4077 700 4128 in
737 4075 884 4130 omni
919 4090 1146 4144 corpore
1193 4076 1310 4131 sive
1355 4075 1600 4138 caelesti,
1639 4075 1755 4129 sive
1791 4084 2026 4138 terreno,

437 4167 551 4221 sive
582 4165 802 4235 aquatili
833 4166 1120 4222 instabilis
1149 4168 1434 4222 inundatio
1475 4167 1737 4222 materiae
1781 4165 2030 4222 informis

409 4261 794 4336 ‘prospicitur;
841 4261 915 4314 ita
941 4262 1088 4315 enim
1117 4261 1396 4326 delinitur,
1429 4261 1656 4315 materia
1683 4269 1768 4315 est
1796 4260 2030 4316 mutabi-

2131 3267 2267 3322 reat,
2291 3258 2566 3328 cooperit:
2610 3259 2682 3312 ita
2713 3259 3146 3330 corruptibilium
3179 3275 3468 3330 corporum
3503 3262 3730 3328 mutabi-

2132 3349 2256 3404 litas
2299 3357 2358 3404 et
2394 3347 2808 3406 innumerabilis
2847 3349 3226 3420 multiplicatio
3259 3352 3606 3408 subsistentis
3647 3353 3728 3410 eis

2132 3440 2338 3496 formae
2373 3439 2722 3496 stabilitatem
2761 3442 2834 3496 ab
2863 3441 3321 3504 intellectualibus
3347 3443 3542 3509 oculis,
3565 3453 3728 3499 natu-

2129 3547 2218 3587 ras
2245 3532 2296 3566 ’⁸
2321 3547 2502 3587 rerum
2519 3534 3034 3604 contemplantibus,
3059 3533 3258 3597 aufert,
3287 3549 3354 3588 ne
3374 3549 3471 3603 per
3483 3535 3660 3606 seipsa
3677 3535 3725 3568 ²⁹

2130 3640 2160 3680 a
2211 3628 2531 3697 corporibus
2583 3628 2820 3682 discreta
2877 3628 3253 3682 consideretur
3304 3629 3610 3698 perspicua.
3659 3629 3727 3684 Et

2130 3719 2585 3789 quemadmodum
2635 3721 3016 3776 recedentibus
3055 3721 3214 3790 aquis
3239 3761 3255 3786 ,
3305 3721 3467 3790 inque
3514 3721 3728 3786 alveum

2131 3826 2284 3865 suum
2311 3813 2554 3881 undique
2583 3813 2812 3868 collecte
2849 3813 3158 3876 cumulatis,
3189 3812 3370 3866 littora
3409 3814 3568 3885 longe
3593 3814 3728 3870 lates

2130 3914 2234 3968 que
2273 3903 2437 3962 nuda,
2469 3901 2602 3953 ac“
2643 3903 2820 3965 sicca,
2851 3903 3134 3970 solidaque
3171 3913 3486 3970 patescunt:
3531 3906 3612 3960 sic
3639 3906 3724 3960 in-

2131 3989 2428 4045 staliilitate
2457 3991 2886 4060 corruptibilium
2927 4007 3104 4046 rerum
3154 3995 3350 4047 mentis
3379 3995 3622 4048 contuitu
3651 3997 3724 4050 ab

2131 4080 2628 4148 incorruptibilibus
2655 4082 2862 4134 naturis
2893 4097 3001 4134 uno
3029 4082 3502 4149 contemplationis
3523 4093 3722 4146 tenore

2129 4181 2411 4240 segregata
2436 4209 2452 4234 ,
2495 4185 2620 4224 mox
2659 4170 2965 4234 formarum
3009 4172 3443 4227 substantialium
3466 4213 3482 4236 ,
3513 4184 3568 4228 et
3599 4190 3724 4244 spe-

2129 4263 2334 4317 cierum
2401 4261 2756 4318 immutabilis
2819 4262 3292 4332 pulcherrimaque
3351 4263 3598 4320 soliditas
3663 4266 3718 4320 in

437 4349 566 4405 litas
612 4365 790 4405 rerum
837 4353 1174 4422 mutabilium
1221 4369 1392 4423 capax
1429 4353 1670 4407 omnium
1702 4352 2022 4416 formarum.
2129 4353 2419 4423 generibus
2481 4353 2596 4408 suis
2665 4353 2830 4410 animi
2903 4354 3182 4410 obtutibus
3257 4354 3484 4422 arridet.
3550 4357 3718 4414 Arida

437 4439 870 4512 instabilitasque
901 4444 1178 4499 mutabilis
1225 4445 1466 4510 formae,
1515 4459 1622 4514 qua
1651 4445 1768 4514 ipsa
1797 4446 2024 4500 materia
2129 4451 2310 4500 autem
2381 4445 2578 4500 dicitur
2651 4445 3082 4502 substantialium
3149 4445 3446 4508 formarunt
3507 4449 3720 4506 “abii.-

433 4535 748 4607 specilicata
788 4535 1080 4604 formatur;
1133 4541 1247 4610 ipsa
1295 4553 1526 4610 namque
1571 4548 1658 4594 est
1709 4539 2023 4608 qualitativa
2052 4521 2106 4580 Ῑ)
2131 4544 2236 4591 tas.
2285 4536 2398 4592 Nec
2442 4537 2749 4602 immerito;
2797 4538 3054 4607 quoniam
3097 4540 3238 4594 nuda
3269 4547 3326 4594 et
3359 4539 3606 4598 absoluta
3633 4551 3720 4597 est

431 4629 632 4694 ferina,
657 4645 797 4700 quae
820 4631 1070 4700 adjuncta
1103 4634 1361 4687 materiae
1383 4633 1423 4666 "
1453 4647 1648 4702 corpus
1671 4631 1866 4699 efﬁcit;
1893 4647 2028 4704 qua-
2131 4630 2370 4684 omnium
2394 4629 2749 4684 accidentium
2761 4631 3120 4700 munimento.
3141 4634 3331 4696 Omnis
3359 4635 3506 4690 enim
3541 4637 3716 4694 forma

433 4719 698 4774 litativant
727 4721 950 4792 quidem
979 4720 1212 4776 formam
1241 4723 1362 4777 dico
1393 4721 1556 4788 illam,
1591 4739 1732 4792 qttae
1753 4738 1822 4778 ex
1849 4723 2026 4792 quali-
2131 4729 2188 4775 et
2213 4722 2441 4790 species,
2491 4721 2542 4774 in
2581 4723 2820 4791 generali
2859 4723 3206 4793 simplicitate
3227 4765 3244 4791 ,
3297 4741 3402 4795 qua
3439 4728 3714 4794 subsistit,

437 4817 550 4866 tate
579 4821 792 4883 sumpta
828 4823 884 4868 et
907 4815 1220 4884 quantitate
1261 4815 1510 4870 sensibus
1544 4815 1822 4884 corporeis
1861 4829 2028 4886 appa-
2131 4811 2472 4867 considerata
2495 4851 2512 4876 ,
2557 4812 2918 4868 accidentium
2967 4828 3235 4874 concursu
3263 4815 3308 4848 ³⁸
3357 4817 3584 4876 omnino
3631 4825 3718 4872 est

439 4909 548 4965 rct,
573 4906 942 4975 materiaeque
967 4905 1303 4960 instabilitati
1335 4906 1378 4940 “
1407 4907 1732 4972 adhaerens,
1756 4921 1882 4961 cum
1910 4907 2026 4976 ipsa
2075 4890 2078 4892 ’
2129 4901 2330 4967 libera;
2381 4915 2608 4972 corpora
2653 4917 2822 4970 vero,
2865 4904 3064 4973 quibus
3103 4906 3380 4972 subsistit,
3415 4907 3636 4962 multum
3665 4905 3714 4938 ³³

439 5002 654 5060 semper
677 4991 901 5048 ﬂuctuat
919 5035 937 5062 ,
977 4998 1380 5066 generationem
1407 5003 1466 5050 et
1487 4996 1888 5065 corruptionem
1930 5010 2028 5066 pa-
2133 4995 2497 5050 aecidentium
2525 4995 2748 5063 capacia
2779 5005 2925 5052 sunt.
2953 4995 3032 5052 De
3055 4995 3232 5052 forma
3251 5003 3434 5052 autem
3465 4997 3716 5062 substan-

1715 5125 1974 5182 VARIAE
2007 5123 2410 5182 LECTIONES.

509 5236 528 5312 ξ
567 5237 614 5292 Α
645 5246 722 5294 est
747 5241 1117 5312 consideratio.
1164 5242 1216 5312 θ’
1253 5241 1298 5312 Δ
1333 5240 1572 5294 materia.
1653 5240 1740 5312 [Α
1775 5240 1962 5312 efﬁcit;
1993 5239 2104 5312 sola
2130 5241 2406 5312 siquidem.
2496 5239 2517 5270 ⁸
2540 5255 2733 5312 corpus
2782 5255 2890 5296 om.
2924 5239 2987 5294 C.
3057 5237 3098 5312 _f
3131 5237 3592 5312 perferlum__om._
3640 5239 3708 5296 Δ.

435 5306 458 5340 ⁸
493 5309 534 5362 Α
594 5309 895 5382 materiam.
983 5311 1003 5342 "
1043 5309 1233 5382 Conj.;
1269 5311 1310 5364 Α
1340 5311 1632 5382 minorum;
1660 5309 1701 5365 C
1730 5306 1976 5382 aliorum.
2017 5313 2044 5382 ς
2070 5306 2560 5382 {A'ttunterorunu
2612 5306 2672 5382 ξ’
2709 5309 2752 5362 Α
2808 5319 2951 5382 tunc:
3001 5380 3009 5382 Α
3051 5309 3096 5341 ¹⁰
3123 5306 3534 5382 Ᾱμὶἠυίεἱὺίξξὺῃε
3570 5309 3711 5382 (que

434 5383 591 5450 otn.).
677 5379 716 5410 “
753 5379 1071 5447 ﬁrmamenti
1103 5377 1212 5436 om.
1245 5383 1312 5434 A.
1389 5382 1432 5411 ¹²
1465 5381 1510 5434 A
1544 5383 1840 5450 scripturis.
1920 5381 1964 5414 ¹³
1999 5381 2046 5436 Δ
2083 5379 2189 5436 Illa
2225 5382 2434 5434 etenim.
2513 5381 2555 5411 “
2595 5380 2640 5433 A
2681 5389 2824 5433 tunc.
2905 5380 2949 5412 "
2985 5380 3030 5433 A
3057 5377 3316 5450 peribunt.
3397 5377 3438 5408 η
3478 5379 3522 5432 Α
3561 5377 3705 5436 item.

439 5449 476 5481 ’τ
517 5449 557 5504 (3
588 5449 797 5519 adjecta
821 5455 1055 5506 materie.
1137 5451 1180 5483 ⁸⁸
1203 5452 1244 5505 Α
1273 5451 1523 5505 instabili.
1603 5449 1717 5504 “A
1744 5451 1814 5504 et.
1891 5451 1938 5482 ²⁰
1977 5453 2021 5504 Α
2054 5459 2110 5504 ut
2145 5451 2259 5520 ipsa
2283 5449 2607 5504 mutabililas
2660 5450 2919 5520 materiae
2949 5450 3068 5520 cui.
3103 5449 3141 5502 f.
3163 5464 3230 5520 pq.
3265 5462 3401 5520 que.
3437 5451 3706 5514 adimeret,

435 5535 484 5596 ef
521 5517 744 5596 festum
784 5521 1160 5596 [lustrationis
1199 5523 1447 5596 assiduae
1497 5532 1538 5574 t.
1580 5537 1642 5596 pp.
1705 5535 1852 5596 a._s-.
1897 5535 2041 5596 c.‘_s.
2081 5537 2132 5578 e.
2165 5517 2241 5596 λι).
2265 5529 2308 5574 t.
2369 5521 2826 5596 nomineddebeut
2881 5518 3215 5596 signiﬁcari?
3242 5517 3353 5596 μ’)
3404 5521 3458 5576 in
3496 5535 3604 5596 om.
3637 5520 3702 5582 Δ.

437 5591 482 5662 ξε
519 5590 622 5646 Pro
665 5588 802 5661 quae
841 5593 885 5647 Ο
931 5607 1002 5646 et.
1117 5594 1164 5624 ³³
1201 5593 1304 5647 Pro
1333 5593 1532 5662 patitur
1569 5588 1608 5647 C
1646 5593 1824 5647 sumit.
1960 5589 2019 5662 ’δέ
2042 5588 2211 5662 omnis
2253 5606 2364 5646 om.
2403 5592 2472 5648 A.
2585 5589 2640 5662 ’ᾗ
2667 5588 2894 5662 solidata
2933 5588 3040 5644 om.
3075 5589 3146 5662 ᾼ.
3209 5589 3288 5662 γ²⁶
3321 5589 3364 5662 Α
3397 5593 3703 5662 appelletur.

439 5661 478 5692 ’τ
519 5665 556 5714 Α
591 5659 1046 5732 utiliaerentisque.
1126 5665 1170 5696 ³⁸
1207 5665 1252 5718 Α
1283 5659 1548 5717 naturam.
1627 5663 1672 5698 "
1709 5663 1828 5732 ipsa
1849 5677 1965 5718 om.
1995 5661 2063 5717 Α.
2140 5661 2186 5694 ⁸⁰
2223 5677 2287 5718 σε
2314 5677 2426 5720 om.
2458 5663 2525 5718 A.
2599 5659 2642 5693 “
2683 5660 3026 5730 operimento.
3060 5659 3244 5716 Omnis
3270 5661 3406 5715 enim
3438 5659 3609 5728 {anno
3635 5688 3706 5704 -—

441 5732 782 5786 accidentium
810 5749 1088 5788 concursu.
1120 5749 1228 5792 om.
1251 5734 1316 5790 C.
1394 5733 1438 5765 ⁸³
1455 5733 1498 5787 C
1521 5735 1776 5790 omnium.
