4236 6274
527 351 635 411 705

1909 334 2204 413 .toANNts~
2232 334 2427 394 SCOTI

3693 334 3810 398 πει

525 430 663 531 tiali,
712 469 1032 531 semperque
1058 444 1415 528 permanente
1441 457 1482 524 ί,
1513 454 1690 524 deque
1718 453 1833 523 ipsa
1861 450 2109 505 mutabili
2137 466 2185 524 Α
2213 463 2442 521 eamque
2471 448 2914 506 inundationibus
2954 448 3068 504 suis
3102 447 3373 520 cooperit,
3398 455 3460 528 ut
3487 448 3580 505 vix
3611 449 3682 506 ad
3702 466 3806 524 pu.

523 571 591 613 ex
627 553 889 627 qualitate
934 559 991 605 et
1036 549 1337 618 quantitate
1375 550 1399 580 ⁸
1441 547 1702 603 materiae
1742 543 2012 616 copulata,
2053 543 2107 598 in

521 643 702 715 primo
740 642 877 698 libro
913 640 1068 706 satis,
1120 648 1180 694 ut
1209 641 1422 710 opinor,
1470 646 1558 694 est
1601 644 1805 692 actum.
1857 634 1926 701 Et
1965 649 2108 690 nunc

521 737 762 794 breviter
804 735 872 789 de
917 733 1107 788 iisdem
1145 732 1520 804 repetendum,
1551 744 1621 786 ne
1648 728 1759 784 ulla
1789 726 2111 798 ambiguitas

521 827 827 900 legentibus
853 824 1213 895 relinquatur.
1245 820 1629 879 Substantialis
1656 818 1833 876 forma
1858 826 1942 874 est
1968 819 2107 888 ipsa,

520 916 1134 991 aiusparticipatione
1164 916 1343 971 omnis
1374 914 1651 971 individua
1677 912 1888 983 species
1914 908 2112 966 forma-

523 1021 631 1077 tur,
672 1018 728 1065 et
758 1018 843 1064 est
868 1022 977 1062 una
1002 1008 1057 1064 in
1084 1007 1355 1072 omnibus,
1387 1013 1443 1061 et
1469 1003 1648 1060 omnis
1677 1003 1732 1057 in
1760 1016 1892 1068 una,
1919 1011 1974 1056 et
2008 1015 2113 1056 nec

521 1101 919 1173 multiplicatur
958 1099 1014 1154 in
1057 1095 1451 1168 multiplicatis,
1506 1108 1608 1150 nec
1654 1092 1921 1148 minuitur
1944 1092 1999 1147 in
2026 1107 2112 1147 re-

520 1190 729 1246 tractis.
782 1186 900 1245 Non
946 1187 1090 1244 enim
1138 1184 1309 1256 major
1357 1193 1441 1242 est
1487 1184 1511 1217 ⁸
1566 1183 1740 1238 forma
1798 1182 1907 1248 illa,
1961 1181 2111 1237 verbi

522 1278 721 1351 gratia,
765 1291 909 1347 quae
934 1275 1137 1332 dicitur
1162 1276 1345 1343 homo,
1374 1275 1431 1329 in
1460 1272 1674 1330 inﬁnita
1706 1273 1978 1327 humanae
2010 1287 2109 1327 na-

522 1378 677 1423 turae
700 1383 814 1438 per
852 1367 1163 1423 individuus
1192 1367 1403 1438 species
1437 1364 1906 1435 multiplicatione,
1947 1378 2111 1434 quam

520 1459 577 1514 in
618 1459 711 1515 illo
752 1474 864 1515 uno
917 1467 972 1514 et
1001 1459 1178 1530 primo
1219 1458 1460 1524 homine,
1510 1456 1602 1525 qui
1641 1456 1848 1527 primus
1885 1455 1907 1486 ⁸
1943 1455 2114 1526 parti-

520 1565 647 1622 ceps
690 1550 835 1606 illius
871 1550 1048 1606 laetus
1074 1559 1193 1617 est;
1236 1562 1337 1606 nec
1358 1548 1534 1603 minor
1560 1549 1614 1603 in
1644 1548 1735 1602 illo
1764 1557 1905 1613 erat,
1945 1561 2110 1617 quam

519 1641 574 1696 in
614 1642 887 1708 omnibus,
921 1656 1151 1712 quorum
1181 1654 1410 1711 corpora
1436 1655 1503 1695 ex
1528 1638 1621 1694 illo
1643 1638 2107 1709 multiplicantur:

518 1734 615 1789 sed
660 1733 716 1788 in
756 1734 1011 1789 omnibus
1058 1749 1166 1787 una
1209 1732 1506 1802 eademque
1534 1741 1652 1798 est,
1695 1739 1751 1786 et
1777 1731 1829 1785 in
1858 1731 2110 1787 onmibus

2211 555 2330 594 rum
2357 540 2400 573 ⁸⁸
2419 541 2681 611 dignosci,
2713 542 2842 610 quid
2881 541 2973 605 sit,
3018 539 3235 596 valeat:
3265 540 3382 610 ipse
3429 556 3621 613 aquas,
3660 558 3809 616 quae

2210 632 2310 687 sub
2336 631 2493 687 caelo
2537 640 2684 696 sunt,
2717 631 2920 685 divinis
2950 630 3413 687 admonitionibus
3439 631 3495 687 in
3528 648 3695 689 unum
3723 633 3807 691 lo-

2210 741 2331 781 cum
2358 726 2579 796 jubetur
2601 738 2958 795 congregare,
2991 731 3052 777 ut
3078 733 3341 794 appareat
3364 724 3539 792 arida,
3563 726 3669 782 hoc
3691 734 3805 795 est,

2209 826 2271 874 ut
2294 817 2504 873 occulta
2537 813 2912 871 substantialis
2938 812 3135 879 forma,
3171 814 3319 869 circa
3345 829 3508 885 quam
3542 816 3805 879 amicien-

2211 908 2344 963 tium
2370 906 2567 963 ﬂuctus
2598 912 2942 971 exaestuant,
2991 904 3452 961 intellectualibus
3490 905 3665 963 oculis
3706 922 3806 963 ua—

2211 1009 2360 1057 turas
2406 1015 2587 1057 rerum
2635 997 3072 1055 discernentibus
3121 997 3270 1053 clare
3303 996 3598 1069 perluceat.
3626 1000 3703 1056 De
3731 1016 3800 1057 eo

2211 1104 2419 1161 autem,
2462 1093 2606 1163 quod
2638 1091 2884 1147 omnium
2916 1105 3118 1155 rerum,
3146 1105 3287 1162 quae
3312 1090 3527 1150 deﬁniri
3552 1103 3797 1162 possunt,

2209 1188 2360 1244 locus
2388 1187 2459 1243 sit
2486 1183 2789 1241 communis
2815 1198 3029 1249 eorum,
3075 1182 3163 1237 vel
3197 1182 3417 1254 propria
3446 1182 3709 1251 deﬁnitio,
3738 1185 3794 1240 in

2210 1278 2386 1351 primo
2414 1276 2555 1332 libro
2585 1275 2831 1341 satis,‘ut
2851 1273 3066 1344 opinor,
3106 1272 3442 1343 disputatum
3478 1281 3581 1328 est.
3616 1272 3686 1327 Et
3710 1290 3800 1328 vo-

2210 1370 2347 1424 cavit
2384 1368 2527 1423 Deus
2574 1366 2782 1422 aridam
2811 1373 3028 1430 terram,
3059 1365 3592 1436 congregationequ
3629 1381 3798 1436 aqua-

2211 1477 2329 1515 rum
2368 1457 2648 1531 appellavit
2692 1458 2880 1511 maria.
2926 1455 3318 1512 Vocabulorum
3345 1457 3713 1527 geminatione
3739 1456 3798 1513 in

2210 1551 2461 1624 cperibus
2509 1550 2673 1604 trium
2721 1546 3154 1619 primordialium
3197 1546 3406 1602 dierum
3436 1546 3503 1614 ³⁹,
3541 1547 3595 1601 in
3620 1548 3797 1618 primo

2208 1641 2458 1698 videlicet
2486 1639 2776 1711 appellavit
2797 1639 2975 1694 lucem
3004 1639 3169 1704 diem,
3193 1646 3248 1693 et
3275 1639 3530 1695 tenebras
3556 1648 3791 1708 noctem,

2210 1734 2265 1790 in
2292 1733 2530 1789 secundo
2565 1731 2777 1787 vocavit
2816 1732 2959 1787 Deus
3006 1730 3412 1787 ﬁrmamentum
3462 1732 3690 1800 caelum,
3732 1733 3792 1791 in

524 1832 631 1880 tota
658 1823 975 1894 aequaliter,
1004 1824 1057 1878 in
1082 1824 1242 1879 nullis
1283 1823 1449 1878 ullam
1474 1822 1791 1878 varietatem
1810 1820 1927 1891 ,γει
1952 1821 1974 1853 ⁸
2003 1821 2113 1877 dis-
2139 1823 2189 1886 B
2217 1826 2379 1882 tertio
2417 1824 2630 1880 vocavit
2651 1824 2795 1879 Deus
2825 1823 3033 1878 aridam
3067 1832 3288 1888 terram,
3318 1824 3793 1895 congregationes—

517 1914 923 1970 similitudinem
936 1914 1219 1985 recipiens.
1240 1914 1441 1969 Eadem
1466 1913 1604 1968 ratio
1624 1922 1708 1968 cst
1731 1913 1752 1944 ⁸
1780 1913 1832 1967 in
1854 1913 2104 1969 omnibus

520 2003 968 2059 substantialibus
1014 2003 1225 2071 formis,
1280 2002 1336 2056 in
1380 2016 1541 2072 equo,
1572 2002 1628 2057 in
1650 2001 1805 2068 bove,
1837 2002 1894 2057 in
1925 2001 2101 2070 leone,

516 2095 822 2163 ceterisque
867 2094 1211 2160 animalibus,
1256 2093 1311 2148 in
1335 2093 1568 2149 surculis
1592 2097 1809 2163 quoque
1836 2100 1894 2149 et
1922 2093 2105 2150 herbis

519 2182 714 2237 similis
758 2181 941 2250 regula
989 2182 1309 2237 naturaliter
1349 2182 1729 2248 constituitur;
1762 2181 1935 2237 forma
1975 2197 2103 2238 vero

515 2273 628 2339 illa,
658 2274 919 2330 materiae
942 2274 1248 2330 adhaerens
1271 2274 1340 2329 ad
1368 2273 1810 2330 constitutionem
1834 2274 2099 2344 corporis,

516 2364 667 2420 varia
694 2380 931 2435 semper,
962 2375 1127 2436 atque
1155 2365 1453 2432 mutabilis,
1487 2366 1652 2437 inque
1679 2365 1924 2422 diversas
1949 2364 2106 2421 diﬂ‘e-

518 2456 723 2512 rentias
750 2455 1045 2513 secundum
1091 2456 1345 2512 accidens
1375 2456 1643 2526 dispersa.
1690 2452 1810 2511 Non
1854 2455 2001 2511 enim
2032 2471 2101 2511 ex

515 2549 853 2605 naturalibus
901 2548 1084 2604 causis
1126 2546 1419 2604 visibilium
1465 2545 1767 2603 formarum
1816 2545 2101 2617 multiplex

513 2636 820 2695 diﬁ‘erentia
861 2638 1108 2710 procedit
1147 2639 1204 2695 in
1235 2653 1342 2694 una
1389 2637 1690 2708 eademque
1716 2637 2101 2709 substantiali,’

2067 2694 2079 2709 υ

513 2727 708 2793 forma,
758 2729 857 2784 sed
899 2730 1241 2785 extrinsecus
1278 2728 1479 2785 evenit.
1511 2727 1805 2784 Hominum
1834 2729 2100 2799 siquidem

2208 1932 2315 1989 que
2334 1930 2594 1986 aquarum
2619 1914 2907 1985 appellavit
2931 1913 3122 1979 maria,
3158 1914 3426 1984 duplicem
3452 1916 3615 1972 totius
3639 1930 3798 1972 crea-

2209 2018 2361 2065 turae
2387 2008 2805 2079 speculationem
2837 2006 3129 2079 signiﬁcari
3151 2007 3409 2071 arbitror.
3451 2008 3624 2064 Aliter
3643 2009 3796 2066 enim

2208 2101 2264 2157 in
2287 2102 2492 2167 causis,
2516 2101 2673 2155 aliter
2698 2100 2752 2155 in
2776 2097 3056 2154 eﬁ‘ectibus
3077 2114 3182 2154 una
3206 2099 3502 2169 eademque
3527 2114 3616 2154 res
3637 2100 3793 2155 theo-

2207 2190 2323 2246 riae
2369 2189 2829 2261 'speculationibus
2868 2188 3166 2245 intimatur.
3215 2187 3288 2243 Et
3332 2188 3457 2243 vidit
3482 2190 3622 2243 Deus
3645 2188 3788 2259 quod

2205 2290 2335 2335 esset
2366 2279 2578 2335 bonum.
2614 2278 2765 2335 Visio
2798 2277 2894 2333 Dei
2936 2278 3100 2333 totius
3140 2276 3512 2332 universitatis
3542 2286 3626 2330 est
3654 2291 3788 2332 con-

2207 2374 2357 2431 ditio.
2382 2372 2499 2428 Non
2531 2372 2675 2428 enim
2696 2371 2840 2427 aliud
2862 2379 2946 2427 est
2967 2371 3018 2427 ei
3039 2370 3242 2435 videre,
3269 2378 3326 2425 et
3345 2369 3390 2401 '°
3415 2368 3561 2423 aliud
3587 2367 3789 2431 lacere.

2207 2465 2303 2521 sed
2329 2464 2469 2519 visio
2492 2462 2636 2520 illius
2679 2461 2930 2537 voluntas
2972 2459 3089 2530 ejus
3132 2468 3237 2526 est,
3284 2468 3340 2516 et
3377 2459 3629 2514 voluntas
3669 2472 3795 2529 ope-

2206 2555 2366 2611 ratio.
2417 2552 2610 2609 Merito
2657 2560 2837 2606 autem
2885 2564 3077 2617 omne,
3107 2552 3253 2620 quod
3299 2549 3434 2605 vidit
3489 2549 3651 2615 Deus,
3703 2552 3790 2605 est

2206 2646 2435 2701 bonum.
2486 2643 2679 2699 Divina
2720 2642 2987 2713 siquidem
3018 2641 3234 2697 bonitas
3259 2639 3519 2696 honorum
3548 2638 3789 2693 omnium

2205 2752 2371 2795 causa
2410 2744 2524 2803 est,
2580 2736 2690 2791 imo
2727 2734 2892 2791 etiam
2918 2735 3101 2790 omnia
3127 2734 3264 2789 bona
3299 2733 3415 2803 ipsa
3444 2741 3545 2787 est.
3574 2729 3789 2785 Nullum

512 2818 656 2876 inter
683 2833 743 2876 se
765 2818 1145 2877 dissimilitudo
1169 2821 1227 2877 in
1255 2820 1429 2887 vultu,
1467 2820 1525 2875 in
1550 2820 1855 2890 quantitate
1880 2828 1940 2877 et
1966 2835 2100 2891 qua-

2206 2828 2351 2885 euim
2376 2841 2474 2897 per
2507 2838 2568 2882 se
2595 2826 2795 2882 bonum
2821 2833 2923 2892 est,
2955 2825 3050 2881 sed
3071 2823 3128 2879 in
3160 2830 3419 2895 quantum
3447 2824 3650 2878 bonum
3675 2827 3784 2887 est,

511 2912 664 2969 litate
708 2911 1045 2984 singulorum
1099 2927 1390 2984 corporum
1418 2912 1461 2980 ⁸,
1517 2927 1731 2969 morum
1766 2927 2005 2984 quoque,
2043 2920 2100 2970 et

2209 2918 2635 2993 participatione
2673 2917 2816 2973 illius
2859 2917 3010 2983 boni,
3062 2916 3205 2987 quod
3247 2930 3343 2985 per
3366 2929 3423 2969 se
3452 2910 3794 2969 solummodo

513 3005 990 3061 00||V°P83li0num
1040 3004 1277 3061 varietas
1324 3018 1434 3059 non
1481 3016 1551 3061 οι
1596 3004 1835 3060 humana
1878 3012 2094 3070 natura.
2132 3000 2165 3072 ξ’
2203 3008 2565 3069 substantiale
2598 3008 2801 3063 bonum
2827 3017 2929 3072 est,
2964 3006 3164 3061 bonum
3187 3013 3290 3060 est.
3320 3002 3490 3058 Nemo
3524 3002 3669 3057 enim
3705 3000 3794 3055 bo-

513 3053 1275 3167 ἷιέεζῖιῖιῖἷᾶἷοωὲιῐζὲὲἶ
1298 3053 1359 3150 in
1369 3053 2094 3165 ’ἆωιῖἷδιιξῖῐξῖιίιῖιῖεξὲεῖ
2203 3053 3515 3171 ἷιῖιζξἰἷὲἑὲ’ῖὲ›ἷαῗὶ)ῖςέὶῷ.””ῧίιὶὲἷἰεξῷΒὲαζἐιὲᾈά
3531 3053 3670 3150 Egi};
3702 3053 3794 3148 δέ-

513 3194 571 3243 et
618 3187 721 3244 sibi
767 3201 981 3256 semper
1021 3185 1315 3252 simillima,
1371 3184 1684 3255 nullamque
1712 3184 1734 3216 ⁸
1786 3185 2177 3250 varietatemC
2207 3210 2356 3262 num,
2410 3194 2516 3249 hoc
2563 3201 2668 3258 est,
2714 3192 2851 3248 vidit
2898 3192 3135 3263 seipsum
3181 3191 3235 3246 in
3285 3189 3535 3245 omnibus
3569 3188 3791 3243 bonum.

512 3284 802 3355 recipiens,
828 3284 923 3338 sed
943 3295 1009 3337 ex
1035 3281 1141 3345 his,
1163 3296 1305 3351 quae
1324 3280 1473 3336 circa
1497 3293 1619 3334 eam
1642 3279 1685 3310 ⁸ο
1707 3278 2099 3348 intelliguntur,

513 3376 806 3447 contingit,
856 3389 925 3429 ex
962 3371 1096 3427 locis
1136 3371 1411 3436 videlicet,
1437 3370 1876 3441 temporibusque
1918 3369 1985 3435 “,
2031 3384 2100 3425 ex

512 3466 880 3538 generatione,
911 3472 967 3517 et
991 3460 1272 3531 qualitate.
1299 3469 1357 3515 et
1389 3460 1701 3529 quantitate
1742 3459 1784 3490 “
1813 3457 2102 3515 alimonio-

517 3571 660 3621 rum,
697 3554 1000 3622 regionum,
1028 3564 1237 3616 aerum,
1266 3550 1323 3605 in
1345 3548 1540 3619 quibus
1567 3547 1815 3620 quisquis
1837 3546 2099 3615 nascitur,

513 3659 609 3701 seu
636 3642 891 3707 nutritur,
918 3648 1048 3696 etut
1066 3639 1112 3671 ³³
1131 3639 1506 3696 universaliter
1530 3640 1726 3706 dicam,
1744 3654 1814 3695 ex
1826 3640 2100 3706 omnibus,

516 3751 656 3807 quae
685 3735 835 3790 circa
880 3732 1240 3789 substantiam
1279 3731 1672 3805 intelliguntur,
1701 3741 1756 3788 et
1781 3747 1889 3788 non
1913 3732 2031 3803 ipsa
2057 3733 2102 3765 “

514 3825 815 3884 substantia
840 3832 980 3882 sunt.
1008 3823 1295 3894 ipsa‘enim
1348 3823 1574 3896 simplex
1606 3833 1663 3879 et
1688 3821 1973 3880 uniformis
1997 3830 2100 3891 est,

516 3919 785 3991 nullisque
840 3917 1197 3974 varietatibus
1252 3932 1348 3975 seu
1401 3916 1882 3989 compositionibus
1937 3916 2104 3973 obno-

511 4015 623 4070 xia.

582 4107 674 4163 28.
715 4106 976 4179 Quisquis
1006 4118 1136 4178 ergo
1171 4112 1299 4162 actu
1327 4105 1559 4162 rationis
1585 4106 1792 4173 omnia,
1824 4120 2103 4177 quaecun-

511 4213 619 4270 que
656 4200 1000 4255 extrinsecus
1038 4198 1184 4253 circa
1220 4199 1494 4270 propriam
1529 4198 1892 4255 substantiam
1920 4198 2104 4270 singu-

514 4292 689 4347 larum
734 4290 1059 4358 formarum,
1108 4291 1212 4347 hoc
1245 4299 1352 4361 est,
1383 4292 1529 4349 circa
1562 4292 1872 4348 individuus
1896 4300 1953 4348 et
1981 4308 2105 4363 spe-

515 4383 840 4440 cialissimas
894 4384 1103 4454 species
1154 4382 1583 4453 uniuscujusque
1634 4382 1843 4438 formae
1869 4422 1887 4449 ,
1949 4382 2103 4438 verbi

514 4486 699 4538 causa,
729 4472 991 4539 hominis,
1015 4471 1162 4541 equi,
1193 4472 1369 4537 bovis,
1394 4471 1582 4542 piscis,
1613 4471 1872 4538 volatilis,
1903 4472 2102 4528 herba-

513 4579 657 4628 rum,
691 4562 958 4631 lignorum
990 4561 1035 4593 ¹⁸
1064 4561 1438 4632 intelliguntur
1469 4561 1557 4618 vel
1596 4561 1903 4618 sentiuntur
1928 4572 2106 4618 muta-

515 4653 667 4719 bilia,
710 4651 877 4706 veluti
931 4650 1167 4721 quadam
1220 4651 1511 4706 multarum
1563 4668 1823 4724 aquarum
1872 4655 2104 4712 inunda-

517 4741 666 4797 tione
689 4752 908 4809 semper
931 4739 1271 4807 ﬂuctuantia,
1299 4742 1368 4795 ab
1404 4742 1521 4811 ipsa
1556 4742 1748 4800 intima
1776 4746 2100 4814 substantia,

515 4831 662 4889 circa
688 4846 852 4902 quam
885 4831 1195 4900 volvuntur,
1234 4833 1363 4888 dum
1402 4836 1473 4891 sit
1517 4837 1633 4907 ipsa
1673 4838 2103 4896 incommutabili

516 4939 649 4980 suae
687 4931 914 4980 naturae
953 4933 1144 4979 tenore
1186 4924 1449 4994 stabilita,
1510 4943 1798 5002 segregare
1841 4933 2099 5002 potuerit,

515 5018 679 5088 inque
721 5032 887 5072 unum
914 5017 1093 5073 locum
1132 5022 1545 5091 congregaverit
1576 5023 1639 5087 η’,
1673 5008 1777 5078 hcc
1804 5033 1907 5088 est,
1938 5024 2097 5080 unius

515 5109 864 5181 ejusdemque
888 5109 1217 5166 deﬁnitionis
1236 5112 1441 5167 ambitu
1457 5114 1784 5170 concluserit
1808 5115 1872 5180 ",
1888 5114 2096 5181 dicens,

514 5218 699 5272 omne,
742 5205 1099 5277 quodcunque
1142 5205 1290 5261 circa
1323 5207 1600 5278 prepriam
1631 5208 1987 5264 substantiam
2013 5207 2099 5264 vel

517 5296 851 5378 imelﬁgitur,
894 5297 983 5355 vel
1026 5298 1279 5367 sentitur,
1325 5298 1536 5355 varium
1584 5307 1641 5356 et
1682 5297 1940 5356 mutabile
1988 5308 2097 5368 est,

2202 3288 2333 3345 Non.
2351 3289 2496 3344 enim
2520 3288 2663 3344 Deus
2690 3287 2827 3342 vidit
2850 3284 2954 3341 nisi
2981 3284 3244 3354 seipsum,
3276 3280 3405 3351 quia
3430 3286 3585 3335 extra
3614 3278 3788 3349 ipsum

2202 3379 2337 3436 nihil
2365 3387 2469 3445 est,
2497 3388 2554 3434 et
2577 3393 2763 3443 omne,
2800 3375 2947 3447 quod
2974 3374 3029 3429 in
3060 3373 3178 3443 ipso
3218 3380 3327 3436 est,
3376 3370 3491 3440 ipse
3518 3377 3622 3433 est,
3658 3365 3789 3422 sitn-

2200 3471 2434 3543 plexque
2479 3470 2617 3526 visio
2662 3469 2832 3540 ipsius
2872 3475 2972 3530 est,
3028 3473 3084 3521 et
3111 3480 3139 3518 a
3179 3462 3325 3518 nullo
3374 3462 3481 3518 alio
3526 3460 3788 3516 formatur

2202 3564 2321 3634 ipsa
2365 3562 2471 3619 nisi
2517 3578 2548 3617 a
2593 3561 2792 3633 seipse.
2843 3559 2909 3614 Et
2939 3558 3051 3613 ait:
3077 3555 3341 3611 Germiuet
3392 3563 3530 3608 terra
3576 3552 3792 3607 herbam

2202 3655 2475 3721 virentem,
2527 3663 2575 3708 et
2619 3653 2895 3722 facientem
2935 3665 3132 3714 semen,
3159 3655 3209 3702 et
3240 3644 3440 3717 lignum
3477 3642 3790 3714 pomiferum

2206 3746 2406 3816 faciens
2453 3744 2683 3815 fructum
2725 3744 2885 3813 juxta
2936 3756 3098 3812 genus
3144 3753 3322 3803 suum,
3359 3736 3505 3806 cujus
3533 3749 3705 3789 semen
3732 3732 3789 3785 in

2204 3840 2317 3910 ipso
2339 3839 2407 3893 sit
2433 3853 2593 3909 super
2621 3846 2837 3891 terram.
2878 3832 3149 3890 Virtutem
3185 3830 3477 3887 herbarum
3496 3827 3794 3898 lignorum-

2205 3943 2312 3999 que
2368 3929 2425 3984 in
2470 3924 2916 3999 primordialibus
2978 3924 3159 3980 causis
3204 3921 3474 3979 conditam
3523 3933 3618 3989 per
3656 3918 3794 3972 haec

2202 4023 2373 4079 verba
2431 4020 2751 4094 prophetica
2801 4025 3232 4082 commemorat,
3284 4029 3426 4085 quae
3484 4011 3658 4066 virtus
3713 4008 3794 4065 vis

2205 4117 2475 4172 seminum
2505 4130 2535 4169 a
2566 4114 2770 4170 sanctis
2813 4111 3069 4168 Patribus
3113 4109 3251 4166 solet
3275 4106 3555 4178 appellari,
3588 4107 3644 4161 in
3684 4118 3791 4173 qua

2205 4207 2415 4278 species
2436 4206 2529 4261 illa
2554 4205 2948 4274 animae,|quae
2976 4200 3171 4256 dicitur
3195 4198 3453 4253 nutritiva
3475 4205 3531 4251 et
3554 4194 3791 4260 auctiva,

2207 4298 2579 4369 operationem
2624 4310 2778 4351 suam
2828 4301 3089 4357 exercet,
3142 4288 3551 4359 generationem
3601 4282 3791 4339 videli-
3825 4359 3841 4372 .

2207 4400 2295 4445 cet
2328 4389 2599 4447 seminum
2653 4385 3063 4449 administrans,
3118 4390 3174 4438 et
3220 4395 3362 4452 quae
3423 4376 3607 4449 genita
3667 4379 3794 4429 sunt

2210 4482 2457 4536 nutriens
2488 4521 2503 4546 ,
2580 4480 3022 4546 incrementaque
3086 4474 3166 4529 eis
3231 4487 3331 4542 per
3395 4482 3650 4526 numeros
3714 4465 3794 4520 lo-

2210 4588 2397 4630 corum
2461 4580 2519 4627 et
2591 4581 2892 4640 temporum
2971 4566 3321 4623 distribuens.
3400 4561 3470 4616 Et
3535 4556 3788 4630 quoniam

2207 4679 2369 4722 omne
2399 4705 2415 4731 ,
2487 4663 2631 4732 quod
2691 4662 2748 4716 in
2821 4669 3018 4716 natura
3089 4670 3271 4712 rerum
3338 4651 3625 4708 visibiliter
3694 4662 3794 4716 ap-

2204 4764 2398 4828 paret,
2458 4769 2567 4809 non
2620 4752 2838 4808 aliunde
2890 4750 2997 4806 nisi
3042 4764 3112 4805 ex
3160 4745 3387 4802 occultis
3434 4739 3698 4798 naturalis
3735 4745 3791 4828 et

2204 4827 2582 4905 substantialis
2636 4843 2847 4900 formae
2903 4842 3148 4905 sinibus,
3216 4852 3376 4908 quam
3428 4831 3650 4896 aridae,
3701 4827 3789 4883 vel

2204 4946 2383 4993 terrae
2410 4935 2674 4993 vocabulo
2694 4932 3054 5006 signiﬁcatam
3077 4926 3465 5003 praediximus,
3489 4919 3789 4993 originales

2203 5045 2397 5087 causas
2435 5026 2798 5101 generationis
2827 5040 2959 5081 suae
2999 5023 3195 5095 recipit
3227 5021 3293 5086 ³³,
3323 5023 3610 5089 propterea
3655 5014 3793 5070 scri-

2202 5131 2356 5194 ptum
2385 5130 2471 5176 est
2491 5162 2505 5186 ,
2533 5119 2783 5192 germinet
2821 5126 2961 5172 terra
2990 5114 3205 5170 herbam
3234 5112 3480 5167 virentem
3504 5115 3560 5162 et
3587 5115 3789 5162 cetera.

2204 5214 2284 5269 Ac
2310 5214 2355 5269 si
2391 5221 2576 5285 aperte
2600 5213 2906 5275 diceretur,
2949 5208 3035 5263 vis
3076 5204 3356 5263 seminalis
3394 5201 3686 5259 herbarum
3737 5203 3793 5251 et

2202 5305 2494 5378 lignorum,
2526 5316 2665 5377 quae
2704 5304 2758 5358 in
2789 5300 2996 5357 intimis
3029 5298 3459 5357 substantiarum
3488 5288 3791 5349 rationibus

1801 5437 2058 5495 VARIAE
2093 5440 2491 5499 LECTIONES.

594 5576 610 5607 ¹
634 5572 679 5628 Α
709 5583 967 5645 manente.
1042 5575 1062 5606 ¹
1089 5573 1136 5629 Α
1181 5573 1476 5645 quantitate
1532 5581 1581 5627 et
1627 5543 1902 5645 qualitate.
1979 5543 2091 5645 {Au
2130 5582 2204 5627 est
2238 5570 2430 5644 major.
2502 5574 2523 5604 ⁸
2564 5574 2604 5627 Λ
2629 5574 2793 5645 prius.

1773 5642 1793 5674 ’
1820 5641 1876 5713 [Ο
1906 5642 2105 5714 nullam
2134 5645 2277 5714 (-que
2307 5639 2459 5713 61".).
2540 5645 2583 5675 ¹⁶
2610 5639 2652 5697 Ᾱ
2675 5642 2843 5696 illam.
2902 5643 2962 5714 ,ει
2984 5644 3036 5714 Α
3066 5653 3113 5697 et
3144 5641 3503 5714 temporibus_._
3531 5639 3603 5714 ‘1'
3627 5639 3673 5692 Α

2001 5714 2046 5746 “
2067 5713 2107 5769 C
2130 5713 2253 5769 ista.
2330 5714 2374 5745 “'
2394 5716 2442 5767 Λ
2464 5722 2512 5769 et
2536 5714 2820 5783 lignorum.

516 5644 542 5679 '
569 5644 905 5700 substantiali
930 5658 1038 5697 om.
1070 5645 1131 5698 A.
1195 5644 1240 5677 ⁷⁸
1264 5644 1305 5698 C
1355 5653 1664 5713 temporum.

517 5715 802 5782 paratione
825 5713 1116 5781 quantitate
1137 5725 1181 5765 et
1208 5713 1482 5782 qualitate.
1558 5713 1601 5745 "
1628 5723 1681 5766 ut
1709 5729 1818 5767 om.
1858 5714 1925 5768 Α.

2898 5572 2919 5604 ⁸
2963 5572 3004 5626 Α
3031 5582 3142 5626 aut.
3236 5572 3282 5628 Α
3314 5569 3541 5624 °Eadem
3570 5571 3792 5622 ratione.

2923 5651 2962 5674 "
2996 5651 3036 5697 A
3066 5653 3113 5697 et
3144 5651 3484 5712 temporibus.
3560 5651 3603 5671 "
3627 5651 3798 5763 A070-

2895 5712 2941 5747 “
2966 5713 3379 5786 AAcongregare.
3457 5708 3559 5765 "A
3582 5725 3679 5764 cov
3730 5720 3799 5765 I-

520 5780 665 5845 dae.
744 5782 784 5812 ¹⁸
807 5780 877 5835 ad
910 5795 1098 5850 purum
1134 5780 1244 5837 om.
1268 5782 1335 5858 ᾼ.
1411 5782 1452 5821 ιθ
1478 5784 1525 5857 Α
1546 5783 1752 5841 dierum
1774 5784 2219 5854 primordialittm.
2291 5784 2337 5817 ¹⁰
2362 5793 2410 5839 et
2433 5797 2539 5839 om.
2572 5780 2638 5839 Ᾱ.
2713 5784 2761 5818 ἰ
2788 5783 2831 5840 (Σ
2861 5783 3072 5855 recepit.
