4236 6274
1906 262 1931 275 ο

597 316 701 377 707
2021 308 2308 385 tomus
2346 323 2547 385 soon
3767 320 3877 385 tos

597 438 937 495 dissentiunt.
974 435 1119 505 Quas
1146 435 1398 493 videlicet
1434 436 1875 508 compositiones,
1919 435 2176 508 quoniam
2205 436 2256 502 Α
2282 436 2546 509 planities,
2591 435 2666 490 nil
2688 436 3042 490 maximorum
3078 432 3387 505 pelagorum
3429 437 3877 507 magnitudinis“

594 532 753 599 solvi,
782 539 837 587 et
866 529 920 585 in
949 544 1035 597 ea,
1067 545 1296 601 quorum
1325 531 1467 585 coitu
1496 529 1819 598 eﬂiciuntur,
1850 531 2029 587 redire
2054 546 2182 602 pos-
2281 527 2593 599 indigentes,
2622 536 2670 582 et
2696 528 2829 581 sulci
2859 524 3031 592 multi,
3060 536 3106 580 et
3132 527 3395 582 convalles
3416 532 3705 586 secundum
3737 535 3876 597 alias

596 629 747 688 sunt,
774 635 1057 691 aquarum,
1093 634 1233 689 quae
1260 622 1362 675 sub
1391 620 1542 675 caelo
1568 631 1713 685 sunt,
1750 620 2013 675 vocabulo
2043 636 2176 676 con-

593 714 975 787 gruentissime
1021 712 1287 782 Propheta
1339 711 1682 783 signiﬁcavit.
1737 711 2002 780 Quoniam
2044 726 2177 767 vero

591 798 787 860 harum
817 820 999 859 rerum
1022 803 1311 858 visibilium
1343 803 1619 874 corporeis
1640 803 1887 858 sensibus
1909 803 2180 872 subjecta-

550 880 555 889 ’
594 911 716 951 rum
753 890 1267 967 duplex'speculatio
1304 906 1420 961 est;
1471 895 1630 950 aliter
1674 896 1817 951 enim
1851 896 1903 950 in
1934 895 2013 951 eis
2042 895 2173 950 sub-

586 987 766 1060 iectas
790 997 846 1043 et
894 987 1261 1042 immutabiles
1298 986 1698 1052 subsistentias,
1735 986 1933 1059 quibus
1958 987 2177 1057 proprie

589 1079 913 1153 subsistunt,
959 1080 1116 1135 aliter
1157 1079 1481 1145 accidentia,
1527 1093 1667 1148 quae
1705 1079 1891 1149 augeri
1922 1088 1975 1133 et
2002 1079 2176 1133 minui

586 1170 910 1242 patiuntur,
955 1169 1298 1240 instabilique
1348 1180 1495 1224 motu
1554 1186 1769 1241 semper
1819 1170 2015 1225 variari
2066 1186 2177 1226 non

589 1260 862 1327 desinunt,
894 1260 1275 1332 speculamur:
1304 1260 1670 1315 necessarium
1710 1269 1847 1327 erat,
1894 1258 2174 1315 mutabilia

564 1348 658 1409 .ab
699 1352 1123 1408 immutabilibus
1169 1350 1463 1423 segregari,
1502 1351 1606 1407 hoc
1650 1361 1753 1417 est,
1802 1349 2100 1409 accidentia
2140 1366 2175 1405 a

590 1445 911 1501 substantiis
967 1442 1317 1499 intellectuali
1350 1444 1363 1473 ³
1399 1441 1782 1511 dijudicatione
1811 1442 2081 1508 discerni,
2118 1451 2175 1497 et

586 1537 869 1611 mutabilia
916 1536 1133 1606 quidem
1182 1536 1344 1591 veluti
1404 1535 1740 1591 instabilium
1779 1550 2066 1606 aquarum,
2106 1551 2174 1591 ae

585 1645 802 1700 semper
847 1628 1264 1695 ﬂuctuantium,
1324 1627 1683 1684 immutabilia
1732 1642 1885 1694 vero,
1937 1643 2173 1697 suaeque

2281 631 2330 675 et
2358 620 2493 675 alias
2524 620 2742 691 ﬁguras,
2769 636 2895 673 cava
2921 617 2967 650 ”
2996 618 3174 673 omnia
3214 621 3484 675 undarum
3525 633 3653 678 tunc
3690 625 3871 698 plana,

2282 713 2562 783 conjuncta
2595 722 2736 783 sunt,
2781 713 2906 781 ipsis
2934 710 3115 765 divino
3158 724 3432 782 praecepto
3456 714 3527 769 ad
3550 733 3712 771 unam
3742 736 3873 776 con-

2280 807 2636 878 gregationem
2658 803 2888 873 undique
2916 803 3067 873 aquis
3093 801 3322 857 collectis
3349 802 3419 857 ι’.

2353 896 2444 950 '50.
2487 895 2585 950 llis
2611 904 2772 964 atque
2798 891 3105 962 huiusmodi
3137 893 3320 950 verbis
3343 892 3608 965 praedicti
3634 899 3871 958 auctoris

2282 997 2464 1059 aperte
2496 987 2772 1051 suadetur,
2797 986 2865 1041 ob
2888 984 3030 1040 hanc
3053 1000 3273 1041 causam
3304 985 3678 1045 multitudines
3702 1004 3869 1061 aqua-

2278 1093 2421 1143 rum,
2454 1078 2652 1147 ubique
2678 1089 2775 1147 per
2798 1090 2930 1131 cava
2957 1083 3012 1131 ct
3046 1073 3222 1144 plana‘
3238 1084 3509 1132 terrarum
3540 1076 3781 1148 diﬂ'usas,
3804 1081 3863 1138 in

2279 1169 2754 1241 congregationem
2805 1182 2967 1221 unam
3012 1167 3196 1223 divino
3236 1178 3528 1238 praecepto
3564 1167 3729 1227 fuisse
3756 1174 3864 1229 col-

2278 1257 2466 1324 lectas,
2517 1274 2585 1313 ne
2633 1266 2801 1313 totam
2855 1266 3030 1311 terrae
3079 1258 3423 1328 superﬁciem
3452 1260 3863 1320 inundationum

2277 1364 2499 1406 suarum
2527 1332 2979 1412 cumulationibus
3004 1350 3370 1420 cooperirent,
3393 1359 3451 1407 et
3480 1358 3541 1407 ut
3559 1353 3605 1384 “
3636 1353 3706 1409 ad
3736 1371 3862 1413 usus

2275 1441 2546 1496 humanae
2570 1438 2921 1495 habitationis
2949 1442 3428 1510 appareret'arida,
3455 1443 3640 1501 herbis
3660 1446 3861 1503 arbori«

2276 1526 2486 1602 busque
2511 1531 2785 1609 decorata,
2815 1531 3043 1587 diversis
3066 1531 3381 1588 animalium
3406 1533 3596 1591 formis
3621 1540 3859 1609 copiosa,

2276 1623 2626 1695 amplissimis
2648 1622 2869 1688 Oceani,
2903 1624 3352 1697 diversorunique
3378 1628 3687 1698 pelagorum
3716 1630 3861 1690 litto-

585 1730 815 1776 naturae
855 1719 1153 1775 stabilitate
1183 1719 1554 1785 subsistentia,
1593 1718 1797 1774 solidae
1825 1716 2032 1774 telluris
2063 1720 2174 1774 ari-
2273 1714 2428 1769 ribus
2464 1714 2664 1780 cincta,
2697 1722 2751 1769 et
2777 1714 2845 1769 ab
2876 1713 3077 1785 impetu
3106 1712 3421 1774 ﬂuctuantis
3448 1720 3631 1787 maris,
3660 1738 3856 1780 areno-

584 1814 794 1884 daeque
837 1811 1101 1868 vocabulo
1148 1810 1462 1882 signiﬁcari.
1511 1810 1567 1864 In
1621 1811 1705 1865 his
1747 1826 1879 1882 ergo
1920 1808 2171 1865 omnibus
2204 1825 2251 1885 Β
2279 1805 2354 1861 sis
2386 1806 2631 1860 obicibus
2666 1805 2879 1860 divinae
2900 1805 3166 1874 jussionis
3195 1808 3396 1865 virtute
3441 1811 3710 1870 roboratis
3738 1830 3858 1870 mu-

581 1903 727 1958 nulla
758 1901 1033 1971 allegoria,
1071 1901 1163 1956 sed
1187 1902 1326 1955 nuda
1355 1902 1375 1930 ¹
1403 1899 1735 1954 solummodo
1766 1901 1985 1971 physica
2035 1916 2166 1955 con-

581 1994 840 2069 sideratio
870 2001 1154 2057 tractatur,
1189 1992 1448 2045 mutuatis
1486 1991 1820 2046 sensibilium
1856 1993 2167 2047 nominibus

586 2085 657 2140 ad
706 2081 1056 2152 signiﬁcanda
1106 2083 1396 2137 invisibilia
1454 2079 1889 2150 frequentissimo
1950 2080 2166 2138 divinae

579 2168 896 2245 Scripturae
925 2190 1042 2229 usu.
1073 2173 1177 2227 Sed
1212 2188 1279 2227 ne
1322 2172 1379 2227 S.
1413 2172 1581 2241 patris
1609 2170 1789 2226 Basilii
1825 2176 2164 2228 revereudis-

578 2266 747 2324 simos
781 2265 1062 2320 videamur
1100 2278 1358 2333 spernere
1400 2261 1724 2327 intellectus,
1773 2263 1903 2333 quid
1950 2265 2014 2320 de
2064 2267 2167 2322 hoc

579 2358 833 2422 sctiscrit,
877 2364 1140 2426 quantum
1184 2354 1315 2408 mihi
1381 2354 1538 2408 datur
1569 2354 1888 2425 intelligere,
1926 2354 2166 2411 breviter

576 2448 861 2504 intimabo.
908 2447 964 2501 lu
1013 2455 1206 2517 quarta
1257 2444 1485 2498 Homilia
1529 2444 1579 2497 in
1620 2442 1853 2499 Genesin
1887 2445 2161 2517 :Congre-

577 2552 787 2617 gentur,
838 2538 1034 2609 inquit,
1084 2553 1251 2607 aquae
1282 2535 1336 2590 in
1373 2536 1824 2607 congregationem
1863 2553 2041 2590 unam.
2079 2535 2165 2593 Ne

575 2629 797 2702 influens
845 2646 982 2700 aqua
1028 2629 1326 2698 recipientes
1376 2645 1430 2681 se
1482 2628 1716 2698 regiones
1756 2626 2161 2695 superfundens,

576 2737 913 2792 crescensque
951 2735 1169 2790 semper,
1209 2728 1257 2772 et
1311 2716 1445 2771 alias
1477 2716 1498 2748 ³
1536 2734 1599 2771 ex
1628 2718 1745 2771 aliis
1787 2719 2024 2787 implens,
2056 2736 2164 2772 om-

573 2827 692 2869 nem
720 2813 964 2881 contigua
999 2809 1283 2865 includeret
1312 2807 1555 2879 Epirum,
1596 2826 1655 2862 eo
1698 2809 1851 2878 jussa
1885 2819 1959 2862 est
1986 2809 2009 2839 ⁸
2040 2826 2161 2864 con-

572 2905 781 2977 gregari
808 2905 860 2957 in
894 2904 1347 2974 congregationem
1378 2917 1535 2954 unum
1561 2899 1601 2953 ⁸.
1629 2903 1702 2953 At:
1725 2900 1745 2930 “
1767 2916 1858 2969 per
1882 2899 1980 2953 hoc
2008 2918 2163 2971 saepe

569 2997 831 3067 ﬂuctuans
860 3012 927 3050 ex
950 2996 1110 3049 ventis
1140 3010 1304 3059 mare,
1335 3003 1380 3046 et
1407 2993 1463 3046 in
1499 2992 1830 3047 altitudinem
1872 2993 2161 3047 maximam

568 3085 850 3143 sublevatis
878 3086 1144 3155 ﬂuctibus,
1174 3100 1316 3149 mox,
1359 3095 1413 3138 ut
1442 3084 1622 3139 littora
1652 3085 1907 3156 tetigerit,
1944 3085 1999 3139 in
2037 3100 2161 3154 spu-

2277 1900 2411 1954 nita.
2444 1897 2620 1951 Divini
2653 1897 2918 1967 siquidem
2966 1899 3244 1968 praecepti
3270 1900 3458 1971 vigore
3496 1901 3859 1962 validissimus

2274 1990 2543 2044 undarum
2571 1986 2725 2043 furor
2755 1987 3061 2043 refrenatur
3088 1997 3141 2044 et
3172 1992 3553 2061 repercutitur,
3594 2011 3665 2051 ne
3698 1996 3857 2067 plana

2275 2088 2543 2133 terrarum
2574 2087 2629 2132 et
2654 2077 2944 2133 humiliora
2972 2093 3030 2134 se
3070 2079 3186 2135 loca
3205 2081 3456 2138 obruant.
3481 2080 3624 2139 Haec
3649 2096 3854 2156 autem,

2271 2179 2333 2225 ut
2374 2170 2508 2235 dixi,
2551 2168 2874 2242 subjungere
2918 2168 3081 2237 volui,
3128 2187 3195 2227 ne
3246 2169 3387 2228 forte
3437 2174 3558 2244 quis
3607 2174 3853 2245 diceret,

2271 2275 2439 2331 quare
2463 2259 2838 2333 gloriosissimi
2856 2276 3045 2316 sacrae
3067 2259 3376 2331 Scripturae
3393 2263 3717 2333 expositoris
3729 2280 3839 2322 seu.

2271 2367 2391 2407 sum
2417 2352 2640 2407 omnino
2673 2351 2970 2422 praeterire
3001 2351 3117 2406 ausi
3145 2366 3352 2407 sumus.

2340 2443 2429 2497 5l.
2473 2443 2620 2499 οπερ.
2663 2441 2892 2500 Provide
2935 2452 3219 2513 cauteque.
3254 2440 3371 2498 Non
3412 2441 3556 2499 enim
3599 2440 3855 2502 debemus

2270 2535 2573 2607 divinorum
2616 2532 2835 2591 Patrum
2883 2535 3186 2592 intellectus
3221 2536 3331 2593 ullo
3368 2534 3528 2594 modo
3566 2536 3853 2613 negligere,

2268 2628 2361 2681 seu
2394 2624 2695 2692 annullare,
2721 2627 3041 2696 praesertim
3070 2643 3194 2683 cum
3225 2643 3322 2684 nos
3348 2644 3456 2683 non
3479 2626 3643 2685 lateat
3665 2629 3732 2698 ",
3758 2647 3854 2688 eos

2268 2719 2588 2789 saepissime
2632 2718 2953 2789 simpliciter
2996 2720 3311 2791 disputasse,
3362 2724 3713 2793 capacitatem
3754 2741 3851 2780 au-

2268 2808 2531 2864 dientium
2574 2824 2678 2864 non
2725 2810 2859 2865 satis
2898 2811 3146 2867 idoneam
3175 2813 3242 2868 ad
3264 2813 3713 2883 proluudissimos
3743 2816 3853 2886 spi-

2266 2899 2481 2955 ritualis
2528 2900 2743 2955 virtutis
2792 2894 3119 2957 naturalium
3170 2903 3437 2958 rationum
3478 2903 3855 2974 pereipiendos

2265 2992 2574 3048 intelleCtus
2608 2992 2975 3061 providentes.
3008 2994 3185 3067 Atque
3207 2994 3327 3049 ideo
3353 3009 3459 3049 non
3484 3001 3689 3052 temere
3708 2995 3854 3055 dixe-

2266 3080 2394 3147 rim,
2444 3090 2503 3135 ut
2543 3082 2754 3152 opinor,
2793 3082 3056 3139 deiferum
3086 3083 3369 3151 Basilium,
3415 3100 3651 3156 superna
3680 3089 3850 3160 gratia

571 3194 712 3232 mam
757 3181 960 3232 solvens
997 3177 1268 3247 impetum,
1302 3176 1597 3229 revertitur.
1644 3175 1726 3229 An
1754 3192 1834 3229 me
1861 3192 1965 3228 non
2005 3178 2159 3229 time-
2190 3174 2241 3243 ς
2268 3170 2647 3238 illuminatum,
2703 3173 3000 3244 simplicius
3049 3175 3363 3245 exposuisse
3411 3192 3507 3233 sex
3554 3179 3849 3248 primorum

573 3270 651 3324 bis
678 3270 722 3338 τ,
746 3270 872 3325 dicit
914 3268 1189 3332 Dominus,
1237 3277 1513 3338 ponentem
1550 3272 1829 3321 terminum
1858 3270 1995 3321 mari
2045 3286 2162 3322 are-

573 3376 716 3427 nam,
744 3362 796 3415 in
822 3359 1127 3430 ﬁrmissimo
1153 3359 1385 3412 omnium
1412 3358 1618 3422 sabulo,
1652 3375 1714 3411 ne
1743 3358 1767 3390 ⁸
1796 3358 2029 3412 videlicet
2061 3361 2164 3413 vio-

569 3451 762 3507 lentiae
802 3448 989 3504 invecti
1032 3449 1194 3503 maris
1231 3448 1565 3517 refrenantur
1610 3448 1655 3501 ’.
1701 3447 1951 3521 Alioquin
2013 3450 2159 3520 quid,

572 3545 770 3617 inquit,
801 3544 1095 3617 prohiberet
1140 3538 1359 3595 rubrum
1396 3558 1558 3607 mare,
1599 3558 1800 3595 omnem
1848 3541 2161 3612 Aegyptum,

567 3637 698 3694 dum
751 3637 817 3692 sit
864 3635 1137 3699 humilior,
1185 3634 1407 3698 intrare,
1441 3642 1488 3687 et
1517 3632 1780 3703 coeperire
1813 3632 2046 3703 Aegypto
2074 3649 2162 3703 pe-

566 3726 722 3799 lagus
751 3726 1076 3791 incumbens,
1102 3726 1149 3781 si
1174 3742 1276 3778 non
1304 3734 1575 3794 praecepto
1599 3733 1727 3777 esset
1759 3721 2025 3777 Creatoris
2057 3725 2161 3776 im-

567 3810 801 3895 peditum
830 3817 894 3871 ‘°.
948 3814 1093 3871 Nam
1130 3820 1255 3889 quia
1298 3815 1656 3901 humiliorest
1702 3815 1856 3869 rubro
1895 3816 2034 3869 mari
2061 3814 2163 3870 Ae-

567 3925 789 3987 gyptus,
824 3912 1040 3985 quidam
1090 3908 1313 3965 volentes
1351 3925 1502 3979 opere
1550 3907 1649 3962 sibi
1685 3908 1903 3962 invicem
1939 3908 1981 3939 ¹¹
2026 3910 2164 3981 pela-

567 4020 663 4078 gos
692 4005 1009 4074 conjungere
1031 4000 1338 4071 Aegyptium
1366 4008 1413 4052 et
1450 3996 1717 4065 Indicum,
1740 4000 1795 4053 in
1817 4017 1919 4070 quo
1943 4000 2162 4055 rubrum

567 4107 643 4151 est
690 4102 1109 4165 ntare:propter
1161 4093 1258 4146 hoc
1308 4089 1555 4158 prohibiti
1600 4102 1719 4145 sunt
1769 4093 2065 4157 conatibus,
2113 4101 2161 4147 et

566 4191 769 4262 primus
793 4187 1053 4243 inchoans
1076 4184 1328 4241 Sesostris
1355 4184 1658 4255 Aegyptius,
1694 4201 1755 4239 ac
1780 4195 1959 4255 postea
1988 4184 2164 4240 volens

566 4282 811 4352 perficere
840 4279 1035 4335 Darius
1061 4276 1267 4333 Medus.
1298 4275 1445 4331 Haec
1473 4295 1504 4329 a
1532 4292 1613 4329 me
1637 4277 1779 4329 dicta
1814 4285 1956 4339 sunt,
2002 4287 2057 4330 ut
2086 4278 2162 4331 in-

566 4368 864 4442 telligamus
895 4372 1153 4440 praecepti
1184 4370 1422 4423 virtutem
1447 4380 1464 4417 .'
1492 4362 1883 4436 Congregentur
1910 4384 2077 4439 aquae
2106 4370 2161 4424 in

569 4461 1026 4530 congregationem
1055 4475 1239 4525 unam,
1269 4458 1366 4511 hoc
1396 4465 1491 4521 est,
1527 4455 1673 4509 nulla
1698 4455 1742 4486 "
1765 4472 1796 4509 a
1826 4459 1997 4528 seipsa
2022 4476 2161 4513 rece-

2268 3254 2477 3318 dierum
2525 3258 2935 3338 intelligibiliiim
2965 3270 3324 3341 operationes,
3377 3282 3536 3342 quam
3574 3273 3849 3329 intellexe-

2267 3364 2376 3419 rat,
2407 3369 2711 3410 sermonem
2754 3358 3085 3427 simplicitati
3120 3360 3426 3416 auditorum
3453 3370 3730 3431 coaptaus.
3762 3362 3845 3418 Si-

2266 3446 2486 3515 quidem
2513 3446 2873 3506 homiliariter
2894 3451 2960 3505 ad
2984 3451 3239 3522 populum
3262 3450 3471 3509 locutus
3497 3461 3596 3520 est,
3624 3460 3680 3509 et
3703 3448 3848 3524 quod

2267 3536 2428 3592 simul
2456 3546 2510 3595 et
2539 3538 2708 3595 semel
2737 3557 2766 3595 a
2794 3539 2903 3596 Deo
2942 3542 3142 3597 factum
3186 3541 3357 3600 fuisse
3399 3542 3559 3600 altius
3587 3559 3851 3617 cognove-

2266 3638 2371 3694 rat,
2420 3631 2584 3687 veluti
2635 3643 2937 3706 temporum
2974 3636 3198 3692 morulis
3248 3634 3586 3709 dispertitum
3630 3646 3851 3708 propter

2266 3740 2379 3789 eos,
2417 3742 2648 3796 quorum
2679 3744 2869 3785 sensus
2909 3744 3089 3786 moras
3130 3738 3457 3802 temporum,
3503 3728 3850 3802 locorumque

2267 3820 2553 3876 distantias
2577 3836 2833 3892 superare
2859 3824 3149 3888 nescierat,
3178 3823 3449 3894 exposuit.
3475 3818 3631 3890 Quod
3659 3830 3714 3877 et
3735 3821 3849 3893 ipse

2267 3914 2686 3970 sublimissimus
2734 3915 3120 3986 prophetarum
3167 3912 3377 3986 Moyses
3421 3912 3617 3970 fecisse
3663 3914 3848 3985 digno-

2266 4006 2455 4060 scitur.
2500 4004 2618 4059 Non
2662 4006 2809 4060 enim
2856 4002 3023 4060 semel
3052 4012 3107 4058 et
3134 4004 3293 4059 simul
3319 4004 3369 4036 "*
3395 4005 3572 4076 potuit
3601 4019 3844 4071 narrare,

2264 4095 2419 4167 quod
2433 4094 2603 4151 semel
2630 4098 2685 4149 et
2715 4093 2875 4150 simul
2898 4092 2943 4126 ³⁸
2972 4092 3112 4150 Deus
3136 4094 3311 4164 potuit
3337 4094 3537 4150 facere.
3572 4093 3849 4167 Siquidem

2265 4198 2320 4243 et
2344 4205 2463 4253 nos,
2512 4186 2603 4259 qui
2654 4186 2833 4243 adhuc
2886 4186 2940 4241 in
2996 4186 3235 4243 tenebris
3284 4186 3620 4259 ignorantiae
3660 4186 3846 4259 palpe-

2262 4278 2483 4334 brantes
2525 4274 2573 4311 "
2611 4278 2785 4333 lucem
2833 4277 3079 4333 veritatis
3127 4292 3388 4333 conamur
3438 4280 3703 4349 aspicere,
3741 4292 3849 4334 non

2263 4389 2441 4436 omne,
2460 4372 2601 4442 quod
2623 4370 2783 4427 simul
2811 4380 2988 4426 mente
3011 4370 3346 4442 concipimus
3365 4371 3437 4439 ",
3463 4372 3644 4429 verbis
3665 4370 3850 4442 expla-

2265 4482 2395 4520 nare
2436 4465 2679 4519 valemus
2706 4462 2785 4530 ’3;
2832 4463 3009 4519 omnis
3046 4479 3278 4534 namque
3311 4480 3420 4530 ars,
3457 4466 3509 4520 in
3543 4465 3723 4520 animo
3761 4474 3849 4519 sa-

569 4550 677 4602 dat‘
705 4549 773 4614 “,
824 4548 915 4600 sed
955 4550 1011 4601 in
1058 4550 1228 4616 prima
1275 4547 1578 4602 collectione
1619 4557 1931 4618 congregata
1960 4565 2161 4620 perma—
2189 4541 2243 4602 Ι)
2269 4557 2466 4627 pientis
2514 4557 2894 4613 universaliter
2930 4556 3185 4624 formata,
3217 4558 3449 4615 diversis
3479 4556 3750 4614 literarum
3788 4563 3849 4611 et

569 4644 693 4693 neat
726 4637 792 4691 “.
836 4637 1043 4691 Deinde
1076 4637 1261 4693 dicens
1289 4656 1301 4689 :
1328 4635 1719 4709 Congregentur
1760 4657 1926 4710 aquae
1958 4642 2014 4696 in
2043 4660 2161 4698 con-

568 4728 925 4802 gregationem
947 4742 1147 4791 unam;
1179 4727 1470 4781 ostenditur
1502 4727 1567 4793 ⁸⁵,
1611 4730 1736 4799 quia
1771 4734 1968 4787 multae
2010 4742 2159 4789 erant

568 4842 663 4898 per
702 4823 747 4857 ¹⁶
774 4821 967 4877 multos
1013 4820 1194 4874 modos
1224 4830 1523 4891 segregatae
1554 4836 1741 4890 aquae.
1768 4821 1910 4894 luga
1937 4842 2161 4896 namque

568 4920 860 4982 montium,
942 4913 1207 4988 profunda
1237 4913 1280 4944 "
1325 4911 1539 4967 vallium
1598 4912 1841 4983 irrigua,
1901 4932 2159 4986 aquarum

565 5010 926 5071 collectionem
971 5006 1227 5062 habebant
1253 5003 1340 5071 ⁶⁸;
1386 5013 1434 5059 et
1486 5002 1659 5059 adhuc
1704 5006 1875 5079 campi
1920 5008 2077 5064 multi
2111 5020 2161 5065 et

2270 4645 2634 4719 Syllabarum,
2689 4648 3091 4720 dictionumque
3147 4648 3531 4719 temporalibus
3586 4645 3846 4713 morulis,

2268 4737 2577 4794 necessario
2623 4738 3022 4820 particulariter
3066 4738 3418 4808 ordinateque
3465 4739 3518 4792 in
3558 4751 3717 4792 aures
3763 4734 3850 4790 dl-

2268 4828 2535 4883 sceutium
2572 4825 2908 4884 dill'unditur.
2963 4828 3080 4885 Non
3108 4843 3238 4902 ergo
3263 4827 3592 4900 praedictum
3623 4824 3847 4881 Patrem

2267 4919 2527 4977 debemus
2587 4921 2841 4977 arbitrari
2894 4922 3212 4995 simpliciter
3258 4916 3629 4985 intellexisse,
3692 4914 3843 4989 quod

2267 5012 2583 5084 Simpliciter
2618 5015 2834 5071 videtur
2885 5016 3218 5089 exposuisse.
3276 5009 3408 5081 Quis
3465 5010 3613 5066 enim
3679 5008 3844 5065 aude-

1855 5136 2113 5196 VARIAE
2149 5140 2548 5203 LECTIONES.

641 5256 661 5328 ξ
688 5246 1215 5328 A_intellectualibus.
1249 5317 1261 5328 _
1288 5247 1309 5278 ²
1336 5247 1607 5328 nudapm.
1629 5246 1719 5328 AL
1772 5246 1795 5279 ⁸
1896 5248 2025 5306 alia.
2099 5253 2261 5328 fPro
2276 5274 2338 5312 eo
2351 5258 2506 5328 iussa
2529 5267 2605 5314 est
2629 5259 2670 5315 C
2694 5262 2808 5315 visa
2831 5270 2926 5316 est.
3003 5260 3025 5294 ⁸
3046 5277 3208 5316 unam
3227 5276 3338 5317 om.
3359 5261 3425 5316 A.
3501 5259 3524 5292 ⁸
3545 5260 3620 5314 Ac
3641 5272 3750 5316 om.
3776 5257 3841 5310 Α.

568 5326 591 5361 ¹¹
632 5325 675 5378 Α
707 5324 969 5378 timebitis.

1084 5317 1285 5407 299a-
1320 5316 1739 5407 _A.wa!2.._,9
1764 5318 1995 5407 εαοιοηεο

571 5396 923 5463 refraenatur.

575 5535 621 5567 ¹³
645 5533 687 5587 Α
713 5532 971 5586 recedant.
1042 5527 1161 5584 “7A
1184 5538 1538 5599 permaneant.
1617 5527 1662 5561 "
1690 5528 1731 5584 C
1762 5527 1982 5585 ostendit
2010 5537 2126 5592 tibi.

2204 5536 2249 5569 11

1150 5325 1285 5400 ῥοιῇ.
1335 5325 1636 5400 A‘sabulo,
1668 5325 1721 5400 ,υ
1764 5325 1995 5375 sablone.
2096 5325 2191 5400 ’,Α
2244 5325 2603 5397 inﬁrmissimo
2657 5332 2889 5385 omnium
2930 5331 3113 5386 sabulo
3160 5334 3325 5386 maris
3382 5329 3625 5386 violentia
3674 5329 3846 5384 invicti

1021 5389 1066 5472 *ξ
1108 5385 1291 5474 Sie_C-
1318 5389 1428 5474 ;_A
1467 5388 2166 5474 ωρρεςῇςθηεςᾳυεπιανί,
2220 5385 2358 5468 quad
2417 5401 2643 5470 Aegypto
2704 5402 2928 5474 adjacet,
2981 5385 3316 5474 conjungere,
3368 5385 3470 5456 nisi

571 5456 995 5542 enatorum:
1030 5459 1473 5542 impedimentum.
1507 5538 1518 5542 _
1549 5461 1591 5492 ιι
1618 5456 1785 5542 §ian
1894 5463 2112 5542 quidam
2134 5456 2284 5542 opej-e
2311 5456 2675 5542 persuaserunt
2717 5456 2894 5542 nobis,
2918 5456 3157 5527 'volcn'tes
3178 5456 3414 5528 invicem
3486 5472 3502 5502 ί

3558 5468 3603 5524 Α
3626 5462 3711 5524 ηδ’
3729 5462 3843 5522 illa.

2290 5534 2390 5614 ll",
2426 5555 2536 5614 0!"-
2669 5610 2681 5614 _
2711 5541 2753 5573 "
2776 5541 2818 5594 A
2843 5534 3224 5614 profunditate.
3304 5543 3348 5575 ⁸⁸
3374 5543 3416 5597 C
3445 5540 3655 5598 habent.
3732 5536 3777 5571 "

571 5603 943 5660 multitudinis.
1014 5599 1062 5633 ’°
1087 5602 1132 5654 A
1157 5606 1283 5655 casa
1305 5618 1456 5671 quae.
1529 5599 1575 5635 "
1600 5599 1953 5671 Acoujuncta
1980 5616 2202 5684 sunt,_et
2242 5599 2340 5664 Dei
2373 5610 2537 5680 ipsius
2578 5609 2758 5666 divino
2830 5599 3104 5685 raeéepto.
3140 5628 3191 5668 a.
3236 5630 3291 5670 u.
3344 5628 3394 5669 c.
3444 5628 3497 5666 u.
3536 5626 3705 5679 aquae
3742 5606 3853 5662 colo

576 5676 754 5724 tectae.
831 5672 876 5702 η
904 5677 958 5722 ut
978 5682 1085 5740 om.
1103 5669 1174 5740 _A.
1232 5670 1297 5740 Α¹⁸
1318 5673 1360 5725 υ
1379 5686 1483 5724 non
1501 5686 1595 5727 nos
1612 5671 1795 5728 lateat.
1870 5672 1989 5717 ’δι”
2013 5680 2058 5734 Δ
2083 5681 2241 5737 simul
2259 5690 2307 5737 et
2328 5678 2503 5737 semel.
2577 5678 2626 5714 “
2651 5680 2745 5739 Sic
2863 5682 2910 5738 Δ
2933 5684 3240 5740 palpantes:
3261 5682 3302 5740 l‘.
3330 5684 3662 5740 palpitantes.
3737 5677 3784 5711 "
3805 5674 3850 5732 α

576 5676 754 5724 lectae.
831 5672 876 5702 "
904 5677 958 5722 ut
978 5682 1085 5723 om.
1104 5669 1174 5739 Δ.
1234 5670 1297 5739 Α¹⁸
1317 5669 1360 5725 Β
1379 5686 1483 5724 non
1501 5686 1595 5727 nos
1612 5669 1795 5728 lateat.
1870 5672 1989 5717 “4'
2013 5680 2058 5734 Δ
2083 5669 2241 5737 simul
2259 5690 2307 5737 et
2328 5669 2503 5737 semel.
2577 5678 2626 5714 “
2651 5680 2745 5739 Sic

579 5740 944 5837 pensauimus.
1017 5739 1066 5770 ⁸⁸
1088 5738 1133 5792 Α
1156 5737 1440 5794 valeamus.

2818 5700 2837 5752 ὃ
2863 5682 2910 5738 Α
2932 5674 3240 5759 palpantes;
3261 5682 3302 5741 f.
3328 5674 3662 5758 palpitantes.
3737 5677 3784 5711 "
3805 5674 3850 5732 Ο

3878 5110 3891 5162 ἑ

3510 5408 3849 5501 ρςαεεερξέηι
3926 5401 3937 5409 ’
