  <div class='ocr_page' id='page_1' title='image "/cluster/home/n/w/nwhite01/storage/ocr_20150623/122/pst.000018028355/393.png"; bbox 0 0 2118 3137; ppageno 0'>
   <div class='ocr_carea' id='block_1_1' title="bbox 267 124 1064 167">
    <p class='ocr_par' dir='ltr' id='par_1_1' title="bbox 267 131 1064 163">
     <span class='ocr_line' id='line_1_1' title="bbox 267 131 1064 163; baseline -0.004 0"><span class='ocrx_word' id='word_1_1' title='bbox 267 134 321 163; x_wconf 82' lang='lat' dir='ltr'><strong>7H</strong></span> <span class='ocrx_word' id='word_1_2' title='bbox 986 131 1064 161; x_wconf 71' lang='lat' dir='ltr'><strong>.IOAi‘</strong></span> 
     </span>
    </p>
   </div>
   <div class='ocr_carea' id='block_1_2' title="bbox 1114 124 1921 167">
    <p class='ocr_par' dir='ltr' id='par_1_2' title="bbox 1114 124 1921 167">
     <span class='ocr_line' id='line_1_2' title="bbox 1114 124 1921 167; baseline 0.006 -6"><span class='ocrx_word' id='word_1_3' title='bbox 1114 130 1130 160; x_wconf 84' lang='lat' dir='ltr'><strong>s</strong></span> <span class='ocrx_word' id='word_1_4' title='bbox 1149 131 1248 162; x_wconf 79' lang='lat' dir='ltr'><strong>soon</strong></span> <span class='ocrx_word' id='word_1_5' title='bbox 1865 136 1921 167; x_wconf 64' lang='grc' dir='ltr'><strong>τις</strong></span> 
     </span>
    </p>
   </div>
   <div class='ocr_carea' id='block_1_3' title="bbox 267 189 1921 228">
    <p class='ocr_par' dir='ltr' id='par_1_3' title="bbox 267 189 1921 228">
     <span class='ocr_line' id='line_1_3' title="bbox 267 189 1921 228; baseline -0.002 -7"><span class='ocrx_word' id='word_1_6' title='bbox 267 191 371 226; x_wconf 74' lang='lat' dir='ltr'><strong>stabili,</strong></span> <span class='ocrx_word' id='word_1_7' title='bbox 387 195 513 227; x_wconf 76' lang='lat' dir='ltr'><strong>statuque</strong></span> <span class='ocrx_word' id='word_1_8' title='bbox 529 191 620 220; x_wconf 78' lang='lat' dir='ltr'><strong>mobili</strong></span> <span class='ocrx_word' id='word_1_9' title='bbox 644 194 823 227; x_wconf 75' lang='lat' dir='ltr'><strong>compactam.</strong></span> <span class='ocrx_word' id='word_1_10' title='bbox 850 190 976 227; x_wconf 76' lang='lat' dir='ltr'><strong>Fecitque</strong></span> <span class='ocrx_word' id='word_1_11' title='bbox 997 190 1065 218; x_wconf 78' lang='lat' dir='ltr'><strong>Deus</strong></span> <span class='ocrx_word' id='word_1_12' title='bbox 1080 191 1107 222; x_wconf 81' lang='grc' dir='ltr'><strong>Α</strong></span> <span class='ocrx_word' id='word_1_13' title='bbox 1119 194 1273 218; x_wconf 76' lang='lat' dir='ltr'><strong>menter-mn</strong></span> <span class='ocrx_word' id='word_1_14' title='bbox 1289 189 1504 222; x_wconf 79' lang='lat' dir='ltr'><strong>universitatem,</strong></span> <span class='ocrx_word' id='word_1_15' title='bbox 1530 195 1601 225; x_wconf 87' lang='lat' dir='ltr'><strong>quae</strong></span> <span class='ocrx_word' id='word_1_16' title='bbox 1623 190 1688 217; x_wconf 85' lang='lat' dir='ltr'><strong>dum</strong></span> <span class='ocrx_word' id='word_1_17' title='bbox 1710 196 1762 225; x_wconf 82' lang='lat' dir='ltr'><strong>per</strong></span> <span class='ocrx_word' id='word_1_18' title='bbox 1779 198 1812 220; x_wconf 80' lang='lat' dir='ltr'><strong>se</strong></span> <span class='ocrx_word' id='word_1_19' title='bbox 1828 194 1921 228; x_wconf 67' lang='lat' dir='ltr'><strong>puris.</strong></span> 
     </span>
    </p>
   </div>
   <div class='ocr_carea' id='block_1_4' title="bbox 267 239 1069 277">
    <p class='ocr_par' dir='ltr' id='par_1_4' title="bbox 267 239 1069 277">
     <span class='ocr_line' id='line_1_4' title="bbox 267 239 1069 277; baseline -0.001 -9"><span class='ocrx_word' id='word_1_20' title='bbox 267 241 322 268; x_wconf 80' lang='lat' dir='ltr'><strong>duo</strong></span> <span class='ocrx_word' id='word_1_21' title='bbox 337 249 434 277; x_wconf 79' lang='lat' dir='ltr'><strong>magna</strong></span> <span class='ocrx_word' id='word_1_22' title='bbox 449 240 607 272; x_wconf 80' lang='lat' dir='ltr'><strong>luminaria,</strong></span> <span class='ocrx_word' id='word_1_23' title='bbox 632 239 762 268; x_wconf 82' lang='lat' dir='ltr'><strong>luminare</strong></span> <span class='ocrx_word' id='word_1_24' title='bbox 775 240 873 275; x_wconf 73' lang='lat' dir='ltr'><strong>majus,</strong></span> <span class='ocrx_word' id='word_1_25' title='bbox 893 244 922 266; x_wconf 92' lang='lat' dir='ltr'><strong>ut</strong></span> <span class='ocrx_word' id='word_1_26' title='bbox 940 245 1069 275; x_wconf 71' lang='lat' dir='ltr'><strong>praeesset</strong></span> 
     </span>
    </p>
   </div>
   <div class='ocr_carea' id='block_1_5' title="bbox 267 285 1070 320">
    <p class='ocr_par' dir='ltr' id='par_1_5' title="bbox 267 285 1070 320">
     <span class='ocr_line' id='line_1_5' title="bbox 267 285 1070 320; baseline -0.002 -6"><span class='ocrx_word' id='word_1_27' title='bbox 267 285 332 319; x_wconf 81' lang='lat' dir='ltr'><strong>diei,</strong></span> <span class='ocrx_word' id='word_1_28' title='bbox 347 291 370 313; x_wconf 80' lang='lat' dir='ltr'><strong>et</strong></span> <span class='ocrx_word' id='word_1_29' title='bbox 393 286 401 301; x_wconf 75' lang='grc'>⁸</span> <span class='ocrx_word' id='word_1_30' title='bbox 417 285 547 312; x_wconf 80' lang='lat' dir='ltr'><strong>luminare</strong></span> <span class='ocrx_word' id='word_1_31' title='bbox 563 286 661 319; x_wconf 75' lang='lat' dir='ltr'><strong>minus,</strong></span> <span class='ocrx_word' id='word_1_32' title='bbox 677 291 704 313; x_wconf 90' lang='lat' dir='ltr'><strong>ut</strong></span> <span class='ocrx_word' id='word_1_33' title='bbox 719 290 850 320; x_wconf 76' lang='lat' dir='ltr'><strong>praeesset</strong></span> <span class='ocrx_word' id='word_1_34' title='bbox 877 286 957 319; x_wconf 83' lang='lat' dir='ltr'><strong>nocti,</strong></span> <span class='ocrx_word' id='word_1_35' title='bbox 971 291 995 313; x_wconf 89' lang='lat' dir='ltr'><strong>et</strong></span> <span class='ocrx_word' id='word_1_36' title='bbox 1008 285 1070 313; x_wconf 81' lang='lat' dir='ltr'><strong>stel-</strong></span> 
     </span>
    </p>
   </div>
   <div class='ocr_carea' id='block_1_6' title="bbox 267 331 1068 367">
    <p class='ocr_par' dir='ltr' id='par_1_6' title="bbox 267 331 1068 367">
     <span class='ocr_line' id='line_1_6' title="bbox 267 331 1068 367; baseline -0.001 -8"><span class='ocrx_word' id='word_1_37' title='bbox 267 331 319 365; x_wconf 72' lang='lat' dir='ltr'><strong>las,</strong></span> <span class='ocrx_word' id='word_1_38' title='bbox 339 335 367 359; x_wconf 86' lang='lat' dir='ltr'><strong>et</strong></span> <span class='ocrx_word' id='word_1_39' title='bbox 385 335 487 364; x_wconf 86' lang='lat' dir='ltr'><strong>cetera,</strong></span> <span class='ocrx_word' id='word_1_40' title='bbox 503 338 573 366; x_wconf 88' lang='lat' dir='ltr'><strong>quae</strong></span> <span class='ocrx_word' id='word_1_41' title='bbox 587 331 620 359; x_wconf 89' lang='lat' dir='ltr'><strong>de</strong></span> <span class='ocrx_word' id='word_1_42' title='bbox 635 332 763 367; x_wconf 82' lang='lat' dir='ltr'><strong>operibus</strong></span> <span class='ocrx_word' id='word_1_43' title='bbox 777 335 892 367; x_wconf 82' lang='lat' dir='ltr'><strong>quartae</strong></span> <span class='ocrx_word' id='word_1_44' title='bbox 908 331 976 359; x_wconf 92' lang='lat' dir='ltr'><strong>lucis</strong></span> <span class='ocrx_word' id='word_1_45' title='bbox 992 331 1068 358; x_wconf 88' lang='lat' dir='ltr'><strong>Scri-</strong></span> 
     </span>
    </p>
   </div>
   <div class='ocr_carea' id='block_1_7' title="bbox 266 376 1069 412">
    <p class='ocr_par' dir='ltr' id='par_1_7' title="bbox 266 376 1069 412">
     <span class='ocr_line' id='line_1_7' title="bbox 266 376 1069 412; baseline 0.002 -9"><span class='ocrx_word' id='word_1_46' title='bbox 266 381 347 412; x_wconf 88' lang='lat' dir='ltr'><strong>ptura</strong></span> <span class='ocrx_word' id='word_1_47' title='bbox 372 380 578 404; x_wconf 84' lang='lat' dir='ltr'><strong>commemorat.</strong></span> <span class='ocrx_word' id='word_1_48' title='bbox 603 376 642 405; x_wconf 87' lang='lat' dir='ltr'><strong>De</strong></span> <span class='ocrx_word' id='word_1_49' title='bbox 665 376 854 410; x_wconf 88' lang='lat' dir='ltr'><strong>ﬁrmamento,</strong></span> <span class='ocrx_word' id='word_1_50' title='bbox 878 377 943 404; x_wconf 91' lang='lat' dir='ltr'><strong>dum</strong></span> <span class='ocrx_word' id='word_1_51' title='bbox 967 377 1000 404; x_wconf 88' lang='lat' dir='ltr'><strong>de</strong></span> <span class='ocrx_word' id='word_1_52' title='bbox 1025 385 1069 405; x_wconf 87' lang='lat' dir='ltr'><strong>se-</strong></span> 
     </span>
    </p>
   </div>
   <div class='ocr_carea' id='block_1_8' title="bbox 266 423 1066 458">
    <p class='ocr_par' dir='ltr' id='par_1_8' title="bbox 266 423 1066 458">
     <span class='ocr_line' id='line_1_8' title="bbox 266 423 1066 458; baseline 0.003 -7"><span class='ocrx_word' id='word_1_53' title='bbox 266 423 356 452; x_wconf 85' lang='lat' dir='ltr'><strong>cunda</strong></span> <span class='ocrx_word' id='word_1_54' title='bbox 372 423 415 450; x_wconf 90' lang='lat' dir='ltr'><strong>die</strong></span> <span class='ocrx_word' id='word_1_55' title='bbox 432 423 626 456; x_wconf 88' lang='lat' dir='ltr'><strong>tractabamus,</strong></span> <span class='ocrx_word' id='word_1_56' title='bbox 650 431 719 458; x_wconf 87' lang='lat' dir='ltr'><strong>quae</strong></span> <span class='ocrx_word' id='word_1_57' title='bbox 744 424 822 452; x_wconf 89' lang='lat' dir='ltr'><strong>nobis</strong></span> <span class='ocrx_word' id='word_1_58' title='bbox 837 425 995 452; x_wconf 83' lang='lat' dir='ltr'><strong>verisimilia</strong></span> <span class='ocrx_word' id='word_1_59' title='bbox 1010 425 1066 453; x_wconf 83' lang='lat' dir='ltr'><strong>visa</strong></span> 
     </span>
    </p>
   </div>
   <div class='ocr_carea' id='block_1_9' title="bbox 267 468 1068 506">
    <p class='ocr_par' dir='ltr' id='par_1_9' title="bbox 267 468 1068 506">
     <span class='ocr_line' id='line_1_9' title="bbox 267 468 1068 506; baseline 0.001 -9"><span class='ocrx_word' id='word_1_60' title='bbox 267 473 343 502; x_wconf 82' lang='lat' dir='ltr'><strong>sunt,</strong></span> <span class='ocrx_word' id='word_1_61' title='bbox 358 469 543 504; x_wconf 87' lang='lat' dir='ltr'><strong>exposuimus.</strong></span> <span class='ocrx_word' id='word_1_62' title='bbox 571 468 629 496; x_wconf 89' lang='lat' dir='ltr'><strong>Non</strong></span> <span class='ocrx_word' id='word_1_63' title='bbox 654 469 727 497; x_wconf 91' lang='lat' dir='ltr'><strong>enim</strong></span> <span class='ocrx_word' id='word_1_64' title='bbox 738 489 745 503; x_wconf 84' lang='lat'><strong>,</strong></span> <span class='ocrx_word' id='word_1_65' title='bbox 767 474 796 497; x_wconf 96' lang='lat' dir='ltr'><strong>ut</strong></span> <span class='ocrx_word' id='word_1_66' title='bbox 810 470 916 506; x_wconf 85' lang='lat' dir='ltr'><strong>opinor,</strong></span> <span class='ocrx_word' id='word_1_67' title='bbox 933 470 1005 498; x_wconf 85' lang='lat' dir='ltr'><strong>aliud</strong></span> <span class='ocrx_word' id='word_1_68' title='bbox 1022 471 1068 499; x_wconf 89' lang='lat' dir='ltr'><strong>ﬁr-</strong></span> 
     </span>
    </p>
   </div>
   <div class='ocr_carea' id='block_1_10' title="bbox 265 515 1066 552">
    <p class='ocr_par' dir='ltr' id='par_1_10' title="bbox 265 515 1066 552">
     <span class='ocr_line' id='line_1_10' title="bbox 265 515 1066 552; baseline 0.001 -9"><span class='ocrx_word' id='word_1_69' title='bbox 265 519 434 543; x_wconf 89' lang='lat' dir='ltr'><strong>mamentum</strong></span> <span class='ocrx_word' id='word_1_70' title='bbox 451 515 570 543; x_wconf 85' lang='lat' dir='ltr'><strong>secundo</strong></span> <span class='ocrx_word' id='word_1_71' title='bbox 583 515 626 542; x_wconf 91' lang='lat' dir='ltr'><strong>die</strong></span> <span class='ocrx_word' id='word_1_72' title='bbox 640 519 683 542; x_wconf 86' lang='lat' dir='ltr'><strong>est</strong></span> <span class='ocrx_word' id='word_1_73' title='bbox 702 515 803 542; x_wconf 82' lang='lat' dir='ltr'><strong>factum</strong></span> <span class='ocrx_word' id='word_1_74' title='bbox 825 516 852 543; x_wconf 93' lang='lat' dir='ltr'><strong>in</strong></span> <span class='ocrx_word' id='word_1_75' title='bbox 873 516 962 544; x_wconf 88' lang='lat' dir='ltr'><strong>medio</strong></span> <span class='ocrx_word' id='word_1_76' title='bbox 980 524 1066 552; x_wconf 86' lang='lat' dir='ltr'><strong>aqua-</strong></span> 
     </span>
    </p>
   </div>
   <div class='ocr_carea' id='block_1_11' title="bbox 266 561 1067 597">
    <p class='ocr_par' dir='ltr' id='par_1_11' title="bbox 266 561 1067 597">
     <span class='ocr_line' id='line_1_11' title="bbox 266 561 1067 597; baseline 0 -7"><span class='ocrx_word' id='word_1_77' title='bbox 266 570 339 595; x_wconf 84' lang='lat' dir='ltr'><strong>rum,</strong></span> <span class='ocrx_word' id='word_1_78' title='bbox 354 566 382 590; x_wconf 90' lang='lat' dir='ltr'><strong>et</strong></span> <span class='ocrx_word' id='word_1_79' title='bbox 397 562 480 594; x_wconf 88' lang='lat' dir='ltr'><strong>aliud,</strong></span> <span class='ocrx_word' id='word_1_80' title='bbox 504 561 531 592; x_wconf 90' lang='lat' dir='ltr'><strong>in</strong></span> <span class='ocrx_word' id='word_1_81' title='bbox 554 569 609 597; x_wconf 90' lang='lat' dir='ltr'><strong>quo</strong></span> <span class='ocrx_word' id='word_1_82' title='bbox 630 566 730 597; x_wconf 86' lang='lat' dir='ltr'><strong>quarto</strong></span> <span class='ocrx_word' id='word_1_83' title='bbox 754 561 798 589; x_wconf 89' lang='lat' dir='ltr'><strong>die</strong></span> <span class='ocrx_word' id='word_1_84' title='bbox 822 561 893 589; x_wconf 77' lang='lat' dir='ltr'><strong>facta</strong></span> <span class='ocrx_word' id='word_1_85' title='bbox 917 566 959 589; x_wconf 89' lang='lat' dir='ltr'><strong>est</strong></span> <span class='ocrx_word' id='word_1_86' title='bbox 981 562 1067 590; x_wconf 87' lang='lat' dir='ltr'><strong>series</strong></span> 
     </span>
    </p>
   </div>
   <div class='ocr_carea' id='block_1_12' title="bbox 266 605 1066 641">
    <p class='ocr_par' dir='ltr' id='par_1_12' title="bbox 266 605 1066 641">
     <span class='ocr_line' id='line_1_12' title="bbox 266 605 1066 641; baseline -0.001 -6"><span class='ocrx_word' id='word_1_87' title='bbox 266 607 426 635; x_wconf 83' lang='lat' dir='ltr'><strong>caelestium</strong></span> <span class='ocrx_word' id='word_1_88' title='bbox 450 606 634 634; x_wconf 86' lang='lat' dir='ltr'><strong>luminarium.</strong></span> <span class='ocrx_word' id='word_1_89' title='bbox 663 605 802 641; x_wconf 84' lang='lat' dir='ltr'><strong>Siquidem</strong></span> <span class='ocrx_word' id='word_1_90' title='bbox 827 606 850 633; x_wconf 89' lang='lat' dir='ltr'><strong>si</strong></span> <span class='ocrx_word' id='word_1_91' title='bbox 877 605 950 634; x_wconf 86' lang='lat' dir='ltr'><strong>aliud</strong></span> <span class='ocrx_word' id='word_1_92' title='bbox 975 611 1066 640; x_wconf 84' lang='lat' dir='ltr'><strong>esset,</strong></span> 
     </span>
    </p>
   </div>
   <div class='ocr_carea' id='block_1_13' title="bbox 266 652 1067 687">
    <p class='ocr_par' dir='ltr' id='par_1_13' title="bbox 266 652 1067 687">
     <span class='ocr_line' id='line_1_13' title="bbox 266 652 1067 687; baseline -0.002 -6"><span class='ocrx_word' id='word_1_93' title='bbox 266 652 393 681; x_wconf 74' lang='lat' dir='ltr'><strong>fortassis</strong></span> <span class='ocrx_word' id='word_1_94' title='bbox 408 652 549 687; x_wconf 86' lang='lat' dir='ltr'><strong>Scriptura</strong></span> <span class='ocrx_word' id='word_1_95' title='bbox 566 659 620 679; x_wconf 92' lang='lat' dir='ltr'><strong>non</strong></span> <span class='ocrx_word' id='word_1_96' title='bbox 635 652 738 684; x_wconf 87' lang='lat' dir='ltr'><strong>sileret,</strong></span> <span class='ocrx_word' id='word_1_97' title='bbox 753 652 800 680; x_wconf 90' lang='lat' dir='ltr'><strong>sed</strong></span> <span class='ocrx_word' id='word_1_98' title='bbox 816 652 928 685; x_wconf 82' lang='lat' dir='ltr'><strong>diceret,</strong></span> <span class='ocrx_word' id='word_1_99' title='bbox 945 653 1010 680; x_wconf 86' lang='lat' dir='ltr'><strong>ﬁant</strong></span> <span class='ocrx_word' id='word_1_100' title='bbox 1027 652 1067 680; x_wconf 97' lang='lat' dir='ltr'><strong>lu-</strong></span> 
     </span>
    </p>
   </div>
   <div class='ocr_carea' id='block_1_14' title="bbox 266 695 1066 732">
    <p class='ocr_par' dir='ltr' id='par_1_14' title="bbox 266 695 1066 732">
     <span class='ocr_line' id='line_1_14' title="bbox 266 695 1066 732; baseline -0.003 -6"><span class='ocrx_word' id='word_1_101' title='bbox 266 697 395 731; x_wconf 84' lang='lat' dir='ltr'><strong>minaria,</strong></span> <span class='ocrx_word' id='word_1_102' title='bbox 412 701 440 725; x_wconf 92' lang='lat' dir='ltr'><strong>et</strong></span> <span class='ocrx_word' id='word_1_103' title='bbox 449 696 651 725; x_wconf 88' lang='lat' dir='ltr'><strong>ﬁrmamentum</strong></span> <span class='ocrx_word' id='word_1_104' title='bbox 665 696 744 729; x_wconf 85' lang='lat' dir='ltr'><strong>caeli,</strong></span> <span class='ocrx_word' id='word_1_105' title='bbox 756 696 827 724; x_wconf 87' lang='lat' dir='ltr'><strong>sicut</strong></span> <span class='ocrx_word' id='word_1_106' title='bbox 840 697 910 724; x_wconf 79' lang='lat' dir='ltr'><strong>dixit</strong></span> <span class='ocrx_word' id='word_1_107' title='bbox 922 705 929 724; x_wconf 88' lang='lat'><strong>:</strong></span> <span class='ocrx_word' id='word_1_108' title='bbox 939 695 1003 725; x_wconf 82' lang='lat' dir='ltr'><strong>Fiat</strong></span> <span class='ocrx_word' id='word_1_109' title='bbox 1018 697 1066 732; x_wconf 76' lang='lat' dir='ltr'><strong>ﬁr-</strong></span> 
     </span>
    </p>
   </div>
   <div class='ocr_carea' id='block_1_15' title="bbox 266 740 1067 777">
    <p class='ocr_par' dir='ltr' id='par_1_15' title="bbox 266 740 1067 777">
     <span class='ocr_line' id='line_1_15' title="bbox 266 740 1067 777; baseline 0 -7"><span class='ocrx_word' id='word_1_110' title='bbox 266 747 429 770; x_wconf 67' lang='lat' dir='ltr'><strong>mamentum</strong></span> <span class='ocrx_word' id='word_1_111' title='bbox 445 742 472 769; x_wconf 84' lang='lat' dir='ltr'><strong>in</strong></span> <span class='ocrx_word' id='word_1_112' title='bbox 488 742 573 769; x_wconf 83' lang='lat' dir='ltr'><strong>medio</strong></span> <span class='ocrx_word' id='word_1_113' title='bbox 589 749 730 777; x_wconf 84' lang='lat' dir='ltr'><strong>aquarum.</strong></span> <span class='ocrx_word' id='word_1_114' title='bbox 756 740 833 769; x_wconf 84' lang='lat' dir='ltr'><strong>Nunc</strong></span> <span class='ocrx_word' id='word_1_115' title='bbox 858 746 949 770; x_wconf 87' lang='lat' dir='ltr'><strong>autem</strong></span> <span class='ocrx_word' id='word_1_116' title='bbox 963 762 970 775; x_wconf 97' lang='lat'><strong>,</strong></span> <span class='ocrx_word' id='word_1_117' title='bbox 997 749 1067 777; x_wconf 80' lang='lat' dir='ltr'><strong>quo—</strong></span> 
     </span>
    </p>
   </div>
   <div class='ocr_carea' id='block_1_16' title="bbox 265 786 1068 822">
    <p class='ocr_par' dir='ltr' id='par_1_16' title="bbox 265 786 1068 822">
     <span class='ocr_line' id='line_1_16' title="bbox 265 786 1068 822; baseline -0.002 -6"><span class='ocrx_word' id='word_1_118' title='bbox 265 787 341 816; x_wconf 89' lang='lat' dir='ltr'><strong>niam</strong></span> <span class='ocrx_word' id='word_1_119' title='bbox 362 795 416 815; x_wconf 94' lang='lat' dir='ltr'><strong>non</strong></span> <span class='ocrx_word' id='word_1_120' title='bbox 440 786 519 820; x_wconf 82' lang='lat' dir='ltr'><strong>dixit,</strong></span> <span class='ocrx_word' id='word_1_121' title='bbox 545 786 593 814; x_wconf 89' lang='lat' dir='ltr'><strong>ﬁat</strong></span> <span class='ocrx_word' id='word_1_122' title='bbox 613 786 826 820; x_wconf 90' lang='lat' dir='ltr'><strong>ﬁrmamentum,</strong></span> <span class='ocrx_word' id='word_1_123' title='bbox 847 787 894 815; x_wconf 84' lang='lat' dir='ltr'><strong>sed</strong></span> <span class='ocrx_word' id='word_1_124' title='bbox 908 787 974 822; x_wconf 82' lang='lat' dir='ltr'><strong>ﬁant</strong></span> <span class='ocrx_word' id='word_1_125' title='bbox 988 786 1068 814; x_wconf 84' lang='lat' dir='ltr'><strong>lumi-</strong></span> 
     </span>
    </p>
   </div>
   <div class='ocr_carea' id='block_1_17' title="bbox 266 831 1066 869">
    <p class='ocr_par' dir='ltr' id='par_1_17' title="bbox 266 831 1066 869">
     <span class='ocr_line' id='line_1_17' title="bbox 266 831 1066 869; baseline 0 -8"><span class='ocrx_word' id='word_1_126' title='bbox 266 834 344 861; x_wconf 74' lang='lat' dir='ltr'><strong>naria</strong></span> <span class='ocrx_word' id='word_1_127' title='bbox 370 833 398 860; x_wconf 80' lang='lat' dir='ltr'><strong>in</strong></span> <span class='ocrx_word' id='word_1_128' title='bbox 421 833 600 867; x_wconf 81' lang='lat' dir='ltr'><strong>ﬁrmamento,</strong></span> <span class='ocrx_word' id='word_1_129' title='bbox 627 831 700 860; x_wconf 88' lang='lat' dir='ltr'><strong>clare</strong></span> <span class='ocrx_word' id='word_1_130' title='bbox 722 832 802 860; x_wconf 82' lang='lat' dir='ltr'><strong>datur</strong></span> <span class='ocrx_word' id='word_1_131' title='bbox 826 832 958 869; x_wconf 80' lang='lat' dir='ltr'><strong>intelligi,</strong></span> <span class='ocrx_word' id='word_1_132' title='bbox 982 841 1066 861; x_wconf 92' lang='lat' dir='ltr'><strong>unum</strong></span> 
     </span>
    </p>
   </div>
   <div class='ocr_carea' id='block_1_18' title="bbox 1119 236 1921 275">
    <p class='ocr_par' dir='ltr' id='par_1_18' title="bbox 1119 236 1921 275">
     <span class='ocr_line' id='line_1_18' title="bbox 1119 236 1921 275; baseline 0.002 -10"><span class='ocrx_word' id='word_1_133' title='bbox 1119 237 1187 265; x_wconf 80' lang='lat' dir='ltr'><strong>sima</strong></span> <span class='ocrx_word' id='word_1_134' title='bbox 1214 237 1289 270; x_wconf 85' lang='lat' dir='ltr'><strong>sint,</strong></span> <span class='ocrx_word' id='word_1_135' title='bbox 1317 241 1345 264; x_wconf 88' lang='lat' dir='ltr'><strong>et</strong></span> <span class='ocrx_word' id='word_1_136' title='bbox 1377 236 1663 272; x_wconf 82' lang='lat' dir='ltr'><strong>incomprehensibilia</strong></span> <span class='ocrx_word' id='word_1_137' title='bbox 1688 238 1764 265; x_wconf 90' lang='lat' dir='ltr'><strong>omni</strong></span> <span class='ocrx_word' id='word_1_138' title='bbox 1788 246 1921 275; x_wconf 85' lang='lat' dir='ltr'><strong>corporeo</strong></span> 
     </span>
    </p>
   </div>
   <div class='ocr_carea' id='block_1_19' title="bbox 1119 281 1921 318">
    <p class='ocr_par' dir='ltr' id='par_1_19' title="bbox 1119 281 1921 318">
     <span class='ocr_line' id='line_1_19' title="bbox 1119 281 1921 318; baseline 0.005 -7"><span class='ocrx_word' id='word_1_139' title='bbox 1119 291 1212 316; x_wconf 87' lang='lat' dir='ltr'><strong>sensu,</strong></span> <span class='ocrx_word' id='word_1_140' title='bbox 1227 288 1255 311; x_wconf 89' lang='lat' dir='ltr'><strong>et</strong></span> <span class='ocrx_word' id='word_1_141' title='bbox 1269 283 1371 318; x_wconf 91' lang='lat' dir='ltr'><strong>ubique</strong></span> <span class='ocrx_word' id='word_1_142' title='bbox 1385 282 1577 310; x_wconf 83' lang='lat' dir='ltr'><strong>universaliter</strong></span> <span class='ocrx_word' id='word_1_143' title='bbox 1590 281 1699 315; x_wconf 79' lang='lat' dir='ltr'><strong>diﬂ’usa,</strong></span> <span class='ocrx_word' id='word_1_144' title='bbox 1723 283 1853 314; x_wconf 82' lang='lat' dir='ltr'><strong>invisibili</strong></span> <span class='ocrx_word' id='word_1_145' title='bbox 1868 294 1921 315; x_wconf 90' lang='lat' dir='ltr'><strong>suo</strong></span> 
     </span>
    </p>
   </div>
   <div class='ocr_carea' id='block_1_20' title="bbox 1118 328 1922 366">
    <p class='ocr_par' dir='ltr' id='par_1_20' title="bbox 1118 328 1922 366">
     <span class='ocr_line' id='line_1_20' title="bbox 1118 328 1922 366; baseline 0.004 -9"><span class='ocrx_word' id='word_1_146' title='bbox 1118 334 1223 362; x_wconf 87' lang='lat' dir='ltr'><strong>meatu,</strong></span> <span class='ocrx_word' id='word_1_147' title='bbox 1238 328 1518 366; x_wconf 82' lang='lat' dir='ltr'><strong>proportionabilique</strong></span> <span class='ocrx_word' id='word_1_148' title='bbox 1530 329 1604 356; x_wconf 90' lang='lat' dir='ltr'><strong>coitu</strong></span> <span class='ocrx_word' id='word_1_149' title='bbox 1621 329 1649 356; x_wconf 96' lang='lat' dir='ltr'><strong>in</strong></span> <span class='ocrx_word' id='word_1_150' title='bbox 1661 337 1692 357; x_wconf 85' lang='lat' dir='ltr'><strong>se</strong></span> <span class='ocrx_word' id='word_1_151' title='bbox 1704 328 1837 364; x_wconf 83' lang='lat' dir='ltr'><strong>invicem,</strong></span> <span class='ocrx_word' id='word_1_152' title='bbox 1860 339 1922 361; x_wconf 79' lang='lat' dir='ltr'><strong>om-</strong></span> 
     </span>
    </p>
   </div>
   <div class='ocr_carea' id='block_1_21' title="bbox 1118 374 1918 411">
    <p class='ocr_par' dir='ltr' id='par_1_21' title="bbox 1118 374 1918 411">
     <span class='ocr_line' id='line_1_21' title="bbox 1118 374 1918 411; baseline 0.004 -7"><span class='ocrx_word' id='word_1_153' title='bbox 1118 376 1162 404; x_wconf 87' lang='lat' dir='ltr'><strong>nia</strong></span> <span class='ocrx_word' id='word_1_154' title='bbox 1178 384 1293 411; x_wconf 88' lang='lat' dir='ltr'><strong>corpora</strong></span> <span class='ocrx_word' id='word_1_155' title='bbox 1309 375 1446 404; x_wconf 76' lang='lat' dir='ltr'><strong>sensibilis</strong></span> <span class='ocrx_word' id='word_1_156' title='bbox 1459 374 1614 410; x_wconf 86' lang='lat' dir='ltr'><strong>perﬁciunt,</strong></span> <span class='ocrx_word' id='word_1_157' title='bbox 1632 375 1689 402; x_wconf 83' lang='lat' dir='ltr'><strong>sive</strong></span> <span class='ocrx_word' id='word_1_158' title='bbox 1701 375 1831 404; x_wconf 86' lang='lat' dir='ltr'><strong>caelestia</strong></span> <span class='ocrx_word' id='word_1_159' title='bbox 1852 378 1918 411; x_wconf 84' lang='lat' dir='ltr'><strong>sint,</strong></span> 
     </span>
    </p>
   </div>
   <div class='ocr_carea' id='block_1_22' title="bbox 1122 422 1918 457">
    <p class='ocr_par' dir='ltr' id='par_1_22' title="bbox 1122 422 1918 457">
     <span class='ocr_line' id='line_1_22' title="bbox 1122 422 1918 457; baseline 0.003 -6"><span class='ocrx_word' id='word_1_160' title='bbox 1122 424 1179 452; x_wconf 89' lang='lat' dir='ltr'><strong>sive</strong></span> <span class='ocrx_word' id='word_1_161' title='bbox 1194 431 1285 456; x_wconf 87' lang='lat' dir='ltr'><strong>aerea,</strong></span> <span class='ocrx_word' id='word_1_162' title='bbox 1300 422 1357 450; x_wconf 87' lang='lat' dir='ltr'><strong>sive</strong></span> <span class='ocrx_word' id='word_1_163' title='bbox 1371 422 1506 457; x_wconf 86' lang='lat' dir='ltr'><strong>aquatica,</strong></span> <span class='ocrx_word' id='word_1_164' title='bbox 1524 422 1580 449; x_wconf 86' lang='lat' dir='ltr'><strong>sive</strong></span> <span class='ocrx_word' id='word_1_165' title='bbox 1599 427 1717 454; x_wconf 81' lang='lat' dir='ltr'><strong>terrena,</strong></span> <span class='ocrx_word' id='word_1_166' title='bbox 1731 423 1788 450; x_wconf 89' lang='lat' dir='ltr'><strong>sive</strong></span> <span class='ocrx_word' id='word_1_167' title='bbox 1801 425 1918 453; x_wconf 75' lang='lat' dir='ltr'><strong>maxima</strong></span> 
     </span>
    </p>
   </div>
   <div class='ocr_carea' id='block_1_23' title="bbox 1118 469 1919 502">
    <p class='ocr_par' dir='ltr' id='par_1_23' title="bbox 1118 469 1919 502">
     <span class='ocr_line' id='line_1_23' title="bbox 1118 469 1919 502; baseline 0.002 -4"><span class='ocrx_word' id='word_1_168' title='bbox 1118 471 1173 498; x_wconf 87' lang='lat' dir='ltr'><strong>sint</strong></span> <span class='ocrx_word' id='word_1_169' title='bbox 1183 470 1204 502; x_wconf 89' lang='lat'><strong>&#39;,</strong></span> <span class='ocrx_word' id='word_1_170' title='bbox 1221 469 1278 497; x_wconf 89' lang='lat' dir='ltr'><strong>sive</strong></span> <span class='ocrx_word' id='word_1_171' title='bbox 1292 469 1412 501; x_wconf 90' lang='lat' dir='ltr'><strong>minima,</strong></span> <span class='ocrx_word' id='word_1_172' title='bbox 1428 469 1484 496; x_wconf 85' lang='lat' dir='ltr'><strong>sive</strong></span> <span class='ocrx_word' id='word_1_173' title='bbox 1498 469 1598 500; x_wconf 83' lang='lat' dir='ltr'><strong>media,</strong></span> <span class='ocrx_word' id='word_1_174' title='bbox 1615 473 1653 502; x_wconf 86' lang='lat' dir='ltr'><strong>et,</strong></span> <span class='ocrx_word' id='word_1_175' title='bbox 1670 473 1699 495; x_wconf 89' lang='lat' dir='ltr'><strong>ut</strong></span> <span class='ocrx_word' id='word_1_176' title='bbox 1728 469 1919 500; x_wconf 86' lang='lat' dir='ltr'><strong>universaliter</strong></span> 
     </span>
    </p>
   </div>
   <div class='ocr_carea' id='block_1_24' title="bbox 1117 514 1914 550">
    <p class='ocr_par' dir='ltr' id='par_1_24' title="bbox 1117 514 1914 550">
     <span class='ocr_line' id='line_1_24' title="bbox 1117 514 1914 550; baseline 0.003 -7"><span class='ocrx_word' id='word_1_177' title='bbox 1117 515 1216 549; x_wconf 90' lang='lat' dir='ltr'><strong>dicam,</strong></span> <span class='ocrx_word' id='word_1_178' title='bbox 1233 519 1290 542; x_wconf 86' lang='lat' dir='ltr'><strong>tota</strong></span> <span class='ocrx_word' id='word_1_179' title='bbox 1303 514 1429 543; x_wconf 82' lang='lat' dir='ltr'><strong>caelestis</strong></span> <span class='ocrx_word' id='word_1_180' title='bbox 1443 514 1570 549; x_wconf 83' lang='lat' dir='ltr'><strong>sphaera,</strong></span> <span class='ocrx_word' id='word_1_181' title='bbox 1586 518 1613 541; x_wconf 88' lang='lat' dir='ltr'><strong>et</strong></span> <span class='ocrx_word' id='word_1_182' title='bbox 1627 514 1731 547; x_wconf 85' lang='lat' dir='ltr'><strong>omnia,</strong></span> <span class='ocrx_word' id='word_1_183' title='bbox 1752 523 1820 550; x_wconf 82' lang='lat' dir='ltr'><strong>quae</strong></span> <span class='ocrx_word' id='word_1_184' title='bbox 1833 517 1859 544; x_wconf 90' lang='lat' dir='ltr'><strong>in</strong></span> <span class='ocrx_word' id='word_1_185' title='bbox 1870 524 1914 550; x_wconf 89' lang='lat' dir='ltr'><strong>ea,</strong></span> 
     </span>
    </p>
   </div>
   <div class='ocr_carea' id='block_1_25' title="bbox 1117 561 1915 594">
    <p class='ocr_par' dir='ltr' id='par_1_25' title="bbox 1117 561 1915 594">
     <span class='ocr_line' id='line_1_25' title="bbox 1117 561 1915 594; baseline 0.001 -4"><span class='ocrx_word' id='word_1_186' title='bbox 1117 567 1145 590; x_wconf 87' lang='lat' dir='ltr'><strong>et</strong></span> <span class='ocrx_word' id='word_1_187' title='bbox 1156 566 1234 589; x_wconf 80' lang='lat' dir='ltr'><strong>extra</strong></span> <span class='ocrx_word' id='word_1_188' title='bbox 1246 561 1267 577; x_wconf 77' lang='grc'><strong><em>³⁸</em></strong></span> <span class='ocrx_word' id='word_1_189' title='bbox 1282 568 1342 589; x_wconf 85' lang='lat' dir='ltr'><strong>eam</strong></span> <span class='ocrx_word' id='word_1_190' title='bbox 1354 561 1376 576; x_wconf 80' lang='lat'>“</span> <span class='ocrx_word' id='word_1_191' title='bbox 1392 567 1408 587; x_wconf 88' lang='lat' dir='ltr'><strong>a</strong></span> <span class='ocrx_word' id='word_1_192' title='bbox 1423 567 1529 588; x_wconf 91' lang='lat' dir='ltr'><strong>sunnno</strong></span> <span class='ocrx_word' id='word_1_193' title='bbox 1548 567 1633 594; x_wconf 90' lang='lat' dir='ltr'><strong>usque</strong></span> <span class='ocrx_word' id='word_1_194' title='bbox 1653 561 1779 589; x_wconf 77' lang='lat' dir='ltr'><strong>deorsum</strong></span> <span class='ocrx_word' id='word_1_195' title='bbox 1793 562 1813 577; x_wconf 84' lang='lat'>“</span> <span class='ocrx_word' id='word_1_196' title='bbox 1827 564 1915 591; x_wconf 88' lang='lat' dir='ltr'><strong>couti-</strong></span> 
     </span>
    </p>
   </div>
   <div class='ocr_carea' id='block_1_26' title="bbox 1117 606 1916 642">
    <p class='ocr_par' dir='ltr' id='par_1_26' title="bbox 1117 606 1916 642">
     <span class='ocr_line' id='line_1_26' title="bbox 1117 606 1916 642; baseline 0.001 -6"><span class='ocrx_word' id='word_1_197' title='bbox 1117 612 1227 641; x_wconf 88' lang='lat' dir='ltr'><strong>nentur,</strong></span> <span class='ocrx_word' id='word_1_198' title='bbox 1241 614 1336 635; x_wconf 86' lang='lat' dir='ltr'><strong>eorum</strong></span> <span class='ocrx_word' id='word_1_199' title='bbox 1352 613 1485 634; x_wconf 86' lang='lat' dir='ltr'><strong>concursu</strong></span> <span class='ocrx_word' id='word_1_200' title='bbox 1501 610 1563 632; x_wconf 82' lang='lat' dir='ltr'><strong>nata</strong></span> <span class='ocrx_word' id='word_1_201' title='bbox 1578 606 1600 621; x_wconf 76' lang='grc'><strong>’³</strong></span> <span class='ocrx_word' id='word_1_202' title='bbox 1615 611 1689 639; x_wconf 86' lang='lat' dir='ltr'><strong>sunt,</strong></span> <span class='ocrx_word' id='word_1_203' title='bbox 1704 611 1731 633; x_wconf 91' lang='lat' dir='ltr'><strong>et</strong></span> <span class='ocrx_word' id='word_1_204' title='bbox 1748 608 1875 642; x_wconf 89' lang='lat' dir='ltr'><strong>quicquid</strong></span> <span class='ocrx_word' id='word_1_205' title='bbox 1889 610 1916 637; x_wconf 90' lang='lat' dir='ltr'><strong>in</strong></span> 
     </span>
    </p>
   </div>
   <div class='ocr_carea' id='block_1_27' title="bbox 1117 651 1916 688">
    <p class='ocr_par' dir='ltr' id='par_1_27' title="bbox 1117 651 1916 688">
     <span class='ocr_line' id='line_1_27' title="bbox 1117 651 1916 688; baseline 0.001 -8"><span class='ocrx_word' id='word_1_206' title='bbox 1117 651 1378 680; x_wconf 82' lang='lat' dir='ltr'><strong>ordine-seculorum</strong></span> <span class='ocrx_word' id='word_1_207' title='bbox 1391 651 1580 679; x_wconf 82' lang='lat' dir='ltr'><strong>vicissitudine</strong></span> <span class='ocrx_word' id='word_1_208' title='bbox 1595 659 1686 678; x_wconf 87' lang='lat' dir='ltr'><strong>rerum</strong></span> <span class='ocrx_word' id='word_1_209' title='bbox 1702 653 1916 688; x_wconf 80' lang='lat' dir='ltr'><strong>corruptibilium</strong></span> 
     </span>
    </p>
   </div>
   <div class='ocr_carea' id='block_1_28' title="bbox 1117 697 1914 733">
    <p class='ocr_par' dir='ltr' id='par_1_28' title="bbox 1117 697 1914 733">
     <span class='ocr_line' id='line_1_28' title="bbox 1117 697 1914 733; baseline 0.003 -8"><span class='ocrx_word' id='word_1_210' title='bbox 1117 698 1250 731; x_wconf 86' lang='lat' dir='ltr'><strong>nascitur,</strong></span> <span class='ocrx_word' id='word_1_211' title='bbox 1277 697 1311 725; x_wconf 83' lang='lat' dir='ltr'><strong>ab</strong></span> <span class='ocrx_word' id='word_1_212' title='bbox 1333 697 1399 733; x_wconf 82' lang='lat' dir='ltr'><strong>ipsis</strong></span> <span class='ocrx_word' id='word_1_213' title='bbox 1421 697 1552 732; x_wconf 87' lang='lat' dir='ltr'><strong>procedit,</strong></span> <span class='ocrx_word' id='word_1_214' title='bbox 1577 701 1604 723; x_wconf 88' lang='lat' dir='ltr'><strong>et</strong></span> <span class='ocrx_word' id='word_1_215' title='bbox 1628 697 1654 723; x_wconf 92' lang='lat' dir='ltr'><strong>in</strong></span> <span class='ocrx_word' id='word_1_216' title='bbox 1680 698 1737 732; x_wconf 86' lang='lat' dir='ltr'><strong>ipsa</strong></span> <span class='ocrx_word' id='word_1_217' title='bbox 1761 698 1914 727; x_wconf 87' lang='lat' dir='ltr'><strong>resolvitur.</strong></span> 
     </span>
    </p>
   </div>
   <div class='ocr_carea' id='block_1_29' title="bbox 1118 742 1915 783">
    <p class='ocr_par' dir='ltr' id='par_1_29' title="bbox 1118 742 1915 783">
     <span class='ocr_line' id='line_1_29' title="bbox 1118 742 1915 783; baseline -0.001 -12"><span class='ocrx_word' id='word_1_218' title='bbox 1118 743 1192 771; x_wconf 79' lang='lat' dir='ltr'><strong>Haec</strong></span> <span class='ocrx_word' id='word_1_219' title='bbox 1206 747 1296 770; x_wconf 90' lang='lat' dir='ltr'><strong>autem</strong></span> <span class='ocrx_word' id='word_1_220' title='bbox 1310 746 1440 771; x_wconf 87' lang='lat' dir='ltr'><strong>vocantur</strong></span> <span class='ocrx_word' id='word_1_221' title='bbox 1456 751 1469 768; x_wconf 83' lang='lat' dir='ltr'><strong>a</strong></span> <span class='ocrx_word' id='word_1_222' title='bbox 1484 742 1596 769; x_wconf 88' lang='lat' dir='ltr'><strong>Graecis</strong></span> <span class='ocrx_word' id='word_1_223' title='bbox 1611 746 1674 781; x_wconf 80' lang='grc' dir='ltr'><strong>πῦρ,</strong></span> <span class='ocrx_word' id='word_1_224' title='bbox 1690 745 1750 780; x_wconf 75' lang='grc' dir='ltr'><strong>ἀήρ,</strong></span> <span class='ocrx_word' id='word_1_225' title='bbox 1775 744 1854 783; x_wconf 75' lang='grc' dir='ltr'><strong>ὕδωρ,</strong></span> <span class='ocrx_word' id='word_1_226' title='bbox 1874 749 1915 781; x_wconf 68' lang='grc' dir='ltr'><strong>τε,</strong></span> 
     </span>
    </p>
   </div>
   <div class='ocr_carea' id='block_1_30' title="bbox 1115 789 1917 825">
    <p class='ocr_par' dir='ltr' id='par_1_30' title="bbox 1115 789 1917 825">
     <span class='ocr_line' id='line_1_30' title="bbox 1115 789 1917 825; baseline 0.001 -8"><span class='ocrx_word' id='word_1_227' title='bbox 1115 789 1171 818; x_wconf 77' lang='lat' dir='ltr'><strong>hoc</strong></span> <span class='ocrx_word' id='word_1_228' title='bbox 1185 794 1238 822; x_wconf 85' lang='lat' dir='ltr'><strong>est,</strong></span> <span class='ocrx_word' id='word_1_229' title='bbox 1251 789 1331 825; x_wconf 80' lang='lat' dir='ltr'><strong>ignis,</strong></span> <span class='ocrx_word' id='word_1_230' title='bbox 1345 796 1403 822; x_wconf 86' lang='lat' dir='ltr'><strong>aer,</strong></span> <span class='ocrx_word' id='word_1_231' title='bbox 1419 796 1500 823; x_wconf 87' lang='lat' dir='ltr'><strong>aqua,</strong></span> <span class='ocrx_word' id='word_1_232' title='bbox 1518 793 1600 820; x_wconf 82' lang='lat' dir='ltr'><strong>terra,</strong></span> <span class='ocrx_word' id='word_1_233' title='bbox 1616 797 1648 815; x_wconf 80' lang='lat' dir='ltr'><strong>ex</strong></span> <span class='ocrx_word' id='word_1_234' title='bbox 1663 790 1818 817; x_wconf 88' lang='lat' dir='ltr'><strong>nominibus</strong></span> <span class='ocrx_word' id='word_1_235' title='bbox 1832 792 1917 818; x_wconf 83' lang='lat' dir='ltr'><strong>maxi-</strong></span> 
     </span>
    </p>
   </div>
   <div class='ocr_carea' id='block_1_31' title="bbox 1119 833 1917 869">
    <p class='ocr_par' dir='ltr' id='par_1_31' title="bbox 1119 833 1917 869">
     <span class='ocr_line' id='line_1_31' title="bbox 1119 833 1917 869; baseline 0.001 -7"><span class='ocrx_word' id='word_1_236' title='bbox 1119 842 1226 862; x_wconf 90' lang='lat' dir='ltr'><strong>morum</strong></span> <span class='ocrx_word' id='word_1_237' title='bbox 1242 841 1398 869; x_wconf 89' lang='lat' dir='ltr'><strong>corporum,</strong></span> <span class='ocrx_word' id='word_1_238' title='bbox 1414 834 1492 869; x_wconf 80' lang='lat' dir='ltr'><strong>quae</strong></span> <span class='ocrx_word' id='word_1_239' title='bbox 1503 841 1535 860; x_wconf 83' lang='lat' dir='ltr'><strong>ex</strong></span> <span class='ocrx_word' id='word_1_240' title='bbox 1555 833 1595 860; x_wconf 86' lang='lat' dir='ltr'><strong>eis</strong></span> <span class='ocrx_word' id='word_1_241' title='bbox 1610 838 1818 868; x_wconf 83' lang='lat' dir='ltr'><strong>componuntur,</strong></span> <span class='ocrx_word' id='word_1_242' title='bbox 1831 835 1917 863; x_wconf 85' lang='lat' dir='ltr'><strong>deno-</strong></span> 
     </span>
    </p>
   </div>
   <div class='ocr_carea' id='block_1_32' title="bbox 264 873 1913 915">
    <p class='ocr_par' dir='ltr' id='par_1_32' title="bbox 264 873 1913 915">
     <span class='ocr_line' id='line_1_32' title="bbox 264 873 1913 915; baseline 0 -7"><span class='ocrx_word' id='word_1_243' title='bbox 264 879 438 915; x_wconf 72' lang='lat' dir='ltr'><strong>‘tdipsumquc</strong></span> <span class='ocrx_word' id='word_1_244' title='bbox 452 886 512 906; x_wconf 86' lang='lat' dir='ltr'><strong>esse</strong></span> <span class='ocrx_word' id='word_1_245' title='bbox 527 878 740 912; x_wconf 88' lang='lat' dir='ltr'><strong>ﬁrmamentum,</strong></span> <span class='ocrx_word' id='word_1_246' title='bbox 756 878 828 915; x_wconf 89' lang='lat' dir='ltr'><strong>quod</strong></span> <span class='ocrx_word' id='word_1_247' title='bbox 846 879 965 907; x_wconf 88' lang='lat' dir='ltr'><strong>secundo</strong></span> <span class='ocrx_word' id='word_1_248' title='bbox 978 880 1022 907; x_wconf 90' lang='lat' dir='ltr'><strong>die</strong></span> <span class='ocrx_word' id='word_1_249' title='bbox 1037 880 1066 908; x_wconf 91' lang='lat' dir='ltr'><strong>in</strong></span> <span class='ocrx_word' id='word_1_250' title='bbox 1081 873 1105 904; x_wconf 84' lang='grc' dir='ltr'><strong>Β</strong></span> <span class='ocrx_word' id='word_1_251' title='bbox 1118 880 1232 909; x_wconf 83' lang='lat' dir='ltr'><strong>minata.</strong></span> <span class='ocrx_word' id='word_1_252' title='bbox 1248 879 1299 907; x_wconf 88' lang='lat' dir='ltr'><strong>Ubi</strong></span> <span class='ocrx_word' id='word_1_253' title='bbox 1320 879 1479 911; x_wconf 90' lang='lat' dir='ltr'><strong>notandum,</strong></span> <span class='ocrx_word' id='word_1_254' title='bbox 1498 879 1569 913; x_wconf 88' lang='lat' dir='ltr'><strong>quod</strong></span> <span class='ocrx_word' id='word_1_255' title='bbox 1585 887 1638 906; x_wconf 89' lang='lat' dir='ltr'><strong>non</strong></span> <span class='ocrx_word' id='word_1_256' title='bbox 1653 887 1686 907; x_wconf 80' lang='lat' dir='ltr'><strong>ex</strong></span> <span class='ocrx_word' id='word_1_257' title='bbox 1701 880 1772 907; x_wconf 85' lang='lat' dir='ltr'><strong>coitu</strong></span> <span class='ocrx_word' id='word_1_258' title='bbox 1785 881 1913 908; x_wconf 83' lang='lat' dir='ltr'><strong>substan-</strong></span> 
     </span>
    </p>
   </div>
   <div class='ocr_carea' id='block_1_33' title="bbox 265 925 1063 961">
    <p class='ocr_par' dir='ltr' id='par_1_33' title="bbox 265 925 1063 961">
     <span class='ocr_line' id='line_1_33' title="bbox 265 925 1063 961; baseline 0.001 -7"><span class='ocrx_word' id='word_1_259' title='bbox 265 925 358 954; x_wconf 85' lang='lat' dir='ltr'><strong>medio</strong></span> <span class='ocrx_word' id='word_1_260' title='bbox 381 925 482 953; x_wconf 77' lang='lat' dir='ltr'><strong>factum</strong></span> <span class='ocrx_word' id='word_1_261' title='bbox 498 930 539 953; x_wconf 85' lang='lat' dir='ltr'><strong>est</strong></span> <span class='ocrx_word' id='word_1_262' title='bbox 555 933 698 961; x_wconf 85' lang='lat' dir='ltr'><strong>aquarum,</strong></span> <span class='ocrx_word' id='word_1_263' title='bbox 715 930 744 953; x_wconf 86' lang='lat' dir='ltr'><strong>et</strong></span> <span class='ocrx_word' id='word_1_264' title='bbox 767 926 795 954; x_wconf 93' lang='lat' dir='ltr'><strong>in</strong></span> <span class='ocrx_word' id='word_1_265' title='bbox 819 934 873 961; x_wconf 92' lang='lat' dir='ltr'><strong>quo</strong></span> <span class='ocrx_word' id='word_1_266' title='bbox 891 927 1063 961; x_wconf 90' lang='lat' dir='ltr'><strong>postmodum</strong></span> 
     </span>
    </p>
   </div>
   <div class='ocr_carea' id='block_1_34' title="bbox 264 971 1065 1008">
    <p class='ocr_par' dir='ltr' id='par_1_34' title="bbox 264 971 1065 1008">
     <span class='ocr_line' id='line_1_34' title="bbox 264 971 1065 1008; baseline 0 -8"><span class='ocrx_word' id='word_1_267' title='bbox 264 979 320 1000; x_wconf 88' lang='lat' dir='ltr'><strong>non</strong></span> <span class='ocrx_word' id='word_1_268' title='bbox 336 972 424 1007; x_wconf 85' lang='lat' dir='ltr'><strong>spatio</strong></span> <span class='ocrx_word' id='word_1_269' title='bbox 439 971 581 1007; x_wconf 86' lang='lat' dir='ltr'><strong>temporis,</strong></span> <span class='ocrx_word' id='word_1_270' title='bbox 605 971 653 999; x_wconf 86' lang='lat' dir='ltr'><strong>sed</strong></span> <span class='ocrx_word' id='word_1_271' title='bbox 677 972 806 1000; x_wconf 83' lang='lat' dir='ltr'><strong>distantia</strong></span> <span class='ocrx_word' id='word_1_272' title='bbox 831 972 1007 1008; x_wconf 87' lang='lat' dir='ltr'><strong>propheticae</strong></span> <span class='ocrx_word' id='word_1_273' title='bbox 1025 973 1065 1000; x_wconf 86' lang='lat' dir='ltr'><strong>vi-</strong></span> 
     </span>
    </p>
   </div>
   <div class='ocr_carea' id='block_1_35' title="bbox 265 1016 1066 1054">
    <p class='ocr_par' dir='ltr' id='par_1_35' title="bbox 265 1016 1066 1054">
     <span class='ocr_line' id='line_1_35' title="bbox 265 1016 1066 1054; baseline 0.002 -10"><span class='ocrx_word' id='word_1_274' title='bbox 265 1016 361 1049; x_wconf 82' lang='lat' dir='ltr'><strong>sionis,</strong></span> <span class='ocrx_word' id='word_1_275' title='bbox 378 1016 484 1044; x_wconf 87' lang='lat' dir='ltr'><strong>siderea</strong></span> <span class='ocrx_word' id='word_1_276' title='bbox 500 1016 645 1045; x_wconf 83' lang='lat' dir='ltr'><strong>luminaria</strong></span> <span class='ocrx_word' id='word_1_277' title='bbox 667 1017 777 1045; x_wconf 85' lang='lat' dir='ltr'><strong>condita</strong></span> <span class='ocrx_word' id='word_1_278' title='bbox 795 1022 868 1045; x_wconf 88' lang='lat' dir='ltr'><strong>sunt.</strong></span> <span class='ocrx_word' id='word_1_279' title='bbox 891 1018 959 1046; x_wconf 90' lang='lat' dir='ltr'><strong>Cum</strong></span> <span class='ocrx_word' id='word_1_280' title='bbox 983 1019 1066 1054; x_wconf 78' lang='lat' dir='ltr'><strong>igitur</strong></span> 
     </span>
    </p>
   </div>
   <div class='ocr_carea' id='block_1_36' title="bbox 264 1063 1065 1100">
    <p class='ocr_par' dir='ltr' id='par_1_36' title="bbox 264 1063 1065 1100">
     <span class='ocr_line' id='line_1_36' title="bbox 264 1063 1065 1100; baseline 0.002 -9"><span class='ocrx_word' id='word_1_281' title='bbox 264 1063 319 1091; x_wconf 87' lang='lat' dir='ltr'><strong>tria</strong></span> <span class='ocrx_word' id='word_1_282' title='bbox 334 1070 449 1098; x_wconf 89' lang='lat' dir='ltr'><strong>corpora</strong></span> <span class='ocrx_word' id='word_1_283' title='bbox 462 1063 582 1091; x_wconf 82' lang='lat' dir='ltr'><strong>maxima</strong></span> <span class='ocrx_word' id='word_1_284' title='bbox 597 1064 691 1092; x_wconf 92' lang='lat' dir='ltr'><strong>mundi</strong></span> <span class='ocrx_word' id='word_1_285' title='bbox 706 1064 771 1098; x_wconf 88' lang='lat' dir='ltr'><strong>sint,</strong></span> <span class='ocrx_word' id='word_1_286' title='bbox 786 1069 816 1092; x_wconf 86' lang='lat' dir='ltr'><strong>ut</strong></span> <span class='ocrx_word' id='word_1_287' title='bbox 829 1064 983 1100; x_wconf 85' lang='lat' dir='ltr'><strong>philosophi</strong></span> <span class='ocrx_word' id='word_1_288' title='bbox 1003 1073 1065 1100; x_wconf 87' lang='lat' dir='ltr'><strong>per—</strong></span> 
     </span>
    </p>
   </div>
   <div class='ocr_carea' id='block_1_37' title="bbox 264 1109 1065 1146">
    <p class='ocr_par' dir='ltr' id='par_1_37' title="bbox 264 1109 1065 1146">
     <span class='ocr_line' id='line_1_37' title="bbox 264 1109 1065 1146; baseline 0 -8"><span class='ocrx_word' id='word_1_289' title='bbox 264 1109 371 1144; x_wconf 85' lang='lat' dir='ltr'><strong>hibent,</strong></span> <span class='ocrx_word' id='word_1_290' title='bbox 386 1117 501 1145; x_wconf 89' lang='lat' dir='ltr'><strong>quorum</strong></span> <span class='ocrx_word' id='word_1_291' title='bbox 518 1117 601 1137; x_wconf 91' lang='lat' dir='ltr'><strong>unum</strong></span> <span class='ocrx_word' id='word_1_292' title='bbox 626 1110 760 1142; x_wconf 86' lang='lat' dir='ltr'><strong>intimum,</strong></span> <span class='ocrx_word' id='word_1_293' title='bbox 787 1110 960 1146; x_wconf 89' lang='lat' dir='ltr'><strong>mediumque</strong></span> <span class='ocrx_word' id='word_1_294' title='bbox 981 1111 1065 1138; x_wconf 84' lang='lat' dir='ltr'><strong>totius</strong></span> 
     </span>
    </p>
   </div>
   <div class='ocr_carea' id='block_1_38' title="bbox 264 1155 1064 1192">
    <p class='ocr_par' dir='ltr' id='par_1_38' title="bbox 264 1155 1064 1192">
     <span class='ocr_line' id='line_1_38' title="bbox 264 1155 1064 1192; baseline 0.001 -9"><span class='ocrx_word' id='word_1_295' title='bbox 264 1156 368 1188; x_wconf 85' lang='lat' dir='ltr'><strong>mundi,</strong></span> <span class='ocrx_word' id='word_1_296' title='bbox 385 1155 473 1184; x_wconf 91' lang='lat' dir='ltr'><strong>instar</strong></span> <span class='ocrx_word' id='word_1_297' title='bbox 488 1155 574 1183; x_wconf 86' lang='lat' dir='ltr'><strong>centri</strong></span> <span class='ocrx_word' id='word_1_298' title='bbox 590 1156 618 1183; x_wconf 90' lang='lat' dir='ltr'><strong>in</strong></span> <span class='ocrx_word' id='word_1_299' title='bbox 634 1155 737 1184; x_wconf 91' lang='lat' dir='ltr'><strong>circulo</strong></span> <span class='ocrx_word' id='word_1_300' title='bbox 751 1163 799 1184; x_wconf 87' lang='lat' dir='ltr'><strong>seu</strong></span> <span class='ocrx_word' id='word_1_301' title='bbox 814 1157 940 1192; x_wconf 80' lang='lat' dir='ltr'><strong>sphaera,</strong></span> <span class='ocrx_word' id='word_1_302' title='bbox 960 1157 1064 1185; x_wconf 84' lang='lat' dir='ltr'><strong>aridam</strong></span> 
     </span>
    </p>
   </div>
   <div class='ocr_carea' id='block_1_39' title="bbox 264 1202 1066 1239">
    <p class='ocr_par' dir='ltr' id='par_1_39' title="bbox 264 1202 1066 1239">
     <span class='ocr_line' id='line_1_39' title="bbox 264 1202 1066 1239; baseline 0.001 -9"><span class='ocrx_word' id='word_1_303' title='bbox 264 1202 310 1230; x_wconf 89' lang='lat' dir='ltr'><strong>vel</strong></span> <span class='ocrx_word' id='word_1_304' title='bbox 320 1203 331 1218; x_wconf 85' lang='grc'>¹</span> <span class='ocrx_word' id='word_1_305' title='bbox 348 1207 448 1230; x_wconf 88' lang='lat' dir='ltr'><strong>terram</strong></span> <span class='ocrx_word' id='word_1_306' title='bbox 475 1202 566 1230; x_wconf 89' lang='lat' dir='ltr'><strong>divina</strong></span> <span class='ocrx_word' id='word_1_307' title='bbox 582 1202 690 1231; x_wconf 77' lang='lat' dir='ltr'><strong>vocavit</strong></span> <span class='ocrx_word' id='word_1_308' title='bbox 704 1203 864 1236; x_wconf 85' lang='lat' dir='ltr'><strong>auctoritas,</strong></span> <span class='ocrx_word' id='word_1_309' title='bbox 878 1203 1066 1239; x_wconf 73' lang='lat' dir='ltr'><strong>segregatione</strong></span> 
     </span>
    </p>
   </div>
   <div class='ocr_carea' id='block_1_40' title="bbox 263 1247 1064 1284">
    <p class='ocr_par' dir='ltr' id='par_1_40' title="bbox 263 1247 1064 1284">
     <span class='ocr_line' id='line_1_40' title="bbox 263 1247 1064 1284; baseline 0 -8"><span class='ocrx_word' id='word_1_310' title='bbox 263 1254 396 1283; x_wconf 75' lang='lat' dir='ltr'><strong>aquarum</strong></span> <span class='ocrx_word' id='word_1_311' title='bbox 417 1247 565 1284; x_wconf 72' lang='lat' dir='ltr'><strong>tegentium</strong></span> <span class='ocrx_word' id='word_1_312' title='bbox 587 1255 617 1276; x_wconf 84' lang='lat' dir='ltr'><strong>se</strong></span> <span class='ocrx_word' id='word_1_313' title='bbox 640 1248 836 1283; x_wconf 86' lang='lat' dir='ltr'><strong>speciﬁcatum,</strong></span> <span class='ocrx_word' id='word_1_314' title='bbox 860 1249 1007 1276; x_wconf 86' lang='lat' dir='ltr'><strong>herbarum</strong></span> <span class='ocrx_word' id='word_1_315' title='bbox 1032 1249 1064 1276; x_wconf 92' lang='lat' dir='ltr'><strong>li-</strong></span> 
     </span>
    </p>
   </div>
   <div class='ocr_carea' id='block_1_41' title="bbox 264 1293 1064 1330">
    <p class='ocr_par' dir='ltr' id='par_1_41' title="bbox 264 1293 1064 1330">
     <span class='ocr_line' id='line_1_41' title="bbox 264 1293 1064 1330; baseline 0.001 -9"><span class='ocrx_word' id='word_1_316' title='bbox 264 1301 435 1330; x_wconf 78' lang='lat' dir='ltr'><strong>gnorumque</strong></span> <span class='ocrx_word' id='word_1_317' title='bbox 459 1293 643 1328; x_wconf 89' lang='lat' dir='ltr'><strong>pulcherrima</strong></span> <span class='ocrx_word' id='word_1_318' title='bbox 666 1293 802 1322; x_wconf 84' lang='lat' dir='ltr'><strong>varietate</strong></span> <span class='ocrx_word' id='word_1_319' title='bbox 824 1298 992 1329; x_wconf 85' lang='lat' dir='ltr'><strong>coopertum,</strong></span> <span class='ocrx_word' id='word_1_320' title='bbox 1008 1295 1064 1322; x_wconf 87' lang='lat' dir='ltr'><strong>sive</strong></span> 
     </span>
    </p>
   </div>
   <div class='ocr_carea' id='block_1_42' title="bbox 263 1334 1063 1377">
    <p class='ocr_par' dir='ltr' id='par_1_42' title="bbox 263 1334 1063 1377">
     <span class='ocr_line' id='line_1_42' title="bbox 263 1334 1063 1377; baseline 0.001 -9"><span class='ocrx_word' id='word_1_321' title='bbox 263 1334 327 1377; x_wconf 80' lang='lat' dir='ltr'><strong>quis</strong></span> <span class='ocrx_word' id='word_1_322' title='bbox 339 1340 498 1376; x_wconf 86' lang='lat' dir='ltr'><strong>simpliciori</strong></span> <span class='ocrx_word' id='word_1_323' title='bbox 514 1349 595 1370; x_wconf 89' lang='lat' dir='ltr'><strong>sensu</strong></span> <span class='ocrx_word' id='word_1_324' title='bbox 610 1341 743 1370; x_wconf 90' lang='lat' dir='ltr'><strong>visibilem</strong></span> <span class='ocrx_word' id='word_1_325' title='bbox 757 1342 828 1370; x_wconf 89' lang='lat' dir='ltr'><strong>hanc</strong></span> <span class='ocrx_word' id='word_1_326' title='bbox 846 1341 946 1370; x_wconf 89' lang='lat' dir='ltr'><strong>molem</strong></span> <span class='ocrx_word' id='word_1_327' title='bbox 962 1342 988 1369; x_wconf 92' lang='lat' dir='ltr'><strong>in</strong></span> <span class='ocrx_word' id='word_1_328' title='bbox 1004 1349 1063 1369; x_wconf 90' lang='lat' dir='ltr'><strong>me-</strong></span> 
     </span>
    </p>
   </div>
   <div class='ocr_carea' id='block_1_43' title="bbox 264 1387 1062 1423">
    <p class='ocr_par' dir='ltr' id='par_1_43' title="bbox 264 1387 1062 1423">
     <span class='ocr_line' id='line_1_43' title="bbox 264 1387 1062 1423; baseline -0.001 -7"><span class='ocrx_word' id='word_1_329' title='bbox 264 1387 309 1416; x_wconf 89' lang='lat' dir='ltr'><strong>dio</strong></span> <span class='ocrx_word' id='word_1_330' title='bbox 330 1387 423 1415; x_wconf 92' lang='lat' dir='ltr'><strong>mundi</strong></span> <span class='ocrx_word' id='word_1_331' title='bbox 448 1388 586 1423; x_wconf 61' lang='lat' dir='ltr'><strong>positam:</strong></span> <span class='ocrx_word' id='word_1_332' title='bbox 600 1388 696 1416; x_wconf 85' lang='lat' dir='ltr'><strong>oceani</strong></span> <span class='ocrx_word' id='word_1_333' title='bbox 720 1388 804 1417; x_wconf 90' lang='lat' dir='ltr'><strong>limbo</strong></span> <span class='ocrx_word' id='word_1_334' title='bbox 828 1388 1062 1421; x_wconf 88' lang='lat' dir='ltr'><strong>circumcinctam,</strong></span> 
     </span>
    </p>
   </div>
   <div class='ocr_carea' id='block_1_44' title="bbox 263 1433 1065 1470">
    <p class='ocr_par' dir='ltr' id='par_1_44' title="bbox 263 1433 1065 1470">
     <span class='ocr_line' id='line_1_44' title="bbox 263 1433 1065 1470; baseline 0.001 -10"><span class='ocrx_word' id='word_1_335' title='bbox 263 1438 355 1461; x_wconf 82' lang='lat' dir='ltr'><strong>terrae</strong></span> <span class='ocrx_word' id='word_1_336' title='bbox 372 1441 559 1469; x_wconf 85' lang='lat' dir='ltr'><strong>aquarumque</strong></span> <span class='ocrx_word' id='word_1_337' title='bbox 580 1433 719 1462; x_wconf 87' lang='lat' dir='ltr'><strong>vocabulis</strong></span> <span class='ocrx_word' id='word_1_338' title='bbox 740 1434 931 1470; x_wconf 84' lang='lat' dir='ltr'><strong>signiﬁcatam,</strong></span> <span class='ocrx_word' id='word_1_339' title='bbox 946 1434 1004 1461; x_wconf 86' lang='lat' dir='ltr'><strong>sive</strong></span> <span class='ocrx_word' id='word_1_340' title='bbox 1025 1434 1065 1461; x_wconf 83' lang='lat' dir='ltr'><strong>al-</strong></span> 
     </span>
    </p>
   </div>
   <div class='ocr_carea' id='block_1_45' title="bbox 263 1479 1066 1516">
    <p class='ocr_par' dir='ltr' id='par_1_45' title="bbox 263 1479 1066 1516">
     <span class='ocr_line' id='line_1_45' title="bbox 263 1479 1066 1516; baseline 0.002 -9"><span class='ocrx_word' id='word_1_341' title='bbox 263 1479 328 1508; x_wconf 89' lang='lat' dir='ltr'><strong>tiori</strong></span> <span class='ocrx_word' id='word_1_342' title='bbox 342 1479 481 1508; x_wconf 91' lang='lat' dir='ltr'><strong>intellectu</strong></span> <span class='ocrx_word' id='word_1_343' title='bbox 510 1481 679 1509; x_wconf 84' lang='lat' dir='ltr'><strong>substantiae</strong></span> <span class='ocrx_word' id='word_1_344' title='bbox 699 1481 734 1509; x_wconf 90' lang='lat' dir='ltr'><strong>ab</strong></span> <span class='ocrx_word' id='word_1_345' title='bbox 756 1481 941 1509; x_wconf 83' lang='lat' dir='ltr'><strong>accidentibus</strong></span> <span class='ocrx_word' id='word_1_346' title='bbox 967 1481 1066 1516; x_wconf 82' lang='lat' dir='ltr'><strong>dijudi-</strong></span> 
     </span>
    </p>
   </div>
   <div class='ocr_carea' id='block_1_46' title="bbox 263 1526 1062 1563">
    <p class='ocr_par' dir='ltr' id='par_1_46' title="bbox 263 1526 1062 1563">
     <span class='ocr_line' id='line_1_46' title="bbox 263 1526 1062 1563; baseline 0.004 -10"><span class='ocrx_word' id='word_1_347' title='bbox 263 1526 400 1554; x_wconf 80' lang='lat' dir='ltr'><strong>cationem</strong></span> <span class='ocrx_word' id='word_1_348' title='bbox 415 1526 593 1560; x_wconf 82' lang='lat' dir='ltr'><strong>intellexerit;</strong></span> <span class='ocrx_word' id='word_1_349' title='bbox 625 1527 773 1556; x_wconf 86' lang='lat' dir='ltr'><strong>herbarum</strong></span> <span class='ocrx_word' id='word_1_350' title='bbox 789 1535 853 1555; x_wconf 91' lang='lat' dir='ltr'><strong>vero</strong></span> <span class='ocrx_word' id='word_1_351' title='bbox 876 1531 905 1555; x_wconf 90' lang='lat' dir='ltr'><strong>et</strong></span> <span class='ocrx_word' id='word_1_352' title='bbox 929 1527 1062 1563; x_wconf 88' lang='lat' dir='ltr'><strong>lignorum</strong></span> 
     </span>
    </p>
   </div>
   <div class='ocr_carea' id='block_1_47' title="bbox 262 1572 1060 1607">
    <p class='ocr_par' dir='ltr' id='par_1_47' title="bbox 262 1572 1060 1607">
     <span class='ocr_line' id='line_1_47' title="bbox 262 1572 1060 1607; baseline 0.003 -8"><span class='ocrx_word' id='word_1_353' title='bbox 262 1572 515 1606; x_wconf 83' lang='lat' dir='ltr'><strong>nominationibus,</strong></span> <span class='ocrx_word' id='word_1_354' title='bbox 546 1573 603 1601; x_wconf 86' lang='lat' dir='ltr'><strong>sive</strong></span> <span class='ocrx_word' id='word_1_355' title='bbox 627 1573 696 1601; x_wconf 87' lang='lat' dir='ltr'><strong>haec</strong></span> <span class='ocrx_word' id='word_1_356' title='bbox 718 1577 878 1602; x_wconf 86' lang='lat' dir='ltr'><strong>ornamenta</strong></span> <span class='ocrx_word' id='word_1_357' title='bbox 902 1573 1039 1601; x_wconf 81' lang='lat' dir='ltr'><strong>sensibilia</strong></span> <span class='ocrx_word' id='word_1_358' title='bbox 1053 1594 1060 1607; x_wconf 93' lang='lat'><strong>,</strong></span> 
     </span>
    </p>
   </div>
   <div class='ocr_carea' id='block_1_48' title="bbox 262 1617 1063 1654">
    <p class='ocr_par' dir='ltr' id='par_1_48' title="bbox 262 1617 1063 1654">
     <span class='ocr_line' id='line_1_48' title="bbox 262 1617 1063 1654; baseline 0 -8"><span class='ocrx_word' id='word_1_359' title='bbox 262 1617 362 1654; x_wconf 79' lang='lat' dir='ltr'><strong>quibus</strong></span> <span class='ocrx_word' id='word_1_360' title='bbox 374 1618 485 1646; x_wconf 84' lang='lat' dir='ltr'><strong>aestivis</strong></span> <span class='ocrx_word' id='word_1_361' title='bbox 504 1618 672 1654; x_wconf 83' lang='lat' dir='ltr'><strong>temporibus</strong></span> <span class='ocrx_word' id='word_1_362' title='bbox 694 1623 801 1646; x_wconf 90' lang='lat' dir='ltr'><strong>terrena</strong></span> <span class='ocrx_word' id='word_1_363' title='bbox 819 1619 934 1646; x_wconf 87' lang='lat' dir='ltr'><strong>vestitur</strong></span> <span class='ocrx_word' id='word_1_364' title='bbox 949 1619 1063 1654; x_wconf 86' lang='lat' dir='ltr'><strong>superli-</strong></span> 
     </span>
    </p>
   </div>
   <div class='ocr_carea' id='block_1_49' title="bbox 265 1664 1062 1700">
    <p class='ocr_par' dir='ltr' id='par_1_49' title="bbox 265 1664 1062 1700">
     <span class='ocr_line' id='line_1_49' title="bbox 265 1664 1062 1700; baseline -0.001 -7"><span class='ocrx_word' id='word_1_365' title='bbox 265 1665 333 1697; x_wconf 84' lang='lat' dir='ltr'><strong>cies,</strong></span> <span class='ocrx_word' id='word_1_366' title='bbox 347 1665 373 1692; x_wconf 90' lang='lat' dir='ltr'><strong>vi</strong></span> <span class='ocrx_word' id='word_1_367' title='bbox 391 1665 525 1693; x_wconf 90' lang='lat' dir='ltr'><strong>seminum</strong></span> <span class='ocrx_word' id='word_1_368' title='bbox 541 1666 723 1700; x_wconf 86' lang='lat' dir='ltr'><strong>erumpentia,</strong></span> <span class='ocrx_word' id='word_1_369' title='bbox 739 1665 829 1692; x_wconf 84' lang='lat' dir='ltr'><strong>telluri</strong></span> <span class='ocrx_word' id='word_1_370' title='bbox 849 1664 979 1693; x_wconf 89' lang='lat' dir='ltr'><strong>radicitus</strong></span> <span class='ocrx_word' id='word_1_371' title='bbox 997 1665 1062 1699; x_wconf 86' lang='lat' dir='ltr'><strong>ﬁxa,</strong></span> 
     </span>
    </p>
   </div>
   <div class='ocr_carea' id='block_1_50' title="bbox 251 1711 1063 1747">
    <p class='ocr_par' dir='ltr' id='par_1_50' title="bbox 251 1711 1063 1747">
     <span class='ocr_line' id='line_1_50' title="bbox 251 1711 1063 1747; baseline 0 -7"><span class='ocrx_word' id='word_1_372' title='bbox 251 1712 381 1740; x_wconf 28' lang='lat' dir='ltr'><strong>,humore</strong></span> <span class='ocrx_word' id='word_1_373' title='bbox 404 1712 507 1740; x_wconf 87' lang='lat' dir='ltr'><strong>nutrita</strong></span> <span class='ocrx_word' id='word_1_374' title='bbox 531 1716 559 1739; x_wconf 90' lang='lat' dir='ltr'><strong>et</strong></span> <span class='ocrx_word' id='word_1_375' title='bbox 584 1711 763 1747; x_wconf 85' lang='lat' dir='ltr'><strong>corpulentia,</strong></span> <span class='ocrx_word' id='word_1_376' title='bbox 787 1712 845 1740; x_wconf 85' lang='lat' dir='ltr'><strong>sive</strong></span> <span class='ocrx_word' id='word_1_377' title='bbox 880 1711 1063 1746; x_wconf 78' lang='lat' dir='ltr'><strong>intelligibiles</strong></span> 
     </span>
    </p>
   </div>
   <div class='ocr_carea' id='block_1_51' title="bbox 248 1756 1063 1793">
    <p class='ocr_par' dir='ltr' id='par_1_51' title="bbox 248 1756 1063 1793">
     <span class='ocr_line' id='line_1_51' title="bbox 248 1756 1063 1793; baseline 0.001 -9"><span class='ocrx_word' id='word_1_378' title='bbox 248 1756 390 1793; x_wconf 55' lang='lat' dir='ltr'><strong>,species,</strong></span> <span class='ocrx_word' id='word_1_379' title='bbox 421 1764 454 1785; x_wconf 90' lang='lat' dir='ltr'><strong>ex</strong></span> <span class='ocrx_word' id='word_1_380' title='bbox 479 1757 583 1789; x_wconf 65' lang='lat' dir='ltr'><strong>intimi.</strong></span> <span class='ocrx_word' id='word_1_381' title='bbox 616 1757 842 1792; x_wconf 61' lang='lat' dir='ltr'><strong>naturalibusque</strong></span> <span class='ocrx_word' id='word_1_382' title='bbox 859 1757 871 1774; x_wconf 89' lang='grc'><strong><em>³</em></strong></span> <span class='ocrx_word' id='word_1_383' title='bbox 895 1757 1063 1786; x_wconf 86' lang='lat' dir='ltr'><strong>substantiae</strong></span> 
     </span>
    </p>
   </div>
   <div class='ocr_carea' id='block_1_52' title="bbox 264 1802 1064 1839">
    <p class='ocr_par' dir='ltr' id='par_1_52' title="bbox 264 1802 1064 1839">
     <span class='ocr_line' id='line_1_52' title="bbox 264 1802 1064 1839; baseline 0 -8"><span class='ocrx_word' id='word_1_384' title='bbox 264 1802 371 1831; x_wconf 84' lang='lat' dir='ltr'><strong>sinibus</strong></span> <span class='ocrx_word' id='word_1_385' title='bbox 397 1802 585 1838; x_wconf 82' lang='lat' dir='ltr'><strong>procedentes,</strong></span> <span class='ocrx_word' id='word_1_386' title='bbox 605 1803 693 1830; x_wconf 86' lang='lat' dir='ltr'><strong>instar</strong></span> <span class='ocrx_word' id='word_1_387' title='bbox 711 1803 857 1831; x_wconf 87' lang='lat' dir='ltr'><strong>herbarum</strong></span> <span class='ocrx_word' id='word_1_388' title='bbox 874 1803 1064 1839; x_wconf 85' lang='lat' dir='ltr'><strong>lignorumque</strong></span> 
     </span>
    </p>
   </div>
   <div class='ocr_carea' id='block_1_53' title="bbox 263 1848 1063 1884">
    <p class='ocr_par' dir='ltr' id='par_1_53' title="bbox 263 1848 1063 1884">
     <span class='ocr_line' id='line_1_53' title="bbox 263 1848 1063 1884; baseline 0.001 -9"><span class='ocrx_word' id='word_1_389' title='bbox 263 1848 299 1878; x_wconf 85' lang='lat' dir='ltr'><strong>de</strong></span> <span class='ocrx_word' id='word_1_390' title='bbox 322 1852 394 1875; x_wconf 87' lang='lat' dir='ltr'><strong>terra</strong></span> <span class='ocrx_word' id='word_1_391' title='bbox 416 1848 588 1876; x_wconf 87' lang='lat' dir='ltr'><strong>nascentium</strong></span> <span class='ocrx_word' id='word_1_392' title='bbox 610 1848 780 1884; x_wconf 81' lang='lat' dir='ltr'><strong>praeceperit</strong></span> <span class='ocrx_word' id='word_1_393' title='bbox 802 1848 829 1882; x_wconf 78' lang='grc'><strong>⁵;</strong></span> <span class='ocrx_word' id='word_1_394' title='bbox 852 1849 931 1876; x_wconf 86' lang='lat' dir='ltr'><strong>aliter</strong></span> <span class='ocrx_word' id='word_1_395' title='bbox 946 1857 1063 1884; x_wconf 90' lang='lat' dir='ltr'><strong>namque</strong></span> 
     </span>
    </p>
   </div>
   <div class='ocr_carea' id='block_1_54' title="bbox 262 1894 1063 1931">
    <p class='ocr_par' dir='ltr' id='par_1_54' title="bbox 262 1894 1063 1931">
     <span class='ocr_line' id='line_1_54' title="bbox 262 1894 1063 1931; baseline -0.001 -7"><span class='ocrx_word' id='word_1_396' title='bbox 262 1894 293 1924; x_wconf 84' lang='lat' dir='ltr'><strong>in</strong></span> <span class='ocrx_word' id='word_1_397' title='bbox 308 1895 383 1923; x_wconf 90' lang='lat' dir='ltr'><strong>omni</strong></span> <span class='ocrx_word' id='word_1_398' title='bbox 399 1894 522 1923; x_wconf 88' lang='lat' dir='ltr'><strong>sensibili</strong></span> <span class='ocrx_word' id='word_1_399' title='bbox 535 1902 650 1931; x_wconf 88' lang='lat' dir='ltr'><strong>corpore</strong></span> <span class='ocrx_word' id='word_1_400' title='bbox 662 1895 822 1930; x_wconf 84' lang='lat' dir='ltr'><strong>quantitatis</strong></span> <span class='ocrx_word' id='word_1_401' title='bbox 837 1895 936 1923; x_wconf 90' lang='lat' dir='ltr'><strong>molem</strong></span> <span class='ocrx_word' id='word_1_402' title='bbox 947 1916 954 1928; x_wconf 93' lang='lat'><strong>,</strong></span> <span class='ocrx_word' id='word_1_403' title='bbox 976 1895 1063 1931; x_wconf 90' lang='lat' dir='ltr'><strong>quali-</strong></span> 
     </span>
    </p>
   </div>
   <div class='ocr_carea' id='block_1_55' title="bbox 262 1941 1063 1977">
    <p class='ocr_par' dir='ltr' id='par_1_55' title="bbox 262 1941 1063 1977">
     <span class='ocr_line' id='line_1_55' title="bbox 262 1941 1063 1977; baseline -0.001 -7"><span class='ocrx_word' id='word_1_404' title='bbox 262 1941 366 1971; x_wconf 73' lang='lat' dir='ltr'><strong>tatibus</strong></span> <span class='ocrx_word' id='word_1_405' title='bbox 379 1942 436 1970; x_wconf 83' lang='lat' dir='ltr'><strong>suis</strong></span> <span class='ocrx_word' id='word_1_406' title='bbox 450 1941 600 1977; x_wconf 86' lang='lat' dir='ltr'><strong>subjectam</strong></span> <span class='ocrx_word' id='word_1_407' title='bbox 610 1962 617 1975; x_wconf 94' lang='lat'><strong>,</strong></span> <span class='ocrx_word' id='word_1_408' title='bbox 633 1941 773 1977; x_wconf 85' lang='lat' dir='ltr'><strong>corporeis</strong></span> <span class='ocrx_word' id='word_1_409' title='bbox 791 1942 917 1970; x_wconf 88' lang='lat' dir='ltr'><strong>sensibus</strong></span> <span class='ocrx_word' id='word_1_410' title='bbox 938 1941 1063 1969; x_wconf 90' lang='lat' dir='ltr'><strong>conside-</strong></span> 
     </span>
    </p>
   </div>
   <div class='ocr_carea' id='block_1_56' title="bbox 263 1988 1062 2025">
    <p class='ocr_par' dir='ltr' id='par_1_56' title="bbox 263 1988 1062 2025">
     <span class='ocr_line' id='line_1_56' title="bbox 263 1988 1062 2025; baseline -0.001 -7"><span class='ocrx_word' id='word_1_411' title='bbox 263 1996 374 2023; x_wconf 81' lang='lat' dir='ltr'><strong>ramus,</strong></span> <span class='ocrx_word' id='word_1_412' title='bbox 396 1989 475 2017; x_wconf 88' lang='lat' dir='ltr'><strong>aliter</strong></span> <span class='ocrx_word' id='word_1_413' title='bbox 500 1988 663 2017; x_wconf 89' lang='lat' dir='ltr'><strong>invisibilem</strong></span> <span class='ocrx_word' id='word_1_414' title='bbox 688 1989 879 2023; x_wconf 83' lang='lat' dir='ltr'><strong>substantiam,</strong></span> <span class='ocrx_word' id='word_1_415' title='bbox 903 1989 1062 2025; x_wconf 84' lang='lat' dir='ltr'><strong>speciesque</strong></span> 
     </span>
    </p>
   </div>
   <div class='ocr_carea' id='block_1_57' title="bbox 262 2035 1063 2073">
    <p class='ocr_par' dir='ltr' id='par_1_57' title="bbox 262 2035 1063 2073">
     <span class='ocr_line' id='line_1_57' title="bbox 262 2035 1063 2073; baseline -0.004 -8"><span class='ocrx_word' id='word_1_416' title='bbox 262 2036 388 2073; x_wconf 81' lang='lat' dir='ltr'><strong>proprias</strong></span> <span class='ocrx_word' id='word_1_417' title='bbox 406 2036 435 2064; x_wconf 91' lang='lat' dir='ltr'><strong>in</strong></span> <span class='ocrx_word' id='word_1_418' title='bbox 461 2035 520 2071; x_wconf 88' lang='lat' dir='ltr'><strong>ipsa</strong></span> <span class='ocrx_word' id='word_1_419' title='bbox 538 2035 720 2064; x_wconf 85' lang='lat' dir='ltr'><strong>subsistentes</strong></span> <span class='ocrx_word' id='word_1_420' title='bbox 737 2035 837 2063; x_wconf 87' lang='lat' dir='ltr'><strong>mentis</strong></span> <span class='ocrx_word' id='word_1_421' title='bbox 856 2035 914 2063; x_wconf 87' lang='lat' dir='ltr'><strong>acie</strong></span> <span class='ocrx_word' id='word_1_422' title='bbox 935 2035 1063 2071; x_wconf 82' lang='lat' dir='ltr'><strong>intelligi-</strong></span> 
     </span>
    </p>
   </div>
   <div class='ocr_carea' id='block_1_58' title="bbox 262 2082 1062 2117">
    <p class='ocr_par' dir='ltr' id='par_1_58' title="bbox 262 2082 1062 2117">
     <span class='ocr_line' id='line_1_58' title="bbox 262 2082 1062 2117; baseline -0.003 -6"><span class='ocrx_word' id='word_1_423' title='bbox 262 2090 335 2117; x_wconf 88' lang='lat' dir='ltr'><strong>mus,</strong></span> <span class='ocrx_word' id='word_1_424' title='bbox 361 2082 509 2111; x_wconf 82' lang='lat' dir='ltr'><strong>secundum</strong></span> <span class='ocrx_word' id='word_1_425' title='bbox 532 2089 600 2117; x_wconf 89' lang='lat' dir='ltr'><strong>quas</strong></span> <span class='ocrx_word' id='word_1_426' title='bbox 622 2089 713 2109; x_wconf 89' lang='lat' dir='ltr'><strong>rerum</strong></span> <span class='ocrx_word' id='word_1_427' title='bbox 737 2082 858 2110; x_wconf 92' lang='lat' dir='ltr'><strong>omnium</strong></span> <span class='ocrx_word' id='word_1_428' title='bbox 873 2082 1021 2110; x_wconf 87' lang='lat' dir='ltr'><strong>visibilium</strong></span> <span class='ocrx_word' id='word_1_429' title='bbox 1034 2086 1062 2109; x_wconf 84' lang='lat' dir='ltr'><strong>et</strong></span> 
     </span>
    </p>
   </div>
   <div class='ocr_carea' id='block_1_59' title="bbox 263 2127 1061 2163">
    <p class='ocr_par' dir='ltr' id='par_1_59' title="bbox 263 2127 1061 2163">
     <span class='ocr_line' id='line_1_59' title="bbox 263 2127 1061 2163; baseline -0.003 -7"><span class='ocrx_word' id='word_1_430' title='bbox 263 2128 440 2157; x_wconf 85' lang='lat' dir='ltr'><strong>invisibilium</strong></span> <span class='ocrx_word' id='word_1_431' title='bbox 462 2128 646 2156; x_wconf 85' lang='lat' dir='ltr'><strong>numerositas</strong></span> <span class='ocrx_word' id='word_1_432' title='bbox 669 2127 875 2163; x_wconf 81' lang='lat' dir='ltr'><strong>multiplicatur,</strong></span> <span class='ocrx_word' id='word_1_433' title='bbox 900 2127 1061 2156; x_wconf 87' lang='lat' dir='ltr'><strong>universali-</strong></span> 
     </span>
    </p>
   </div>
   <div class='ocr_carea' id='block_1_60' title="bbox 238 2174 1060 2210">
    <p class='ocr_par' dir='ltr' id='par_1_60' title="bbox 238 2174 1060 2210">
     <span class='ocr_line' id='line_1_60' title="bbox 238 2174 1060 2210; baseline 0 -9"><span class='ocrx_word' id='word_1_434' title='bbox 238 2200 242 2205; x_wconf 91' lang='grc'>,</span> <span class='ocrx_word' id='word_1_435' title='bbox 263 2174 327 2201; x_wconf 87' lang='lat' dir='ltr'><strong>tas&#39;</strong></span> <span class='ocrx_word' id='word_1_436' title='bbox 342 2174 493 2210; x_wconf 81' lang='lat' dir='ltr'><strong>colligitur,</strong></span> <span class='ocrx_word' id='word_1_437' title='bbox 518 2174 671 2209; x_wconf 87' lang='lat' dir='ltr'><strong>proprietas</strong></span> <span class='ocrx_word' id='word_1_438' title='bbox 690 2174 864 2201; x_wconf 85' lang='lat' dir='ltr'><strong>custoditur:</strong></span> <span class='ocrx_word' id='word_1_439' title='bbox 892 2174 926 2201; x_wconf 89' lang='lat' dir='ltr'><strong>ad</strong></span> <span class='ocrx_word' id='word_1_440' title='bbox 947 2174 1060 2201; x_wconf 90' lang='lat' dir='ltr'><strong>aliorum</strong></span> 
     </span>
    </p>
   </div>
   <div class='ocr_carea' id='block_1_61' title="bbox 263 2218 1061 2254">
    <p class='ocr_par' dir='ltr' id='par_1_61' title="bbox 263 2218 1061 2254">
     <span class='ocr_line' id='line_1_61' title="bbox 263 2218 1061 2254; baseline -0.003 -7"><span class='ocrx_word' id='word_1_441' title='bbox 263 2219 378 2247; x_wconf 69' lang='lat' dir='ltr'><strong>duorum</strong></span> <span class='ocrx_word' id='word_1_442' title='bbox 393 2219 572 2247; x_wconf 80' lang='lat' dir='ltr'><strong>maximorum</strong></span> <span class='ocrx_word' id='word_1_443' title='bbox 588 2219 679 2247; x_wconf 90' lang='lat' dir='ltr'><strong>mundi</strong></span> <span class='ocrx_word' id='word_1_444' title='bbox 694 2226 837 2253; x_wconf 89' lang='lat' dir='ltr'><strong>corporum</strong></span> <span class='ocrx_word' id='word_1_445' title='bbox 852 2218 984 2246; x_wconf 87' lang='lat' dir='ltr'><strong>theoriam</strong></span> <span class='ocrx_word' id='word_1_446' title='bbox 998 2226 1061 2254; x_wconf 88' lang='lat' dir='ltr'><strong>pro-</strong></span> 
     </span>
    </p>
   </div>
   <div class='ocr_carea' id='block_1_62' title="bbox 263 2263 1061 2299">
    <p class='ocr_par' dir='ltr' id='par_1_62' title="bbox 263 2263 1061 2299">
     <span class='ocr_line' id='line_1_62' title="bbox 263 2263 1061 2299; baseline -0.001 -7"><span class='ocrx_word' id='word_1_447' title='bbox 263 2265 371 2299; x_wconf 87' lang='lat' dir='ltr'><strong>phetica</strong></span> <span class='ocrx_word' id='word_1_448' title='bbox 393 2264 507 2291; x_wconf 89' lang='lat' dir='ltr'><strong>intentio</strong></span> <span class='ocrx_word' id='word_1_449' title='bbox 525 2271 658 2292; x_wconf 84' lang='lat' dir='ltr'><strong>conversa</strong></span> <span class='ocrx_word' id='word_1_450' title='bbox 674 2268 726 2291; x_wconf 83' lang='lat' dir='ltr'><strong>est.</strong></span> <span class='ocrx_word' id='word_1_451' title='bbox 746 2263 827 2291; x_wconf 84' lang='lat' dir='ltr'><strong>Fiant</strong></span> <span class='ocrx_word' id='word_1_452' title='bbox 843 2264 996 2296; x_wconf 79' lang='lat' dir='ltr'><strong>luminaria,</strong></span> <span class='ocrx_word' id='word_1_453' title='bbox 1019 2264 1061 2291; x_wconf 93' lang='lat' dir='ltr'><strong>iu-</strong></span> 
     </span>
    </p>
   </div>
   <div class='ocr_carea' id='block_1_63' title="bbox 263 2309 1060 2346">
    <p class='ocr_par' dir='ltr' id='par_1_63' title="bbox 263 2309 1060 2346">
     <span class='ocr_line' id='line_1_63' title="bbox 263 2309 1060 2346; baseline 0.004 -10"><span class='ocrx_word' id='word_1_454' title='bbox 263 2310 333 2344; x_wconf 90' lang='lat' dir='ltr'><strong>quit,</strong></span> <span class='ocrx_word' id='word_1_455' title='bbox 351 2309 380 2336; x_wconf 75' lang='lat' dir='ltr'><strong>in</strong></span> <span class='ocrx_word' id='word_1_456' title='bbox 394 2309 560 2343; x_wconf 81' lang='lat' dir='ltr'><strong>ﬁrmamento</strong></span> <span class='ocrx_word' id='word_1_457' title='bbox 572 2310 647 2338; x_wconf 82' lang='lat' dir='ltr'><strong>caeli.</strong></span> <span class='ocrx_word' id='word_1_458' title='bbox 663 2310 839 2344; x_wconf 80' lang='lat' dir='ltr'><strong>Reeordaris,</strong></span> <span class='ocrx_word' id='word_1_459' title='bbox 860 2314 890 2338; x_wconf 89' lang='lat' dir='ltr'><strong>ut</strong></span> <span class='ocrx_word' id='word_1_460' title='bbox 903 2311 1010 2346; x_wconf 88' lang='lat' dir='ltr'><strong>opinor,</strong></span> <span class='ocrx_word' id='word_1_461' title='bbox 1027 2311 1060 2339; x_wconf 92' lang='lat' dir='ltr'><strong>de</strong></span> 
     </span>
    </p>
   </div>
   <div class='ocr_carea' id='block_1_64' title="bbox 232 2354 1061 2392">
    <p class='ocr_par' dir='ltr' id='par_1_64' title="bbox 232 2354 1061 2392">
     <span class='ocr_line' id='line_1_64' title="bbox 232 2354 1061 2392; baseline 0.006 -12"><span class='ocrx_word' id='word_1_462' title='bbox 232 2377 233 2380; x_wconf 47' lang='grc' dir='ltr'><strong>η</strong></span> <span class='ocrx_word' id='word_1_463' title='bbox 263 2355 316 2383; x_wconf 87' lang='lat' dir='ltr'><strong>hoc</strong></span> <span class='ocrx_word' id='word_1_464' title='bbox 331 2354 441 2382; x_wconf 88' lang='lat' dir='ltr'><strong>nomine</strong></span> <span class='ocrx_word' id='word_1_465' title='bbox 455 2355 618 2383; x_wconf 86' lang='lat' dir='ltr'><strong>ﬁrmamenti</strong></span> <span class='ocrx_word' id='word_1_466' title='bbox 644 2356 672 2383; x_wconf 90' lang='lat' dir='ltr'><strong>in</strong></span> <span class='ocrx_word' id='word_1_467' title='bbox 695 2357 783 2384; x_wconf 88' lang='lat' dir='ltr'><strong>medio</strong></span> <span class='ocrx_word' id='word_1_468' title='bbox 809 2364 941 2392; x_wconf 87' lang='lat' dir='ltr'><strong>aquarum</strong></span> <span class='ocrx_word' id='word_1_469' title='bbox 960 2358 1061 2385; x_wconf 88' lang='lat' dir='ltr'><strong>consti-</strong></span> 
     </span>
    </p>
   </div>
   <div class='ocr_carea' id='block_1_65' title="bbox 263 2394 1082 2434">
    <p class='ocr_par' dir='ltr' id='par_1_65' title="bbox 263 2394 1082 2434">
     <span class='ocr_line' id='line_1_65' title="bbox 263 2394 1082 2434; baseline 0.006 -9"><span class='ocrx_word' id='word_1_470' title='bbox 263 2398 327 2431; x_wconf 76' lang='lat' dir='ltr'><strong>tuti,</strong></span> <span class='ocrx_word' id='word_1_471' title='bbox 352 2399 416 2426; x_wconf 89' lang='lat' dir='ltr'><strong>dum</strong></span> <span class='ocrx_word' id='word_1_472' title='bbox 438 2399 471 2426; x_wconf 84' lang='lat' dir='ltr'><strong>de</strong></span> <span class='ocrx_word' id='word_1_473' title='bbox 494 2406 527 2426; x_wconf 92' lang='lat' dir='ltr'><strong>eo</strong></span> <span class='ocrx_word' id='word_1_474' title='bbox 551 2400 745 2434; x_wconf 88' lang='lat' dir='ltr'><strong>tractabamus,</strong></span> <span class='ocrx_word' id='word_1_475' title='bbox 767 2403 852 2430; x_wconf 88' lang='lat' dir='ltr'><strong>nostri</strong></span> <span class='ocrx_word' id='word_1_476' title='bbox 876 2403 1026 2432; x_wconf 89' lang='lat' dir='ltr'><strong>intellectus</strong></span> <span class='ocrx_word' id='word_1_477' title='bbox 1037 2404 1058 2430; x_wconf 86' lang='lat'><strong>&#39;.</strong></span> <span class='ocrx_word' id='word_1_478' title='bbox 1075 2394 1082 2401; x_wconf 76' lang='grc'><em>’</em></span> 
     </span>
    </p>
   </div>
   <div class='ocr_carea' id='block_1_66' title="bbox 262 2442 1057 2482">
    <p class='ocr_par' dir='ltr' id='par_1_66' title="bbox 262 2442 1057 2482">
     <span class='ocr_line' id='line_1_66' title="bbox 262 2442 1057 2482; baseline 0.005 -11"><span class='ocrx_word' id='word_1_479' title='bbox 262 2444 338 2471; x_wconf 83' lang='lat' dir='ltr'><strong>Dise.</strong></span> <span class='ocrx_word' id='word_1_480' title='bbox 355 2442 494 2471; x_wconf 78' lang='lat' dir='ltr'><strong>Recordor</strong></span> <span class='ocrx_word' id='word_1_481' title='bbox 518 2451 594 2472; x_wconf 84' lang='lat' dir='ltr'><strong>sane.</strong></span> <span class='ocrx_word' id='word_1_482' title='bbox 615 2444 644 2471; x_wconf 91' lang='lat' dir='ltr'><strong>Si</strong></span> <span class='ocrx_word' id='word_1_483' title='bbox 666 2451 718 2472; x_wconf 91' lang='lat' dir='ltr'><strong>non</strong></span> <span class='ocrx_word' id='word_1_484' title='bbox 743 2447 806 2472; x_wconf 86' lang='lat' dir='ltr'><strong>me&quot;</strong></span> <span class='ocrx_word' id='word_1_485' title='bbox 830 2446 897 2473; x_wconf 77' lang='lat' dir='ltr'><strong>fallit</strong></span> <span class='ocrx_word' id='word_1_486' title='bbox 916 2449 1057 2482; x_wconf 80' lang='lat' dir='ltr'><strong>memoria,</strong></span> 
     </span>
    </p>
   </div>
   <div class='ocr_carea' id='block_1_67' title="bbox 261 2490 1057 2528">
    <p class='ocr_par' dir='ltr' id='par_1_67' title="bbox 261 2490 1057 2528">
     <span class='ocr_line' id='line_1_67' title="bbox 261 2490 1057 2528; baseline 0.008 -11"><span class='ocrx_word' id='word_1_487' title='bbox 261 2494 430 2520; x_wconf 80' lang='lat' dir='ltr'><strong>convenerat</strong></span> <span class='ocrx_word' id='word_1_488' title='bbox 454 2490 563 2526; x_wconf 88' lang='lat' dir='ltr'><strong>quidem</strong></span> <span class='ocrx_word' id='word_1_489' title='bbox 583 2490 654 2519; x_wconf 89' lang='lat' dir='ltr'><strong>inter</strong></span> <span class='ocrx_word' id='word_1_490' title='bbox 673 2498 739 2525; x_wconf 89' lang='lat' dir='ltr'><strong>nos,</strong></span> <span class='ocrx_word' id='word_1_491' title='bbox 761 2492 800 2520; x_wconf 90' lang='lat' dir='ltr'><strong>nil</strong></span> <span class='ocrx_word' id='word_1_492' title='bbox 820 2493 986 2528; x_wconf 89' lang='lat' dir='ltr'><strong>probabilius</strong></span> <span class='ocrx_word' id='word_1_493' title='bbox 1004 2495 1057 2523; x_wconf 69' lang='lat' dir='ltr'><strong>eoB</strong></span> 
     </span>
    </p>
   </div>
   <div class='ocr_carea' id='block_1_68' title="bbox 228 2536 1057 2576">
    <p class='ocr_par' dir='ltr' id='par_1_68' title="bbox 228 2536 1057 2576">
     <span class='ocr_line' id='line_1_68' title="bbox 228 2536 1057 2576; baseline 0.007 -12"><span class='ocrx_word' id='word_1_494' title='bbox 228 2561 230 2563; x_wconf 71' lang='grc'>,</span> <span class='ocrx_word' id='word_1_495' title='bbox 260 2536 375 2571; x_wconf 77' lang='lat' dir='ltr'><strong>nomine</strong></span> <span class='ocrx_word' id='word_1_496' title='bbox 394 2536 551 2573; x_wconf 82' lang='lat' dir='ltr'><strong>signiﬁcari,</strong></span> <span class='ocrx_word' id='word_1_497' title='bbox 567 2544 648 2573; x_wconf 87' lang='lat' dir='ltr'><strong>quam</strong></span> <span class='ocrx_word' id='word_1_498' title='bbox 670 2541 798 2574; x_wconf 88' lang='lat' dir='ltr'><strong>quattuor</strong></span> <span class='ocrx_word' id='word_1_499' title='bbox 820 2539 982 2576; x_wconf 88' lang='lat' dir='ltr'><strong>simplicium</strong></span> <span class='ocrx_word' id='word_1_500' title='bbox 1002 2541 1057 2570; x_wconf 78' lang='lat' dir='ltr'><strong>ele-</strong></span> 
     </span>
    </p>
   </div>
   <div class='ocr_carea' id='block_1_69' title="bbox 1117 924 1915 960">
    <p class='ocr_par' dir='ltr' id='par_1_69' title="bbox 1117 924 1915 960">
     <span class='ocr_line' id='line_1_69' title="bbox 1117 924 1915 960; baseline 0.001 -7"><span class='ocrx_word' id='word_1_501' title='bbox 1117 925 1223 954; x_wconf 88' lang='lat' dir='ltr'><strong>tialium</strong></span> <span class='ocrx_word' id='word_1_502' title='bbox 1245 925 1441 953; x_wconf 87' lang='lat' dir='ltr'><strong>elementorum</strong></span> <span class='ocrx_word' id='word_1_503' title='bbox 1456 945 1462 956; x_wconf 83' lang='lat'><strong>,</strong></span> <span class='ocrx_word' id='word_1_504' title='bbox 1488 925 1550 951; x_wconf 91' lang='lat' dir='ltr'><strong>dum</strong></span> <span class='ocrx_word' id='word_1_505' title='bbox 1575 924 1630 951; x_wconf 89' lang='lat' dir='ltr'><strong>sint</strong></span> <span class='ocrx_word' id='word_1_506' title='bbox 1653 925 1865 960; x_wconf 88' lang='lat' dir='ltr'><strong>incorruptibilia</strong></span> <span class='ocrx_word' id='word_1_507' title='bbox 1888 931 1915 954; x_wconf 85' lang='lat' dir='ltr'><strong>et</strong></span> 
     </span>
    </p>
   </div>
   <div class='ocr_carea' id='block_1_70' title="bbox 1116 970 1915 1004">
    <p class='ocr_par' dir='ltr' id='par_1_70' title="bbox 1116 970 1915 1004">
     <span class='ocr_line' id='line_1_70' title="bbox 1116 970 1915 1004; baseline 0 -6"><span class='ocrx_word' id='word_1_508' title='bbox 1116 971 1280 1004; x_wconf 73' lang='lat' dir='ltr'><strong>insolubilis,</strong></span> <span class='ocrx_word' id='word_1_509' title='bbox 1304 970 1352 998; x_wconf 87' lang='lat' dir='ltr'><strong>sed</strong></span> <span class='ocrx_word' id='word_1_510' title='bbox 1373 978 1407 998; x_wconf 90' lang='lat' dir='ltr'><strong>ex</strong></span> <span class='ocrx_word' id='word_1_511' title='bbox 1426 970 1556 998; x_wconf 78' lang='lat' dir='ltr'><strong>eorum“</strong></span> <span class='ocrx_word' id='word_1_512' title='bbox 1575 970 1749 1004; x_wconf 80' lang='lat' dir='ltr'><strong>qualitatibus</strong></span> <span class='ocrx_word' id='word_1_513' title='bbox 1773 971 1823 998; x_wconf 89' lang='lat' dir='ltr'><strong>sibi</strong></span> <span class='ocrx_word' id='word_1_514' title='bbox 1848 971 1915 999; x_wconf 91' lang='lat' dir='ltr'><strong>invi-</strong></span> 
     </span>
    </p>
   </div>
   <div class='ocr_carea' id='block_1_71' title="bbox 1117 1017 1914 1052">
    <p class='ocr_par' dir='ltr' id='par_1_71' title="bbox 1117 1017 1914 1052">
     <span class='ocr_line' id='line_1_71' title="bbox 1117 1017 1914 1052; baseline -0.001 -7"><span class='ocrx_word' id='word_1_515' title='bbox 1117 1024 1175 1045; x_wconf 87' lang='lat' dir='ltr'><strong>cem</strong></span> <span class='ocrx_word' id='word_1_516' title='bbox 1195 1017 1436 1052; x_wconf 89' lang='lat' dir='ltr'><strong>proportionaliter</strong></span> <span class='ocrx_word' id='word_1_517' title='bbox 1451 1018 1472 1032; x_wconf 83' lang='lat'>”</span> <span class='ocrx_word' id='word_1_518' title='bbox 1490 1017 1622 1051; x_wconf 81' lang='lat' dir='ltr'><strong>copulatis</strong></span> <span class='ocrx_word' id='word_1_519' title='bbox 1643 1024 1757 1051; x_wconf 87' lang='lat' dir='ltr'><strong>corpora</strong></span> <span class='ocrx_word' id='word_1_520' title='bbox 1777 1017 1914 1045; x_wconf 77' lang='lat' dir='ltr'><strong>sensibilis</strong></span> 
     </span>
    </p>
   </div>
   <div class='ocr_carea' id='block_1_72' title="bbox 1117 1063 1912 1098">
    <p class='ocr_par' dir='ltr' id='par_1_72' title="bbox 1117 1063 1912 1098">
     <span class='ocr_line' id='line_1_72' title="bbox 1117 1063 1912 1098; baseline -0.003 -6"><span class='ocrx_word' id='word_1_521' title='bbox 1117 1064 1308 1092; x_wconf 85' lang='lat' dir='ltr'><strong>conﬁciuntur.</strong></span> <span class='ocrx_word' id='word_1_522' title='bbox 1320 1063 1471 1097; x_wconf 84' lang='lat' dir='ltr'><strong>Qualitates</strong></span> <span class='ocrx_word' id='word_1_523' title='bbox 1480 1068 1569 1091; x_wconf 87' lang='lat' dir='ltr'><strong>autem</strong></span> <span class='ocrx_word' id='word_1_524' title='bbox 1578 1067 1705 1098; x_wconf 85' lang='lat' dir='ltr'><strong>quattuor</strong></span> <span class='ocrx_word' id='word_1_525' title='bbox 1716 1063 1912 1090; x_wconf 90' lang='lat' dir='ltr'><strong>elementorum</strong></span> 
     </span>
    </p>
   </div>
   <div class='ocr_carea' id='block_1_73' title="bbox 1115 1108 1910 1144">
    <p class='ocr_par' dir='ltr' id='par_1_73' title="bbox 1115 1108 1910 1144">
     <span class='ocr_line' id='line_1_73' title="bbox 1115 1108 1910 1144; baseline -0.003 -7"><span class='ocrx_word' id='word_1_526' title='bbox 1115 1109 1275 1138; x_wconf 85' lang='lat' dir='ltr'><strong>notissimae</strong></span> <span class='ocrx_word' id='word_1_527' title='bbox 1299 1113 1362 1136; x_wconf 88' lang='lat' dir='ltr'><strong>sunt</strong></span> <span class='ocrx_word' id='word_1_528' title='bbox 1384 1114 1513 1144; x_wconf 77' lang='lat' dir='ltr'><strong>quattuor</strong></span> <span class='ocrx_word' id='word_1_529' title='bbox 1524 1109 1545 1124; x_wconf 82' lang='lat'>”</span> <span class='ocrx_word' id='word_1_530' title='bbox 1562 1117 1568 1135; x_wconf 90' lang='lat'><strong>:</strong></span> <span class='ocrx_word' id='word_1_531' title='bbox 1591 1108 1710 1136; x_wconf 84' lang='lat' dir='ltr'><strong>calidilas</strong></span> <span class='ocrx_word' id='word_1_532' title='bbox 1722 1129 1729 1141; x_wconf 94' lang='lat'><strong>,</strong></span> <span class='ocrx_word' id='word_1_533' title='bbox 1744 1108 1891 1136; x_wconf 91' lang='lat' dir='ltr'><strong>humiditas</strong></span> <span class='ocrx_word' id='word_1_534' title='bbox 1902 1128 1910 1141; x_wconf 85' lang='lat'><strong>,</strong></span> 
     </span>
    </p>
   </div>
   <div class='ocr_carea' id='block_1_74' title="bbox 1117 1155 1911 1191">
    <p class='ocr_par' dir='ltr' id='par_1_74' title="bbox 1117 1155 1911 1191">
     <span class='ocr_line' id='line_1_74' title="bbox 1117 1155 1911 1191; baseline -0.003 -8"><span class='ocrx_word' id='word_1_535' title='bbox 1117 1155 1259 1191; x_wconf 76' lang='lat' dir='ltr'><strong>frigiditas,</strong></span> <span class='ocrx_word' id='word_1_536' title='bbox 1277 1155 1396 1188; x_wconf 84' lang='lat' dir='ltr'><strong>siccitas,</strong></span> <span class='ocrx_word' id='word_1_537' title='bbox 1412 1162 1445 1183; x_wconf 81' lang='lat' dir='ltr'><strong>ex</strong></span> <span class='ocrx_word' id='word_1_538' title='bbox 1461 1155 1558 1190; x_wconf 81' lang='lat' dir='ltr'><strong>quibus</strong></span> <span class='ocrx_word' id='word_1_539' title='bbox 1582 1155 1672 1182; x_wconf 87' lang='lat' dir='ltr'><strong>omnia</strong></span> <span class='ocrx_word' id='word_1_540' title='bbox 1691 1162 1804 1189; x_wconf 84' lang='lat' dir='ltr'><strong>corpora</strong></span> <span class='ocrx_word' id='word_1_541' title='bbox 1825 1159 1911 1182; x_wconf 77' lang='lat' dir='ltr'><strong>mata-</strong></span> 
     </span>
    </p>
   </div>
   <div class='ocr_carea' id='block_1_75' title="bbox 1116 1196 1913 1236">
    <p class='ocr_par' dir='ltr' id='par_1_75' title="bbox 1116 1196 1913 1236">
     <span class='ocr_line' id='line_1_75' title="bbox 1116 1196 1913 1236; baseline -0.003 -8"><span class='ocrx_word' id='word_1_542' title='bbox 1116 1200 1194 1229; x_wconf 87' lang='lat' dir='ltr'><strong>rialia</strong></span> <span class='ocrx_word' id='word_1_543' title='bbox 1219 1200 1332 1236; x_wconf 83' lang='lat' dir='ltr'><strong>adjectis</strong></span> <span class='ocrx_word' id='word_1_544' title='bbox 1359 1199 1455 1227; x_wconf 79' lang='lat' dir='ltr'><strong>formis</strong></span> <span class='ocrx_word' id='word_1_545' title='bbox 1478 1200 1625 1234; x_wconf 88' lang='lat' dir='ltr'><strong>componi,</strong></span> <span class='ocrx_word' id='word_1_546' title='bbox 1651 1200 1762 1235; x_wconf 81' lang='lat' dir='ltr'><strong>physica</strong></span> <span class='ocrx_word' id='word_1_547' title='bbox 1788 1196 1913 1235; x_wconf 68' lang='lat' dir='ltr'><strong>perhibe‘</strong></span> 
     </span>
    </p>
   </div>
   <div class='ocr_carea' id='block_1_76' title="bbox 1117 1246 1913 1281">
    <p class='ocr_par' dir='ltr' id='par_1_76' title="bbox 1117 1246 1913 1281">
     <span class='ocr_line' id='line_1_76' title="bbox 1117 1246 1913 1281; baseline -0.003 -7"><span class='ocrx_word' id='word_1_548' title='bbox 1117 1246 1233 1275; x_wconf 87' lang='lat' dir='ltr'><strong>theoria.</strong></span> <span class='ocrx_word' id='word_1_549' title='bbox 1249 1246 1370 1280; x_wconf 86' lang='lat' dir='ltr'><strong>Quarum</strong></span> <span class='ocrx_word' id='word_1_550' title='bbox 1388 1246 1496 1281; x_wconf 88' lang='lat' dir='ltr'><strong>quidem</strong></span> <span class='ocrx_word' id='word_1_551' title='bbox 1517 1246 1620 1273; x_wconf 85' lang='lat' dir='ltr'><strong>activas</strong></span> <span class='ocrx_word' id='word_1_552' title='bbox 1637 1253 1697 1273; x_wconf 85' lang='lat' dir='ltr'><strong>esse</strong></span> <span class='ocrx_word' id='word_1_553' title='bbox 1717 1246 1782 1273; x_wconf 86' lang='lat' dir='ltr'><strong>duas</strong></span> <span class='ocrx_word' id='word_1_554' title='bbox 1797 1246 1913 1279; x_wconf 87' lang='lat' dir='ltr'><strong>philoso-</strong></span> 
     </span>
    </p>
   </div>
   <div class='ocr_carea' id='block_1_77' title="bbox 1115 1291 1912 1328">
    <p class='ocr_par' dir='ltr' id='par_1_77' title="bbox 1115 1291 1912 1328">
     <span class='ocr_line' id='line_1_77' title="bbox 1115 1291 1912 1328; baseline -0.003 -8"><span class='ocrx_word' id='word_1_555' title='bbox 1115 1293 1162 1328; x_wconf 89' lang='lat' dir='ltr'><strong>phi</strong></span> <span class='ocrx_word' id='word_1_556' title='bbox 1187 1293 1295 1325; x_wconf 84' lang='lat' dir='ltr'><strong>dicunt,</strong></span> <span class='ocrx_word' id='word_1_557' title='bbox 1318 1292 1484 1320; x_wconf 88' lang='lat' dir='ltr'><strong>caliditatem</strong></span> <span class='ocrx_word' id='word_1_558' title='bbox 1509 1297 1535 1318; x_wconf 88' lang='lat' dir='ltr'><strong>ct</strong></span> <span class='ocrx_word' id='word_1_559' title='bbox 1562 1291 1754 1327; x_wconf 80' lang='lat' dir='ltr'><strong>frigiditalem;</strong></span> <span class='ocrx_word' id='word_1_560' title='bbox 1779 1292 1912 1326; x_wconf 78' lang='lat' dir='ltr'><strong>passivas-</strong></span> 
     </span>
    </p>
   </div>
   <div class='ocr_carea' id='block_1_78' title="bbox 1116 1337 1911 1375">
    <p class='ocr_par' dir='ltr' id='par_1_78' title="bbox 1116 1337 1911 1375">
     <span class='ocr_line' id='line_1_78' title="bbox 1116 1337 1911 1375; baseline -0.003 -9"><span class='ocrx_word' id='word_1_561' title='bbox 1116 1346 1168 1375; x_wconf 89' lang='lat' dir='ltr'><strong>que</strong></span> <span class='ocrx_word' id='word_1_562' title='bbox 1183 1339 1203 1355; x_wconf 89' lang='lat'><strong>&quot;</strong></span> <span class='ocrx_word' id='word_1_563' title='bbox 1219 1340 1297 1372; x_wconf 86' lang='lat' dir='ltr'><strong>duas,</strong></span> <span class='ocrx_word' id='word_1_564' title='bbox 1312 1338 1501 1367; x_wconf 86' lang='lat' dir='ltr'><strong>humiditalem</strong></span> <span class='ocrx_word' id='word_1_565' title='bbox 1519 1343 1546 1365; x_wconf 89' lang='lat' dir='ltr'><strong>ct</strong></span> <span class='ocrx_word' id='word_1_566' title='bbox 1562 1338 1724 1364; x_wconf 84' lang='lat' dir='ltr'><strong>ariditatem.</strong></span> <span class='ocrx_word' id='word_1_567' title='bbox 1749 1337 1815 1363; x_wconf 91' lang='lat' dir='ltr'><strong>Dum</strong></span> <span class='ocrx_word' id='word_1_568' title='bbox 1839 1337 1911 1364; x_wconf 86' lang='lat' dir='ltr'><strong>enim</strong></span> 
     </span>
    </p>
   </div>
   <div class='ocr_carea' id='block_1_79' title="bbox 1102 1382 1909 1419">
    <p class='ocr_par' dir='ltr' id='par_1_79' title="bbox 1102 1382 1909 1419">
     <span class='ocr_line' id='line_1_79' title="bbox 1102 1382 1909 1419; baseline -0.005 -6"><span class='ocrx_word' id='word_1_569' title='bbox 1102 1383 1241 1413; x_wconf 42' lang='lat' dir='ltr'><strong>&#39;caliditas</strong></span> <span class='ocrx_word' id='word_1_570' title='bbox 1256 1385 1420 1417; x_wconf 88' lang='lat' dir='ltr'><strong>humiditali,</strong></span> <span class='ocrx_word' id='word_1_571' title='bbox 1443 1390 1469 1412; x_wconf 88' lang='lat' dir='ltr'><strong>et</strong></span> <span class='ocrx_word' id='word_1_572' title='bbox 1494 1384 1625 1419; x_wconf 81' lang='lat' dir='ltr'><strong>frigiditas</strong></span> <span class='ocrx_word' id='word_1_573' title='bbox 1649 1384 1769 1411; x_wconf 87' lang='lat' dir='ltr'><strong>ariditati</strong></span> <span class='ocrx_word' id='word_1_574' title='bbox 1792 1382 1909 1409; x_wconf 82' lang='lat' dir='ltr'><strong>naturali</strong></span> 
     </span>
    </p>
   </div>
   <div class='ocr_carea' id='block_1_80' title="bbox 1116 1430 1910 1467">
    <p class='ocr_par' dir='ltr' id='par_1_80' title="bbox 1116 1430 1910 1467">
     <span class='ocr_line' id='line_1_80' title="bbox 1116 1430 1910 1467; baseline -0.004 -9"><span class='ocrx_word' id='word_1_575' title='bbox 1116 1430 1235 1467; x_wconf 89' lang='lat' dir='ltr'><strong>quodam</strong></span> <span class='ocrx_word' id='word_1_576' title='bbox 1251 1430 1324 1458; x_wconf 90' lang='lat' dir='ltr'><strong>coitu</strong></span> <span class='ocrx_word' id='word_1_577' title='bbox 1342 1430 1499 1461; x_wconf 85' lang='lat' dir='ltr'><strong>miscentur,</strong></span> <span class='ocrx_word' id='word_1_578' title='bbox 1522 1430 1621 1462; x_wconf 87' lang='lat' dir='ltr'><strong>omnia,</strong></span> <span class='ocrx_word' id='word_1_579' title='bbox 1645 1437 1713 1464; x_wconf 85' lang='lat' dir='ltr'><strong>quae</strong></span> <span class='ocrx_word' id='word_1_580' title='bbox 1736 1430 1763 1456; x_wconf 91' lang='lat' dir='ltr'><strong>in</strong></span> <span class='ocrx_word' id='word_1_581' title='bbox 1790 1434 1860 1456; x_wconf 80' lang='lat' dir='ltr'><strong>terra</strong></span> <span class='ocrx_word' id='word_1_582' title='bbox 1883 1433 1910 1455; x_wconf 84' lang='lat' dir='ltr'><strong>et</strong></span> 
     </span>
    </p>
   </div>
   <div class='ocr_carea' id='block_1_81' title="bbox 1116 1475 1911 1512">
    <p class='ocr_par' dir='ltr' id='par_1_81' title="bbox 1116 1475 1911 1512">
     <span class='ocr_line' id='line_1_81' title="bbox 1116 1475 1911 1512; baseline -0.005 -7"><span class='ocrx_word' id='word_1_583' title='bbox 1116 1477 1186 1505; x_wconf 89' lang='lat' dir='ltr'><strong>mari</strong></span> <span class='ocrx_word' id='word_1_584' title='bbox 1210 1482 1379 1510; x_wconf 89' lang='lat' dir='ltr'><strong>nascuntur,</strong></span> <span class='ocrx_word' id='word_1_585' title='bbox 1403 1477 1618 1512; x_wconf 84' lang='lat' dir='ltr'><strong>procreationem</strong></span> <span class='ocrx_word' id='word_1_586' title='bbox 1650 1476 1794 1511; x_wconf 86' lang='lat' dir='ltr'><strong>accipiunt.</strong></span> <span class='ocrx_word' id='word_1_587' title='bbox 1834 1475 1911 1509; x_wconf 84' lang='lat' dir='ltr'><strong>Quod</strong></span> 
     </span>
    </p>
   </div>
   <div class='ocr_carea' id='block_1_82' title="bbox 1116 1520 1617 1558">
    <p class='ocr_par' dir='ltr' id='par_1_82' title="bbox 1116 1520 1617 1558">
     <span class='ocr_line' id='line_1_82' title="bbox 1116 1520 1617 1558; baseline -0.004 -8"><span class='ocrx_word' id='word_1_588' title='bbox 1116 1524 1199 1550; x_wconf 87' lang='lat' dir='ltr'><strong>etiam</strong></span> <span class='ocrx_word' id='word_1_589' title='bbox 1214 1522 1296 1551; x_wconf 87' lang='lat' dir='ltr'><strong>Poeta</strong></span> <span class='ocrx_word' id='word_1_590' title='bbox 1311 1520 1489 1558; x_wconf 84' lang='lat' dir='ltr'><strong>intelligebat,</strong></span> <span class='ocrx_word' id='word_1_591' title='bbox 1506 1522 1599 1549; x_wconf 82' lang='lat' dir='ltr'><strong>dicens</strong></span> <span class='ocrx_word' id='word_1_592' title='bbox 1612 1531 1617 1548; x_wconf 94' lang='lat'><strong>:</strong></span> 
     </span>
    </p>
   </div>
   <div class='ocr_carea' id='block_1_83' title="bbox 1176 1579 1834 1610">
    <p class='ocr_par' dir='ltr' id='par_1_83' title="bbox 1176 1579 1834 1610">
     <span class='ocr_line' id='line_1_83' title="bbox 1176 1579 1834 1610; baseline -0.002 -6"><span class='ocrx_word' id='word_1_593' title='bbox 1176 1579 1238 1604; x_wconf 89' lang='lat' dir='ltr'><strong>Tum</strong></span> <span class='ocrx_word' id='word_1_594' title='bbox 1248 1582 1319 1610; x_wconf 82' lang='lat' dir='ltr'><strong>pater</strong></span> <span class='ocrx_word' id='word_1_595' title='bbox 1331 1579 1486 1610; x_wconf 83' lang='lat' dir='ltr'><strong>omnipotens</strong></span> <span class='ocrx_word' id='word_1_596' title='bbox 1496 1579 1607 1604; x_wconf 74' lang='lat' dir='ltr'><strong>fecundis</strong></span> <span class='ocrx_word' id='word_1_597' title='bbox 1619 1579 1735 1603; x_wconf 83' lang='lat' dir='ltr'><strong>imbribus</strong></span> <span class='ocrx_word' id='word_1_598' title='bbox 1748 1580 1834 1604; x_wconf 81' lang='lat' dir='ltr'><strong>aether</strong></span> 
     </span>
    </p>
   </div>
   <div class='ocr_carea' id='block_1_84' title="bbox 1175 1610 1711 1642">
    <p class='ocr_par' dir='ltr' id='par_1_84' title="bbox 1175 1610 1711 1642">
     <span class='ocr_line' id='line_1_84' title="bbox 1175 1610 1711 1642; baseline -0.002 -6"><span class='ocrx_word' id='word_1_599' title='bbox 1175 1611 1291 1642; x_wconf 77' lang='lat' dir='ltr'><strong>Ooujugis</strong></span> <span class='ocrx_word' id='word_1_600' title='bbox 1301 1611 1326 1635; x_wconf 90' lang='lat' dir='ltr'><strong>in</strong></span> <span class='ocrx_word' id='word_1_601' title='bbox 1338 1611 1457 1642; x_wconf 82' lang='lat' dir='ltr'><strong>gremium</strong></span> <span class='ocrx_word' id='word_1_602' title='bbox 1471 1610 1534 1636; x_wconf 88' lang='lat' dir='ltr'><strong>laete</strong></span> <span class='ocrx_word' id='word_1_603' title='bbox 1546 1611 1676 1635; x_wconf 78' lang='lat' dir='ltr'><strong>descendit</strong></span> <span class='ocrx_word' id='word_1_604' title='bbox 1688 1611 1711 1635; x_wconf 75' lang='grc'>⁸.</span> 
     </span>
    </p>
   </div>
   <div class='ocr_carea' id='block_1_85' title="bbox 1150 1662 1909 1698">
    <p class='ocr_par' dir='ltr' id='par_1_85' title="bbox 1150 1662 1909 1698">
     <span class='ocr_line' id='line_1_85' title="bbox 1150 1662 1909 1698; baseline 0 -8"><span class='ocrx_word' id='word_1_605' title='bbox 1150 1663 1259 1690; x_wconf 87' lang='lat' dir='ltr'><strong>Patrem</strong></span> <span class='ocrx_word' id='word_1_606' title='bbox 1282 1663 1416 1698; x_wconf 87' lang='lat' dir='ltr'><strong>siquidem</strong></span> <span class='ocrx_word' id='word_1_607' title='bbox 1442 1663 1547 1698; x_wconf 80' lang='lat' dir='ltr'><strong>igneam</strong></span> <span class='ocrx_word' id='word_1_608' title='bbox 1565 1662 1749 1697; x_wconf 73' lang='lat' dir='ltr'><strong>qualitatem,</strong></span> <span class='ocrx_word' id='word_1_609' title='bbox 1776 1669 1844 1696; x_wconf 85' lang='lat' dir='ltr'><strong>quae</strong></span> <span class='ocrx_word' id='word_1_610' title='bbox 1867 1667 1909 1690; x_wconf 86' lang='lat' dir='ltr'><strong>est</strong></span> 
     </span>
    </p>
   </div>
   <div class='ocr_carea' id='block_1_86' title="bbox 1114 1709 1908 1744">
    <p class='ocr_par' dir='ltr' id='par_1_86' title="bbox 1114 1709 1908 1744">
     <span class='ocr_line' id='line_1_86' title="bbox 1114 1709 1908 1744; baseline -0.001 -7"><span class='ocrx_word' id='word_1_611' title='bbox 1114 1709 1257 1741; x_wconf 87' lang='lat' dir='ltr'><strong>caliditas.</strong></span> <span class='ocrx_word' id='word_1_612' title='bbox 1278 1709 1406 1738; x_wconf 79' lang='lat' dir='ltr'><strong>fecundos</strong></span> <span class='ocrx_word' id='word_1_613' title='bbox 1428 1717 1493 1737; x_wconf 89' lang='lat' dir='ltr'><strong>vero</strong></span> <span class='ocrx_word' id='word_1_614' title='bbox 1516 1709 1617 1737; x_wconf 89' lang='lat' dir='ltr'><strong>imbres</strong></span> <span class='ocrx_word' id='word_1_615' title='bbox 1644 1709 1814 1744; x_wconf 86' lang='lat' dir='ltr'><strong>aquaticam,</strong></span> <span class='ocrx_word' id='word_1_616' title='bbox 1838 1716 1908 1743; x_wconf 86' lang='lat' dir='ltr'><strong>quae</strong></span> 
     </span>
    </p>
   </div>
   <div class='ocr_carea' id='block_1_87' title="bbox 1114 1753 1908 1790">
    <p class='ocr_par' dir='ltr' id='par_1_87' title="bbox 1114 1753 1908 1790">
     <span class='ocr_line' id='line_1_87' title="bbox 1114 1753 1908 1790; baseline -0.004 -8"><span class='ocrx_word' id='word_1_617' title='bbox 1114 1759 1157 1782; x_wconf 88' lang='lat' dir='ltr'><strong>est</strong></span> <span class='ocrx_word' id='word_1_618' title='bbox 1180 1754 1332 1790; x_wconf 80' lang='lat' dir='ltr'><strong>frigiditas,</strong></span> <span class='ocrx_word' id='word_1_619' title='bbox 1358 1754 1517 1790; x_wconf 82' lang='lat' dir='ltr'><strong>appellavit;</strong></span> <span class='ocrx_word' id='word_1_620' title='bbox 1542 1754 1665 1790; x_wconf 73' lang='lat' dir='ltr'><strong>conjugis</strong></span> <span class='ocrx_word' id='word_1_621' title='bbox 1688 1761 1754 1782; x_wconf 89' lang='lat' dir='ltr'><strong>vero</strong></span> <span class='ocrx_word' id='word_1_622' title='bbox 1777 1753 1908 1789; x_wconf 89' lang='lat' dir='ltr'><strong>gremium</strong></span> 
     </span>
    </p>
   </div>
   <div class='ocr_carea' id='block_1_88' title="bbox 1115 1799 1910 1836">
    <p class='ocr_par' dir='ltr' id='par_1_88' title="bbox 1115 1799 1910 1836">
     <span class='ocr_line' id='line_1_88' title="bbox 1115 1799 1910 1836; baseline -0.003 -8"><span class='ocrx_word' id='word_1_623' title='bbox 1115 1800 1282 1829; x_wconf 76' lang='lat' dir='ltr'><strong>fertilitatem</strong></span> <span class='ocrx_word' id='word_1_624' title='bbox 1299 1801 1479 1834; x_wconf 89' lang='lat' dir='ltr'><strong>humiditatis,</strong></span> <span class='ocrx_word' id='word_1_625' title='bbox 1493 1807 1562 1836; x_wconf 86' lang='lat' dir='ltr'><strong>quae</strong></span> <span class='ocrx_word' id='word_1_626' title='bbox 1576 1804 1619 1828; x_wconf 83' lang='lat' dir='ltr'><strong>est</strong></span> <span class='ocrx_word' id='word_1_627' title='bbox 1632 1799 1748 1835; x_wconf 83' lang='lat' dir='ltr'><strong>qualitas</strong></span> <span class='ocrx_word' id='word_1_628' title='bbox 1764 1799 1835 1827; x_wconf 87' lang='lat' dir='ltr'><strong>aeris</strong></span> <span class='ocrx_word' id='word_1_629' title='bbox 1847 1805 1910 1835; x_wconf 87' lang='lat' dir='ltr'><strong>pro-</strong></span> 
     </span>
    </p>
   </div>
   <div class='ocr_carea' id='block_1_89' title="bbox 1114 1846 1908 1882">
    <p class='ocr_par' dir='ltr' id='par_1_89' title="bbox 1114 1846 1908 1882">
     <span class='ocr_line' id='line_1_89' title="bbox 1114 1846 1908 1882; baseline -0.003 -8"><span class='ocrx_word' id='word_1_630' title='bbox 1114 1847 1184 1882; x_wconf 90' lang='lat' dir='ltr'><strong>pria,</strong></span> <span class='ocrx_word' id='word_1_631' title='bbox 1201 1851 1228 1874; x_wconf 88' lang='lat' dir='ltr'><strong>et</strong></span> <span class='ocrx_word' id='word_1_632' title='bbox 1242 1847 1386 1880; x_wconf 87' lang='lat' dir='ltr'><strong>ariditatis,</strong></span> <span class='ocrx_word' id='word_1_633' title='bbox 1406 1854 1476 1882; x_wconf 88' lang='lat' dir='ltr'><strong>quae</strong></span> <span class='ocrx_word' id='word_1_634' title='bbox 1494 1852 1536 1875; x_wconf 88' lang='lat' dir='ltr'><strong>est</strong></span> <span class='ocrx_word' id='word_1_635' title='bbox 1558 1850 1648 1874; x_wconf 88' lang='lat' dir='ltr'><strong>terrae</strong></span> <span class='ocrx_word' id='word_1_636' title='bbox 1671 1846 1826 1882; x_wconf 85' lang='lat' dir='ltr'><strong>qualitativa</strong></span> <span class='ocrx_word' id='word_1_637' title='bbox 1842 1853 1908 1880; x_wconf 87' lang='lat' dir='ltr'><strong>pro-</strong></span> 
     </span>
    </p>
   </div>
   <div class='ocr_carea' id='block_1_90' title="bbox 1113 1889 1908 1928">
    <p class='ocr_par' dir='ltr' id='par_1_90' title="bbox 1113 1889 1908 1928">
     <span class='ocr_line' id='line_1_90' title="bbox 1113 1889 1908 1928; baseline -0.003 -9"><span class='ocrx_word' id='word_1_638' title='bbox 1113 1893 1229 1928; x_wconf 85' lang='lat' dir='ltr'><strong>prietas,</strong></span> <span class='ocrx_word' id='word_1_639' title='bbox 1243 1892 1376 1926; x_wconf 85' lang='lat' dir='ltr'><strong>vocando,</strong></span> <span class='ocrx_word' id='word_1_640' title='bbox 1392 1893 1472 1920; x_wconf 93' lang='lat' dir='ltr'><strong>unius</strong></span> <span class='ocrx_word' id='word_1_641' title='bbox 1485 1892 1568 1920; x_wconf 87' lang='lat' dir='ltr'><strong>veluti</strong></span> <span class='ocrx_word' id='word_1_642' title='bbox 1583 1892 1676 1919; x_wconf 86' lang='lat' dir='ltr'><strong>uxoris</strong></span> <span class='ocrx_word' id='word_1_643' title='bbox 1691 1890 1874 1919; x_wconf 88' lang='lat' dir='ltr'><strong>nominatione</strong></span> <span class='ocrx_word' id='word_1_644' title='bbox 1883 1889 1908 1906; x_wconf 86' lang='grc'><strong>¹⁸</strong></span> 
     </span>
    </p>
   </div>
   <div class='ocr_carea' id='block_1_91' title="bbox 1115 1937 1909 1974">
    <p class='ocr_par' dir='ltr' id='par_1_91' title="bbox 1115 1937 1909 1974">
     <span class='ocr_line' id='line_1_91' title="bbox 1115 1937 1909 1974; baseline -0.001 -8"><span class='ocrx_word' id='word_1_645' title='bbox 1115 1943 1216 1966; x_wconf 89' lang='lat' dir='ltr'><strong>terram</strong></span> <span class='ocrx_word' id='word_1_646' title='bbox 1236 1946 1298 1966; x_wconf 90' lang='lat' dir='ltr'><strong>cum</strong></span> <span class='ocrx_word' id='word_1_647' title='bbox 1321 1939 1372 1966; x_wconf 89' lang='lat' dir='ltr'><strong>sibi</strong></span> <span class='ocrx_word' id='word_1_648' title='bbox 1396 1938 1555 1974; x_wconf 87' lang='lat' dir='ltr'><strong>proximiori</strong></span> <span class='ocrx_word' id='word_1_649' title='bbox 1579 1942 1606 1966; x_wconf 88' lang='lat' dir='ltr'><strong>et</strong></span> <span class='ocrx_word' id='word_1_650' title='bbox 1627 1937 1823 1973; x_wconf 87' lang='lat' dir='ltr'><strong>corpulentiori</strong></span> <span class='ocrx_word' id='word_1_651' title='bbox 1846 1942 1909 1965; x_wconf 80' lang='lat' dir='ltr'><strong>aere</strong></span> 
     </span>
    </p>
   </div>
   <div class='ocr_carea' id='block_1_92' title="bbox 1114 1983 1907 2022">
    <p class='ocr_par' dir='ltr' id='par_1_92' title="bbox 1114 1983 1907 2022">
     <span class='ocr_line' id='line_1_92' title="bbox 1114 1983 1907 2022; baseline -0.005 -8"><span class='ocrx_word' id='word_1_652' title='bbox 1114 1985 1286 2022; x_wconf 74' lang='lat' dir='ltr'><strong>signiﬁcavit.</strong></span> <span class='ocrx_word' id='word_1_653' title='bbox 1307 1985 1377 2013; x_wconf 86' lang='lat' dir='ltr'><strong>Hinc</strong></span> <span class='ocrx_word' id='word_1_654' title='bbox 1396 1985 1540 2021; x_wconf 84' lang='lat' dir='ltr'><strong>colligitur,</strong></span> <span class='ocrx_word' id='word_1_655' title='bbox 1556 1989 1587 2012; x_wconf 84' lang='lat' dir='ltr'><strong>ut</strong></span> <span class='ocrx_word' id='word_1_656' title='bbox 1609 1985 1678 2012; x_wconf 87' lang='lat' dir='ltr'><strong>duae</strong></span> <span class='ocrx_word' id='word_1_657' title='bbox 1696 1983 1841 2019; x_wconf 81' lang='lat' dir='ltr'><strong>qualitates</strong></span> <span class='ocrx_word' id='word_1_658' title='bbox 1861 1990 1907 2011; x_wconf 89' lang='lat' dir='ltr'><strong>ac-</strong></span> 
     </span>
    </p>
   </div>
   <div class='ocr_carea' id='block_1_93' title="bbox 1114 2028 1909 2063">
    <p class='ocr_par' dir='ltr' id='par_1_93' title="bbox 1114 2028 1909 2063">
     <span class='ocr_line' id='line_1_93' title="bbox 1114 2028 1909 2063; baseline -0.004 -4"><span class='ocrx_word' id='word_1_659' title='bbox 1114 2032 1186 2060; x_wconf 84' lang='lat' dir='ltr'><strong>tivae</strong></span> <span class='ocrx_word' id='word_1_660' title='bbox 1210 2031 1261 2058; x_wconf 89' lang='lat' dir='ltr'><strong>sibi</strong></span> <span class='ocrx_word' id='word_1_661' title='bbox 1286 2031 1404 2059; x_wconf 89' lang='lat' dir='ltr'><strong>invicem</strong></span> <span class='ocrx_word' id='word_1_662' title='bbox 1428 2030 1591 2063; x_wconf 85' lang='lat' dir='ltr'><strong>contrariae,</strong></span> <span class='ocrx_word' id='word_1_663' title='bbox 1609 2029 1776 2058; x_wconf 86' lang='lat' dir='ltr'><strong>caliditatem</strong></span> <span class='ocrx_word' id='word_1_664' title='bbox 1800 2028 1862 2056; x_wconf 87' lang='lat' dir='ltr'><strong>dico</strong></span> <span class='ocrx_word' id='word_1_665' title='bbox 1880 2031 1909 2056; x_wconf 87' lang='lat' dir='ltr'><strong>et</strong></span> 
     </span>
    </p>
   </div>
   <div class='ocr_carea' id='block_1_94' title="bbox 1112 2074 1906 2113">
    <p class='ocr_par' dir='ltr' id='par_1_94' title="bbox 1112 2074 1906 2113">
     <span class='ocr_line' id='line_1_94' title="bbox 1112 2074 1906 2113; baseline -0.004 -8"><span class='ocrx_word' id='word_1_666' title='bbox 1112 2077 1349 2113; x_wconf 74' lang='lat' dir='ltr'><strong>frigiditatem“,‘</strong></span> <span class='ocrx_word' id='word_1_667' title='bbox 1359 2076 1463 2105; x_wconf 88' lang='lat' dir='ltr'><strong>duabus</strong></span> <span class='ocrx_word' id='word_1_668' title='bbox 1486 2076 1601 2111; x_wconf 83' lang='lat' dir='ltr'><strong>passivis</strong></span> <span class='ocrx_word' id='word_1_669' title='bbox 1626 2075 1735 2103; x_wconf 86' lang='lat' dir='ltr'><strong>sibimet</strong></span> <span class='ocrx_word' id='word_1_670' title='bbox 1759 2074 1906 2110; x_wconf 81' lang='lat' dir='ltr'><strong>oppositis,</strong></span> 
     </span>
    </p>
   </div>
   <div class='ocr_carea' id='block_1_95' title="bbox 1113 2120 1906 2157">
    <p class='ocr_par' dir='ltr' id='par_1_95' title="bbox 1113 2120 1906 2157">
     <span class='ocr_line' id='line_1_95' title="bbox 1113 2120 1906 2157; baseline -0.006 -5"><span class='ocrx_word' id='word_1_671' title='bbox 1113 2124 1265 2152; x_wconf 85' lang='lat' dir='ltr'><strong>humiditati</strong></span> <span class='ocrx_word' id='word_1_672' title='bbox 1279 2123 1404 2152; x_wconf 90' lang='lat' dir='ltr'><strong>videlicet</strong></span> <span class='ocrx_word' id='word_1_673' title='bbox 1418 2127 1445 2151; x_wconf 90' lang='lat' dir='ltr'><strong>et</strong></span> <span class='ocrx_word' id='word_1_674' title='bbox 1468 2121 1587 2151; x_wconf 82' lang='lat' dir='ltr'><strong>ariditati</strong></span> <span class='ocrx_word' id='word_1_675' title='bbox 1610 2121 1762 2157; x_wconf 87' lang='lat' dir='ltr'><strong>copulatae,</strong></span> <span class='ocrx_word' id='word_1_676' title='bbox 1784 2120 1906 2149; x_wconf 80' lang='lat' dir='ltr'><strong>occasio-</strong></span> 
     </span>
    </p>
   </div>
   <div class='ocr_carea' id='block_1_96' title="bbox 1113 2168 1906 2204">
    <p class='ocr_par' dir='ltr' id='par_1_96' title="bbox 1113 2168 1906 2204">
     <span class='ocr_line' id='line_1_96' title="bbox 1113 2168 1906 2204; baseline -0.006 -5"><span class='ocrx_word' id='word_1_677' title='bbox 1113 2179 1175 2199; x_wconf 90' lang='lat' dir='ltr'><strong>nem</strong></span> <span class='ocrx_word' id='word_1_678' title='bbox 1199 2171 1323 2199; x_wconf 91' lang='lat' dir='ltr'><strong>omnibus</strong></span> <span class='ocrx_word' id='word_1_679' title='bbox 1338 2171 1365 2199; x_wconf 93' lang='lat' dir='ltr'><strong>in</strong></span> <span class='ocrx_word' id='word_1_680' title='bbox 1382 2174 1456 2198; x_wconf 90' lang='lat' dir='ltr'><strong>terra</strong></span> <span class='ocrx_word' id='word_1_681' title='bbox 1469 2174 1496 2198; x_wconf 88' lang='lat' dir='ltr'><strong>et</strong></span> <span class='ocrx_word' id='word_1_682' title='bbox 1510 2169 1537 2197; x_wconf 93' lang='lat' dir='ltr'><strong>in</strong></span> <span class='ocrx_word' id='word_1_683' title='bbox 1550 2169 1628 2204; x_wconf 87' lang='lat' dir='ltr'><strong>aquis</strong></span> <span class='ocrx_word' id='word_1_684' title='bbox 1642 2168 1816 2196; x_wconf 87' lang='lat' dir='ltr'><strong>nascentibus</strong></span> <span class='ocrx_word' id='word_1_685' title='bbox 1826 2174 1906 2203; x_wconf 89' lang='lat' dir='ltr'><strong>prae-</strong></span> 
     </span>
    </p>
   </div>
   <div class='ocr_carea' id='block_1_97' title="bbox 1112 2213 1906 2253">
    <p class='ocr_par' dir='ltr' id='par_1_97' title="bbox 1112 2213 1906 2253">
     <span class='ocr_line' id='line_1_97' title="bbox 1112 2213 1906 2253; baseline -0.006 -8"><span class='ocrx_word' id='word_1_686' title='bbox 1112 2217 1195 2245; x_wconf 88' lang='lat' dir='ltr'><strong>bcant</strong></span> <span class='ocrx_word' id='word_1_687' title='bbox 1216 2216 1399 2253; x_wconf 85' lang='lat' dir='ltr'><strong>generationis</strong></span> <span class='ocrx_word' id='word_1_688' title='bbox 1420 2220 1448 2244; x_wconf 89' lang='lat' dir='ltr'><strong>et</strong></span> <span class='ocrx_word' id='word_1_689' title='bbox 1473 2216 1713 2244; x_wconf 88' lang='lat' dir='ltr'><strong>incrementorum.</strong></span> <span class='ocrx_word' id='word_1_690' title='bbox 1739 2213 1774 2242; x_wconf 83' lang='lat' dir='ltr'><strong>Et</strong></span> <span class='ocrx_word' id='word_1_691' title='bbox 1793 2220 1827 2242; x_wconf 86' lang='lat' dir='ltr'><strong>ne</strong></span> <span class='ocrx_word' id='word_1_692' title='bbox 1845 2213 1906 2249; x_wconf 89' lang='lat' dir='ltr'><strong>quis</strong></span> 
     </span>
    </p>
   </div>
   <div class='ocr_carea' id='block_1_98' title="bbox 1114 2259 1906 2299">
    <p class='ocr_par' dir='ltr' id='par_1_98' title="bbox 1114 2259 1906 2299">
     <span class='ocr_line' id='line_1_98' title="bbox 1114 2259 1906 2299; baseline -0.006 -8"><span class='ocrx_word' id='word_1_693' title='bbox 1114 2263 1238 2296; x_wconf 87' lang='lat' dir='ltr'><strong>miretur,</strong></span> <span class='ocrx_word' id='word_1_694' title='bbox 1256 2263 1442 2299; x_wconf 80' lang='lat' dir='ltr'><strong>frigiditatem,</strong></span> <span class='ocrx_word' id='word_1_695' title='bbox 1458 2262 1521 2290; x_wconf 84' lang='lat' dir='ltr'><strong>dum</strong></span> <span class='ocrx_word' id='word_1_696' title='bbox 1534 2262 1569 2290; x_wconf 92' lang='lat' dir='ltr'><strong>sit</strong></span> <span class='ocrx_word' id='word_1_697' title='bbox 1582 2261 1691 2297; x_wconf 85' lang='lat' dir='ltr'><strong>proprie</strong></span> <span class='ocrx_word' id='word_1_698' title='bbox 1711 2267 1852 2297; x_wconf 86' lang='lat' dir='ltr'><strong>aquarum,</strong></span> <span class='ocrx_word' id='word_1_699' title='bbox 1871 2259 1906 2286; x_wconf 84' lang='lat' dir='ltr'><strong>de</strong></span> 
     </span>
    </p>
   </div>
   <div class='ocr_carea' id='block_1_99' title="bbox 1112 2304 1905 2345">
    <p class='ocr_par' dir='ltr' id='par_1_99' title="bbox 1112 2304 1905 2345">
     <span class='ocr_line' id='line_1_99' title="bbox 1112 2304 1905 2345; baseline -0.005 -8"><span class='ocrx_word' id='word_1_700' title='bbox 1112 2309 1296 2345; x_wconf 78' lang='lat' dir='ltr'><strong>superioribus</strong></span> <span class='ocrx_word' id='word_1_701' title='bbox 1317 2309 1397 2345; x_wconf 84' lang='lat' dir='ltr'><strong>hujus</strong></span> <span class='ocrx_word' id='word_1_702' title='bbox 1409 2309 1481 2337; x_wconf 87' lang='lat' dir='ltr'><strong>aeris</strong></span> <span class='ocrx_word' id='word_1_703' title='bbox 1495 2308 1614 2344; x_wconf 86' lang='lat' dir='ltr'><strong>partibus</strong></span> <span class='ocrx_word' id='word_1_704' title='bbox 1626 2307 1709 2335; x_wconf 87' lang='lat' dir='ltr'><strong>veluti</strong></span> <span class='ocrx_word' id='word_1_705' title='bbox 1724 2307 1750 2334; x_wconf 91' lang='lat' dir='ltr'><strong>in</strong></span> <span class='ocrx_word' id='word_1_706' title='bbox 1773 2304 1905 2342; x_wconf 82' lang='lat' dir='ltr'><strong>gremium</strong></span> 
     </span>
    </p>
   </div>
   <div class='ocr_carea' id='block_1_100' title="bbox 1087 2351 1904 2392">
    <p class='ocr_par' dir='ltr' id='par_1_100' title="bbox 1087 2351 1904 2392">
     <span class='ocr_line' id='line_1_100' title="bbox 1087 2351 1904 2392; baseline -0.006 -9"><span class='ocrx_word' id='word_1_707' title='bbox 1087 2388 1091 2392; x_wconf 93' lang='lat'><em>_</em></span> <span class='ocrx_word' id='word_1_708' title='bbox 1112 2360 1236 2383; x_wconf 89' lang='lat' dir='ltr'><strong>terrenae</strong></span> <span class='ocrx_word' id='word_1_709' title='bbox 1250 2354 1413 2383; x_wconf 79' lang='lat' dir='ltr'><strong>&quot;ariditatis</strong></span> <span class='ocrx_word' id='word_1_710' title='bbox 1421 2354 1594 2388; x_wconf 89' lang='lat' dir='ltr'><strong>descendere,</strong></span> <span class='ocrx_word' id='word_1_711' title='bbox 1610 2357 1765 2389; x_wconf 86' lang='lat' dir='ltr'><strong>cognoscat,</strong></span> <span class='ocrx_word' id='word_1_712' title='bbox 1782 2358 1867 2388; x_wconf 86' lang='lat' dir='ltr'><strong>aquas</strong></span> <span class='ocrx_word' id='word_1_713' title='bbox 1877 2351 1904 2378; x_wconf 94' lang='lat' dir='ltr'><strong>in</strong></span> 
     </span>
    </p>
   </div>
   <div class='ocr_carea' id='block_1_101' title="bbox 1112 2396 1903 2436">
    <p class='ocr_par' dir='ltr' id='par_1_101' title="bbox 1112 2396 1903 2436">
     <span class='ocr_line' id='line_1_101' title="bbox 1112 2396 1903 2436; baseline -0.01 -6"><span class='ocrx_word' id='word_1_714' title='bbox 1112 2401 1229 2430; x_wconf 89' lang='lat' dir='ltr'><strong>nubibus</strong></span> <span class='ocrx_word' id='word_1_715' title='bbox 1252 2408 1396 2436; x_wconf 86' lang='lat' dir='ltr'><strong>suspensas</strong></span> <span class='ocrx_word' id='word_1_716' title='bbox 1407 2400 1560 2436; x_wconf 79' lang='lat' dir='ltr'><strong>frigidiores</strong></span> <span class='ocrx_word' id='word_1_717' title='bbox 1578 2407 1638 2427; x_wconf 88' lang='lat' dir='ltr'><strong>esse</strong></span> <span class='ocrx_word' id='word_1_718' title='bbox 1662 2398 1773 2426; x_wconf 86' lang='lat' dir='ltr'><strong>marinis</strong></span> <span class='ocrx_word' id='word_1_719' title='bbox 1790 2396 1903 2424; x_wconf 82' lang='lat' dir='ltr'><strong>ﬂuviali-</strong></span> 
     </span>
    </p>
   </div>
   <div class='ocr_carea' id='block_1_102' title="bbox 1111 2442 1903 2483">
    <p class='ocr_par' dir='ltr' id='par_1_102' title="bbox 1111 2442 1903 2483">
     <span class='ocr_line' id='line_1_102' title="bbox 1111 2442 1903 2483; baseline -0.011 -7"><span class='ocrx_word' id='word_1_720' title='bbox 1111 2449 1215 2483; x_wconf 87' lang='lat' dir='ltr'><strong>busque</strong></span> <span class='ocrx_word' id='word_1_721' title='bbox 1228 2447 1346 2476; x_wconf 79' lang='lat' dir='ltr'><strong>fluentis.</strong></span> <span class='ocrx_word' id='word_1_722' title='bbox 1360 2447 1388 2474; x_wconf 91' lang='lat' dir='ltr'><strong>Si</strong></span> <span class='ocrx_word' id='word_1_723' title='bbox 1397 2452 1486 2474; x_wconf 82' lang='lat' dir='ltr'><strong>autent</strong></span> <span class='ocrx_word' id='word_1_724' title='bbox 1499 2446 1532 2474; x_wconf 87' lang='lat' dir='ltr'><strong>ad</strong></span> <span class='ocrx_word' id='word_1_725' title='bbox 1548 2446 1615 2474; x_wconf 88' lang='lat' dir='ltr'><strong>haec</strong></span> <span class='ocrx_word' id='word_1_726' title='bbox 1626 2445 1685 2480; x_wconf 91' lang='lat' dir='ltr'><strong>quis</strong></span> <span class='ocrx_word' id='word_1_727' title='bbox 1696 2442 1805 2475; x_wconf 85' lang='lat' dir='ltr'><strong>dixerit,</strong></span> <span class='ocrx_word' id='word_1_728' title='bbox 1817 2447 1903 2476; x_wconf 88' lang='lat' dir='ltr'><strong>quare</strong></span> 
     </span>
    </p>
   </div>
   <div class='ocr_carea' id='block_1_103' title="bbox 1110 2486 1903 2531">
    <p class='ocr_par' dir='ltr' id='par_1_103' title="bbox 1110 2486 1903 2531">
     <span class='ocr_line' id='line_1_103' title="bbox 1110 2486 1903 2531; baseline -0.013 -8"><span class='ocrx_word' id='word_1_729' title='bbox 1110 2503 1175 2530; x_wconf 82' lang='lat' dir='ltr'><strong>ergo</strong></span> <span class='ocrx_word' id='word_1_730' title='bbox 1188 2495 1264 2523; x_wconf 91' lang='lat' dir='ltr'><strong>multi</strong></span> <span class='ocrx_word' id='word_1_731' title='bbox 1279 2494 1513 2531; x_wconf 86' lang='lat' dir='ltr'><strong>philosophorum,</strong></span> <span class='ocrx_word' id='word_1_732' title='bbox 1528 2497 1596 2521; x_wconf 87' lang='lat' dir='ltr'><strong>teste</strong></span> <span class='ocrx_word' id='word_1_733' title='bbox 1609 2491 1637 2519; x_wconf 89' lang='lat' dir='ltr'><strong>S.</strong></span> <span class='ocrx_word' id='word_1_734' title='bbox 1651 2486 1903 2524; x_wconf 78' lang='lat' dir='ltr'><strong>Augustino,‘aﬁir-</strong></span> 
     </span>
    </p>
   </div>
   <div class='ocr_carea' id='block_1_104' title="bbox 1109 2539 1904 2578">
    <p class='ocr_par' dir='ltr' id='par_1_104' title="bbox 1109 2539 1904 2578">
     <span class='ocr_line' id='line_1_104' title="bbox 1109 2539 1904 2578; baseline -0.014 -7"><span class='ocrx_word' id='word_1_735' title='bbox 1109 2547 1195 2576; x_wconf 89' lang='lat' dir='ltr'><strong>mant,</strong></span> <span class='ocrx_word' id='word_1_736' title='bbox 1210 2542 1300 2578; x_wconf 84' lang='lat' dir='ltr'><strong>ignem</strong></span> <span class='ocrx_word' id='word_1_737' title='bbox 1315 2545 1343 2569; x_wconf 92' lang='lat' dir='ltr'><strong>et</strong></span> <span class='ocrx_word' id='word_1_738' title='bbox 1361 2548 1424 2569; x_wconf 87' lang='lat' dir='ltr'><strong>aera</strong></span> <span class='ocrx_word' id='word_1_739' title='bbox 1436 2540 1458 2556; x_wconf 88' lang='grc'><strong>¹¹</strong></span> <span class='ocrx_word' id='word_1_740' title='bbox 1470 2547 1561 2575; x_wconf 77' lang='lat' dir='ltr'><strong>agere,</strong></span> <span class='ocrx_word' id='word_1_741' title='bbox 1576 2545 1673 2574; x_wconf 87' lang='lat' dir='ltr'><strong>aquam</strong></span> <span class='ocrx_word' id='word_1_742' title='bbox 1682 2543 1747 2564; x_wconf 89' lang='lat' dir='ltr'><strong>vero</strong></span> <span class='ocrx_word' id='word_1_743' title='bbox 1760 2539 1788 2563; x_wconf 90' lang='lat' dir='ltr'><strong>et</strong></span> <span class='ocrx_word' id='word_1_744' title='bbox 1803 2539 1904 2562; x_wconf 84' lang='lat' dir='ltr'><strong>terram</strong></span> 
     </span>
    </p>
   </div>
   <div class='ocr_carea' id='block_1_105' title="bbox 921 2598 1269 2628">
    <p class='ocr_par' dir='ltr' id='par_1_105' title="bbox 921 2598 1269 2628">
     <span class='ocr_line' id='line_1_105' title="bbox 921 2598 1269 2628; baseline 0.006 -2"><span class='ocrx_word' id='word_1_745' title='bbox 921 2598 1049 2627; x_wconf 75' lang='lat' dir='ltr'><strong>VARIAF.</strong></span> <span class='ocrx_word' id='word_1_746' title='bbox 1067 2598 1269 2628; x_wconf 79' lang='lat' dir='ltr'><strong>LECTIONES.</strong></span> 
     </span>
    </p>
   </div>
   <div class='ocr_carea' id='block_1_106' title="bbox 299 2641 1904 2683">
    <p class='ocr_par' dir='ltr' id='par_1_106' title="bbox 299 2641 1904 2683">
     <span class='ocr_line' id='line_1_106' title="bbox 299 2641 1904 2683; baseline -0.006 -7"><span class='ocrx_word' id='word_1_747' title='bbox 299 2643 308 2683; x_wconf 57' lang='grc' dir='ltr'><em>ξ</em></span> <span class='ocrx_word' id='word_1_748' title='bbox 331 2647 355 2670; x_wconf 69' lang='grc' dir='ltr'><strong>σε</strong></span> <span class='ocrx_word' id='word_1_749' title='bbox 366 2650 432 2683; x_wconf 50' lang='grc' dir='ltr'><strong>,01η-</strong></span> <span class='ocrx_word' id='word_1_750' title='bbox 453 2642 487 2683; x_wconf 48' lang='grc' dir='ltr'><strong>Α)</strong></span> <span class='ocrx_word' id='word_1_751' title='bbox 526 2642 598 2683; x_wconf 77' lang='lat' dir='ltr'><strong>&#39;__vel</strong></span> <span class='ocrx_word' id='word_1_752' title='bbox 617 2642 725 2683; x_wconf 70' lang='lat' dir='ltr'><strong>0m._Q.</strong></span> <span class='ocrx_word' id='word_1_753' title='bbox 764 2643 774 2659; x_wconf 83' lang='lat'><strong>&#39;</strong></span> <span class='ocrx_word' id='word_1_754' title='bbox 789 2644 810 2671; x_wconf 80' lang='grc' dir='ltr'><strong>Λ</strong></span> <span class='ocrx_word' id='word_1_755' title='bbox 830 2645 1005 2683; x_wconf 68' lang='lat' dir='ltr'><strong>naturalibus.</strong></span> <span class='ocrx_word' id='word_1_756' title='bbox 1044 2645 1056 2663; x_wconf 74' lang='lat'><strong>‘</strong></span> <span class='ocrx_word' id='word_1_757' title='bbox 1073 2647 1162 2682; x_wconf 83' lang='lat' dir='ltr'><strong>Conj.,</strong></span> <span class='ocrx_word' id='word_1_758' title='bbox 1178 2647 1222 2676; x_wconf 84' lang='lat' dir='ltr'><strong>AC</strong></span> <span class='ocrx_word' id='word_1_759' title='bbox 1238 2648 1388 2683; x_wconf 78' lang='lat' dir='ltr'><strong>perceperit.</strong></span> <span class='ocrx_word' id='word_1_760' title='bbox 1413 2646 1437 2683; x_wconf 63' lang='lat' dir='ltr'><em>f</em></span> <span class='ocrx_word' id='word_1_761' title='bbox 1449 2646 1471 2674; x_wconf 76' lang='grc' dir='ltr'><strong>Α</strong></span> <span class='ocrx_word' id='word_1_762' title='bbox 1485 2645 1650 2683; x_wconf 70' lang='lat' dir='ltr'><strong>universitas.</strong></span> <span class='ocrx_word' id='word_1_763' title='bbox 1687 2643 1698 2659; x_wconf 85' lang='grc'>⁶</span> <span class='ocrx_word' id='word_1_764' title='bbox 1711 2642 1733 2670; x_wconf 79' lang='grc' dir='ltr'><strong>Δ</strong></span> <span class='ocrx_word' id='word_1_765' title='bbox 1752 2641 1834 2669; x_wconf 75' lang='lat' dir='ltr'><strong>nostri</strong></span> <span class='ocrx_word' id='word_1_766' title='bbox 1843 2648 1904 2683; x_wconf 51' lang='grc' dir='ltr'><strong>Ξυνι-</strong></span> 
     </span>
    </p>
   </div>
   <div class='ocr_carea' id='block_1_107' title="bbox 263 2677 1065 2710">
    <p class='ocr_par' dir='ltr' id='par_1_107' title="bbox 263 2677 1065 2710">
     <span class='ocr_line' id='line_1_107' title="bbox 263 2677 1065 2710; baseline 0.006 -5"><span class='ocrx_word' id='word_1_767' title='bbox 263 2678 448 2706; x_wconf 75' lang='lat' dir='ltr'><strong>sidarationcm</strong></span> <span class='ocrx_word' id='word_1_768' title='bbox 474 2677 629 2706; x_wconf 77' lang='lat' dir='ltr'><strong>intellectus.</strong></span> <span class='ocrx_word' id='word_1_769' title='bbox 677 2678 723 2706; x_wconf 78' lang='grc' dir='ltr'><strong>Ἀ</strong></span> <span class='ocrx_word' id='word_1_770' title='bbox 747 2687 788 2706; x_wconf 83' lang='lat' dir='ltr'><strong>me</strong></span> <span class='ocrx_word' id='word_1_771' title='bbox 815 2688 876 2707; x_wconf 85' lang='lat' dir='ltr'><strong>non.</strong></span> <span class='ocrx_word' id='word_1_772' title='bbox 924 2681 968 2709; x_wconf 68' lang='grc' dir='ltr'>Ἀ</span> <span class='ocrx_word' id='word_1_773' title='bbox 986 2683 1065 2710; x_wconf 80' lang='lat' dir='ltr'><strong>ineo.</strong></span> 
     </span>
    </p>
   </div>
   <div class='ocr_carea' id='block_1_108' title="bbox 1116 2674 1903 2711">
    <p class='ocr_par' dir='ltr' id='par_1_108' title="bbox 1116 2674 1903 2711">
     <span class='ocr_line' id='line_1_108' title="bbox 1116 2674 1903 2711; baseline -0.013 0"><span class='ocrx_word' id='word_1_774' title='bbox 1116 2674 1271 2711; x_wconf 65' lang='grc' dir='ltr'><strong>οέἱηῖὀῆιζ</strong></span> <span class='ocrx_word' id='word_1_775' title='bbox 1284 2674 1337 2711; x_wconf 61' lang='lat' dir='ltr'><strong>AZ&#39;</strong></span> <span class='ocrx_word' id='word_1_776' title='bbox 1364 2683 1385 2699; x_wconf 82' lang='lat'><strong>‘°</strong></span> <span class='ocrx_word' id='word_1_777' title='bbox 1405 2681 1426 2710; x_wconf 86' lang='lat' dir='ltr'>C</span> <span class='ocrx_word' id='word_1_778' title='bbox 1443 2683 1524 2709; x_wconf 82' lang='lat' dir='ltr'><strong>intra.</strong></span> <span class='ocrx_word' id='word_1_779' title='bbox 1564 2681 1584 2697; x_wconf 84' lang='lat'>”</span> <span class='ocrx_word' id='word_1_780' title='bbox 1600 2680 1621 2707; x_wconf 78' lang='grc' dir='ltr'><strong>Δ</strong></span> <span class='ocrx_word' id='word_1_781' title='bbox 1644 2686 1704 2706; x_wconf 89' lang='lat' dir='ltr'><strong>eam</strong></span> <span class='ocrx_word' id='word_1_782' title='bbox 1732 2682 1803 2705; x_wconf 67' lang='lat' dir='ltr'><strong>sunt.</strong></span> <span class='ocrx_word' id='word_1_783' title='bbox 1843 2676 1862 2691; x_wconf 86' lang='lat'><strong><em>“</em></strong></span> <span class='ocrx_word' id='word_1_784' title='bbox 1876 2674 1903 2711; x_wconf 64' lang='grc' dir='ltr'>Α</span> 
     </span>
    </p>
   </div>
   <div class='ocr_carea' id='block_1_109' title="bbox 222 2710 1902 2754">
    <p class='ocr_par' dir='ltr' id='par_1_109' title="bbox 222 2710 1902 2754">
     <span class='ocr_line' id='line_1_109' title="bbox 222 2710 1902 2754; baseline -0.002 -12"><span class='ocrx_word' id='word_1_785' title='bbox 222 2717 228 2722; x_wconf 88' lang='grc'><em>’</em></span> <span class='ocrx_word' id='word_1_786' title='bbox 263 2720 349 2754; x_wconf 60' lang='lat' dir='ltr'><strong>usque</strong></span> <span class='ocrx_word' id='word_1_787' title='bbox 363 2715 405 2754; x_wconf 77' lang='lat' dir='ltr'><strong>ad_</strong></span> <span class='ocrx_word' id='word_1_788' title='bbox 415 2715 550 2754; x_wconf 59' lang='lat' dir='ltr'><strong>deorsum:</strong></span> <span class='ocrx_word' id='word_1_789' title='bbox 592 2714 613 2729; x_wconf 81' lang='lat'><strong><em>“</em></strong></span> <span class='ocrx_word' id='word_1_790' title='bbox 628 2713 718 2754; x_wconf 83' lang='lat' dir='ltr'><strong>C0nj_.,</strong></span> <span class='ocrx_word' id='word_1_791' title='bbox 732 2714 776 2741; x_wconf 76' lang='lat' dir='ltr'><strong>AC</strong></span> <span class='ocrx_word' id='word_1_792' title='bbox 792 2720 864 2754; x_wconf 75' lang='lat' dir='ltr'><strong>nota.</strong></span> <span class='ocrx_word' id='word_1_793' title='bbox 901 2716 1040 2754; x_wconf 14' lang='lat' dir='ltr'><strong>_‘_&quot;_‘eorunrtr</strong></span> <span class='ocrx_word' id='word_1_794' title='bbox 1124 2718 1156 2746; x_wconf 90' lang='lat' dir='ltr'><strong>C.</strong></span> <span class='ocrx_word' id='word_1_795' title='bbox 1196 2719 1218 2735; x_wconf 82' lang='lat'>“</span> <span class='ocrx_word' id='word_1_796' title='bbox 1237 2710 1468 2753; x_wconf 66' lang='lat' dir='ltr'><strong>proportionaliter</strong></span> <span class='ocrx_word' id='word_1_797' title='bbox 1486 2724 1541 2745; x_wconf 89' lang='lat' dir='ltr'><strong>om.</strong></span> <span class='ocrx_word' id='word_1_798' title='bbox 1554 2716 1602 2754; x_wconf 77' lang='lat' dir='ltr'><strong>A._</strong></span> <span class='ocrx_word' id='word_1_799' title='bbox 1627 2715 1649 2731; x_wconf 78' lang='lat'>“</span> <span class='ocrx_word' id='word_1_800' title='bbox 1661 2718 1788 2754; x_wconf 69' lang='lat' dir='ltr'><strong>quattuor</strong></span> <span class='ocrx_word' id='word_1_801' title='bbox 1801 2720 1855 2739; x_wconf 88' lang='lat' dir='ltr'><strong>om.</strong></span> <span class='ocrx_word' id='word_1_802' title='bbox 1868 2710 1902 2738; x_wconf 71' lang='grc' dir='ltr'><strong>Α.</strong></span> 
     </span>
    </p>
   </div>
   <div class='ocr_carea' id='block_1_110' title="bbox 219 2747 1855 2792">
    <p class='ocr_par' dir='ltr' id='par_1_110' title="bbox 219 2747 1855 2792">
     <span class='ocr_line' id='line_1_110' title="bbox 219 2747 1855 2792; baseline 0.001 -18"><span class='ocrx_word' id='word_1_803' title='bbox 219 2785 226 2792; x_wconf 34' lang='grc'><strong><em>4</em></strong></span> <span class='ocrx_word' id='word_1_804' title='bbox 263 2747 287 2766; x_wconf 75' lang='grc'><strong>⁸⁷</strong></span> <span class='ocrx_word' id='word_1_805' title='bbox 300 2747 322 2775; x_wconf 76' lang='grc' dir='ltr'><strong>Α</strong></span> <span class='ocrx_word' id='word_1_806' title='bbox 335 2749 462 2783; x_wconf 76' lang='lat' dir='ltr'><strong>pauit-as.</strong></span> <span class='ocrx_word' id='word_1_807' title='bbox 501 2749 523 2764; x_wconf 87' lang='lat'><strong>“&#39;</strong></span> <span class='ocrx_word' id='word_1_808' title='bbox 535 2749 557 2776; x_wconf 83' lang='lat' dir='ltr'><strong>A</strong></span> <span class='ocrx_word' id='word_1_809' title='bbox 572 2747 786 2778; x_wconf 76' lang='lat' dir='ltr'><strong>ummnationem.</strong></span> <span class='ocrx_word' id='word_1_810' title='bbox 825 2750 846 2767; x_wconf 84' lang='lat'>&quot;</span> <span class='ocrx_word' id='word_1_811' title='bbox 864 2751 984 2779; x_wconf 76' lang='lat' dir='ltr'><strong>caliditas</strong></span> <span class='ocrx_word' id='word_1_812' title='bbox 998 2752 1115 2780; x_wconf 75' lang='lat' dir='ltr'><strong>uidelicet</strong></span> <span class='ocrx_word' id='word_1_813' title='bbox 1130 2758 1155 2781; x_wconf 78' lang='lat' dir='ltr'><strong>et</strong></span> <span class='ocrx_word' id='word_1_814' title='bbox 1170 2747 1313 2790; x_wconf 62' lang='lat' dir='ltr'><strong>frigidaria.</strong></span> <span class='ocrx_word' id='word_1_815' title='bbox 1352 2753 1374 2770; x_wconf 81' lang='lat'><strong>’°</strong></span> <span class='ocrx_word' id='word_1_816' title='bbox 1389 2758 1507 2782; x_wconf 73' lang='lat' dir='ltr'><strong>terrenae</strong></span> <span class='ocrx_word' id='word_1_817' title='bbox 1520 2759 1575 2780; x_wconf 89' lang='lat' dir='ltr'><strong>om.</strong></span> <span class='ocrx_word' id='word_1_818' title='bbox 1589 2751 1623 2779; x_wconf 85' lang='grc' dir='ltr'><strong>Δ.</strong></span> <span class='ocrx_word' id='word_1_819' title='bbox 1661 2747 1683 2765; x_wconf 68' lang='grc'><strong>⁵¹</strong></span> <span class='ocrx_word' id='word_1_820' title='bbox 1697 2749 1717 2776; x_wconf 78' lang='grc' dir='ltr'>Α</span> <span class='ocrx_word' id='word_1_821' title='bbox 1734 2756 1830 2776; x_wconf 78' lang='lat' dir='ltr'><strong>aerem.</strong></span> <span class='ocrx_word' id='word_1_822' title='bbox 1850 2769 1855 2771; x_wconf 78' lang='lat'><strong>.</strong></span> 
     </span>
    </p>
   </div>
   <div class='ocr_carea' id='block_1_111' title="bbox 1022 2813 1146 2846">
    <p class='ocr_par' dir='ltr' id='par_1_111' title="bbox 1022 2813 1146 2846">
     <span class='ocr_line' id='line_1_111' title="bbox 1022 2813 1146 2846; baseline 0.016 -4"><span class='ocrx_word' id='word_1_823' title='bbox 1022 2813 1146 2846; x_wconf 75' lang='lat' dir='ltr'><strong>NOTAE.</strong></span> 
     </span>
    </p>
   </div>
   <div class='ocr_carea' id='block_1_112' title="bbox 300 2858 670 2903">
    <p class='ocr_par' dir='ltr' id='par_1_112' title="bbox 300 2858 670 2903">
     <span class='ocr_line' id='line_1_112' title="bbox 300 2858 670 2903; baseline 0.008 -18"><span class='ocrx_word' id='word_1_824' title='bbox 300 2866 314 2903; x_wconf 48' lang='grc' dir='ltr'>ξ</span> <span class='ocrx_word' id='word_1_825' title='bbox 336 2859 429 2895; x_wconf 82' lang='lat' dir='ltr'><strong>Virgil.</strong></span> <span class='ocrx_word' id='word_1_826' title='bbox 447 2858 545 2894; x_wconf 71' lang='lat' dir='ltr'><strong>Georg.</strong></span> <span class='ocrx_word' id='word_1_827' title='bbox 559 2858 593 2893; x_wconf 87' lang='lat' dir='ltr'><strong>ll,</strong></span> <span class='ocrx_word' id='word_1_828' title='bbox 608 2858 670 2888; x_wconf 77' lang='grc'><strong>525.</strong></span> 
     </span>
    </p>
   </div>
   <div class='ocr_carea' id='block_1_113' title="bbox 1431 2839 1525 2854">
    <p class='ocr_par' dir='ltr' id='par_1_113' title="bbox 1431 2839 1525 2854">
     <span class='ocr_line' id='line_1_113' title="bbox 1431 2839 1525 2854; baseline 0 0"><span class='ocrx_word' id='word_1_829' title='bbox 1431 2843 1447 2854; x_wconf 69' lang='grc' dir='ltr'><strong>ι.</strong></span> <span class='ocrx_word' id='word_1_830' title='bbox 1483 2839 1506 2854; x_wconf 77' lang='grc' dir='ltr'><strong>ΙΙ.</strong></span> <span class='ocrx_word' id='word_1_831' title='bbox 1521 2846 1525 2853; x_wconf 86' lang='grc' dir='ltr'><strong>ι</strong></span> 
     </span>
    </p>
   </div>
   <div class='ocr_carea' id='block_1_114' title="bbox 1541 2872 1676 2893">
    <p class='ocr_par' dir='ltr' id='par_1_114' title="bbox 1541 2872 1676 2893">
     <span class='ocr_line' id='line_1_114' title="bbox 1541 2872 1676 2893; baseline -0.015 -1"><span class='ocrx_word' id='word_1_832' title='bbox 1541 2877 1576 2893; x_wconf 56' lang='lat' dir='ltr'><strong>.tat</strong></span> <span class='ocrx_word' id='word_1_833' title='bbox 1604 2879 1621 2893; x_wconf 85' lang='grc' dir='ltr'><em>Ι.</em></span> <span class='ocrx_word' id='word_1_834' title='bbox 1646 2872 1676 2890; x_wconf 85' lang='lat'><strong>&quot;&#39;.</strong></span> 
     </span>
    </p>
   </div>
   <div class='ocr_carea' id='block_1_115' title="bbox 1690 2861 1919 2896">
    <p class='ocr_par' dir='ltr' id='par_1_115' title="bbox 1690 2861 1919 2896">
     <span class='ocr_line' id='line_1_115' title="bbox 1690 2861 1919 2896; baseline 0 -1"><span class='ocrx_word' id='word_1_835' title='bbox 1690 2870 1707 2883; x_wconf 83' lang='grc'><strong><em>““</em></strong></span> <span class='ocrx_word' id='word_1_836' title='bbox 1748 2878 1779 2896; x_wconf 72' lang='lat'><strong>.&quot;~.</strong></span> <span class='ocrx_word' id='word_1_837' title='bbox 1799 2890 1815 2896; x_wconf 92' lang='lat'><strong>._</strong></span> <span class='ocrx_word' id='word_1_838' title='bbox 1831 2872 1847 2886; x_wconf 82' lang='lat'>&quot;</span> <span class='ocrx_word' id='word_1_839' title='bbox 1910 2861 1919 2888; x_wconf 64' lang='lat'><strong>~’</strong></span> 
     </span>
    </p>
   </div>
   <div class='ocr_carea' id='block_1_116' title="bbox 1708 2893 1912 2905">
    <p class='ocr_par' dir='ltr' id='par_1_116' title="bbox 1708 2893 1912 2905">
     <span class='ocr_line' id='line_1_116' title="bbox 1708 2893 1912 2905; baseline 0 -4"><span class='ocrx_word' id='word_1_840' title='bbox 1906 2897 1912 2905; x_wconf 46' lang='grc'><strong>4</strong></span> 
     </span>
    </p>
   </div>
   <div class='ocr_carea' id='block_1_117' title="bbox 2091 1126 2103 1577">
    <p class='ocr_par' dir='ltr' id='par_1_117' title="bbox 2091 1126 2103 1577">
     <span class='ocr_line' id='line_1_117' title="bbox 2091 1126 2103 1577; baseline 0 -41"><span class='ocrx_word' id='word_1_841' title='bbox 2091 1126 2103 1577; x_wconf 52' lang='grc' dir='ltr'><strong>ι</strong></span> 
     </span>
    </p>
   </div>
  </div>
