2118 3137
190 209 242 252 74$
310 212 312 214 ’
359 211 363 212 ⁷
391 211 429 215 ’“
619 219 664 248 ns
684 214 852 250 DIVISIONE
870 216 1045 248 unum.
1065 208 1101 240 '—
1118 218 1219 247 ussa
1237 217 1397 247 manus.
1763 217 1815 247 γει

191 280 256 314 pati,
275 286 298 306 ει
314 285 384 313 aqua
398 275 494 313 frigida
512 276 629 304 ariditatl
652 281 741 304 terrae
756 277 838 304 mixta
852 277 878 304 in
893 276 975 304 semi-
991 279 1016 309 Α
1029 276 1209 304 materialium
1226 283 1317 303 rerum
1337 274 1492 303 sensibilcm
1507 274 1726 303 constitutionem
1738 282 1817 309 prae-

191 326 272 353 nibus
281 324 345 360 agit,
359 328 387 351 et
399 331 451 351 non
465 323 565 357 patitur
574 342 583 355 ,
597 322 660 350 huic
672 322 739 349 satis
748 326 790 349 est
803 321 978 356 respondere,
1030 323 1158 350 stantium
1186 326 1344 349 conventus.
1376 320 1504 354 Quamvis
1535 320 1624 354 itaque
1655 319 1818 355 qualitatum

192 378 289 407 aquam
304 370 427 406 frigidam
449 376 509 397 esse
522 373 550 396 et
562 368 709 401 humidam,
729 368 776 395 sed
790 368 978 395 humiditatem
1029 368 1161 403 quaedam
1186 368 1295 402 quidem
1318 367 1345 394 in
1376 366 1534 401 quibusdam
1563 366 1720 400 corporibus
1745 365 1817 400 plus.

191 418 226 445 ab
251 424 323 449 aere,
344 415 518 451 frigiditatem
538 421 603 442 vero
625 422 639 441 a
663 414 750 449 seipsa
770 414 889 449 recipere
903 413 923 439 ⁸.
939 413 979 441 Ea
1029 415 1162 449 quaedam
1184 421 1249 441 vero
1273 413 1362 440 minus
1383 412 1505 440 sensibus
1529 417 1685 447 appareant,
1699 410 1819 446 synodus

191 461 329 498 qualitate,
353 468 434 496 quam
458 467 493 488 ex
518 460 608 488 vicino
630 459 680 487 sibi
704 460 836 487 elemento
854 459 978 493 suscipit,
1030 464 1120 488 tamen
1134 460 1254 495 ipsorum
1269 459 1464 487 catholicorum
1487 458 1681 486 elementorum
1699 465 1752 485 una
1773 465 1819 486 ea-

189 512 277 536 actum
292 507 374 535 calidi
388 506 507 542 patitur;
524 513 557 533 ea
569 513 643 538 vere.
657 512 727 540 quae
741 512 789 532 sua
806 509 859 539 est,
872 511 979 540 semper
1030 508 1145 542 demque
1167 507 1337 534 uniformiter
1365 505 1613 533 commensurabilis
1639 505 1665 531 in
1693 504 1818 532 omnibus

188 552 215 579 in
231 551 381 581 seminibus
397 551 462 586 agit.
488 550 553 583 Quis
572 550 643 577 enim
659 550 822 578 naturalium
845 551 978 578 rationum
1028 557 1080 580 est.
1108 552 1182 579 Mens
1208 550 1339 587 siquidem
1367 551 1457 578 divina
1481 549 1707 577 examinationem
1736 549 1819 577 totius

187 598 292 633 peritus
321 596 445 632 ignorat,
470 594 556 623 solam
579 595 765 630 sinceramque
784 595 794 610 ³
815 595 979 623 caliditatem
1029 597 1158 625 mundani
1176 597 1296 632 corporis
1311 597 1382 624 inter
1396 596 1463 624 duas
1476 595 1661 623 extremitates
1677 595 1727 622 sibi
1745 595 1817 623 invi-

189 643 294 678 ahsque
313 641 404 676 aliquo
416 641 427 657 ³
438 647 472 668 ex
482 640 629 676 l‘rigiditate
643 645 863 676 temperamento,
876 645 923 668 aut
933 648 978 668 so-

1029 650 1088 671 cem
1103 651 1118 670 e
1132 643 1269 671 contrario
1281 643 1419 677 oppositas
1431 642 1536 676 aequali
1551 642 1625 669 lance
1638 640 1756 674 libravit,
1774 641 1816 668 in-

190 686 245 714 lam
261 687 449 721 sinceramque
460 685 633 721 {rigiditatem
644 685 702 713 sine
713 685 827 720 quadam
834 685 979 713 caliditatis
1029 692 1072 716 ter
1094 688 1253 724 gravitatem
1265 687 1324 715 dico
1338 693 1365 715 et
1386 687 1534 719 levitatem,
1559 687 1630 714 inter
1651 693 1717 721 quas
1729 685 1819 714 omnis

191 732 307 760 mixtura
321 731 458 767 cujusdam
486 730 497 746 ⁸
510 731 630 765 corporis
655 731 757 759 nullam
777 733 979 766 generationem
1029 734 1185 763 constitutio
1195 733 1206 749 '
1217 733 1362 761 visibilium
1377 740 1519 768 corporum
1532 732 1678 768 ponderata
1690 735 1740 760 est.
1752 730 1819 759 Pro-

189 786 284 815 agere,
300 783 347 806 aut
367 786 400 806 ex
424 778 479 806 sola
505 778 674 811 humiditate,
697 786 744 806 seu
756 779 767 794 ⁵
778 779 833 806 sola
855 779 979 807 ariditate
1031 781 1093 810 inde
1105 781 1196 809 omnia
1213 787 1336 815 corpora,
1353 779 1379 806 in
1394 783 1525 814 quantum
1538 778 1697 814 gravitatem
1710 777 1819 813 partici-

188 824 247 852 sine
261 824 401 858 utriusque
420 823 651 858 contemperantia
666 823 766 851 nullum
783 822 980 860 corpus'natu-
1030 830 1104 862 pani,
1132 826 1159 853 in
1191 830 1295 853 tantum
1320 828 1490 852 terrenarum
1518 823 1678 859 qualitatum
1708 823 1818 857 capacia

189 868 237 896 rali
251 869 377 904 passione
389 868 485 896 nasci?
499 868 587 897 ln.his
598 873 698 902 tamen,
714 869 741 896 in
754 869 852 904 quibus
866 869 979 897 munda-
1029 876 1093 900 sunt
1103 871 1195 904 '°,hoc
1207 875 1259 902 est,
1268 870 1421 903 soliditatis,
1433 873 1461 897 et
1468 869 1636 902 stabilitatis;
1649 869 1675 896 in
1687 872 1818 903 quantum

187 922 238 942 nae
253 914 441 950 philosophiae
458 914 576 944 studium
591 920 743 948 exercetur,
760 915 865 951 longius
880 915 978 943 immo-
1029 925 1094 945 vero
1107 925 1140 945 ex
1155 917 1264 944 levitate
1273 916 1423 948 attrahunt,
1441 916 1468 943 in
1482 919 1585 942 tantum
1600 913 1743 949 qualitates
1755 920 1818 941 cae-

186 960 239 988 rari
252 967 306 987 non
320 959 399 987 valde
419 963 462 987 est
485 959 678 988 necessarium.
698 959 814 987 Proinde
826 960 920 995 paucis
936 960 979 988 his
992 968 1017 999 B
1030 963 1112 991 lestes
1123 962 1296 997 participant,
1312 961 1468 989 inanitatem
1483 961 1543 989 dico
1554 964 1581 988 et
1594 959 1815 992 mutabilitatem;

186 1006 220 1033 de
236 1009 365 1041 quattuor
380 1005 554 1041 qualitatibus
569 1009 696 1040 quattuor
709 1005 902 1033 universalium
925 1006 981 1034 ele-
1030 1007 1118 1035 media
1128 1010 1307 1041 autem,quae
1316 1006 1397 1033 simili
1408 1005 1549 1033 libramine
1560 1003 1819 1032 extremitates“at-

185 1057 339 1080 mentorum
362 1051 527 1087 praelibatis.
547 1058 627 1086 quae,
654 1051 781 1086 quoniam
806 1052 980 1079 medietatem
1031 1052 1148 1087 tingunt,
1159 1050 1263 1086 aequali
1273 1050 1478 1085 participatione
1489 1049 1819 1084 illarumqualitatespos-

186 1098 321 1133 quandam
344 1098 416 1125 inter
441 1096 629 1133 primordiales
655 1104 751 1125 causas
776 1101 803 1124 et
829 1098 979 1132 composita
1030 1097 1127 1125 sident.
1142 1096 1170 1123 ln
1182 1095 1307 1123 omnibus
1317 1100 1405 1123 autem
1418 1099 1544 1130 quattuor
1554 1093 1817 1122 elementorumuni-

188 1150 302 1178 corpora
316 1143 447 1175 obtinent,
464 1142 626 1171 ﬁrmamenti
640 1151 737 1170 nomen
753 1147 927 1178 acceperunt,
944 1143 979 1172 ad
1029 1141 1174 1169 versalium
1185 1148 1255 1168 unus
1266 1140 1390 1176 idemque
1400 1145 1489 1168 motus
1498 1144 1549 1172 est,
1561 1144 1588 1167 et
1598 1143 1729 1173 status,et
1736 1147 1818 1175 capa-

188 1186 371 1219 luminarium,
384 1195 454 1222 quae
479 1188 507 1214 in
524 1188 582 1222 ipso
597 1188 744 1216 constituta
763 1192 826 1215 sunt
836 1188 857 1220 ',
870 1188 980 1223 exposi-
1030 1187 1145 1220 citas,et
1154 1186 1300 1221 possessio.
1312 1186 1381 1213 MAG.
1394 1185 1575 1214 Probabiliter
1587 1192 1747 1220 responsum
1763 1189 1813 1212 est.

188 1231 290 1260 tionem
314 1232 510 1267 properandum
534 1232 621 1259 video.
650 1231 720 1260 Msa.
736 1232 820 1260 Recte
841 1233 926 1260 vides.
951 1233 980 1261 Si
1030 1232 1058 1260 In
1067 1232 1117 1260 hoc
1128 1232 1200 1260 enim
1213 1231 1418 1267 omnesphysici
1429 1232 1610 1259 consentiunt.
1624 1231 1818 1266 Ubiqneigitur

188 1283 256 1312 ergo
271 1276 380 1304 nomine
393 1277 553 1304 ﬁrmamenti
571 1280 699 1311 quattuor
711 1277 909 1312 simplicissima
921 1279 981 1306 uni-
1030 1282 1092 1305 sunt
1105 1285 1154 1313 per
1166 1282 1251 1306 totum
1270 1277 1422 1305 sensibilem
1442 1278 1571 1304 mundum
1589 1277 1694 1311 aequali
1709 1284 1818 1304 mensu-

187 1320 426 1355 versalissimaque
440 1322 531 1349 mundi
547 1322 679 1350 elementa
694 1327 837 1356 vocantur,
853 1323 915 1358 quid
932 1324 980 1352 tibi
1030 1323 1135 1351 ratione
1149 1327 1229 1358 atque
1239 1330 1372 1351 concursu
1382 1326 1510 1357 quattuor
1516 1321 1660 1357 purissima
1672 1321 1815 1354 elementa,

187 1365 311 1393 videtur?
323 1365 391 1393 Num
403 1366 449 1394 illa
463 1370 591 1401 quattuor
601 1367 701 1402 ubique
711 1368 738 1395 in
749 1369 838 1395 omnia
854 1375 978 1406 corpora,
1030 1369 1193 1399 ﬁrmamenti
1216 1368 1347 1399 vocabulo
1370 1367 1459 1398 divina
1487 1367 1646 1397 auctoritate
1672 1366 1815 1402 appellata.

188 1410 245 1437 sive
258 1410 394 1443 aetherea,
405 1411 462 1438 sive
475 1418 566 1441 aerea.
583 1412 640 1442 sive
651 1412 787 1449 aquatica,
805 1415 860 1443 sive
872 1420 979 1443 terrena
1032 1416 1104 1444 Disc.
1119 1416 1179 1444 Jam
1201 1417 1294 1445 datum
1309 1420 1360 1449 est,
1374 1419 1401 1443 et
1414 1416 1519 1443 ratione
1531 1415 1678 1442 inventum.
1699 1409 1816 1441 Graeco-

189 1456 375 1486 diﬂiinduntur
395 1464 529 1493 con-nexa,
542 1458 580 1487 ita
600 1465 630 1488 ut
649 1459 750 1488 nullum
770 1461 895 1489 sensibile
915 1468 979 1489 cor-
1030 1470 1090 1489 rum
1101 1470 1209 1498 quoque
1222 1462 1361 1489 nominum
1371 1461 1559 1496 interpretatio
1572 1460 1648 1488 testis
1659 1463 1716 1492 est;
1732 1459 1817 1494 siqui-

189 1512 240 1539 pus
261 1504 344 1539 possit
359 1506 482 1541 reperiri,
508 1506 578 1541 quod
594 1506 700 1535 illorum
714 1508 830 1535 omnium
852 1507 873 1523 "'
887 1512 980 1536 careat
1030 1507 1091 1535 dem
1107 1511 1161 1546 πῦρ
1183 1507 1253 1543 ignis
1272 1511 1416 1542 propterea
1430 1506 1539 1538 dicitur,
1558 1508 1589 1532 ut
1610 1504 1740 1538 arbitror,
1752 1503 1816 1539 quia

189 1551 343 1580 concursu?
365 1552 407 1579 An
429 1553 559 1587 quaedam
583 1561 617 1581 ex
635 1554 806 1589 quibusdam,
821 1562 874 1582 non
888 1559 978 1583 autem
1029 1561 1078 1589 per
1092 1561 1182 1589 poros,
1201 1553 1253 1581 hoc
1265 1557 1316 1586 est,
1327 1552 1447 1581 occultos
1461 1556 1565 1580 meatus
1580 1551 1669 1580 omnia
1681 1555 1814 1587 penetrat.

189 1597 281 1625 omnia
295 1605 328 1627 ex
341 1599 467 1627 omnibus
480 1598 637 1627 conﬂuunt?
650 1600 725 1628 Dtsc.
742 1600 809 1628 Huic
824 1602 976 1636 quaestioni
1030 1598 1139 1626 Nullum
1162 1599 1234 1627 enim
1256 1606 1354 1634 corpus
1369 1602 1421 1631 est.
1441 1605 1475 1626 ex
1497 1605 1549 1633 quo
1564 1598 1632 1634 ignis
1649 1597 1739 1625 θιουῐί
1761 1605 1815 1625 non

189 1640 345 1670 facillimum
360 1646 402 1671 est
413 1643 579 1677 satisfacere,
586 1645 715 1680 quoniam
729 1652 744 1673 a
758 1646 850 1674 mundi
859 1646 977 1681 philoso—
989 1654 1013 1686 ε
1028 1644 1126 1677 valeat,
1151 1644 1291 1672 collisione
1316 1644 1431 1680 quadam
1457 1648 1596 1671 attractus.
1612 1642 1680 1671 Nam
1692 1647 1720 1671 et
1732 1643 1755 1659 "
1774 1646 1817 1671 at-

186 1687 248 1722 phis
263 1688 384 1722 quaesita
408 1694 460 1722 est,
484 1693 512 1717 et
535 1690 732 1719 rationabiliter
748 1692 868 1720 inventa.
894 1693 978 1721 Aiunt
1030 1691 1109 1718 tritus
1121 1691 1252 1718 undarum
1268 1690 1414 1719 scintillam
1428 1690 1461 1723 ¹¹ν
1476 1696 1526 1717 nec
1538 1689 1647 1717 οηιῐιῖηο
1661 1692 1816 1720 currerent.

185 1732 270 1766 enim,
294 1733 363 1761 intra
381 1734 510 1762 ambitum
523 1735 615 1763 mundi
628 1736 709 1771 hujus
723 1737 859 1765 sensibilis
874 1738 978 1766 nullum
1028 1736 1053 1764 si
1087 1736 1232 1764 caliditatis
1267 1740 1390 1772 expertes
1417 1739 1516 1764 essent.
1554 1735 1623 1769 Quid
1661 1735 1748 1763 dicam
1781 1734 1816 1762 de

187 1785 286 1813 corpus
305 1778 455 1807 intervallis
476 1780 487 1796 ⁷
505 1779 691 1816 longitudinis,
704 1781 867 1815 latitudinis,
883 1781 976 1809 altitu-
1029 1781 1184 1815 coloribus,
1208 1782 1253 1817 qui
1277 1781 1312 1810 de
1335 1781 1355 1797 “
1383 1781 1452 1809 lucis
1479 1784 1576 1809 natura
1602 1780 1704 1816 absque
1733 1780 1816 1808 dubio

188 1823 259 1852 dinis
273 1824 424 1853 dimensum
438 1833 518 1862 posse
534 1825 602 1860 ﬁeri,
614 1827 641 1855 in
656 1835 710 1862 quo
719 1832 847 1863 quattuor
860 1829 978 1858 elemen-
1027 1827 1195 1862 procedunt?
1225 1826 1320 1854 Nonne
1333 1826 1356 1842 "
1371 1826 1496 1855 omnibus
1513 1825 1672 1860 corporibus
1692 1824 1816 1860 superfu—

188 1872 278 1896 torum
290 1873 398 1903 natura,
414 1871 536 1906 quamvis
560 1872 742 1907 invisibiliter,
761 1882 813 1901 non
833 1874 923 1902 valeat
937 1875 978 1902 in-
1027 1883 1073 1903 sos
1104 1882 1163 1903 esse
1193 1875 1336 1903 videmus?
1367 1874 1421 1902 Aer
1453 1874 1609 1902 nOminatur
1638 1873 1672 1906 “,
1708 1872 1736 1900 id
1763 1876 1816 1905 est,

188 1913 284 1949 telligi.
299 1913 366 1942 Nam
386 1915 456 1943 sicut
468 1924 558 1950 omne,
574 1918 645 1953 quod
666 1925 762 1946 sensus
785 1927 931 1955 corporeus
950 1921 977 1949 in
1028 1919 1149 1955 spiritus,
1177 1919 1240 1955 quia
1266 1927 1315 1955 per
1343 1919 1434 1947 omnia
1466 1919 1560 1953 spirat.
1597 1917 1674 1945 Nulla
1698 1924 1816 1952 namque

189 1960 231 1987 eis
243 1959 361 1996 attingit,
374 1968 427 1989 non
443 1962 551 1991 aliunde
563 1963 614 1991 nisi
627 1972 660 1992 ex
678 1965 837 2000 qualitatum
850 1971 979 2002 quattuor
1028 1963 1164 1992 sensibilis
1202 1969 1298 1991 natura
1333 1967 1393 1996 est,
1422 1971 1504 1998 quam
1542 1962 1733 1990 subtilissimus
1769 1968 1817 1988 aer

189 2005 385 2034 elementorum
399 2007 522 2036 conﬁuxu
536 2009 564 2037 in
584 2011 742 2039 seinvicem
758 2018 822 2040 suae
844 2013 977 2041 constitu-
1027 2014 1170 2046 penetrare
1202 2017 1255 2037 non
1288 2009 1383 2044 possit.
1414 2009 1490 2042 Quod
1519 2016 1552 2036 ex
1583 2007 1713 2036 odoribus
1738 2011 1766 2034 et
1793 2006 1815 2023 "

189 2050 271 2079 tionis
288 2053 428 2080 materiem
453 2053 464 2069 '
488 2054 601 2090 recipit;
627 2055 665 2083 ita
678 2063 768 2090 omne,
781 2058 852 2092 quod
874 2058 900 2085 in
922 2059 977 2086 eis-
1028 2056 1102 2084 sonis
1113 2062 1254 2091 possumus
1268 2054 1460 2090 argumentari.
1475 2053 1532 2081 Non
1543 2053 1614 2080 enim
1628 2052 1814 2080 inveniescor-

189 2095 261 2129 dem,
278 2096 304 2124 in
320 2102 452 2132 quantum
468 2107 581 2135 corpora
594 2106 667 2134 sunt,
682 2102 850 2131 rationabilis
865 2103 977 2131 investi-
1028 2110 1090 2138 pus,
1105 2100 1175 2136 quod
1186 2101 1319 2136 quendam
1332 2100 1443 2128 odorem
1454 2099 1653 2131 olfacientibus,
1667 2103 1712 2126 aut
1731 2105 1817 2133 quen-

188 2142 262 2175 gatio
280 2143 394 2177 invenit,
410 2144 447 2172 nil
464 2145 536 2174 aliud
553 2150 594 2174 est
610 2151 719 2182 praeter
737 2147 857 2182 ipsorum
877 2148 979 2184 simpli-
1029 2148 1090 2176 dam
1104 2154 1199 2176 sonum
1220 2146 1388 2182 pulsantibus
1410 2152 1463 2173 non
1478 2145 1582 2173 reddat.
1597 2143 1681 2183 ’Υδωρ
1693 2148 1814 2178 vocatur,

190 2186 263 2214 cium
293 2192 321 2214 et
343 2189 563 2225 inseparabilium
591 2191 785 2220 elementorum
808 2193 979 2222 uniformiter
1029 2193 1056 2222 id
1074 2198 1115 2222 est
1132 2201 1212 2229 aqua,
1228 2193 1305 2228 quasi
1322 2191 1388 2223 εἶδος
1412 2191 1547 2230 ὁρώμενον,
1572 2191 1624 2219 hoc
1646 2195 1696 2224 est,
1713 2190 1818 2226 species

190 2237 364 2260 conventum.
388 2233 450 2262 ldeo
473 2241 563 2264 autem
588 2237 709 2264 additum
728 2241 780 2271 est,
796 2238 824 2266 in
847 2242 978 2274 quantum
1028 2240 1097 2267 visa.
1114 2239 1191 2267 Nulla
1206 2239 1337 2274 siquidem
1351 2245 1480 2273 corporea
1496 2244 1540 2265 res
1553 2241 1606 2270 est,
1618 2244 1652 2265 ex
1666 2236 1743 2272 cujus
1767 2245 1816 2265 su-

191 2284 304 2313 eorpora
323 2283 393 2311 sunt,
413 2287 448 2308 ne
470 2281 531 2316 quis
544 2281 723 2316 existimaret,
743 2290 793 2311 nos
815 2284 979 2313 substantias
1030 2286 1150 2321 perﬁcio,
1177 2286 1269 2312 attritu
1293 2283 1409 2318 quodam
1430 2283 1556 2318 levigata,
1572 2283 1661 2318 imago
1683 2282 1819 2318 quaedam

190 2329 292 2356 mrum,
315 2332 362 2352 seu
385 2333 494 2361 genera,
516 2333 563 2354 seu
587 2327 702 2362 species,
722 2335 768 2355 seu
794 2328 865 2356 illam
885 2330 976 2364 vitam,
991 2322 1018 2353 Ῐ)
1031 2331 1160 2359 resultare
1175 2339 1227 2357 non
1244 2329 1341 2357 valeat.
1352 2328 1448 2365 Ἀχθος
1462 2328 1611 2363 appellatur
1626 2333 1697 2356 terra
1709 2336 1741 2356 ex
1752 2336 1817 2365 gra-

190 2374 259 2403 quae
270 2369 360 2397 omnia
378 2377 504 2405 corpora,
519 2371 545 2399 in
563 2371 660 2405 quibus
675 2378 761 2401 motus
774 2374 864 2403 vitalis
876 2383 977 2411 cogno-
1028 2376 1121 2403 vitate.
1137 2375 1193 2402 Non
1206 2376 1276 2403 enim
1288 2375 1369 2402 ullum
1383 2376 1403 2391 ’⁵
1414 2383 1512 2409 corpus
1527 2379 1568 2403 est
1579 2374 1612 2408 ",
1624 2375 1694 2410 quod
1705 2382 1819 2410 propor-

191 2412 286 2457 scitur,
307 2419 335 2441 et
366 2415 489 2443 animare
511 2420 538 2443 et
559 2417 662 2444 nutrire
689 2419 856 2453 perhibetur,
878 2421 905 2448 in
928 2421 978 2449 hoc
1029 2422 1102 2450 tione
1115 2422 1157 2450 sui
1170 2422 1297 2457 ponderis
1311 2422 1460 2449 naturalem
1477 2429 1553 2449 suum
1567 2421 1655 2449 locum
1670 2429 1723 2448 non
1737 2428 1818 2456 appe-

193 2455 254 2507 looo
271 2459 386 2507 tetigisse
405 2460 449 2489 vel
462 2465 603 2490 tractasse.
618 2462 690 2491 Haec
703 2464 775 2492 enim
790 2465 860 2494 ultra
871 2475 978 2496 omnem
1029 2471 1080 2501 tat,
1092 2468 1148 2495 sive
1171 2455 1203 2494 in
1221 2467 1336 2494 medium
1353 2467 1454 2499 mundi,
1471 2467 1526 2493 sive
1540 2466 1567 2493 in
1583 2470 1705 2493 extrema
1719 2455 1814 2500 verga-
1845 2479 1848 2485 -

193 2503 382 2532 υιιὶνθτειιιίιει-
394 2513 552 2542 corpoream
566 2512 689 2535 naturam
703 2513 730 2536 et
747 2513 821 2543 sunt,
844 2514 871 2537 ct
882 2511 980 2539 intelli-
1029 2516 1084 2550 tur.
1097 2512 1152 2540 Nec
1167 2514 1237 2541 hunc
1253 2522 1360 2541 sensum
1372 2514 1470 2540 refutat
1482 2513 1546 2540 illud
1560 2512 1632 2539 aliud
1648 2520 1745 2540 nomen
1762 2516 1816 2538 ter-

191 2550 308 2595 guntur,
320 2553 348 2595 et
370 2550 428 2578 sine
449 2552 546 2586 quibus
568 2553 640 2580 nulla
653 2562 781 2589 corporea
797 2559 903 2589 natura,
923 2557 980 2585 sive
1034 2566 1089 2591 rae,
1105 2558 1175 2594 quod
1189 2562 1287 2595 estjyﬁ,
1302 2558 1373 2594 quod
1388 2558 1494 2594 proprie
1510 2557 1603 2585 vallem
1617 2556 1766 2591 signiﬁcat;
1781 2556 1818 2583 si-

190 2592 474 2628 lncomprehensibilis
497 2597 533 2624 sit
553 2598 679 2626 sensibus
698 2599 847 2633 corporeis,
865 2604 895 2628 ut
918 2606 981 2630 sunt
1033 2592 1355 2639 quideinuniuscujusquc
1367 2592 1504 2632 creaturae
1513 2602 1635 2631 estvallis
1646 2602 1773 2636 locusque
1782 2601 1817 2634 ",

188 2641 322 2686 suam-0f
339 2638 390 2686 mf
403 2639 547 2686 elementa.
561 2642 594 2670 de
608 2642 706 2678 quibus
718 2651 789 2671 nunc
809 2645 908 2679 θείων.
923 2646 980 2673 Sive
1033 2638 1060 2678 in
1072 2658 1126 2686 quo
1138 2651 1244 2685 propria
1260 2638 1477 2678 suaideﬁnitione
1490 2647 1728 2676 circumscribitur.
1748 2645 1815 2674 Cum

190 2683 467 2721 comprehensibilis,
491 2690 521 2716 ut
544 2692 607 2716 sunt
630 2688 797 2717 diversarum
820 2690 1026 2745 qua_lita_i_turn_;'2

1037 2683 1228 2739 ergo_aliquod
1242 2704 1340 2731 corpus
1353 2693 1522 2731 perspexeris
1555 2692 1623 2722 siin
1644 2699 1677 2721 eo
1699 2691 1817 2720 colorem

667 2751 695 2770 *π
732 2751 734 2753 ’
838 2757 882 2785 va
887 2758 966 2787 ΜΔΕ
984 2750 1174 2789 Lec‘i‘iouss

191 2845 215 2862 ..
228 2809 346 2862 1931;;
357 2806 1012 2862 cf.,_.J.i:iztzﬁma-T3A540:“
1026 2816 1254 2862 ’ξυνάψω
1282 2811 1469 2862 una»?
1506 2817 1559 2861 τΑ
1578 2821 1646 2862 κέρα.
1661 2810 1817 2862 Eos-itte!“-

189 2849 215 2889 ξ·
231 2849 348 2889 οιηηξξιηι
366 2856 422 2875 om.
496 2849 766 2889 intellectualis:
789 2851 808 2889 ξ
822 2851 844 2878 Α
859 2852 1006 2889 materiam.
1055 2855 1097 2881 Ἀ
1110 2849 1243 2882 ἧιεάέειαε.
1282 2854 1303 2870 ¹⁶
1315 2854 1337 2880 Δ
1348 2858 1407 2889 sunt
1428 2854 1547 2889 capacia.
1597 2854 1619 2871 “
1633 2854 1654 2881 Α
1667 2853 1817 2889 extremita-

192 2885 253 2919 tem.
267 2917 282 2919 __
292 2882 313 2898 "
323 2889 347 2909 ει
364 2891 418 2911 om.
430 2884 463 2911 Α.
504 2884 526 2901 ’³
543 2885 563 2913 C
576 2884 710 2914 scintillat.
750 2885 771 2901 ιδ
785 2885 805 2913 C
817 2895 857 2913 et.
899 2886 921 2902 "
934 2886 1028 2918 A'Nott

981 2889 1042 2918 Yon.
1082 2889 1103 2906 ¹⁶
1116 2889 1139 2918 Α
1153 2890 1311 2918 nominatus.
1338 2888 1371 2919 ."
1385 2888 1406 2918 C
1416 2882 1465 2918 ac:
1495 2889 1517 2907 ¹⁸
1532 2889 1584 2919 Pro
1596 2898 1647 2918 non
1656 2890 1725 2917 enim
1736 2887 1817 2915 ullam

192 2915 338 2945 CIIII/um.
377 2918 397 2935 "
411 2925 504 2947 eslom.
520 2921 551 2949 Λ.
588 2922 611 2938 ’⁸
626 2920 730 2949 Clacus
744 2920 803 2956 (que
813 2921 890 2958 om.).
1116 2915 1139 2918 ’⁷
1338 2915 1345 2919 ’
1391 2915 1460 2924 ’⁷
1532 2915 1541 2925 τ
