4236 6274
609 456 717 533 :ns

610 577 748 636 lucis
796 574 813 605 ¹
860 561 1124 630 senseris,

611 673 988 741 spontaneum,
1018 669 1114 712 seu
1144 646 1499 709 artificialem,
1523 643 1746 699 subesse
1771 650 2018 699 aereum;
2049 632 2093 687 si
2119 645 2189 689 ex

611 720 723 741 ην
977 720 982 721 ,

611 759 773 835 plana
816 748 1102 822 superficie
1148 750 1394 802 naturae,
1424 750 1516 791 seu
1549 740 1665 787 arte
1706 728 1972 798 quandam
2004 720 2191 792 imagi-

613 816 740 909 ἕλεσι
790 842 1078 903 resultare,
1113 834 1337 891 subesse
1385 825 1714 895 aquaticum,
1757 818 1846 873 ubi
1899 816 2042 871 enim
2082 826 2191 869 non

614 938 863 1003 resultat,
886 932 962 991 ibi
983 943 1090 985 non
1111 932 1195 982 est
1214 920 1455 977 defectus
1469 924 1717 978 naturae,
1745 909 1837 966 sed
1861 904 2159 962 industriae
2175 943 2190 969 ,

618 1000 710 1088 ubi
760 1026 992 1095 aliquem
1033 1015 1327 1090 appetitum
1387 1005 1647 1063 naturalis
1683 1000 1930 1057 stationis
1979 1008 2194 1051 sursum

620 1137 813 1181 versus
840 1134 935 1175 seu
975 1115 1250 1172 deorsum,
1279 1104 1502 1161 'subesse
1532 1110 1805 1153 terrenum
1831 1089 2067 1158 intellige
2089 1085 2199 1141 ele—

619 1224 886 1278 mentum,
918 1207 1197 1274 multaque
1216 1202 1237 1232 '
1265 1198 1368 1255 alia
1396 1203 1521 1249 sunt
1565 1193 1880 1259 argumenta
1910 1177 2195 1241 naturalia,

578 1295 590 1304 ’
623 1312 822 1382 quibus
836 1310 1089 1376 quattuor
1102 1297 1490 1353 elementorum
1508 1277 1883 1351 inseparabilis
1905 1282 2201 1327 concursus

1600 1374 1629 1382 --
1928 1380 1936 1382 μ
1966 1381 1973 1382 κ
2014 1373 2054 1382 Α.
2085 1360 2171 1382 --ιε

626 1360 816 1382 τ--ηη-
848 1360 871 1376 ν.

625 1402 683 1463 iu
718 1398 968 1456 omnibus
1010 1385 1324 1460 compositis
1352 1382 1371 1412 ³
1401 1374 1716 1446 corporibus
1765 1380 1978 1436 semper
2004 1373 2059 1418 et
2085 1360 2202 1415 ubi-

626 1506 734 1562 que
761 1453 1523 1547 indubitanter-cognoscitur.
1554 1465 1692 1520 MAG.
1719 1460 1868 1527 Quae
1898 1473 1927 1510 a
1961 1464 2013 1509 te
2057 1453 2200 1507 dicta

1491 1556 1615 1562 -
1680 1552 1699 1562 -
1765 1550 1814 1562 ..
1894 1556 1904 1562 ,
2053 1538 2200 1562 AM,

627 1538 756 1639 slum
792 1577 837 1644 ⁸,
867 1584 980 1632 rata
1024 1570 1155 1628 mihi
1194 1538 1417 1633 verique
1462 1556 1651 1613 similia
1679 1552 1700 1583 ⁵
1726 1550 1997 1605 videntur.
2051 1538 2205 1610 Quod

628 1685 759 1742 ergo
780 1669 1041 1736 scriptum
1054 1672 1135 1717 est
1165 1678 1179 1712 :
1212 1656 1357 1711 Dixit
1384 1660 1555 1706 autem
1582 1645 1758 1700 Deus:
1787 1637 1946 1692 Fiant
1972 1634 2202 1689 lumina-

631 1765 712 1823 ria
740 1763 796 1816 in
835 1759 1162 1829 ﬁrmamento
1192 1746 1344 1807 caeli,
1399 1743 1471 1797 ita
1504 1736 1801 1804 intelligere
1827 1730 2103 1790 debemus,
2142 1737 2207 1777 ac

632 1857 680 1913 si
709 1816 896 1923 aperte
944 1847 1217 1904 diceretur
1249 1836 1447 1893 :Fiant
1478 1832 1687 1887 siderea
1719 1826 1741 1857 ⁸
1784 1836 2011 1893 corpora
2061 1816 2208 1872 clara

634 1886 680 1913 BI
709 1886 738 1909 ι
813 1886 896 1909 lto
944 1886 1208 1904 νινν-ν-υι.
1249 1886 1260 1892 .
1287 1886 1445 1893 --..μ,
1490 1886 1499 1887 κ
1606 1886 1611 1887 γ
1883 1886 1896 1893 '

634 1886 924 2012 lucidaque
947 1940 1001 1995 in
1040 1943 1298 2006 quattuor
1321 1924 1603 1985 elementis
1631 1920 1827 1989 ubique
1864 1912 2093 1975 diffusis,
2141 1924 2210 1965 ex
2242 1886 2288 1945 Β
2316 1904 2614 1969 pateretur,

637 1998 1219 2104 eorum.qualita-tihus
1246 2018 1563 2090 composita.
1612 2010 1823 2069 Etenim
1856 2005 2013 2061 aliter
2041 2004 2095 2056 in
2131 1998 2213 2057 eis

637 2126 879 2196 subiecta
890 2095 1154 2190 corpora,
1192 2115 1304 2171 suis
1324 2110 1513 2183 spatiis
1534 2104 1793 2161 collocata
1820 2095 2213 2164 intelliguntur,

637 2221 796 2277 aliter
832 2214 1053 2274 claritas
1098 2210 1168 2266 ab
1206 2208 1274 2265 iis
1314 2218 1410 2273 per
1435 2201 1686 2257 universa
1718 2189 1901 2248 mundi
1953 2186 2215 2241 elementa

882 2302 1173 2373 refulgens.
1233 2270 1513 2364 Siquidem
1561 2284 1705 2342 aliud
1732 2291 1817 2336 est
1845 2279 2045 2341 album,
2074 2270 2220 2329 aliud

642 2371 854 2458 albddo.
887 2396 997 2451 Nec
1016 2371 1071 2449 id
1102 2392 1277 2459 ipsum
1299 2392 1381 2441 est
1401 2382 1630 2443 clarum,
1661 2385 1716 2431 et
1742 2371 2000 2432 claritas;
2053 2378 2221 2420 unum

642 2506 878 2563 namque
913 2484 1231 2555 subjectum,
1287 2476 1432 2533 aliud
1475 2470 1747 2529 accidens.
1804 2462 1995 2541 Divino
2042 2458 2224 2525 itaque

649 2545 941 2659 praecepto
961 2620 978 2646 ,
1022 2591 1130 2644 quo
1158 2545 1482 2640 imperatum
1510 2572 1595 2620 est
1627 2579 1641 2616 :
1670 2556 1717 2619 Ε
1721 2558 1831 2612 iant
1859 2548 2139 2608 luminaria
2170 2545 2225 2601 in

648 2639 977 2751 irritamento
1003 2639 1155 2733 caeli,
1184 2652 1424 2721 vehicula
1462 2655 1619 2717 lucis,
1654 2659 1717 2706 ut
1761 2649 1838 2703 ait
1863 2644 1917 2701 S.
1974 2639 2226 2702 Basilius,

649 2771 849 2840 quibus
863 2765 1006 2821 circa
1032 2758 1216 2821 mundi
1233 2754 1493 2810 ambitum
1523 2745 1690 2821 certis
1709 2751 2010 2809 temporum
2025 2734 2045 2764 "
2064 2733 2230 2787 inter-

652 2822 830 2929 vallis,
857 2860 1170 2919 veheretur,
1199 2851 1337 2909 facta
1384 2856 1531 2905 sunt.
1560 2842 1627 2897 Et
1656 2838 1800 2899 vide,
1831 2845 1991 2904 quam
2012 2822 2233 2923 provide

1263 2939 1381 2995 Non
1415 2934 1570 2997 dixit,
1606 2930 1701 2985 ﬁat
1727 2924 1994 2980 luminare
2036 2911 2232 2981 majus,

657 3005 1010 3108 etjluminare
1040 3005 1238 3097 minus,
1268 3027 1364 3084 sed
1383 3024 1545 3085 Fiant
1568 3015 1872 3077 luminaria.
1902 3005 2237 3085 Generaliter

658 3082 714 3108 ιι.
742 3082 1009 3101 .............
1398 3082 1407 3085 τ

658 3136 803 3200 enim
829 3130 1070 3199 omnium
1095 3121 1410 3183 caelestium
1433 3124 1718 3185 corporum
1743 3103 2039 3161 lucentium
2077 3082 2238 3165 super

660 3197 875 3291 eum
920 3215 1284 3279 conditionem
1338 3203 1628 3277 expressit.
1677 3197 1918 3269 Quorum
1974 3202 2114 3260 quae

662 3276 879 3387 duim
908 3276 1016 3366 non
1062 3305 1222 3377 longe
1268 3315 1300 3354 a
1348 3276 1491 3353 terra
1538 3297 1741 3347 statuta
1778 3291 1921 3346 sunt,
1976 3287 2035 3333 ut
2091 3276 2238 3343 luna,

665 3370 805 3480 quae
841 3410 1056 3463 centum
1104 3370 1296 3466 viginti
1334 3402 1431 3447 sex
1474 3382 1710 3443 millibus
1736 3372 2065 3432 stadiorum,
2105 3370 2242 3421 teste

1421 3477 1432 3480 ·
1596 3473 1608 3480 -
1678 3478 1683 3480 -
1785 3466 1797 3478 ·
1905 3462 2032 3480 In-..
2088 3454 2208 3480 LL...

666 3454 998 3570 ll’ythagora,
1030 3454 1064 3544 a
1090 3454 1301 3545 telluris
1328 3477 1471 3537 mole
1491 3473 1761 3529 exaltatur
1784 3466 1840 3519 in
1872 3462 2059 3518 altum.
2088 3454 2242 3509 Ideo-

669 3605 776 3663 que
799 3585 979 3643 vicina
1007 3581 1169 3641 terris
1195 3573 1513 3649 appellatur,
1541 3567 1597 3620 in
1622 3558 1776 3630 cujus
1806 3556 2053 3611 umbram
2084 3560 2244 3617 saepe

670 3636 932 3741 incidens.
961 3636 1122 3733 solari
1149 3636 1282 3723 luce
1315 3664 1549 3725 deserta,
1572 3651 1837 3709 defectum
1865 3638 2084 3697 luminis
2109 3636 2248 3713 pati.-

673 3780 781 3843 tur.
833 3735 1074 3832 Illudque
1116 3757 1375 3831 spatium,
1417 3762 1525 3817 quo
1550 3744 1676 3803 luna
1707 3739 1869 3794 distat
1896 3749 1925 3787 a
1958 3741 2123 3793 terra,
2172 3735 2250 3781 to-

1642 3830 1670 3843 r'
1806 3842 1814 3843 κ
1846 3839 1909 3843 μ-
1945 3815 2247 3843 --.ιιι-...λης

673 3815 804 3921 num
1233 3845 1335 3901 hoc
1360 3815 1486 3902 est,
1536 3830 1766 3903 spatium
1793 3839 1915 3882 cum
1945 3815 2250 3875 rationabili

674 3908 979 4022 quantitate
1014 3908 1488 4001 Duobus
1529 3918 1790 3992 siquidem
1832 3910 2006 3970 modis
2033 3908 2252 3964 harmo-

675 4002 805 4097 uliae
823 4006 1016 4093 vocum
1040 4025 1202 4102 periti
1239 4032 1394 4078 tonos
1417 4017 1624 4075 dicunt.
1650 4006 1782 4064 Nam
1812 4014 1866 4062 et
1910 4002 2249 4067 diastemata,

677 4093 908 4193 est,
938 4093 1197 4178 sonorum
1218 4104 1522 4170 intervalla,
1551 4109 1608 4159 et
1659 4095 1932 4167 analogias
1960 4133 1975 4160 ,
2015 4093 2117 4145 hoc
2146 4094 2250 4152 est,

680 4183 869 4277 eorum
890 4183 1263 4284 proportiones
1291 4210 1446 4257 tonos
1483 4190 1770 4271 appellant.
1822 4183 2096 4254 Quaedam
2128 4188 2255 4231 vero

682 4314 738 4369 in
787 4267 964 4366 medio
992 4267 1222 4367 .mundi,
1248 4305 1311 4352 ut
1356 4290 1455 4358 sol,
1491 4267 1785 4354 omnesque
1836 4277 2080 4348 planetae
2107 4310 2122 4336 ,
2163 4267 2258 4337 qui

686 4402 828 4459 circa
858 4411 983 4457 eum
1008 4386 1314 4448 volvuntur.
1341 4380 1616 4450 Quaedam
1642 4376 1694 4430 in
1713 4362 2075 4439 superioribus
2104 4368 2259 4413 mun-

688 4493 741 4547 di
770 4490 1037 4560 partibus,
1064 4491 1126 4537 ut
1143 4488 1273 4538 sunt
1299 4475 1321 4510 ⁸
1354 4483 1619 4529 astrorum
1644 4461 1816 4520 chori.

762 4541 853 4635 Ξῖ).
1080 4572 1157 4624 De
1209 4565 1463 4627 circulis,
1514 4561 1685 4628 deque
1732 4546 2035 4607 interstitiis
2091 4541 2341 4646 caele-1)

695 4667 857 4723 stium
885 4658 1445 4724 lucidissimorumque
1464 4658 1772 4721 corporum,
1796 4636 2071 4707 multiplex
2088 4634 2263 4689 varia-
2288 4634 2299 4699 ἶ

697 4772 802 4829 que
858 4753 1159 4824 sapientum
1206 4743 1389 4802 mundi
1441 4740 1621 4812 opinio
1662 4743 1747 4790 est
1785 4733 1832 4797 ‘,
1868 4738 1923 4785 et
1968 4729 2035 4786 ad
2064 4726 2262 4782 nullam

699 4820 1239 4905 certam’rationem,
1278 4842 1534 4905 quantum
1587 4825 1715 4882 mihi
1741 4823 1975 4887 videtur,
2008 4820 2261 4889 deducta.

694 4941 950 5009 ideoque,
991 4944 1210 5002 quaeso,
1262 4925 1307 4981 si
1354 4920 1481 4993 quid
1525 4918 1592 4973 de
1622 4916 1814 4972 talibus
1862 4912 2153 4969 verisimile
2176 4914 2269 4962 aut

698 5030 891 5087 rationi
915 5023 1240 5083 conveniens
1269 5016 1360 5074 tibi
1385 5014 1556 5070 visum
1584 5020 1687 5078 est,
1715 5008 2005 5080 explanare
2028 5019 2134 5059 non
2165 4998 2267 5054 dif-

696 5120 864 5177 feras.
886 5117 1024 5176 ὡς.
1047 5113 1106 5171 ln
1132 5114 1346 5184 longum
1373 5122 1470 5164 nos
1491 5105 1678 5168 mittis,
1706 5117 1825 5157 cum
1855 5099 2057 5159 videas,
2090 5092 2157 5146 ad
2184 5103 2269 5144 re-

697 5212 868 5283 liqua,
890 5225 1027 5284 quae
1047 5207 1113 5263 de
1130 5200 1502 5276 operibus’sex
1525 5190 1731 5251 dierum
1759 5188 1981 5246 dicenda
2003 5191 2146 5255 sunt,
2169 5192 2267 5249 po-

703 5310 812 5367 tius
832 5292 1529 5378 properandum,hujusque
1553 5286 1597 5321 “
1625 5285 1744 5340 libri
1775 5278 2054 5352 prolixitas
2082 5270 2269 5328 termi-

700 5392 705 5473 ξ
832 5365 849 5378 ⁸
878 5365 1078 5473 exigat,
1129 5365 1447 5459 praesertim
1487 5380 1615 5435 dum
1656 5374 1746 5427 vix
1788 5371 1853 5425 de
1889 5365 2102 5428 talibus,
2134 5368 2275 5431 quae

1457 515 1463 524 ι
1604 514 1611 521 ε
1712 512 1715 521 ι
1989 421 2275 487 JOANNIS
2306 416 2511 481 scen

1172 557 1399 617 subesse
1447 553 1695 624 igneum;
1748 544 1794 602 si
1833 556 2047 602 sonum,
2095 553 2189 599 seu
2219 541 2268 605 Δ
2294 548 2439 589 nunc
2467 528 2656 598 exigis,
2687 525 2792 583 ulla
2828 523 3008 593 opinio
3037 520 3339 579 sitratione
3365 516 3611 587 subnixa,
3666 512 3753 568 vel
3801 509 3875 577 ab

2460 620 2526 624 γε-
2668 618 2679 624 .
2917 614 2926 624 .
3073 614 3083 624 .
3318 618 3327 624 .
3381 608 3419 624 ιι
3466 605 3572 624 λῖηέ
3610 616 3708 624 μ---
3733 602 3746 624 1
3774 598 3851 624 ειη

3756 397 3870 457 “MC

2290 625 2399 681 ullo
2421 618 2855 691 philosophorum
2880 614 3032 685 plene
3055 608 3445 681 deprompta“.
3466 605 3578 659 Non
3603 602 3748 673 quod
3774 598 3873 669 illi,

2290 725 2349 771 ut
2378 713 2645 777 arbitror,
2699 723 2804 767 non
2851 701 3232 764 intellexerint,
3264 697 3501 767 alioquin
3557 708 3662 748 non
3727 698 3877 747 recte

2291 805 2502 879 physici
2534 810 2625 857 aut
2653 795 2954 870 philOSOphi
2985 788 3510 863 appellarentur,th
3528 786 3673 859 quod
3696 781 3877 849 nullus

2294 874 2537 959 illorum,
2565 906 2701 961 quos
2752 888 2928 943 adhuc
2957 884 3207 954 legimus,
3255 893 3388 950 pure
3429 886 3483 931 et
3511 874 3878 939 indubitanter

2295 980 2490 1055 horum
2520 982 2761 1037 rationes
2790 978 2923 1033 satis
2965 974 3191 1028 reddere
3216 970 3481 1024 videatur.
3511 964 3877 1023 Verumtamen

2296 1091 2364 1131 ex
2388 1074 2496 1138 his,
2521 1086 2658 1141 quae
2702 1069 2801 1139 ipsi
2849 1064 3075 1135 sparsim
3103 1061 3454 1130 scripserunt,
3492 1056 3755 1124 certisque
3785 1069 3879 1109 ar-

2300 1162 2795 1239 gumentationibus
2835 1171 3017 1211 rerum
3051 1151 3420 1222 experimento
3445 1144 3880 1218 approbaverunt

2306 1260 2371 1313 de
2408 1256 2618 1313 telluris
2650 1253 2913 1319 lunaeque
2936 1243 3262 1308 interstitiis,
3303 1240 3557 1311 quiddam
3591 1233 3881 1291 verisimile

2303 1348 2396 1405 tibi
2442 1344 2648 1415 aperire
2681 1356 2786 1394 non
2840 1337 3097 1408 negarint.
3130 1330 3339 1403 Lunam
3387 1341 3619 1395 namque
3669 1330 3881 1378 centum

2305 1428 2493 1510 viginti
2526 1452 2619 1491 sex
2651 1432 2885 1487 millibus
2906 1426 3202 1483 stadiorum
3231 1438 3261 1476 a
3290 1432 3433 1476 terra
3458 1418 3685 1481 distare,
3710 1431 3777 1469 ex
3808 1414 3884 1485 ip-

2306 1534 2417 1590 sius
2444 1528 2626 1600 eclipsi
2652 1526 2853 1593 absque
2900 1520 3006 1574 nllo
3030 1531 3235 1579 errore,
3279 1524 3337 1567 ut
3379 1511 3527 1565 aiunt
3550 1509 3619 1570 υ,
3642 1506 3887 1574 explora-

2308 1634 2422 1705 tum
2459 1629 2559 1678 est.
2607 1608 2865 1674 Umbram
2918 1612 3182 1681 siquidem
3232 1616 3429 1669 terrae,
3472 1616 3633 1673 quam
3675 1606 3887 1652 noctem

2308 1700 2528 1776 vocant,
2560 1708 2820 1765 circulum
2852 1703 3009 1758 lunae
3059 1699 3343 1768 attingere,
3378 1694 3487 1764 ipsa
3518 1688 3693 1761 prodit
3732 1692 3888 1741 natu—

2315 1823 2399 1862 ra.
2432 1803 2635 1860 Globus
2662 1799 2806 1855 enim
2839 1794 2980 1850 illius
3001 1791 3383 1848 detrimentum
3430 1799 3559 1839 suae
3603 1779 3739 1834 lucis
3781 1782 3891 1829 ‘non

2646 1891 2689 1947 si
2716 1887 2876 1944 solari
2910 1884 3081 1947 radio,
3134 1880 3187 1933 in
3216 1878 3487 1949 regionem
3519 1871 3741 1926 umbrae
3764 1865 3895 1921 inci-

2317 1991 2469 2051 dens,
2521 1998 2626 2038 non
2682 1980 3014 2053 privaretur.
3061 1973 3138 2027 Ac
3183 1984 3280 2041 per
3330 1969 3429 2023 hoc
3458 1963 3730 2019 subtracta
3750 1953 3898 2012 omni

2317 2076 2669 2148 ambiguitate
2717 2069 3021 2130 conficitur,
3071 2071 3220 2117 tanto
3245 2057 3441 2132 _spatio
3470 2055 3649 2109 lunam
3685 2068 3716 2105 a
3747 2058 3896 2103 terra

2318 2169 2577 2239 elongari,
2614 2172 2816 2236 quanto
2844 2154 3131 2214 intervallo
3160 2153 3332 2210 noctis
3358 2146 3601 2223 umbram
3634 2142 3772 2197 ratio
3800 2140 3897 2194 do-

2320 2272 2406 2319 cet
2428 2256 2695 2330 protendi.
2718 2250 3065 2308 Protenditur
3088 2255 3266 2301 autem
3298 2241 3465 2305 noctis
3500 2238 3689 2292 umbra
3720 2243 3899 2302 usque

2323 2353 2389 2431 ad
2421 2352 2581 2403 lunae
2609 2343 2892 2401 circulum.
2918 2338 3142 2394 Noctem
3174 2334 3215 2365 "
3264 2331 3427 2409 igitur
3453 2335 3668 2383 centum
3710 2317 3905 2393 viginti

2900 2424 2903 2427 λ
3041 2428 3051 2431 -
3154 2425 3168 2431 -
3379 2421 3390 2431 .
3432 2421 3444 2431 .
3599 2413 3642 2431 ,ρ
3702 2424 3743 2431 ,ί
3784 2427 3802 2431 Α
3827 2411 3873 2431 ,,

2325 2428 2417 2496 sex
2450 2436 2685 2491 millibus
2708 2424 3002 2489 stadiorum
3040 2428 3091 2482 in
3120 2425 3287 2479 altum
3316 2421 3447 2495 erigi
3471 2413 3754 2472 manifesta
3778 2411 3904 2466 edo-

2328 2539 2416 2585 cet
2443 2528 2484 2559 “
2534 2527 2691 2580 ratio.
2730 2523 2846 2591 Quo
2876 2532 3054 2575 autem
3089 2524 3408 2589 argumento
3456 2519 3674 2569 centum
3719 2499 3907 2575 viginti

2331 2637 2424 2677 sex
2479 2619 2779 2673 stadiorum
2814 2613 2980 2668 millia
3009 2612 3188 2663 lunam
3218 2624 3246 2661 a
3280 2615 3422 2660 terra
3475 2604 3673 2657 distare
3704 2593 3912 2653 indubi-

2332 2714 2510 2767 tanter
2540 2705 2824 2779 approbari
2846 2705 3038 2775 possit,
3069 2696 3423 2773 diligentioris
3441 2687 3805 2764 inquisitionis
3829 2687 3915 2749 in-

2333 2804 2498 2876 diget.
2543 2803 2685 2857 DISC.
2720 2798 2903 2853 Plane.
2954 2795 3142 2850 Adhuc
3178 2791 3319 2855 enim
3356 2789 3421 2844 de
3450 2788 3551 2842 hac
3594 2780 3914 2854 quaestione

2335 2893 2478 2949 nulla
2524 2891 2653 2946 mihi
2684 2889 2821 2943 ratio
2846 2882 3188 2939 satisfaciens
3213 2878 3438 2935 refulsit.
3483 2874 3623 2929 MAG.
3662 2870 3915 2925 intentus

2338 2980 2522 3057 itaque
2537 2980 2799 3051 perspice,
2837 2992 2977 3048 quae
2999 2974 3127 3029 mihi
3146 2968 3457 3026 verisimilia
3474 2964 3643 3020 dehis
3668 2961 3919 3015 videntur

2340 3086 2369 3128 a
2401 3051 2735 3144 philosophis
2757 3069 2995 3123 inventa.
3016 3064 3091 3118 Ex
3113 3060 3430 3132 gnomonica
3451 3055 3666 3127 quippe,
3683 3051 3785 3105 hoc
3810 3057 3916 3121 est,

2275 3232 2312 3245 Α
2343 3161 2657 3231 horologica
2685 3156 3046 3229 speculatione
3072 3151 3406 3224 praedictum
3422 3145 3654 3216 spatium
3679 3153 3732 3196 et
3754 3152 3919 3211 quae-

2268 3232 2313 3295 δ
2346 3257 2508 3313 situm
2534 3251 2880 3310 subtiliter-ab
2907 3248 2974 3302 iis
2994 3256 3095 3309 est,
3131 3252 3185 3297 et
3214 3241 3415 3310 absque
3438 3236 3543 3292 ulla
3568 3231 3921 3302 ambiguitate

2346 3358 2642 3423 repertum.
2671 3347 2912 3414 Quorum
2931 3337 3276 3394 doctissimus
3292 3333 3344 3387 in
3360 3330 3504 3385 omni
3526 3323 3844 3399 geometrica
3866 3326 3923 3381 et

2346 3438 2666 3508 astrologica
2692 3413 3072 3504 supputatione
3093 3424 3478 3482 Eratosthenes
3492 3416 3712 3474 traditur
3726 3413 3919 3467 fuisse.

2347 3524 2578 3602 Scaphia
2610 3527 2871 3598 siquidem
2904 3521 2946 3554 ¹⁸
2972 3520 3224 3579 dicuntur
3249 3514 3470 3570 rotunda
3504 3526 3569 3566 ex
3611 3520 3735 3562 aere
3761 3516 3921 3575 vasa,

2348 3593 2490 3695 quae
2523 3593 2777 3676 horarum
2806 3615 3024 3676 ductus,
3052 3606 3173 3679 styli
3204 3607 3257 3661 in
3276 3603 3458 3658 medio
3488 3597 3647 3652 fundo
3680 3593 3769 3650 siti
3799 3604 3925 3664 pro-

2352 3672 2487 3695 υι--π
3011 3672 3020 3676 -
3103 3672 3120 3679 -

2350 3717 2596 3778 ceritate,
2628 3709 3023 3766 discriminant.
3054 3701 3154 3769 Qui
3195 3696 3363 3770 stylus
3406 3690 3632 3765 gnomon
3679 3672 3922 3756 appellaé

2352 3817 2472 3873 tur;
2519 3819 2549 3858 a
2584 3817 2711 3873 quo,
2736 3797 2903 3854 veluti
2932 3794 3163 3866 quodam
3190 3768 3400 3849 centro,
3433 3782 3605 3837 lineae
3656 3768 3928 3837 ducuntur

2353 3901 2407 3957 in
2435 3907 2677 3953 extrema
2701 3889 3066 3962 scaphiorum.
3093 3883 3240 3949 Quae
3265 3880 3433 3933 lineae
3461 3882 3629 3927 totum
3666 3860 3927 3939 horologii

2354 3993 2615 4048 ambitum
2647 3987 2699 4041 in
2753 3954 2914 4037 X-XIV
2967 3976 3139 4049 spatia
3176 3968 3570 4028 discriminant,
3596 3962 3703 4016 hoc
3744 3964 3847 4019 est,
3872 3954 3930 4015 in

2354 4080 2524 4140 XXIV
2585 4081 2840 4134 horarum
2898 4040 3165 4134 morulas,
3216 4061 3410 4134 quibus
3469 4054 3631 4109 totius
3684 4040 3933 4103 caelestis

2356 4179 2618 4249 sphaerae
2643 4164 2938 4238 amplitudo
2965 4161 3110 4217 circa
3144 4166 3344 4213 terram
3379 4143 3735 4207 convolvitur,
3760 4138 3936 4193 donec

3205 4247 3218 4249 ”
3309 4242 3320 4249 ‘
3441 4240 3472 4249 ί·
3648 4247 3653 4249 Α
3704 4247 3714 4249 ς
3766 4223 3936 4249 --.ΑΖΑΙΙΑ

2358 4223 2426 4325 ad
2451 4265 2680 4321 eundem
2711 4260 2872 4313 situm
2904 4249 3162 4309 naturalis
3205 4240 3526 4303 horizontis,
3565 4247 3724 4305 quem
3766 4223 3938 4300 pridie

2362 4363 2625 4416 tenuerat,
2657 4354 2976 4405 revertatur.
3004 4337 3285 4395 Praefatus
3319 4334 3499 4401 itaque
3523 4320 3936 4384 Eratosthenes,

2361 4459 2567 4506 motum
2599 4444 2823 4499 umbrae
2859 4436 2979 4512 'styli
3006 4450 3103 4507 per
3133 4430 3303 4501 spatia
3348 4420 3607 4489 horologii
3656 4415 3941 4487 diligenter

2366 4537 2823 4598 animadvertetis,
2866 4536 3047 4602 aperte
3093 4522 3375 4586 intellexit,
3406 4530 3567 4571 unam
3608 4508 3943 4575 eandemque

2371 4634 2636 4690 rationem
2666 4643 2784 4685 esse
2810 4626 2863 4679 in
2893 4630 3038 4676 motu
3069 4616 3289 4674 umbrae
3328 4628 3425 4682 per
3471 4610 3723 4664 horarum
3769 4599 3942 4669 inter:

2369 4722 2507 4779 valla
2539 4721 2682 4774 circa
2702 4713 2963 4783 horologii
2990 4709 3187 4782 stylnm
3212 4705 3282 4772 ",
3309 4704 3472 4773 inque
3494 4696 3670 4754 noctis
3712 4688 3943 4747 circuitu

2372 4830 2469 4889 per
2488 4809 2780 4867 earundem
2807 4806 3067 4860 horarum
3113 4796 3284 4870 spatia
3336 4795 3478 4849 circa
3525 4783 3730 4842 telluris
3771 4775 3949 4832 ambi-

2376 4864 2460 4887 r‘"
2496 4864 2569 4867 "'7
3142 4864 3162 4870 _

2376 4916 2487 4963 tum
2508 4904 2606 4971 ;'in
2641 4908 2870 4962 tantum,
2898 4904 2955 4949 ut
2981 4880 3139 4948 omne
3159 4932 3172 4955 ,
3204 4886 3342 4959 quod
3372 4885 3427 4939 in
3463 4876 3605 4955 vasis
3628 4864 3947 4940 horoscopi,

2372 4997 2473 5051 hoc
2496 5000 2598 5057 est,
2626 4984 2889 5059 signiferi,
2916 4980 3254 5052 perspicitur,
3284 4967 3446 5028 simili
3483 4953 3854 5047 Speculatione
3880 4953 3947 5010 de

2370 5076 2523 5141 motu
2550 5080 2859 5138 caelestium
2886 5046 3169 5144 corporum
3205 5046 3555 5133 intelligatur.
3598 5048 3819 5108 Vernali
3847 5046 3949 5101 ita-

2377 5188 2481 5246 que
2510 5168 2850 5249 acquinoctio
2876 5143 3099 5219 tnnhrae
3126 5158 3247 5232 styli
3270 5152 3550 5239 prolixitas
3573 5143 3797 5200 mediam
3822 5149 3953 5208 gno-

3190 5248 3193 5249 ν
3284 5244 3326 5249 __
3530 5238 3541 5249 ,
3652 5232 3667 5249 ,
3741 5227 3843 5249 ,τηε
3900 5230 3952 5249 Δ,

2373 5263 2554 5323 monis
2609 5246 2913 5315 mensuram
2979 5249 3136 5307 cilicii
3180 5227 3239 5303 in
3272 5227 3485 5307 (Meroe,
3530 5232 3702 5309 insula
3741 5227 3868 5293 Nili,
3897 5230 3953 5281 et

2380 5314 2575 5428 bycus,
2605 5314 2821 5408 civitate
2847 5342 3094 5423 Aegypti.
3124 5342 3243 5421 Ipsa
3264 5326 3270 5331 ’
3290 5345 3469 5399 autem
3510 5318 3775 5399 medietas
3804 5314 3954 5407 styli,

1990 5531 2247 5595 VARIAE
2285 5523 2686 5595 LECTIONES.

703 5725 713 5735 '
779 5716 803 5748 ι’
820 5710 862 5765 C
886 5706 1085 5763 coloris
1102 5678 1313 5758 lucem:
1364 5702 1384 5732 ¹
1406 5700 1451 5753 Α
1477 5689 1643 5751 mam

734 5800 743 5831 ς
762 5780 806 5831 Α
830 5777 993 5831 certis
1015 5766 1617 5844 quibusdamtemporis,

706 5846 947 5914 definita.
1022 5832 1077 5877 "
1094 5849 1151 5895 at
1177 5832 1472 5904 titantem;
1508 5832 1577 5888 Δ.

1717 5672 1799 5749 ³Ἀ
1847 5683 2142 5752 conquisitis
2198 5678 2454 5752 oninibus.
2534 5672 2849 5752 isaatnom.
2886 5664 2949 5718 Α.

1691 5761 1713 5793 ⁸
1742 5734 2232 5823 infimi)!“
2258 5748 2478 5823 om};
2537 5741 2593 5823 "_
2709 5734 2875 5823 “"3319

1651 5829 1697 5868 “
1720 5805 1784 5887 ὅ
2064 5819 2112 5880 (ἶ
2128 5816 2299 5876 docet;
2370 5817 2415 5855 ιδ
2438 5815 2482 5871 C
2505 5812 2734 5885 quidem.
2792 5805 2848 5844 ι’

3016 5662 3072 5695 τι
3102 5662 3139 5714 Α
3199 5650 3517 5711 meum...
3596 5646 3631 5680 ι·
3673 5628 3720 5697 Α
3765 5622 3961 5709 ordire.

3016 5747 3131 5777 mm.
3208 5727 3251 5761 “
3293 5723 3393 5777 Pro
3422 5719 3568 5777 itch
3586 5718 3893 5777 deprompta
3918 5700 3966 5766 Α

2878 5718 3893 5889 σῖνῗὲᾳὲἕξριέἓξξὲιιῗξικῶεῗῖψ
