2118 3137
212 172 262 201 ἨΊ

634 168 679 200 DE
698 170 867 200 DIVISIONE
886 172 1062 201 NATUME.
1081 187 1117 194 —
1133 172 1236 201 LIBER
1256 171 1415 202 TERTIUS.

1787 175 1855 205 την

212 231 363 260 diametros
373 230 382 246 ¹
395 235 439 259 est
457 230 539 261 totius
548 231 666 260 ambitus
679 232 820 268 norologii.
835 233 874 260 Ac
887 240 936 268 per
950 233 1002 260 hoc
1014 235 1041 264 Α
1055 238 1169 267 reperta,
1182 232 1260 260 facile
1283 238 1335 265 est,
1351 233 1462 265 lineam,
1477 238 1548 267 quae
1571 233 1665 261 dividit
1698 234 1725 261 in
1748 240 1841 268 partes

214 283 229 304 θ
260 276 355 304 umbra
375 276 439 313 styli
454 277 481 304 in
500 276 670 311 aequinoctio
682 277 831 305 diametros
844 282 886 305 est
899 283 927 305 et
939 278 1003 313 styli

213 326 240 349 et
264 321 407 356 horologii.
434 320 468 349 Et
497 321 561 356 quia
592 322 681 350 omnis
706 322 854 351 diametros
884 323 916 351 ab
945 324 1002 359 ipsa

214 366 340 401 sphaera,
353 373 400 394 seu
416 365 531 398 circulo,
541 366 618 402 cujus
629 367 775 395 diametros
785 373 836 400 est,
850 368 930 403 duplo
955 377 1002 396 su-

213 417 341 446 peratur,
361 411 517 440 necessario
527 412 623 441 umbra
637 412 699 448 styli
713 413 808 441 circuli
819 414 932 448 duplicis
956 422 1002 443 ra-

213 457 312 489 tionem
325 457 432 493 reddit;
461 458 543 495 duplo
555 459 628 487 enim
642 459 760 488 vincitur
773 460 807 488 ab
819 460 878 495 ipso
901 461 1004 488 circulo

212 509 261 531 seu
274 502 407 537 sphaera,
423 503 502 538 cuius
518 504 650 533 medietas
669 505 842 534 constituitur
855 507 877 532 ⁸.
894 506 959 534 Nam
975 510 1005 534 et

213 547 317 576 denarii
329 548 448 582 numeri,
469 549 552 576 veluti
577 549 714 584 cujusdam
735 550 846 583 circuli,
862 551 1005 586 quinarius

212 591 362 620 diametros
369 593 379 608 ³
387 597 439 621 est.
446 593 602 630 Hacitaque
611 595 713 622 ratione
720 595 851 631 horologii
863 597 1005 632 perspicue

214 637 364 671 intellecta,
378 639 420 667 vir
433 639 538 675 sagacis
550 640 649 675 ingenii
666 640 860 671 Eratosthenes
873 642 1005 671 ambitum

215 684 300 713 totius
311 689 398 713 terrae
408 685 501 714 subtili
511 685 635 721 indagine
650 685 660 701 ⁸
674 687 823 722 requisivit.
834 687 872 717 Ac
888 688 1006 723 primum

215 730 324 766 quidem
339 730 472 765 cognovit.
488 730 617 758 ambitum
629 731 834 764 aequinoctialis
847 733 949 763 circuli,
959 734 1006 768 qui

216 777 301 802 totum
316 775 408 803 orbem
424 779 572 808 terrarum,
591 780 729 812 totamque
745 777 890 806 caelestem
909 779 1009 814 sphae-

215 825 274 846 ram
290 819 316 846 in
337 819 403 847 duas
416 819 542 855 aequales
555 825 630 848 secat
654 826 756 858 partes,
779 823 907 851 trecentis
929 831 1007 852 sexa-

213 864 286 901 ginta
300 865 424 900 partibus
440 866 581 901 compleri.
598 867 718 900 Quarum
742 868 930 897 duodecimam
945 878 1007 905 por-

1053 277 1190 312 aequales,
1203 277 1392 304 incunctanter
1405 278 1571 312 dignoscere.
1585 279 1701 307 Proinde
1714 286 1763 314 per
1774 279 1842 308 Geo-

1053 323 1181 351 metricos
1189 324 1260 358 regis
1268 323 1428 356 Ptolemaei,
1434 327 1534 358 quanta
1541 325 1630 358 portio
1641 325 1742 352 telluris
1751 330 1822 354 esset
1829 325 1841 342 ⁸

1054 369 1124 397 inter
1138 369 1246 397 Meroen
1262 374 1290 397 et
1310 369 1436 405 Syenem.
1449 370 1550 397 certior
1567 369 1656 397 factus
1668 371 1679 386 θ
1692 379 1740 405 per
1749 371 1843 398 simili-

1053 414 1173 442 tudinem
1197 416 1319 447 umbrae,
1331 415 1501 443 meridionali
1517 420 1636 450 tempOre
1655 416 1840 450 aequinoctia

1053 461 1087 488 lis
1099 461 1151 488 diei
1168 462 1194 488 in
1208 462 1385 496 septingentis
1399 462 1496 489 stadiis
1509 469 1589 489 unam
1610 466 1716 496 partem
1738 462 1842 491 invenit

1054 511 1230 540 compertam.
1251 506 1337 540 Quam
1353 508 1497 535 trecenties
1513 507 1650 542 sexagies.
1664 507 1716 535 hoc
1730 511 1781 540 est,
1794 515 1844 544 per

1054 553 1248 587 longitudinem
1280 553 1483 588 aequinoctialis
1510 553 1605 580 circuli
1637 553 1840 588 multiplicans,

1055 597 1158 631 absque
1178 597 1231 624 ullo
1249 604 1341 624 errore
1367 598 1569 632 amplitudinem
1587 598 1669 626 totius
1693 599 1794 627 telluris
1813 600 1842 627 in

1056 642 1180 671 ducentis
1203 642 1397 678 quinquaginta
1423 643 1528 671 duobus
1556 643 1673 671 millibus
1696 645 1842 673 stadiorum

1056 687 1167 721 reperit.
1183 687 1357 721 Septingenta
1375 695 1490 723 namque
1505 689 1589 717 stadia
1605 690 1748 718 trecenties
1763 698 1842 718 sexa-

1057 733 1115 769 gies
1134 734 1310 768 multiplicata
1331 734 1447 762 ducenta
1467 735 1659 771 quinquaginta
1681 737 1735 764 duo
1761 737 1844 765 millia

1058 779 1207 808 stadiorum
1220 779 1359 814 colligunt.
1377 780 1463 813 Quem
1478 788 1621 809 numerum
1633 782 1783 816 aequaliter
1803 783 1845 811 ᾱίις

1058 825 1164 857 ridens,
1177 825 1349 852 medietatem
1368 825 1450 858 illius,
1465 825 1516 853 hoc
1542 831 1598 858 est,
1613 833 1724 854 centum
1750 828 1844 863 viginti

1058 878 1104 898 sex
1119 870 1203 897 millia
1219 871 1366 898 stadiorum
1382 871 1408 898 in
1427 871 1559 900 diametro
1575 872 1687 904 telluris,
1700 873 1780 907 inque
1805 873 1845 900 lu-

219 909 332 944 tionem,
348 911 399 939 hoc
411 917 462 945 est,
477 912 586 947 triginta
611 919 720 949 partes,
735 915 837 944 duabus
854 916 929 944 horis
939 917 1007 945 oriri
1021 920 1045 949 Β
1059 923 1109 943 nae
1140 923 1172 943 ac
1211 920 1301 944 terrae
1340 917 1541 951 intercapedine
1569 917 1739 946 intellexerat
1771 926 1842 946 esse.

213 961 261 983 sou
283 955 418 989 occidere,
440 964 489 985 seu
514 957 525 973 '
544 958 577 986 de
601 958 670 992 loco,
684 967 732 995 per
744 967 825 995 quem
844 966 1007 996 moventur,

215 1000 342 1029 recedere
374 1001 385 1017 '
415 1001 600 1031 indubitanter
633 1004 776 1032 intellexit.
812 1006 905 1042 itaque
932 1008 1007 1042 quod

215 1047 310 1075 umbra
324 1047 350 1075 in
365 1047 504 1084 horologia
526 1050 617 1082 sensui
639 1050 749 1084 indicat,
771 1052 822 1080 hoc
848 1053 1007 1081 caelestium

215 1099 357 1128 corporum
370 1093 381 1109 ⁷
394 1093 580 1127 incessabilem
597 1100 698 1124 motum
721 1096 827 1126 edicere
851 1099 920 1126 ratio
941 1107 1006 1134 pro-

215 1134 272 1166 hat.
285 1136 426 1168 Non‘enim
441 1141 534 1168 umbra
556 1141 618 1177 styli
631 1150 679 1177 per
690 1143 844 1178 horologica
864 1145 1007 1173 intervalla

218 1189 380 1216 moveretur,
397 1185 483 1213 sinon
499 1187 648 1215 aetherium
670 1196 768 1224 corpus
787 1198 849 1222 cum
873 1191 1008 1220 sideribus

219 1227 274 1255 suis
292 1228 362 1256 circa
383 1233 482 1257 terram
495 1230 761 1261 circumvolveretur.
770 1234 847 1268 Quod
859 1243 925 1271 ergo
939 1237 1010 1264 valet

218 1274 303 1302 moles
318 1279 406 1303 terrae
421 1276 447 1304 in
464 1277 552 1306 medio
566 1279 670 1312 mundi,
693 1279 746 1308 hoc
773 1281 845 1309 valet
867 1282 954 1318 stylus
980 1284 1010 1314 in

218 1320 308 1365 medio
338 1320 478 1357 horologii.
507 1323 540 1350 Et
569 1325 794 1358 quemadmodqu
822 1328 916 1355 umbra
946 1329 1011 1365 styli

216 1363 289 1393 circa
315 1365 434 1400 seipsum
458 1374 507 1403 per
522 1368 653 1397 ambitum
669 1371 772 1406 scaphii
785 1363 1008 1408 circumducitur,

217 1409 254 1438 ita
269 1419 333 1445 nox,
344 1419 413 1448 quae
426 1418 467 1441 est
484 1415 581 1442 umbra
596 1420 697 1449 terrae,
710 1417 783 1445 circa
800 1418 885 1453 ipsam
907 1424 1007 1448 terram

219 1456 336 1492 undique
350 1465 398 1492 per
411 1459 497 1493 spatia
521 1460 592 1488 aeris
607 1461 697 1490 lunam
721 1470 737 1490 a
753 1467 824 1494 terra
842 1467 1009 1500 segrrgantis

219 1501 439 1531 circumvehitur.
464 1503 511 1532 Sol
533 1510 622 1534 autem
645 1507 716 1535 idem
742 1509 775 1537 de
797 1510 955 1546 corporibus
981 1516 1011 1541 et

219 1549 318 1585 terrae,
330 1552 357 1575 et
368 1549 431 1585 styli
443 1550 566 1580 umbram
576 1551 653 1587 jacit.
670 1551 721 1586 Qui
744 1553 862 1590 quidem,
886 1555 955 1583 sicut
980 1557 1008 1584 in

1057 961 1162 990 Exinde
1173 966 1304 996 quantum
1327 961 1438 996 perfecti
1463 963 1566 990 numeri
1596 963 1623 990 in
1650 964 1692 991 his
1721 964 1846 992 omnibus

1057 1006 1168 1041 vigent,
1178 1006 1302 1034 senarius
1317 1006 1440 1034 videlicet
1456 1012 1483 1034 et
1497 1008 1667 1042 septenarius
1683 1012 1710 1036 et
1733 1014 1846 1036 octona-

1058 1053 1124 1084 rius,
1138 1053 1166 1080 in
1181 1053 1279 1087 quibus
1291 1053 1407 1081 maxima
1422 1055 1579 1089 symphonia
1600 1055 1720 1082 musicae
1732 1060 1845 1082 natura-

1058 1097 1121 1125 liter
1145 1098 1337 1130 constituitur,
1362 1107 1432 1133 quae
1448 1099 1578 1134 diapason
1601 1101 1733 1128 vocatur!
1762 1101 1847 1128 Habet

1058 1144 1132 1171 enim
1143 1148 1206 1171 octo
1219 1151 1311 1176 sonos,
1321 1150 1423 1179 septem
1436 1146 1532 1179 spatia,
1542 1154 1590 1174 sex
1607 1150 1694 1174 tonos.
1717 1146 1847 1176 Senarius

1058 1196 1176 1224 namque
1189 1194 1318 1218 numerus
1337 1198 1384 1224 per
1395 1191 1512 1225 seipsum
1530 1191 1731 1226 multiplicatus,
1751 1193 1778 1220 id
1793 1198 1845 1226 est,

1059 1242 1106 1262 sex
1119 1236 1218 1267 sexies,
1227 1236 1335 1270 triginta
1348 1243 1396 1264 sex
1411 1236 1499 1264 etlicit.
1513 1237 1571 1270 Quo
1584 1245 1696 1265 numero
1707 1238 1729 1265 si
1741 1242 1844 1272 septem

1059 1281 1142 1308 millia
1156 1281 1392 1316 multiplicaveris,
1415 1283 1536 1310 invenies
1558 1284 1640 1311 totius
1665 1285 1738 1312 orbis
1763 1285 1847 1312 anthi-

1060 1330 1117 1354 tum
1132 1336 1140 1354 :
1155 1328 1286 1362 siquidem
1302 1332 1403 1362 septem
1429 1329 1512 1356 millia
1536 1329 1626 1357 tricies
1651 1337 1684 1357 ac
1704 1330 1725 1346 ¹⁰
1745 1331 1844 1363 sexies,

1059 1377 1106 1399 aut
1135 1373 1245 1408 triginta
1274 1381 1320 1401 sex
1345 1374 1444 1408 septies
1470 1374 1565 1402 millies
1598 1375 1618 1391 “
1646 1376 1844 1410 multiplicata,

1060 1419 1174 1446 ducenta
1201 1420 1393 1455 quinquaginta
1420 1420 1473 1448 duo
1491 1420 1572 1447 millia
1594 1421 1616 1437 “
1636 1422 1784 1449 stadiorum
1808 1422 1847 1450 fa-

1060 1465 1152 1498 ciunt,
1167 1474 1221 1500 quo
1248 1475 1361 1494 numero
1385 1467 1466 1494 totius
1494 1467 1596 1496 telluris
1622 1468 1769 1503 amplitudo
1783 1476 1845 1496 (ξοη-

1060 1510 1176 1538 cluditur
1197 1511 1229 1537 η.
1253 1511 1282 1539 Si
1309 1517 1398 1540 autem
1424 1513 1558 1539 senarium
1582 1513 1623 1540 sui
1645 1513 1784 1545 diametri,
1798 1514 1847 1548 qui

1060 1560 1101 1584 est
1128 1555 1282 1588 tcrnarius,
1314 1556 1464 1591 quantitate
1493 1557 1727 1592 multiplicaveris,
1753 1559 1846 1586 decem

220 1594 402 1629 aequinoctio,
427 1595 575 1625 meridiano
600 1602 729 1634 tempore,
752 1599 780 1627 in
805 1599 859 1628 illis
881 1599 1040 1636 partibusC
1055 1606 1084 1629 et
1109 1607 1170 1629 octo
1200 1602 1306 1630 numeri
1333 1611 1467 1631 summam
1492 1603 1619 1631 conficies
1647 1604 1683 1636 ν’,
1706 1612 1846 1640 perquam

219 1638 293 1666 orbis
308 1644 448 1673 terrarum,
465 1648 535 1677 quae
545 1641 733 1679 aequinoctiali
749 1644 852 1673 circulo
863 1647 1008 1683 appropin-

217 1689 312 1720 quant,
326 1685 354 1712 in
367 1685 456 1714 Meroe
469 1687 530 1715 dico
542 1692 570 1716 et
592 1687 691 1724 Syene,
715 1690 840 1719 umbram
865 1693 1007 1726 gnomonis

219 1727 391 1774 iacittantae
404 1731 586 1768 proceritatis,
602 1739 630 1764 ut
653 1735 815 1769 diametrum
841 1738 934 1774 ipsius,
957 1740 1008 1768 hoc

217 1776 269 1811 est,
284 1777 455 1807 medietatem
465 1787 513 1809 seu
531 1781 612 1816 paulo
626 1782 694 1818 plus,
711 1783 796 1818 possit
814 1785 958 1820 attingere,
971 1787 1009 1815 ita

218 1830 252 1851 ex
262 1823 336 1851 omni
351 1824 423 1852 mole
436 1824 542 1854 telluris
558 1826 658 1862 ubique
678 1828 802 1857 umbram
817 1831 964 1864 protendit,
978 1835 1009 1859 ut

219 1867 253 1894 ad
267 1867 396 1897 circulum
417 1868 508 1902 lunae,
529 1877 576 1899 seu
600 1871 682 1907 paulo
705 1873 840 1908 superius,
863 1875 1006 1903 exattetur.

221 1911 298 1946 Quod
309 1913 392 1949 ipsius
406 1914 487 1943 lunae
498 1917 594 1951 probat
607 1916 737 1946 defectus.
754 1919 782 1947 Si
808 1921 882 1948 enim
905 1921 1008 1956 aliquo-

221 1958 292 1985 tiens
306 1959 401 1987 umbra
416 1963 505 1987 terrae
519 1960 587 1988 ultra
607 1961 730 1990 lunarem
744 1963 875 1992 cireulum
890 1973 943 1994 non
959 1974 1007 1993 ex-

222 2003 391 2047 tenderetur,
404 2011 458 2033 non
482 2004 604 2035 fortassis
622 2007 718 2036 solaris
742 2008 810 2038 lucis
836 2017 928 2038 casum
950 2011 1009 2047 ipsa

220 2045 282 2077 luna
298 2054 444 2084 pateretur.
463 2049 543 2086 Nam,
564 2056 594 2081 ut
617 2052 692 2080 aiunt
718 2053 884 2090 philosophi,
906 2045 1010 2085 lunaris

219 2094 314 2123 circuli
328 2101 452 2125 centrum
478 2101 550 2126 terra
575 2103 630 2132 est;
659 2100 782 2134 quamvis
809 2100 953 2137 aliquando
981 2102 1010 2130 in

219 2141 296 2178 signo
309 2143 380 2171 tauri
390 2141 471 2171 altius
485 2143 622 2179 paululum
635 2145 757 2180 elongari
773 2145 807 2173 ab
829 2153 862 2174 eo
883 2147 1009 2175 aestime-

220 2187 273 2220 tur,
293 2187 338 2216 nbi
352 2188 484 2222 altissima
498 2190 571 2226 apsis
580 2211 588 2224 ,
601 2191 654 2220 hoc
665 2195 716 2224 est,
730 2190 843 2219 altitudo
858 2193 900 2220 sui
915 2193 1008 2222 circuli

220 2235 331 2275 putatur
351 2240 422 2273 esse,
442 2234 557 2271 ideoque
570 2243 623 2264 non
646 2236 822 2272 inaequalitas
835 2237 877 2266 sui
892 2237 1008 2266 ambitus

220 2271 292 2306 circa
308 2271 418 2314 terram,
440 2288 536 2308 verum
559 2282 671 2310 umbrae
697 2271 811 2311 altitudo
835 2291 917 2312 causa
941 2271 1046 2312 ecli-D

218 2332 299 2368 psaos
308 2324 367 2363 ejus
378 2325 548 2355 aestimanda
560 2332 612 2354 est.
632 2327 826 2361 Eratosthenes
843 2329 924 2364 igitur
946 2338 1005 2358 um-

217 2369 285 2410 brae
299 2375 388 2399 terrae
402 2371 572 2400 altitudinem
596 2380 631 2400 ex
654 2375 794 2409 gnomonis
823 2375 857 2404 ad
883 2375 1006 2403 umbram

219 2423 296 2456 suam
309 2417 513 2452 comparatione
528 2417 658 2453 investiga
663 2427 703 2453 ns,
711 2428 942 2456 cognoscensque,
951 2429 1007 2449 non

221 2455 292 2497 ultra
306 2461 392 2501 ipsam
408 2468 498 2492 terrae
512 2463 674 2493 diametrum
688 2455 811 2500 exaltari,
836 2455 909 2495 tanta
933 2467 1007 2495 enim

221 2503 335 2546 ditiiudo
347 2508 432 2537 noctis
445 2515 504 2542 est,
518 2515 618 2544 quanta
636 2511 781 2546 spissitudo
806 2511 907 2540 telluris
933 2512 1006 2540 intra

221 2551 446 2589 aequinoctialem
461 2554 592 2583 circulum
605 2561 794 2589 mensuratae,
825 2557 899 2592 prius
922 2558 1008 2585 ambi-

220 2600 280 2628 tum
293 2598 383 2626 terrae
395 2599 534 2638 quaesivit,
561 2605 591 2629 ut
612 2609 646 2629 ex
673 2609 705 2629 eo
733 2601 894 2630 diametrum
918 2607 1009 2638 posset

219 2639 354 2671 invenire.
369 2642 554 2680 Amplitudine
568 2646 702 2682 siquidem
716 2647 810 2676 circuli
820 2655 866 2676 seu
878 2649 1009 2683 sphaerae

1059 1651 1162 1682 septem
1195 1647 1277 1674 millia
1312 1647 1462 1676 stadiorum
1491 1648 1666 1683 multiplicata
1685 1649 1845 1676 diametrum

1061 1693 1143 1721 totius
1165 1697 1253 1721 terrae
1272 1698 1469 1721 consummant.
1482 1694 1592 1729 Septem
1614 1695 1745 1729 siquidem
1762 1695 1844 1722 millia

1059 1737 1150 1766 decies
1174 1742 1202 1765 et
1224 1738 1319 1769 octies,
1346 1745 1394 1765 seu
1413 1738 1505 1766 decem
1522 1742 1552 1766 et
1575 1743 1637 1766 octo
1657 1738 1757 1773 septies
1785 1739 1846 1766 mil-

1060 1784 1122 1817 lies,
1139 1789 1246 1812 centum
1266 1784 1359 1820 viginti
1381 1791 1428 1812 sex
1446 1784 1530 1812 millia
1546 1783 1649 1812 faciunt
1667 1785 1704 1817 “;
1725 1785 1770 1819 qui
1797 1793 1847 1812 nu-

1060 1838 1151 1858 merus
1164 1830 1313 1858 stadiorum
1327 1834 1356 1858 et
1370 1835 1458 1858 terrae
1473 1830 1634 1858 diametrum
1645 1851 1652 1863 ,
1675 1835 1703 1857 et
1717 1831 1795 1858 lunae
1807 1836 1848 1858 at-

1060 1883 1112 1910 que
1138 1875 1241 1903 telluris
1262 1875 1488 1910 intercapedinem
1511 1874 1634 1903 collocat.
1656 1874 1847 1906 Proindemou

1061 1919 1282 1947 irrationabiliter
1297 1920 1376 1947 lunae
1397 1920 1734 1954 tcrracthrintercapedo,
1752 1921 1848 1947 totius-

1060 1972 1112 2000 que
1131 1964 1234 1992 telluris
1245 1964 1409 1999 complcxio,
1426 1964 1481 1990 toni
1501 1965 1673 1998 proportione
1684 1965 1816 1992 contineri
1831 1972 1848 1991 a

1059 2010 1228 2046 philosophis
1257 2009 1456 2044 pronuntiatur.
1477 2009 1699 2042 Quattuordecim
1731 2016 1847 2043 namque

1060 2055 1142 2084 millia
1160 2054 1323 2086 stadiorum,
1338 2054 1428 2081 decies
1448 2058 1476 2081 et
1495 2054 1579 2080 octies
1602 2052 1786 2087 multiplicata,
1799 2053 1846 2080 dus

1060 2106 1138 2129 centa
1145 2100 1336 2135 quinquaginta
1349 2099 1401 2126 duo
1412 2098 1493 2126 millia
1507 2098 1617 2130 faciunt,
1632 2097 1761 2125 ambitum
1773 2099 1847 2126 vide-

1060 2149 1123 2176 licet
1139 2151 1241 2178 terrae;
1263 2145 1423 2172 diametrum
1445 2151 1510 2171 vero
1528 2144 1600 2179 ejus,
1616 2144 1748 2178 lunaeque
1767 2144 1802 2172 ah
1815 2151 1847 2172 ea

1061 2192 1216 2221 distantiam
1225 2211 1233 2224 ,
1247 2195 1349 2226 septem
1364 2189 1448 2216 millia
1462 2189 1609 2217 stadiorum
1624 2187 1712 2215 decies
1724 2192 1753 2216 et
1763 2189 1848 2216 octies

1061 2237 1238 2272 multiplicata
1261 2238 1402 2270 peragunt.
1428 2234 1526 2262 Decem
1546 2236 1636 2261 autem
1648 2236 1675 2259 et
1686 2237 1756 2264 octo,
1772 2240 1847 2261 com-

1058 2284 1147 2320 parati
1168 2283 1201 2314 ad
1215 2283 1306 2310 decem
1322 2285 1350 2308 et
1371 2288 1434 2313 sex,
1455 2287 1522 2315 quos
1542 2279 1585 2308 bis
1601 2283 1663 2307 octo
1677 2284 1846 2311 mensuram,

1061 2329 1115 2356 toni
1141 2328 1262 2356 obtinent
1286 2325 1502 2362 proportionem;
1521 2324 1607 2358 major
1622 2325 1695 2352 enim
1717 2332 1848 2353 numerus
1864 2356 1865 2359 η

1061 2380 1153 2402 tonum
1176 2374 1307 2400 minorem
1329 2371 1437 2406 colligit,
1463 2376 1639 2406 octavamque
1660 2369 1719 2404 ejus
1730 2375 1844 2404 partem,

1060 2419 1105 2454 qui
1118 2423 1160 2457 e§t
1170 2417 1298 2446 biuarius.
1313 2416 1378 2444 Nam
1392 2415 1616 2452 quemadmodum
1630 2422 1725 2443 novem
1738 2415 1771 2442 ad
1784 2419 1846 2442 octo

1060 2458 1233 2500 proportione
1246 2463 1374 2499 epogdoa,
1396 2462 1433 2489 ita
1445 2461 1537 2489 decem
1550 2465 1577 2488 et
1590 2468 1684 2487 novem
1700 2460 1734 2486 ad
1750 2459 1845 2487 decem

1060 2514 1089 2538 et
1098 2518 1144 2537 sex
1156 2508 1321 2536 harmonicis
1333 2506 1558 2542 speculationibus
1568 2509 1738 2539 coaptantur.
1750 2503 1845 2532 Omnis

1059 2556 1190 2591 siquidem
1206 2561 1333 2581 numerus
1345 2552 1430 2586 major
1442 2553 1475 2584 Ν,
1491 2552 1622 2578 minorem
1636 2558 1666 2577 se
1681 2554 1708 2576 ct
1719 2554 1844 2577 octavam

1060 2602 1172 2630 minoris
1186 2606 1290 2636 partem
1303 2599 1453 2629 continens,
1468 2596 1603 2632 epogdoos
1618 2595 1643 2621 in
1664 2594 1795 2627 numeris,
1816 2594 1844 2620 in

1059 2647 1169 2674 musicis
1183 2654 1247 2674 vero
1259 2650 1337 2672 tonus
1349 2643 1369 2659 "
1382 2648 1500 2670 vocatur.
1517 2641 1564 2668 His
1577 2647 1641 2675 ergo
1656 2637 1804 2665 rationibus
1817 2642 1845 2665 et

855 2704 982 2733 VARIAE
1002 2700 1202 2731 LECTIONES.

254 2757 267 2776 ⁸
290 2757 322 2784 Δί
336 2757 473 2790 dimota,
497 2758 538 2787 sic
562 2759 620 2787 fere
640 2759 750 2792 ultione.

218 2797 332 2845 Elius.
369 2797 383 2811 ⁸
395 2801 442 2821 aea
455 2801 512 2835 om.
525 2797 559 2835 A_.
597 2797 608 2810 '
622 2797 696 2821 med

255 2835 355 2856 eccm.
370 2828 401 2857 ο.
439 2829 463 2849 ιι
475 2828 570 2856 multa
594 2837 650 2858 om.
665 2829 697 2858 C.

218 2865 354 2892 Μ
389 2864 552 2894 πιθα-ω.

799 2759 810 2776 ⁸
826 2760 901 2795 cujus
926 2758 1050 2786 medietas
1072 2756 1245 2795 conslil_uitur_
1267 2761 1321 2795 om.
1347 2753 1378 2795 ΑΙ

263 2793 355 2856 2:...
369 2793 570 2857 aurae.
594 2792 1246 2858 ἑξεῆενεθγλειίῖέοἰηξοεονττοοειλιιςάειπῗ
1533 2792 1712 2853 Atinii"?
1723 2792 1847 2851 ίπϊέῖἕθ

1429 2751 1440 2767 ³
1458 2750 1479 2777 Α
1505 2749 1641 2775 diameter.
1691 2747 1702 2763 ⁵
1724 2746 1747 2774 Α
1770 2746 1849 2774 inda-

1235 2790 1245 2806 '
1266 2790 1289 2816 A
1310 2792 1373 2815 esset
1394 2785 1503 2812 telluris.
1553 2785 1565 2801 ⁸
1579 2784 1602 2810 Α
1627 2787 1712 2810 certus
1729 2783 1845 2818 effectus.

1121 2902 1136 2912 μ,
