  <div class='ocr_page' id='page_1' title='image "/cluster/home/n/w/nwhite01/storage/ocr_20150623/122/pst.000018028355/397.png"; bbox 0 0 4236 6274; ppageno 0'>
   <div class='ocr_carea' id='block_1_1' title="bbox 521 338 629 395">
    <p class='ocr_par' dir='ltr' id='par_1_1' title="bbox 521 338 629 395">
     <span class='ocr_line' id='line_1_1' title="bbox 521 338 629 395; baseline 0.009 -1"><span class='ocrx_word' id='word_1_1' title='bbox 521 338 629 395; x_wconf 74' lang='grc'><strong>’119</strong></span> 
     </span>
    </p>
   </div>
   <div class='ocr_carea' id='block_1_2' title="bbox 851 317 2438 380">
    <p class='ocr_par' dir='ltr' id='par_1_2' title="bbox 851 317 2438 380">
     <span class='ocr_line' id='line_1_2' title="bbox 851 317 2438 380; baseline 0.021 -39"><span class='ocrx_word' id='word_1_2' title='bbox 1088 319 1095 321; x_wconf 96' lang='grc'><strong>-</strong></span> <span class='ocrx_word' id='word_1_3' title='bbox 1406 325 1440 374; x_wconf 36' lang='grc'><strong>,-</strong></span> <span class='ocrx_word' id='word_1_4' title='bbox 1594 326 1618 332; x_wconf 92' lang='grc'><strong>--</strong></span> <span class='ocrx_word' id='word_1_5' title='bbox 1917 318 2200 380; x_wconf 73' lang='lat' dir='ltr'><strong>JOANNIS</strong></span> <span class='ocrx_word' id='word_1_6' title='bbox 2239 317 2438 377; x_wconf 84' lang='lat' dir='ltr'><strong>SCOTl</strong></span> 
     </span>
    </p>
   </div>
   <div class='ocr_carea' id='block_1_3' title="bbox 3700 307 3814 370">
    <p class='ocr_par' dir='ltr' id='par_1_3' title="bbox 3700 307 3814 370">
     <span class='ocr_line' id='line_1_3' title="bbox 3700 307 3814 370; baseline 0 -1"><span class='ocrx_word' id='word_1_7' title='bbox 3700 307 3814 370; x_wconf 64' lang='lat'><strong>720</strong></span> 
     </span>
    </p>
   </div>
   <div class='ocr_carea' id='block_1_4' title="bbox 524 425 3816 519">
    <p class='ocr_par' dir='ltr' id='par_1_4' title="bbox 524 425 3816 519">
     <span class='ocr_line' id='line_1_4' title="bbox 524 425 3816 519; baseline -0.009 -7"><span class='ocrx_word' id='word_1_8' title='bbox 524 452 680 512; x_wconf 78' lang='lat' dir='ltr'><strong>orbis</strong></span> <span class='ocrx_word' id='word_1_9' title='bbox 708 457 975 515; x_wconf 78' lang='lat' dir='ltr'><strong>ambitus,</strong></span> <span class='ocrx_word' id='word_1_10' title='bbox 1025 445 1250 519; x_wconf 80' lang='lat' dir='ltr'><strong>ejusque</strong></span> <span class='ocrx_word' id='word_1_11' title='bbox 1279 444 1594 507; x_wconf 73' lang='lat' dir='ltr'><strong>diametros,</strong></span> <span class='ocrx_word' id='word_1_12' title='bbox 1625 451 1681 496; x_wconf 94' lang='lat' dir='ltr'><strong>et</strong></span> <span class='ocrx_word' id='word_1_13' title='bbox 1708 437 1961 509; x_wconf 90' lang='lat' dir='ltr'><strong>spatium,</strong></span> <span class='ocrx_word' id='word_1_14' title='bbox 2007 450 2114 507; x_wconf 92' lang='lat' dir='ltr'><strong>quo</strong></span> <span class='ocrx_word' id='word_1_15' title='bbox 2143 443 2192 501; x_wconf 75' lang='grc' dir='ltr'>Α</span> <span class='ocrx_word' id='word_1_16' title='bbox 2221 451 2344 491; x_wconf 90' lang='lat' dir='ltr'><strong>rum</strong></span> <span class='ocrx_word' id='word_1_17' title='bbox 2393 429 2744 502; x_wconf 88' lang='lat' dir='ltr'><strong>amplitudine</strong></span> <span class='ocrx_word' id='word_1_18' title='bbox 2794 437 3041 484; x_wconf 66' lang='lat' dir='ltr'><strong>terrenae</strong></span> <span class='ocrx_word' id='word_1_19' title='bbox 3084 425 3265 492; x_wconf 91' lang='lat' dir='ltr'><strong>molis,</strong></span> <span class='ocrx_word' id='word_1_20' title='bbox 3299 425 3582 496; x_wconf 79' lang='lat' dir='ltr'><strong>noctisque</strong></span> <span class='ocrx_word' id='word_1_21' title='bbox 3629 425 3816 481; x_wconf 78' lang='lat' dir='ltr'><strong>altitu—</strong></span> 
     </span>
    </p>
   </div>
   <div class='ocr_carea' id='block_1_5' title="bbox 524 533 2116 605">
    <p class='ocr_par' dir='ltr' id='par_1_5' title="bbox 524 533 2116 605">
     <span class='ocr_line' id='line_1_5' title="bbox 524 533 2116 605; baseline -0.011 -5"><span class='ocrx_word' id='word_1_22' title='bbox 524 545 654 602; x_wconf 88' lang='lat' dir='ltr'><strong>luna</strong></span> <span class='ocrx_word' id='word_1_23' title='bbox 701 545 866 600; x_wconf 91' lang='lat' dir='ltr'><strong>distat</strong></span> <span class='ocrx_word' id='word_1_24' title='bbox 894 555 925 594; x_wconf 89' lang='lat' dir='ltr'><strong>a</strong></span> <span class='ocrx_word' id='word_1_25' title='bbox 957 547 1126 605; x_wconf 83' lang='lat' dir='ltr'><strong>terra,</strong></span> <span class='ocrx_word' id='word_1_26' title='bbox 1167 548 1224 594; x_wconf 90' lang='lat' dir='ltr'><strong>et</strong></span> <span class='ocrx_word' id='word_1_27' title='bbox 1268 539 1446 592; x_wconf 89' lang='lat' dir='ltr'><strong>noctis</strong></span> <span class='ocrx_word' id='word_1_28' title='bbox 1472 535 1700 590; x_wconf 91' lang='lat' dir='ltr'><strong>altitudo</strong></span> <span class='ocrx_word' id='word_1_29' title='bbox 1736 533 2116 587; x_wconf 84' lang='lat' dir='ltr'><strong>incunctanter</strong></span> 
     </span>
    </p>
   </div>
   <div class='ocr_carea' id='block_1_6' title="bbox 527 620 2119 706">
    <p class='ocr_par' dir='ltr' id='par_1_6' title="bbox 527 620 2119 706">
     <span class='ocr_line' id='line_1_6' title="bbox 527 620 2119 706; baseline -0.011 -14"><span class='ocrx_word' id='word_1_30' title='bbox 527 635 923 706; x_wconf 87' lang='lat' dir='ltr'><strong>comprehensa</strong></span> <span class='ocrx_word' id='word_1_31' title='bbox 952 639 1098 686; x_wconf 90' lang='lat' dir='ltr'><strong>sunt.</strong></span> <span class='ocrx_word' id='word_1_32' title='bbox 1132 629 1188 684; x_wconf 92' lang='lat' dir='ltr'><strong>Si</strong></span> <span class='ocrx_word' id='word_1_33' title='bbox 1216 639 1395 684; x_wconf 87' lang='lat' dir='ltr'><strong>autem</strong></span> <span class='ocrx_word' id='word_1_34' title='bbox 1437 641 1688 700; x_wconf 83' lang='lat' dir='ltr'><strong>quaeras,</strong></span> <span class='ocrx_word' id='word_1_35' title='bbox 1720 641 1818 680; x_wconf 90' lang='lat' dir='ltr'><strong>cur</strong></span> <span class='ocrx_word' id='word_1_36' title='bbox 1837 631 1890 678; x_wconf 93' lang='lat' dir='ltr'><strong>et</strong></span> <span class='ocrx_word' id='word_1_37' title='bbox 1913 620 2119 676; x_wconf 85' lang='lat' dir='ltr'><strong>Plinius</strong></span> 
     </span>
    </p>
   </div>
   <div class='ocr_carea' id='block_1_7' title="bbox 527 719 2121 791">
    <p class='ocr_par' dir='ltr' id='par_1_7' title="bbox 527 719 2121 791">
     <span class='ocr_line' id='line_1_7' title="bbox 527 719 2121 791; baseline -0.01 -6"><span class='ocrx_word' id='word_1_38' title='bbox 527 727 820 790; x_wconf 89' lang='lat' dir='ltr'><strong>secundus,</strong></span> <span class='ocrx_word' id='word_1_39' title='bbox 872 733 928 779; x_wconf 89' lang='lat' dir='ltr'><strong>et</strong></span> <span class='ocrx_word' id='word_1_40' title='bbox 970 723 1335 788; x_wconf 72' lang='lat' dir='ltr'><strong>Ptolemaeus,</strong></span> <span class='ocrx_word' id='word_1_41' title='bbox 1381 722 1434 776; x_wconf 90' lang='lat' dir='ltr'><strong>in</strong></span> <span class='ocrx_word' id='word_1_42' title='bbox 1477 719 1849 791; x_wconf 85' lang='lat' dir='ltr'><strong>Geographico</strong></span> <span class='ocrx_word' id='word_1_43' title='bbox 1892 732 2012 781; x_wconf 93' lang='lat' dir='ltr'><strong>suo,</strong></span> <span class='ocrx_word' id='word_1_44' title='bbox 2059 721 2121 770; x_wconf 85' lang='lat' dir='ltr'><strong>ut</strong></span> 
     </span>
    </p>
   </div>
   <div class='ocr_carea' id='block_1_8' title="bbox 526 805 2119 883">
    <p class='ocr_par' dir='ltr' id='par_1_8' title="bbox 526 805 2119 883">
     <span class='ocr_line' id='line_1_8' title="bbox 526 805 2119 883; baseline -0.009 -10"><span class='ocrx_word' id='word_1_45' title='bbox 526 817 828 874; x_wconf 79' lang='lat' dir='ltr'><strong>Martianus</strong></span> <span class='ocrx_word' id='word_1_46' title='bbox 849 815 1062 881; x_wconf 88' lang='lat' dir='ltr'><strong>scribit,</strong></span> <span class='ocrx_word' id='word_1_47' title='bbox 1102 829 1210 869; x_wconf 93' lang='lat' dir='ltr'><strong>non</strong></span> <span class='ocrx_word' id='word_1_48' title='bbox 1245 813 1364 883; x_wconf 91' lang='lat' dir='ltr'><strong>plus</strong></span> <span class='ocrx_word' id='word_1_49' title='bbox 1405 827 1567 882; x_wconf 89' lang='lat' dir='ltr'><strong>quam</strong></span> <span class='ocrx_word' id='word_1_50' title='bbox 1608 812 1898 882; x_wconf 82' lang='lat' dir='ltr'><strong>quingenta</strong></span> <span class='ocrx_word' id='word_1_51' title='bbox 1944 805 2119 863; x_wconf 87' lang='lat' dir='ltr'><strong>stadia</strong></span> 
     </span>
    </p>
   </div>
   <div class='ocr_carea' id='block_1_9' title="bbox 525 900 2121 980">
    <p class='ocr_par' dir='ltr' id='par_1_9' title="bbox 525 900 2121 980">
     <span class='ocr_line' id='line_1_9' title="bbox 525 900 2121 980; baseline -0.008 -14"><span class='ocrx_word' id='word_1_52' title='bbox 525 909 755 980; x_wconf 79' lang='lat' dir='ltr'><strong>singulis</strong></span> <span class='ocrx_word' id='word_1_53' title='bbox 776 907 1026 979; x_wconf 89' lang='lat' dir='ltr'><strong>partibus</strong></span> <span class='ocrx_word' id='word_1_54' title='bbox 1048 905 1401 971; x_wconf 90' lang='lat' dir='ltr'><strong>distribuunt,</strong></span> <span class='ocrx_word' id='word_1_55' title='bbox 1415 906 1504 974; x_wconf 88' lang='lat' dir='ltr'><strong>qui</strong></span> <span class='ocrx_word' id='word_1_56' title='bbox 1529 919 1810 968; x_wconf 87' lang='lat' dir='ltr'><strong>numerus,</strong></span> <span class='ocrx_word' id='word_1_57' title='bbox 1829 900 2121 956; x_wconf 87' lang='lat' dir='ltr'><strong>trecenties</strong></span> 
     </span>
    </p>
   </div>
   <div class='ocr_carea' id='block_1_10' title="bbox 529 995 2122 1072">
    <p class='ocr_par' dir='ltr' id='par_1_10' title="bbox 529 995 2122 1072">
     <span class='ocr_line' id='line_1_10' title="bbox 529 995 2122 1072; baseline -0.005 -14"><span class='ocrx_word' id='word_1_58' title='bbox 529 1003 778 1070; x_wconf 80' lang='lat' dir='ltr'><strong>sexagies</strong></span> <span class='ocrx_word' id='word_1_59' title='bbox 800 1000 1206 1072; x_wconf 87' lang='lat' dir='ltr'><strong>multiplicatus,</strong></span> <span class='ocrx_word' id='word_1_60' title='bbox 1241 999 1501 1053; x_wconf 87' lang='lat' dir='ltr'><strong>ambitum</strong></span> <span class='ocrx_word' id='word_1_61' title='bbox 1527 997 1729 1053; x_wconf 90' lang='lat' dir='ltr'><strong>telluris</strong></span> <span class='ocrx_word' id='word_1_62' title='bbox 1744 997 1898 1065; x_wconf 84' lang='lat' dir='ltr'><strong>juxta</strong></span> <span class='ocrx_word' id='word_1_63' title='bbox 1928 995 2122 1050; x_wconf 83' lang='lat' dir='ltr'><strong>Erato-</strong></span> 
     </span>
    </p>
   </div>
   <div class='ocr_carea' id='block_1_11' title="bbox 527 1085 2120 1162">
    <p class='ocr_par' dir='ltr' id='par_1_11' title="bbox 527 1085 2120 1162">
     <span class='ocr_line' id='line_1_11' title="bbox 527 1085 2120 1162; baseline -0.006 -14"><span class='ocrx_word' id='word_1_64' title='bbox 527 1093 736 1148; x_wconf 89' lang='lat' dir='ltr'><strong>sthenis</strong></span> <span class='ocrx_word' id='word_1_65' title='bbox 779 1090 1217 1162; x_wconf 85' lang='lat' dir='ltr'><strong>supputationem</strong></span> <span class='ocrx_word' id='word_1_66' title='bbox 1257 1088 1715 1159; x_wconf 88' lang='lat' dir='ltr'><strong>comprehendere</strong></span> <span class='ocrx_word' id='word_1_67' title='bbox 1755 1102 1859 1141; x_wconf 91' lang='lat' dir='ltr'><strong>non</strong></span> <span class='ocrx_word' id='word_1_68' title='bbox 1901 1085 2120 1156; x_wconf 90' lang='lat' dir='ltr'><strong>poterit,</strong></span> 
     </span>
    </p>
   </div>
   <div class='ocr_carea' id='block_1_12' title="bbox 529 1179 2121 1253">
    <p class='ocr_par' dir='ltr' id='par_1_12' title="bbox 529 1179 2121 1253">
     <span class='ocr_line' id='line_1_12' title="bbox 529 1179 2121 1253; baseline -0.005 -13"><span class='ocrx_word' id='word_1_69' title='bbox 529 1201 639 1240; x_wconf 93' lang='lat' dir='ltr'><strong>non</strong></span> <span class='ocrx_word' id='word_1_70' title='bbox 671 1185 803 1240; x_wconf 87' lang='lat' dir='ltr'><strong>mihi</strong></span> <span class='ocrx_word' id='word_1_71' title='bbox 831 1184 990 1241; x_wconf 82' lang='lat' dir='ltr'><strong>facile</strong></span> <span class='ocrx_word' id='word_1_72' title='bbox 1015 1184 1278 1249; x_wconf 90' lang='lat' dir='ltr'><strong>occurrit,</strong></span> <span class='ocrx_word' id='word_1_73' title='bbox 1306 1182 1434 1253; x_wconf 91' lang='lat' dir='ltr'><strong>quid</strong></span> <span class='ocrx_word' id='word_1_74' title='bbox 1476 1181 1854 1252; x_wconf 90' lang='lat' dir='ltr'><strong>respondeam.</strong></span> <span class='ocrx_word' id='word_1_75' title='bbox 1889 1179 1946 1234; x_wconf 91' lang='lat' dir='ltr'><strong>Si</strong></span> <span class='ocrx_word' id='word_1_76' title='bbox 1977 1180 2121 1234; x_wconf 90' lang='lat' dir='ltr'><strong>enim</strong></span> 
     </span>
    </p>
   </div>
   <div class='ocr_carea' id='block_1_13' title="bbox 529 1259 2119 1344">
    <p class='ocr_par' dir='ltr' id='par_1_13' title="bbox 529 1259 2119 1344">
     <span class='ocr_line' id='line_1_13' title="bbox 529 1259 2119 1344; baseline -0.006 -11"><span class='ocrx_word' id='word_1_77' title='bbox 529 1278 755 1344; x_wconf 79' lang='lat' dir='ltr'><strong>dixero,</strong></span> <span class='ocrx_word' id='word_1_78' title='bbox 810 1276 1206 1333; x_wconf 87' lang='lat' dir='ltr'><strong>Eratosthencn</strong></span> <span class='ocrx_word' id='word_1_79' title='bbox 1266 1274 1386 1344; x_wconf 92' lang='lat' dir='ltr'><strong>plus</strong></span> <span class='ocrx_word' id='word_1_80' title='bbox 1444 1259 1623 1328; x_wconf 74' lang='lat' dir='ltr'><strong>terrae</strong></span> <span class='ocrx_word' id='word_1_81' title='bbox 1665 1270 2119 1341; x_wconf 77' lang='lat' dir='ltr'><strong>magnitudinem,</strong></span> 
     </span>
    </p>
   </div>
   <div class='ocr_carea' id='block_1_14' title="bbox 530 1363 2120 1428">
    <p class='ocr_par' dir='ltr' id='par_1_14' title="bbox 530 1363 2120 1428">
     <span class='ocr_line' id='line_1_14' title="bbox 530 1363 2120 1428; baseline -0.006 -2"><span class='ocrx_word' id='word_1_82' title='bbox 530 1369 767 1426; x_wconf 89' lang='lat' dir='ltr'><strong>Plinium</strong></span> <span class='ocrx_word' id='word_1_83' title='bbox 816 1385 948 1427; x_wconf 85' lang='lat' dir='ltr'><strong>vero</strong></span> <span class='ocrx_word' id='word_1_84' title='bbox 991 1380 1046 1425; x_wconf 91' lang='lat' dir='ltr'><strong>et</strong></span> <span class='ocrx_word' id='word_1_85' title='bbox 1091 1368 1457 1424; x_wconf 86' lang='lat' dir='ltr'><strong>Ptolemaeum</strong></span> <span class='ocrx_word' id='word_1_86' title='bbox 1490 1367 1507 1397; x_wconf 86' lang='grc'>¹</span> <span class='ocrx_word' id='word_1_87' title='bbox 1537 1365 1716 1420; x_wconf 91' lang='lat' dir='ltr'><strong>minus</strong></span> <span class='ocrx_word' id='word_1_88' title='bbox 1758 1363 2120 1428; x_wconf 83' lang='lat' dir='ltr'><strong>existimasse,</strong></span> 
     </span>
    </p>
   </div>
   <div class='ocr_carea' id='block_1_15' title="bbox 529 1458 2125 1529">
    <p class='ocr_par' dir='ltr' id='par_1_15' title="bbox 529 1458 2125 1529">
     <span class='ocr_line' id='line_1_15' title="bbox 529 1458 2125 1529; baseline -0.004 -14"><span class='ocrx_word' id='word_1_89' title='bbox 529 1478 638 1516; x_wconf 91' lang='lat' dir='ltr'><strong>non</strong></span> <span class='ocrx_word' id='word_1_90' title='bbox 661 1461 933 1518; x_wconf 83' lang='lat' dir='ltr'><strong>videbitur</strong></span> <span class='ocrx_word' id='word_1_91' title='bbox 959 1460 1277 1526; x_wconf 80' lang='lat' dir='ltr'><strong>verisimile,</strong></span> <span class='ocrx_word' id='word_1_92' title='bbox 1306 1458 1451 1529; x_wconf 94' lang='lat' dir='ltr'><strong>quod</strong></span> <span class='ocrx_word' id='word_1_93' title='bbox 1478 1458 1620 1513; x_wconf 90' lang='lat' dir='ltr'><strong>inter</strong></span> <span class='ocrx_word' id='word_1_94' title='bbox 1661 1469 1903 1511; x_wconf 88' lang='lat' dir='ltr'><strong>summos</strong></span> <span class='ocrx_word' id='word_1_95' title='bbox 1938 1462 2125 1508; x_wconf 89' lang='lat' dir='ltr'><strong>aucto-</strong></span> 
     </span>
    </p>
   </div>
   <div class='ocr_carea' id='block_1_16' title="bbox 529 1545 2123 1624">
    <p class='ocr_par' dir='ltr' id='par_1_16' title="bbox 529 1545 2123 1624">
     <span class='ocr_line' id='line_1_16' title="bbox 529 1545 2123 1624; baseline -0.003 -16"><span class='ocrx_word' id='word_1_96' title='bbox 529 1569 621 1608; x_wconf 88' lang='lat' dir='ltr'><strong>res</strong></span> <span class='ocrx_word' id='word_1_97' title='bbox 643 1554 948 1609; x_wconf 88' lang='lat' dir='ltr'><strong>mundanae</strong></span> <span class='ocrx_word' id='word_1_98' title='bbox 974 1552 1272 1624; x_wconf 86' lang='lat' dir='ltr'><strong>sapientiae</strong></span> <span class='ocrx_word' id='word_1_99' title='bbox 1296 1559 1441 1606; x_wconf 91' lang='lat' dir='ltr'><strong>tanta</strong></span> <span class='ocrx_word' id='word_1_100' title='bbox 1470 1547 1801 1605; x_wconf 84' lang='lat' dir='ltr'><strong>dissonantia</strong></span> <span class='ocrx_word' id='word_1_101' title='bbox 1830 1548 1916 1612; x_wconf 91' lang='lat' dir='ltr'><strong>sit,</strong></span> <span class='ocrx_word' id='word_1_102' title='bbox 1945 1556 2004 1603; x_wconf 91' lang='lat' dir='ltr'><strong>ut</strong></span> <span class='ocrx_word' id='word_1_103' title='bbox 2031 1545 2123 1603; x_wconf 86' lang='lat' dir='ltr'><strong>alii</strong></span> 
     </span>
    </p>
   </div>
   <div class='ocr_carea' id='block_1_17' title="bbox 534 1639 2123 1714">
    <p class='ocr_par' dir='ltr' id='par_1_17' title="bbox 534 1639 2123 1714">
     <span class='ocr_line' id='line_1_17' title="bbox 534 1639 2123 1714; baseline -0.002 -17"><span class='ocrx_word' id='word_1_104' title='bbox 534 1644 942 1714; x_wconf 88' lang='lat' dir='ltr'><strong>amplitudinem</strong></span> <span class='ocrx_word' id='word_1_105' title='bbox 1014 1652 1193 1699; x_wconf 88' lang='lat' dir='ltr'><strong>terrae</strong></span> <span class='ocrx_word' id='word_1_106' title='bbox 1258 1643 1490 1698; x_wconf 90' lang='lat' dir='ltr'><strong>ducenta</strong></span> <span class='ocrx_word' id='word_1_107' title='bbox 1565 1639 1955 1711; x_wconf 81' lang='lat' dir='ltr'><strong>quinquaginta</strong></span> <span class='ocrx_word' id='word_1_108' title='bbox 2018 1639 2123 1694; x_wconf 91' lang='lat' dir='ltr'><strong>duo</strong></span> 
     </span>
    </p>
   </div>
   <div class='ocr_carea' id='block_1_18' title="bbox 535 1728 2124 1800">
    <p class='ocr_par' dir='ltr' id='par_1_18' title="bbox 535 1728 2124 1800">
     <span class='ocr_line' id='line_1_18' title="bbox 535 1728 2124 1800; baseline -0.003 -13"><span class='ocrx_word' id='word_1_109' title='bbox 535 1733 706 1787; x_wconf 85' lang='lat' dir='ltr'><strong>millia</strong></span> <span class='ocrx_word' id='word_1_110' title='bbox 739 1734 759 1764; x_wconf 82' lang='grc'><strong><em>⁸</em></strong></span> <span class='ocrx_word' id='word_1_111' title='bbox 786 1733 1111 1797; x_wconf 87' lang='lat' dir='ltr'><strong>stadiorum,</strong></span> <span class='ocrx_word' id='word_1_112' title='bbox 1151 1732 1242 1787; x_wconf 89' lang='lat' dir='ltr'><strong>alii</strong></span> <span class='ocrx_word' id='word_1_113' title='bbox 1271 1740 1488 1786; x_wconf 92' lang='lat' dir='ltr'><strong>centum</strong></span> <span class='ocrx_word' id='word_1_114' title='bbox 1535 1730 1806 1800; x_wconf 83' lang='lat' dir='ltr'><strong>octoginta</strong></span> <span class='ocrx_word' id='word_1_115' title='bbox 1837 1728 2002 1783; x_wconf 88' lang='lat' dir='ltr'><strong>millia</strong></span> <span class='ocrx_word' id='word_1_116' title='bbox 2036 1745 2124 1782; x_wconf 89' lang='lat' dir='ltr'><strong>ar-</strong></span> 
     </span>
    </p>
   </div>
   <div class='ocr_carea' id='block_1_19' title="bbox 2217 522 3820 602">
    <p class='ocr_par' dir='ltr' id='par_1_19' title="bbox 2217 522 3820 602">
     <span class='ocr_line' id='line_1_19' title="bbox 2217 522 3820 602; baseline -0.007 -14"><span class='ocrx_word' id='word_1_117' title='bbox 2217 531 2367 597; x_wconf 90' lang='lat' dir='ltr'><strong>dine,</strong></span> <span class='ocrx_word' id='word_1_118' title='bbox 2396 545 2536 602; x_wconf 90' lang='lat' dir='ltr'><strong>quae</strong></span> <span class='ocrx_word' id='word_1_119' title='bbox 2556 526 2797 597; x_wconf 84' lang='lat' dir='ltr'><strong>ejusdem</strong></span> <span class='ocrx_word' id='word_1_120' title='bbox 2819 526 2842 557; x_wconf 83' lang='grc'>⁸</span> <span class='ocrx_word' id='word_1_121' title='bbox 2874 540 3164 582; x_wconf 88' lang='lat' dir='ltr'><strong>mensurae</strong></span> <span class='ocrx_word' id='word_1_122' title='bbox 3201 531 3310 590; x_wconf 88' lang='lat' dir='ltr'><strong>est,</strong></span> <span class='ocrx_word' id='word_1_123' title='bbox 3339 522 3493 593; x_wconf 90' lang='lat' dir='ltr'><strong>cujus</strong></span> <span class='ocrx_word' id='word_1_124' title='bbox 3518 523 3684 578; x_wconf 91' lang='lat' dir='ltr'><strong>etiam</strong></span> <span class='ocrx_word' id='word_1_125' title='bbox 3717 525 3820 578; x_wconf 88' lang='lat' dir='ltr'><strong>tel-</strong></span> 
     </span>
    </p>
   </div>
   <div class='ocr_carea' id='block_1_20' title="bbox 2217 616 3816 687">
    <p class='ocr_par' dir='ltr' id='par_1_20' title="bbox 2217 616 3816 687">
     <span class='ocr_line' id='line_1_20' title="bbox 2217 616 3816 687; baseline -0.001 -13"><span class='ocrx_word' id='word_1_126' title='bbox 2217 621 2351 676; x_wconf 91' lang='lat' dir='ltr'><strong>luris</strong></span> <span class='ocrx_word' id='word_1_127' title='bbox 2375 620 2671 674; x_wconf 90' lang='lat' dir='ltr'><strong>diametros</strong></span> <span class='ocrx_word' id='word_1_128' title='bbox 2693 616 3000 672; x_wconf 88' lang='lat' dir='ltr'><strong>rationabili</strong></span> <span class='ocrx_word' id='word_1_129' title='bbox 3039 616 3515 687; x_wconf 79' lang='lat' dir='ltr'><strong>argumentatione</strong></span> <span class='ocrx_word' id='word_1_130' title='bbox 3551 617 3816 685; x_wconf 89' lang='lat' dir='ltr'><strong>repertis,</strong></span> 
     </span>
    </p>
   </div>
   <div class='ocr_carea' id='block_1_21' title="bbox 2221 710 3819 782">
    <p class='ocr_par' dir='ltr' id='par_1_21' title="bbox 2221 710 3819 782">
     <span class='ocr_line' id='line_1_21' title="bbox 2221 710 3819 782; baseline -0.002 -13"><span class='ocrx_word' id='word_1_131' title='bbox 2221 715 2455 770; x_wconf 86' lang='lat' dir='ltr'><strong>ambitus</strong></span> <span class='ocrx_word' id='word_1_132' title='bbox 2484 712 2713 777; x_wconf 89' lang='lat' dir='ltr'><strong>lunaris,</strong></span> <span class='ocrx_word' id='word_1_133' title='bbox 2757 710 2941 766; x_wconf 87' lang='lat' dir='ltr'><strong>circuli</strong></span> <span class='ocrx_word' id='word_1_134' title='bbox 2985 718 3234 782; x_wconf 84' lang='lat' dir='ltr'><strong>prompte</strong></span> <span class='ocrx_word' id='word_1_135' title='bbox 3282 711 3674 782; x_wconf 86' lang='lat' dir='ltr'><strong>quaerentibus</strong></span> <span class='ocrx_word' id='word_1_136' title='bbox 3717 726 3819 767; x_wconf 91' lang='lat' dir='ltr'><strong>oc-</strong></span> 
     </span>
    </p>
   </div>
   <div class='ocr_carea' id='block_1_22' title="bbox 2220 801 3823 874">
    <p class='ocr_par' dir='ltr' id='par_1_22' title="bbox 2220 801 3823 874">
     <span class='ocr_line' id='line_1_22' title="bbox 2220 801 3823 874; baseline -0.003 -10"><span class='ocrx_word' id='word_1_137' title='bbox 2220 807 2411 864; x_wconf 89' lang='lat' dir='ltr'><strong>currit.</strong></span> <span class='ocrx_word' id='word_1_138' title='bbox 2446 803 2740 874; x_wconf 90' lang='lat' dir='ltr'><strong>Triplicata</strong></span> <span class='ocrx_word' id='word_1_139' title='bbox 2786 801 3055 872; x_wconf 89' lang='lat' dir='ltr'><strong>siquidem</strong></span> <span class='ocrx_word' id='word_1_140' title='bbox 3085 803 3262 858; x_wconf 89' lang='lat' dir='ltr'><strong>noctis</strong></span> <span class='ocrx_word' id='word_1_141' title='bbox 3305 802 3536 858; x_wconf 91' lang='lat' dir='ltr'><strong>altitudo</strong></span> <span class='ocrx_word' id='word_1_142' title='bbox 3567 803 3756 859; x_wconf 91' lang='lat' dir='ltr'><strong>circuli</strong></span> <span class='ocrx_word' id='word_1_143' title='bbox 3797 804 3823 840; x_wconf 80' lang='grc'><em>³</em></span> 
     </span>
    </p>
   </div>
   <div class='ocr_carea' id='block_1_23' title="bbox 2221 895 3818 968">
    <p class='ocr_par' dir='ltr' id='par_1_23' title="bbox 2221 895 3818 968">
     <span class='ocr_line' id='line_1_23' title="bbox 2221 895 3818 968; baseline -0.001 -13"><span class='ocrx_word' id='word_1_144' title='bbox 2221 901 2428 955; x_wconf 89' lang='lat' dir='ltr'><strong>lunaris</strong></span> <span class='ocrx_word' id='word_1_145' title='bbox 2461 941 2474 964; x_wconf 96' lang='lat'><strong>,</strong></span> <span class='ocrx_word' id='word_1_146' title='bbox 2507 899 2830 954; x_wconf 89' lang='lat' dir='ltr'><strong>diametrum</strong></span> <span class='ocrx_word' id='word_1_147' title='bbox 2862 895 3025 951; x_wconf 83' lang='lat' dir='ltr'><strong>eﬁicit</strong></span> <span class='ocrx_word' id='word_1_148' title='bbox 3051 913 3065 950; x_wconf 91' lang='lat'>:</span> <span class='ocrx_word' id='word_1_149' title='bbox 3095 905 3313 952; x_wconf 83' lang='lat' dir='ltr'><strong>centum</strong></span> <span class='ocrx_word' id='word_1_150' title='bbox 3356 912 3593 967; x_wconf 88' lang='lat' dir='ltr'><strong>namque</strong></span> <span class='ocrx_word' id='word_1_151' title='bbox 3625 897 3818 968; x_wconf 81' lang='lat' dir='ltr'><strong>viginti</strong></span> 
     </span>
    </p>
   </div>
   <div class='ocr_carea' id='block_1_24' title="bbox 2223 988 3814 1061">
    <p class='ocr_par' dir='ltr' id='par_1_24' title="bbox 2223 988 3814 1061">
     <span class='ocr_line' id='line_1_24' title="bbox 2223 988 3814 1061; baseline -0.003 -11"><span class='ocrx_word' id='word_1_152' title='bbox 2223 1009 2316 1050; x_wconf 82' lang='lat' dir='ltr'><strong>sex</strong></span> <span class='ocrx_word' id='word_1_153' title='bbox 2357 993 2523 1048; x_wconf 88' lang='lat' dir='ltr'><strong>millia</strong></span> <span class='ocrx_word' id='word_1_154' title='bbox 2560 992 2857 1047; x_wconf 87' lang='lat' dir='ltr'><strong>stadiorum</strong></span> <span class='ocrx_word' id='word_1_155' title='bbox 2879 1031 2894 1054; x_wconf 95' lang='lat'><strong>,</strong></span> <span class='ocrx_word' id='word_1_156' title='bbox 2929 990 3089 1045; x_wconf 90' lang='lat' dir='ltr'><strong>tertio</strong></span> <span class='ocrx_word' id='word_1_157' title='bbox 3122 991 3388 1061; x_wconf 89' lang='lat' dir='ltr'><strong>repetita,</strong></span> <span class='ocrx_word' id='word_1_158' title='bbox 3417 988 3814 1047; x_wconf 84' lang='lat' dir='ltr'><strong>CCCLXXVII]</strong></span> 
     </span>
    </p>
   </div>
   <div class='ocr_carea' id='block_1_25' title="bbox 2222 1080 3812 1150">
    <p class='ocr_par' dir='ltr' id='par_1_25' title="bbox 2222 1080 3812 1150">
     <span class='ocr_line' id='line_1_25' title="bbox 2222 1080 3812 1150; baseline -0.001 -11"><span class='ocrx_word' id='word_1_159' title='bbox 2222 1081 2388 1140; x_wconf 88' lang='lat' dir='ltr'><strong>millia</strong></span> <span class='ocrx_word' id='word_1_160' title='bbox 2438 1081 2662 1137; x_wconf 89' lang='lat' dir='ltr'><strong>faciunt.</strong></span> <span class='ocrx_word' id='word_1_161' title='bbox 2727 1080 2824 1137; x_wconf 89' lang='lat' dir='ltr'><strong>Est</strong></span> <span class='ocrx_word' id='word_1_162' title='bbox 2877 1080 3044 1150; x_wconf 78' lang='lat' dir='ltr'><strong>igitur</strong></span> <span class='ocrx_word' id='word_1_163' title='bbox 3091 1081 3134 1113; x_wconf 77' lang='grc'>³⁸</span> <span class='ocrx_word' id='word_1_164' title='bbox 3174 1081 3382 1138; x_wconf 88' lang='lat' dir='ltr'><strong>lunaris</strong></span> <span class='ocrx_word' id='word_1_165' title='bbox 3426 1082 3727 1139; x_wconf 84' lang='lat' dir='ltr'><strong>circulus“</strong></span> <span class='ocrx_word' id='word_1_166' title='bbox 3757 1085 3812 1141; x_wconf 90' lang='lat' dir='ltr'><strong>in</strong></span> 
     </span>
    </p>
   </div>
   <div class='ocr_carea' id='block_1_26' title="bbox 2223 1170 3818 1232">
    <p class='ocr_par' dir='ltr' id='par_1_26' title="bbox 2223 1170 3818 1232">
     <span class='ocr_line' id='line_1_26' title="bbox 2223 1170 3818 1232; baseline -0.001 -1"><span class='ocrx_word' id='word_1_167' title='bbox 2223 1175 2460 1232; x_wconf 89' lang='lat' dir='ltr'><strong>millibus</strong></span> <span class='ocrx_word' id='word_1_168' title='bbox 2513 1174 2814 1228; x_wconf 86' lang='lat' dir='ltr'><strong>stadiorum</strong></span> <span class='ocrx_word' id='word_1_169' title='bbox 2872 1170 3285 1227; x_wconf 76' lang='lat' dir='ltr'><strong>CCCLXXVIII.</strong></span> <span class='ocrx_word' id='word_1_170' title='bbox 3337 1171 3398 1228; x_wconf 92' lang='lat' dir='ltr'><strong>Si</strong></span> <span class='ocrx_word' id='word_1_171' title='bbox 3458 1181 3639 1228; x_wconf 89' lang='lat' dir='ltr'><strong>autem</strong></span> <span class='ocrx_word' id='word_1_172' title='bbox 3704 1173 3818 1229; x_wconf 82' lang='lat' dir='ltr'><strong>dia-</strong></span> 
     </span>
    </p>
   </div>
   <div class='ocr_carea' id='block_1_27' title="bbox 2223 1263 3814 1336">
    <p class='ocr_par' dir='ltr' id='par_1_27' title="bbox 2223 1263 3814 1336">
     <span class='ocr_line' id='line_1_27' title="bbox 2223 1263 3814 1336; baseline -0.001 -12"><span class='ocrx_word' id='word_1_173' title='bbox 2223 1275 2454 1324; x_wconf 89' lang='lat' dir='ltr'><strong>metrum</strong></span> <span class='ocrx_word' id='word_1_174' title='bbox 2486 1263 2848 1336; x_wconf 87' lang='lat' dir='ltr'><strong>duplicaveris</strong></span> <span class='ocrx_word' id='word_1_175' title='bbox 2869 1264 2938 1329; x_wconf 57' lang='lat' dir='ltr'><strong>t&#39;,</strong></span> <span class='ocrx_word' id='word_1_176' title='bbox 2961 1264 3070 1319; x_wconf 90' lang='lat' dir='ltr'><strong>erit</strong></span> <span class='ocrx_word' id='word_1_177' title='bbox 3093 1264 3261 1320; x_wconf 91' lang='lat' dir='ltr'><strong>totius</strong></span> <span class='ocrx_word' id='word_1_178' title='bbox 3283 1263 3470 1321; x_wconf 90' lang='lat' dir='ltr'><strong>circuli</strong></span> <span class='ocrx_word' id='word_1_179' title='bbox 3500 1264 3736 1321; x_wconf 84' lang='lat' dir='ltr'><strong>ambitus</strong></span> <span class='ocrx_word' id='word_1_180' title='bbox 3761 1266 3814 1323; x_wconf 88' lang='lat' dir='ltr'><strong>in</strong></span> 
     </span>
    </p>
   </div>
   <div class='ocr_carea' id='block_1_28' title="bbox 2224 1347 3814 1415">
    <p class='ocr_par' dir='ltr' id='par_1_28' title="bbox 2224 1347 3814 1415">
     <span class='ocr_line' id='line_1_28' title="bbox 2224 1347 3814 1415; baseline 0 -1"><span class='ocrx_word' id='word_1_181' title='bbox 2224 1359 2278 1414; x_wconf 91' lang='lat' dir='ltr'><strong>in</strong></span> <span class='ocrx_word' id='word_1_182' title='bbox 2309 1347 2556 1415; x_wconf 82' lang='lat' dir='ltr'><strong>DCCLVI</strong></span> <span class='ocrx_word' id='word_1_183' title='bbox 2587 1355 2828 1413; x_wconf 87' lang='lat' dir='ltr'><strong>millibus</strong></span> <span class='ocrx_word' id='word_1_184' title='bbox 2859 1355 3181 1413; x_wconf 88' lang='lat' dir='ltr'><strong>stadiorum.</strong></span> <span class='ocrx_word' id='word_1_185' title='bbox 3231 1356 3308 1412; x_wconf 94' lang='lat' dir='ltr'><strong>De</strong></span> <span class='ocrx_word' id='word_1_186' title='bbox 3352 1372 3605 1413; x_wconf 86' lang='lat' dir='ltr'><strong>mensura</strong></span> <span class='ocrx_word' id='word_1_187' title='bbox 3636 1367 3814 1414; x_wconf 90' lang='lat' dir='ltr'><strong>autem</strong></span> 
     </span>
    </p>
   </div>
   <div class='ocr_carea' id='block_1_29' title="bbox 2224 1448 3818 1520">
    <p class='ocr_par' dir='ltr' id='par_1_29' title="bbox 2224 1448 3818 1520">
     <span class='ocr_line' id='line_1_29' title="bbox 2224 1448 3818 1520; baseline 0.001 -16"><span class='ocrx_word' id='word_1_188' title='bbox 2224 1449 2430 1504; x_wconf 88' lang='lat' dir='ltr'><strong>lunaris</strong></span> <span class='ocrx_word' id='word_1_189' title='bbox 2458 1449 2703 1518; x_wconf 90' lang='lat' dir='ltr'><strong>corporis</strong></span> <span class='ocrx_word' id='word_1_190' title='bbox 2750 1448 3042 1504; x_wconf 90' lang='lat' dir='ltr'><strong>multorum</strong></span> <span class='ocrx_word' id='word_1_191' title='bbox 3083 1449 3237 1504; x_wconf 88' lang='lat' dir='ltr'><strong>varia</strong></span> <span class='ocrx_word' id='word_1_192' title='bbox 3283 1449 3469 1520; x_wconf 92' lang='lat' dir='ltr'><strong>opinio</strong></span> <span class='ocrx_word' id='word_1_193' title='bbox 3514 1459 3618 1506; x_wconf 88' lang='lat' dir='ltr'><strong>est.</strong></span> <span class='ocrx_word' id='word_1_194' title='bbox 3667 1451 3818 1508; x_wconf 81' lang='lat' dir='ltr'><strong>Multi</strong></span> 
     </span>
    </p>
   </div>
   <div class='ocr_carea' id='block_1_30' title="bbox 2225 1541 3818 1614">
    <p class='ocr_par' dir='ltr' id='par_1_30' title="bbox 2225 1541 3818 1614">
     <span class='ocr_line' id='line_1_30' title="bbox 2225 1541 3818 1614; baseline 0.001 -17"><span class='ocrx_word' id='word_1_195' title='bbox 2225 1543 2369 1597; x_wconf 88' lang='lat' dir='ltr'><strong>enim</strong></span> <span class='ocrx_word' id='word_1_196' title='bbox 2387 1541 2593 1608; x_wconf 90' lang='lat' dir='ltr'><strong>dicunt,</strong></span> <span class='ocrx_word' id='word_1_197' title='bbox 2610 1541 2826 1614; x_wconf 83' lang='lat' dir='ltr'><strong>globum</strong></span> <span class='ocrx_word' id='word_1_198' title='bbox 2849 1541 3008 1596; x_wconf 88' lang='lat' dir='ltr'><strong>lunae</strong></span> <span class='ocrx_word' id='word_1_199' title='bbox 3031 1541 3237 1597; x_wconf 87' lang='lat' dir='ltr'><strong>telluris</strong></span> <span class='ocrx_word' id='word_1_200' title='bbox 3259 1542 3600 1614; x_wconf 86' lang='lat' dir='ltr'><strong>amplitudini</strong></span> <span class='ocrx_word' id='word_1_201' title='bbox 3617 1559 3818 1614; x_wconf 88' lang='lat' dir='ltr'><strong>aequa-</strong></span> 
     </span>
    </p>
   </div>
   <div class='ocr_carea' id='block_1_31' title="bbox 2226 1633 3818 1705">
    <p class='ocr_par' dir='ltr' id='par_1_31' title="bbox 2226 1633 3818 1705">
     <span class='ocr_line' id='line_1_31' title="bbox 2226 1633 3818 1705; baseline 0.002 -17"><span class='ocrx_word' id='word_1_202' title='bbox 2226 1635 2332 1688; x_wconf 90' lang='lat' dir='ltr'><strong>lem</strong></span> <span class='ocrx_word' id='word_1_203' title='bbox 2363 1648 2518 1700; x_wconf 85' lang='lat' dir='ltr'><strong>esse;</strong></span> <span class='ocrx_word' id='word_1_204' title='bbox 2553 1641 2605 1688; x_wconf 90' lang='lat' dir='ltr'><strong>et</strong></span> <span class='ocrx_word' id='word_1_205' title='bbox 2633 1633 2736 1688; x_wconf 86' lang='lat' dir='ltr'><strong>hoc</strong></span> <span class='ocrx_word' id='word_1_206' title='bbox 2759 1641 3214 1704; x_wconf 82' lang='lat' dir='ltr'><strong>argumentantur</strong></span> <span class='ocrx_word' id='word_1_207' title='bbox 3233 1648 3301 1688; x_wconf 85' lang='lat' dir='ltr'><strong>ex</strong></span> <span class='ocrx_word' id='word_1_208' title='bbox 3333 1633 3520 1704; x_wconf 86' lang='lat' dir='ltr'><strong>eclipsi</strong></span> <span class='ocrx_word' id='word_1_209' title='bbox 3554 1635 3697 1700; x_wconf 90' lang='lat' dir='ltr'><strong>solis,</strong></span> <span class='ocrx_word' id='word_1_210' title='bbox 3721 1651 3818 1705; x_wconf 85' lang='lat' dir='ltr'><strong>pu-</strong></span> 
     </span>
    </p>
   </div>
   <div class='ocr_carea' id='block_1_32' title="bbox 2229 1725 3818 1784">
    <p class='ocr_par' dir='ltr' id='par_1_32' title="bbox 2229 1725 3818 1784">
     <span class='ocr_line' id='line_1_32' title="bbox 2229 1725 3818 1784; baseline 0.001 -2"><span class='ocrx_word' id='word_1_211' title='bbox 2229 1735 2408 1782; x_wconf 90' lang='lat' dir='ltr'><strong>tantes</strong></span> <span class='ocrx_word' id='word_1_212' title='bbox 2438 1727 2620 1781; x_wconf 90' lang='lat' dir='ltr'><strong>lunam</strong></span> <span class='ocrx_word' id='word_1_213' title='bbox 2669 1725 2878 1781; x_wconf 87' lang='lat' dir='ltr'><strong>solares</strong></span> <span class='ocrx_word' id='word_1_214' title='bbox 2922 1725 3104 1781; x_wconf 91' lang='lat' dir='ltr'><strong>radios</strong></span> <span class='ocrx_word' id='word_1_215' title='bbox 3132 1727 3200 1782; x_wconf 90' lang='lat' dir='ltr'><strong>ab</strong></span> <span class='ocrx_word' id='word_1_216' title='bbox 3229 1725 3377 1781; x_wconf 92' lang='lat' dir='ltr'><strong>omni</strong></span> <span class='ocrx_word' id='word_1_217' title='bbox 3411 1735 3558 1783; x_wconf 87' lang='lat' dir='ltr'><strong>terra</strong></span> <span class='ocrx_word' id='word_1_218' title='bbox 3610 1727 3818 1784; x_wconf 77' lang='lat' dir='ltr'><strong>auferre</strong></span> 
     </span>
    </p>
   </div>
   <div class='ocr_carea' id='block_1_33' title="bbox 530 1816 3820 1894">
    <p class='ocr_par' dir='ltr' id='par_1_33' title="bbox 530 1816 3820 1894">
     <span class='ocr_line' id='line_1_33' title="bbox 530 1816 3820 1894; baseline 0 -18"><span class='ocrx_word' id='word_1_219' title='bbox 530 1831 918 1892; x_wconf 80' lang='lat' dir='ltr'><strong>gumententur</strong></span> <span class='ocrx_word' id='word_1_220' title='bbox 959 1822 1230 1894; x_wconf 89' lang='lat' dir='ltr'><strong>amplecti.</strong></span> <span class='ocrx_word' id='word_1_221' title='bbox 1282 1821 1584 1891; x_wconf 86' lang='lat' dir='ltr'><strong>Quingenta</strong></span> <span class='ocrx_word' id='word_1_222' title='bbox 1635 1820 1900 1889; x_wconf 88' lang='lat' dir='ltr'><strong>siquidem</strong></span> <span class='ocrx_word' id='word_1_223' title='bbox 1949 1818 2124 1873; x_wconf 87' lang='lat' dir='ltr'><strong>stadia</strong></span> <span class='ocrx_word' id='word_1_224' title='bbox 2151 1817 2200 1878; x_wconf 90' lang='lat' dir='ltr'><strong>B</strong></span> <span class='ocrx_word' id='word_1_225' title='bbox 2227 1834 2406 1890; x_wconf 85' lang='lat' dir='ltr'><strong>posse.</strong></span> <span class='ocrx_word' id='word_1_226' title='bbox 2448 1818 2554 1873; x_wconf 89' lang='lat' dir='ltr'><strong>Sed</strong></span> <span class='ocrx_word' id='word_1_227' title='bbox 2589 1816 2969 1888; x_wconf 88' lang='lat' dir='ltr'><strong>aequinoctiali</strong></span> <span class='ocrx_word' id='word_1_228' title='bbox 2992 1817 3196 1872; x_wconf 88' lang='lat' dir='ltr'><strong>circulo</strong></span> <span class='ocrx_word' id='word_1_229' title='bbox 3221 1819 3820 1890; x_wconf 81' lang='lat' dir='ltr'><strong>appropinquantes,do</strong></span> 
     </span>
    </p>
   </div>
   <div class='ocr_carea' id='block_1_34' title="bbox 530 1907 2118 1984">
    <p class='ocr_par' dir='ltr' id='par_1_34' title="bbox 530 1907 2118 1984">
     <span class='ocr_line' id='line_1_34' title="bbox 530 1907 2118 1984; baseline -0.002 -17"><span class='ocrx_word' id='word_1_230' title='bbox 530 1911 810 1968; x_wconf 86' lang='lat' dir='ltr'><strong>tricenties</strong></span> <span class='ocrx_word' id='word_1_231' title='bbox 828 1913 1095 1984; x_wconf 74' lang='lat' dir='ltr'><strong>sexagies,</strong></span> <span class='ocrx_word' id='word_1_232' title='bbox 1119 1910 1361 1966; x_wconf 89' lang='lat' dir='ltr'><strong>CLXXX</strong></span> <span class='ocrx_word' id='word_1_233' title='bbox 1384 1910 1549 1965; x_wconf 88' lang='lat' dir='ltr'><strong>millia</strong></span> <span class='ocrx_word' id='word_1_234' title='bbox 1571 1909 1867 1966; x_wconf 85' lang='lat' dir='ltr'><strong>stadiorum</strong></span> <span class='ocrx_word' id='word_1_235' title='bbox 1894 1907 2118 1964; x_wconf 88' lang='lat' dir='ltr'><strong>faciunt.</strong></span> 
     </span>
    </p>
   </div>
   <div class='ocr_carea' id='block_1_35' title="bbox 532 2000 2124 2072">
    <p class='ocr_par' dir='ltr' id='par_1_35' title="bbox 532 2000 2124 2072">
     <span class='ocr_line' id='line_1_35' title="bbox 532 2000 2124 2072; baseline -0.002 -14"><span class='ocrx_word' id='word_1_236' title='bbox 532 2003 637 2072; x_wconf 82' lang='lat' dir='ltr'><strong>Qui</strong></span> <span class='ocrx_word' id='word_1_237' title='bbox 673 2003 883 2059; x_wconf 88' lang='lat' dir='ltr'><strong>numeri</strong></span> <span class='ocrx_word' id='word_1_238' title='bbox 912 2017 942 2058; x_wconf 91' lang='lat' dir='ltr'><strong>a</strong></span> <span class='ocrx_word' id='word_1_239' title='bbox 972 2018 1034 2057; x_wconf 87' lang='lat' dir='ltr'><strong>se</strong></span> <span class='ocrx_word' id='word_1_240' title='bbox 1058 2003 1290 2058; x_wconf 86' lang='lat' dir='ltr'><strong>invicem</strong></span> <span class='ocrx_word' id='word_1_241' title='bbox 1331 2001 1643 2072; x_wconf 88' lang='lat' dir='ltr'><strong>discrepant</strong></span> <span class='ocrx_word' id='word_1_242' title='bbox 1668 2000 1858 2056; x_wconf 83' lang='lat' dir='ltr'><strong>LXXII</strong></span> <span class='ocrx_word' id='word_1_243' title='bbox 1888 2000 2124 2056; x_wconf 86' lang='lat' dir='ltr'><strong>millibus</strong></span> 
     </span>
    </p>
   </div>
   <div class='ocr_carea' id='block_1_36' title="bbox 529 2091 2125 2162">
    <p class='ocr_par' dir='ltr' id='par_1_36' title="bbox 529 2091 2125 2162">
     <span class='ocr_line' id='line_1_36' title="bbox 529 2091 2125 2162; baseline -0.003 -12"><span class='ocrx_word' id='word_1_244' title='bbox 529 2094 851 2151; x_wconf 84' lang='lat' dir='ltr'><strong>stadiorum.</strong></span> <span class='ocrx_word' id='word_1_245' title='bbox 897 2092 1227 2149; x_wconf 87' lang='lat' dir='ltr'><strong>Praesertim</strong></span> <span class='ocrx_word' id='word_1_246' title='bbox 1252 2109 1376 2148; x_wconf 91' lang='lat' dir='ltr'><strong>eum</strong></span> <span class='ocrx_word' id='word_1_247' title='bbox 1415 2091 1679 2162; x_wconf 87' lang='lat' dir='ltr'><strong>praedicti</strong></span> <span class='ocrx_word' id='word_1_248' title='bbox 1713 2091 2004 2160; x_wconf 87' lang='lat' dir='ltr'><strong>sapientes,</strong></span> <span class='ocrx_word' id='word_1_249' title='bbox 2037 2105 2125 2146; x_wconf 83' lang='lat' dir='ltr'><strong>so-</strong></span> 
     </span>
    </p>
   </div>
   <div class='ocr_carea' id='block_1_37' title="bbox 529 2181 2126 2254">
    <p class='ocr_par' dir='ltr' id='par_1_37' title="bbox 529 2181 2126 2254">
     <span class='ocr_line' id='line_1_37' title="bbox 529 2181 2126 2254; baseline -0.003 -15"><span class='ocrx_word' id='word_1_250' title='bbox 529 2184 922 2254; x_wconf 88' lang='lat' dir='ltr'><strong>lertissimique</strong></span> <span class='ocrx_word' id='word_1_251' title='bbox 942 2193 1260 2239; x_wconf 89' lang='lat' dir='ltr'><strong>naturarum</strong></span> <span class='ocrx_word' id='word_1_252' title='bbox 1291 2183 1661 2252; x_wconf 88' lang='lat' dir='ltr'><strong>inquisitores,</strong></span> <span class='ocrx_word' id='word_1_253' title='bbox 1687 2181 1739 2236; x_wconf 92' lang='lat' dir='ltr'><strong>in</strong></span> <span class='ocrx_word' id='word_1_254' title='bbox 1757 2196 1982 2236; x_wconf 89' lang='lat' dir='ltr'><strong>numero</strong></span> <span class='ocrx_word' id='word_1_255' title='bbox 2006 2195 2126 2252; x_wconf 89' lang='lat' dir='ltr'><strong>par-</strong></span> 
     </span>
    </p>
   </div>
   <div class='ocr_carea' id='block_1_38' title="bbox 529 2272 2122 2346">
    <p class='ocr_par' dir='ltr' id='par_1_38' title="bbox 529 2272 2122 2346">
     <span class='ocr_line' id='line_1_38' title="bbox 529 2272 2122 2346; baseline -0.003 -17"><span class='ocrx_word' id='word_1_256' title='bbox 529 2277 667 2331; x_wconf 91' lang='lat' dir='ltr'><strong>tium</strong></span> <span class='ocrx_word' id='word_1_257' title='bbox 691 2273 1122 2346; x_wconf 87' lang='lat' dir='ltr'><strong>aequinoctialis,</strong></span> <span class='ocrx_word' id='word_1_258' title='bbox 1149 2289 1244 2330; x_wconf 90' lang='lat' dir='ltr'><strong>seu</strong></span> <span class='ocrx_word' id='word_1_259' title='bbox 1269 2273 1485 2328; x_wconf 86' lang='lat' dir='ltr'><strong>Zodiaci</strong></span> <span class='ocrx_word' id='word_1_260' title='bbox 1509 2272 1720 2340; x_wconf 90' lang='lat' dir='ltr'><strong>circuli,</strong></span> <span class='ocrx_word' id='word_1_261' title='bbox 1744 2273 2122 2328; x_wconf 86' lang='lat' dir='ltr'><strong>consentiant:</strong></span> 
     </span>
    </p>
   </div>
   <div class='ocr_carea' id='block_1_39' title="bbox 527 2364 2127 2436">
    <p class='ocr_par' dir='ltr' id='par_1_39' title="bbox 527 2364 2127 2436">
     <span class='ocr_line' id='line_1_39' title="bbox 527 2364 2127 2436; baseline -0.002 -16"><span class='ocrx_word' id='word_1_262' title='bbox 527 2380 720 2421; x_wconf 86' lang='lat' dir='ltr'><strong>omnes</strong></span> <span class='ocrx_word' id='word_1_263' title='bbox 771 2365 914 2421; x_wconf 88' lang='lat' dir='ltr'><strong>enim</strong></span> <span class='ocrx_word' id='word_1_264' title='bbox 971 2365 1301 2420; x_wconf 88' lang='lat' dir='ltr'><strong>unanimiter</strong></span> <span class='ocrx_word' id='word_1_265' title='bbox 1341 2372 1614 2421; x_wconf 85' lang='lat' dir='ltr'><strong>trecentas</strong></span> <span class='ocrx_word' id='word_1_266' title='bbox 1664 2364 1944 2436; x_wconf 83' lang='lat' dir='ltr'><strong>sexaginta</strong></span> <span class='ocrx_word' id='word_1_267' title='bbox 2000 2377 2127 2433; x_wconf 82' lang='lat' dir='ltr'><strong>pro-</strong></span> 
     </span>
    </p>
   </div>
   <div class='ocr_carea' id='block_1_40' title="bbox 529 2456 2127 2522">
    <p class='ocr_par' dir='ltr' id='par_1_40' title="bbox 529 2456 2127 2522">
     <span class='ocr_line' id='line_1_40' title="bbox 529 2456 2127 2522; baseline 0 -11"><span class='ocrx_word' id='word_1_268' title='bbox 529 2457 802 2512; x_wconf 87' lang='lat' dir='ltr'><strong>nuntiant.</strong></span> <span class='ocrx_word' id='word_1_269' title='bbox 831 2457 892 2511; x_wconf 87' lang='lat' dir='ltr'><strong>Si</strong></span> <span class='ocrx_word' id='word_1_270' title='bbox 922 2457 1132 2521; x_wconf 83' lang='lat' dir='ltr'><strong>dixero,</strong></span> <span class='ocrx_word' id='word_1_271' title='bbox 1164 2457 1376 2513; x_wconf 90' lang='lat' dir='ltr'><strong>minora</strong></span> <span class='ocrx_word' id='word_1_272' title='bbox 1402 2457 1574 2513; x_wconf 87' lang='lat' dir='ltr'><strong>stadia</strong></span> <span class='ocrx_word' id='word_1_273' title='bbox 1611 2458 1777 2522; x_wconf 86' lang='lat' dir='ltr'><strong>hunc,</strong></span> <span class='ocrx_word' id='word_1_274' title='bbox 1811 2456 2127 2511; x_wconf 86' lang='lat' dir='ltr'><strong>Eratosthe-</strong></span> 
     </span>
    </p>
   </div>
   <div class='ocr_carea' id='block_1_41' title="bbox 529 2549 2129 2620">
    <p class='ocr_par' dir='ltr' id='par_1_41' title="bbox 529 2549 2129 2620">
     <span class='ocr_line' id='line_1_41' title="bbox 529 2549 2129 2620; baseline -0.002 -16"><span class='ocrx_word' id='word_1_275' title='bbox 529 2565 654 2604; x_wconf 90' lang='lat' dir='ltr'><strong>nem</strong></span> <span class='ocrx_word' id='word_1_276' title='bbox 681 2549 823 2616; x_wconf 88' lang='lat' dir='ltr'><strong>dico,</strong></span> <span class='ocrx_word' id='word_1_277' title='bbox 853 2564 1218 2617; x_wconf 85' lang='lat' dir='ltr'><strong>mensurasse,</strong></span> <span class='ocrx_word' id='word_1_278' title='bbox 1255 2565 1319 2606; x_wconf 90' lang='lat' dir='ltr'><strong>ac</strong></span> <span class='ocrx_word' id='word_1_279' title='bbox 1344 2565 1443 2620; x_wconf 91' lang='lat' dir='ltr'><strong>per</strong></span> <span class='ocrx_word' id='word_1_280' title='bbox 1483 2550 1588 2606; x_wconf 88' lang='lat' dir='ltr'><strong>hoc</strong></span> <span class='ocrx_word' id='word_1_281' title='bbox 1632 2549 1890 2619; x_wconf 89' lang='lat' dir='ltr'><strong>majorem</strong></span> <span class='ocrx_word' id='word_1_282' title='bbox 1937 2561 2129 2602; x_wconf 85' lang='lat' dir='ltr'><strong>nume-</strong></span> 
     </span>
    </p>
   </div>
   <div class='ocr_carea' id='block_1_42' title="bbox 527 2641 2126 2715">
    <p class='ocr_par' dir='ltr' id='par_1_42' title="bbox 527 2641 2126 2715">
     <span class='ocr_line' id='line_1_42' title="bbox 527 2641 2126 2715; baseline -0.001 -18"><span class='ocrx_word' id='word_1_283' title='bbox 527 2658 652 2698; x_wconf 89' lang='lat' dir='ltr'><strong>rum</strong></span> <span class='ocrx_word' id='word_1_284' title='bbox 675 2642 900 2715; x_wconf 80' lang='lat' dir='ltr'><strong>singulis</strong></span> <span class='ocrx_word' id='word_1_285' title='bbox 920 2643 1166 2714; x_wconf 90' lang='lat' dir='ltr'><strong>partibus</strong></span> <span class='ocrx_word' id='word_1_286' title='bbox 1189 2644 1421 2711; x_wconf 87' lang='lat' dir='ltr'><strong>dedisse,</strong></span> <span class='ocrx_word' id='word_1_287' title='bbox 1451 2643 1573 2699; x_wconf 91' lang='lat' dir='ltr'><strong>illos</strong></span> <span class='ocrx_word' id='word_1_288' title='bbox 1593 2658 1722 2699; x_wconf 85' lang='lat' dir='ltr'><strong>vero</strong></span> <span class='ocrx_word' id='word_1_289' title='bbox 1746 2641 1951 2711; x_wconf 88' lang='lat' dir='ltr'><strong>majora</strong></span> <span class='ocrx_word' id='word_1_290' title='bbox 1977 2641 2126 2696; x_wconf 83' lang='lat' dir='ltr'><strong>ideo-</strong></span> 
     </span>
    </p>
   </div>
   <div class='ocr_carea' id='block_1_43' title="bbox 529 2735 2126 2807">
    <p class='ocr_par' dir='ltr' id='par_1_43' title="bbox 529 2735 2126 2807">
     <span class='ocr_line' id='line_1_43' title="bbox 529 2735 2126 2807; baseline 0 -19"><span class='ocrx_word' id='word_1_291' title='bbox 529 2749 638 2804; x_wconf 90' lang='lat' dir='ltr'><strong>que</strong></span> <span class='ocrx_word' id='word_1_292' title='bbox 658 2735 940 2805; x_wconf 81' lang='lat' dir='ltr'><strong>pauciora,</strong></span> <span class='ocrx_word' id='word_1_293' title='bbox 968 2737 1242 2807; x_wconf 92' lang='lat' dir='ltr'><strong>quomodo</strong></span> <span class='ocrx_word' id='word_1_294' title='bbox 1284 2738 1390 2792; x_wconf 90' lang='lat' dir='ltr'><strong>hoc</strong></span> <span class='ocrx_word' id='word_1_295' title='bbox 1421 2736 1441 2766; x_wconf 89' lang='grc'>³</span> <span class='ocrx_word' id='word_1_296' title='bbox 1469 2737 1750 2806; x_wconf 88' lang='lat' dir='ltr'><strong>probabile</strong></span> <span class='ocrx_word' id='word_1_297' title='bbox 1770 2735 2126 2807; x_wconf 84' lang='lat' dir='ltr'><strong>judicabitur?</strong></span> 
     </span>
    </p>
   </div>
   <div class='ocr_carea' id='block_1_44' title="bbox 528 2826 2124 2900">
    <p class='ocr_par' dir='ltr' id='par_1_44' title="bbox 528 2826 2124 2900">
     <span class='ocr_line' id='line_1_44' title="bbox 528 2826 2124 2900; baseline -0.001 -18"><span class='ocrx_word' id='word_1_298' title='bbox 528 2826 666 2883; x_wconf 85' lang='lat' dir='ltr'><strong>Nam</strong></span> <span class='ocrx_word' id='word_1_299' title='bbox 712 2829 928 2900; x_wconf 90' lang='lat' dir='ltr'><strong>utrique</strong></span> <span class='ocrx_word' id='word_1_300' title='bbox 983 2830 1219 2886; x_wconf 87' lang='lat' dir='ltr'><strong>stadium</strong></span> <span class='ocrx_word' id='word_1_301' title='bbox 1269 2827 1460 2884; x_wconf 85' lang='lat' dir='ltr'><strong>CXXV</strong></span> <span class='ocrx_word' id='word_1_302' title='bbox 1511 2829 1762 2899; x_wconf 81' lang='lat' dir='ltr'><strong>passibus</strong></span> <span class='ocrx_word' id='word_1_303' title='bbox 1821 2826 2124 2883; x_wconf 87' lang='lat' dir='ltr'><strong>mensurari</strong></span> 
     </span>
    </p>
   </div>
   <div class='ocr_carea' id='block_1_45' title="bbox 532 2919 2124 2992">
    <p class='ocr_par' dir='ltr' id='par_1_45' title="bbox 532 2919 2124 2992">
     <span class='ocr_line' id='line_1_45' title="bbox 532 2919 2124 2992; baseline -0.002 -15"><span class='ocrx_word' id='word_1_304' title='bbox 532 2921 879 2978; x_wconf 87' lang='lat' dir='ltr'><strong>conﬁrmant.</strong></span> <span class='ocrx_word' id='word_1_305' title='bbox 913 2921 1040 2978; x_wconf 88' lang='lat' dir='ltr'><strong>Mihi</strong></span> <span class='ocrx_word' id='word_1_306' title='bbox 1075 2923 1257 2992; x_wconf 88' lang='lat' dir='ltr'><strong>itaque</strong></span> <span class='ocrx_word' id='word_1_307' title='bbox 1293 2923 1509 2978; x_wconf 90' lang='lat' dir='ltr'><strong>videtur</strong></span> <span class='ocrx_word' id='word_1_308' title='bbox 1537 2921 1936 2991; x_wconf 88' lang='lat' dir='ltr'><strong>inaequalitatis</strong></span> <span class='ocrx_word' id='word_1_309' title='bbox 1962 2919 2124 2988; x_wconf 86' lang='lat' dir='ltr'><strong>hujus</strong></span> 
     </span>
    </p>
   </div>
   <div class='ocr_carea' id='block_1_46' title="bbox 533 3013 2135 3085">
    <p class='ocr_par' dir='ltr' id='par_1_46' title="bbox 533 3013 2135 3085">
     <span class='ocr_line' id='line_1_46' title="bbox 533 3013 2135 3085; baseline 0.001 -18"><span class='ocrx_word' id='word_1_310' title='bbox 533 3027 696 3068; x_wconf 90' lang='lat' dir='ltr'><strong>causa</strong></span> <span class='ocrx_word' id='word_1_311' title='bbox 749 3014 1072 3084; x_wconf 89' lang='lat' dir='ltr'><strong>quantitatis</strong></span> <span class='ocrx_word' id='word_1_312' title='bbox 1123 3029 1381 3085; x_wconf 90' lang='lat' dir='ltr'><strong>passuum</strong></span> <span class='ocrx_word' id='word_1_313' title='bbox 1421 3014 1864 3085; x_wconf 89' lang='lat' dir='ltr'><strong>inaequalitatem</strong></span> <span class='ocrx_word' id='word_1_314' title='bbox 1913 3013 2135 3069; x_wconf 85' lang='lat' dir='ltr'><strong>subste-&#39;</strong></span> 
     </span>
    </p>
   </div>
   <div class='ocr_carea' id='block_1_47' title="bbox 537 3104 2135 3176">
    <p class='ocr_par' dir='ltr' id='par_1_47' title="bbox 537 3104 2135 3176">
     <span class='ocr_line' id='line_1_47' title="bbox 537 3104 2135 3176; baseline 0.001 -18"><span class='ocrx_word' id='word_1_315' title='bbox 537 3105 674 3160; x_wconf 89' lang='lat' dir='ltr'><strong>tisse</strong></span> <span class='ocrx_word' id='word_1_316' title='bbox 703 3104 745 3158; x_wconf 69' lang='grc'><strong>⁵.</strong></span> <span class='ocrx_word' id='word_1_317' title='bbox 786 3105 929 3160; x_wconf 90' lang='lat' dir='ltr'><strong>Fieri</strong></span> <span class='ocrx_word' id='word_1_318' title='bbox 958 3106 1102 3161; x_wconf 91' lang='lat' dir='ltr'><strong>enim</strong></span> <span class='ocrx_word' id='word_1_319' title='bbox 1128 3107 1324 3176; x_wconf 92' lang='lat' dir='ltr'><strong>potuit,</strong></span> <span class='ocrx_word' id='word_1_320' title='bbox 1357 3115 1411 3161; x_wconf 92' lang='lat' dir='ltr'><strong>ut</strong></span> <span class='ocrx_word' id='word_1_321' title='bbox 1443 3106 1464 3138; x_wconf 84' lang='lat'><strong>&#39;</strong></span> <span class='ocrx_word' id='word_1_322' title='bbox 1493 3105 1631 3164; x_wconf 90' lang='lat' dir='ltr'><strong>duos</strong></span> <span class='ocrx_word' id='word_1_323' title='bbox 1657 3121 1958 3172; x_wconf 84' lang='lat' dir='ltr'><strong>mensores,</strong></span> <span class='ocrx_word' id='word_1_324' title='bbox 1987 3111 2135 3176; x_wconf 85' lang='lat' dir='ltr'><strong>quo-&#39;</strong></span> 
     </span>
    </p>
   </div>
   <div class='ocr_carea' id='block_1_48' title="bbox 2225 1909 3821 1984">
    <p class='ocr_par' dir='ltr' id='par_1_48' title="bbox 2225 1909 3821 1984">
     <span class='ocr_line' id='line_1_48' title="bbox 2225 1909 3821 1984; baseline 0 -16"><span class='ocrx_word' id='word_1_325' title='bbox 2225 1912 2597 1984; x_wconf 83' lang='lat' dir='ltr'><strong>magnitudine</strong></span> <span class='ocrx_word' id='word_1_326' title='bbox 2641 1911 2823 1974; x_wconf 91' lang='lat' dir='ltr'><strong>lunae,</strong></span> <span class='ocrx_word' id='word_1_327' title='bbox 2866 1919 2925 1966; x_wconf 92' lang='lat' dir='ltr'><strong>ut</strong></span> <span class='ocrx_word' id='word_1_328' title='bbox 2980 1909 3279 1966; x_wconf 85' lang='lat' dir='ltr'><strong>Martianus</strong></span> <span class='ocrx_word' id='word_1_329' title='bbox 3322 1911 3532 1976; x_wconf 89' lang='lat' dir='ltr'><strong>scribit,</strong></span> <span class='ocrx_word' id='word_1_330' title='bbox 3557 1912 3821 1969; x_wconf 85' lang='lat' dir='ltr'><strong>verisimi-</strong></span> 
     </span>
    </p>
   </div>
   <div class='ocr_carea' id='block_1_49' title="bbox 2223 2002 3822 2076">
    <p class='ocr_par' dir='ltr' id='par_1_49' title="bbox 2223 2002 3822 2076">
     <span class='ocr_line' id='line_1_49' title="bbox 2223 2002 3822 2076; baseline -0.001 -16"><span class='ocrx_word' id='word_1_331' title='bbox 2223 2005 2358 2060; x_wconf 89' lang='lat' dir='ltr'><strong>liora</strong></span> <span class='ocrx_word' id='word_1_332' title='bbox 2384 2004 2599 2059; x_wconf 88' lang='lat' dir='ltr'><strong>tradunt</strong></span> <span class='ocrx_word' id='word_1_333' title='bbox 2637 2002 2701 2069; x_wconf 80' lang='lat'><strong>&quot;,</strong></span> <span class='ocrx_word' id='word_1_334' title='bbox 2725 2013 2779 2059; x_wconf 93' lang='lat' dir='ltr'><strong>et</strong></span> <span class='ocrx_word' id='word_1_335' title='bbox 2809 2020 2875 2060; x_wconf 82' lang='lat' dir='ltr'><strong>ex</strong></span> <span class='ocrx_word' id='word_1_336' title='bbox 2902 2002 3114 2059; x_wconf 89' lang='lat' dir='ltr'><strong>defectu</strong></span> <span class='ocrx_word' id='word_1_337' title='bbox 3141 2003 3273 2058; x_wconf 89' lang='lat' dir='ltr'><strong>solis</strong></span> <span class='ocrx_word' id='word_1_338' title='bbox 3308 2004 3700 2059; x_wconf 87' lang='lat' dir='ltr'><strong>rationabiliter</strong></span> <span class='ocrx_word' id='word_1_339' title='bbox 3728 2018 3822 2076; x_wconf 80' lang='lat' dir='ltr'><strong>ap-</strong></span> 
     </span>
    </p>
   </div>
   <div class='ocr_carea' id='block_1_50' title="bbox 2223 2097 3818 2168">
    <p class='ocr_par' dir='ltr' id='par_1_50' title="bbox 2223 2097 3818 2168">
     <span class='ocr_line' id='line_1_50' title="bbox 2223 2097 3818 2168; baseline 0.003 -16"><span class='ocrx_word' id='word_1_340' title='bbox 2223 2099 2472 2168; x_wconf 89' lang='lat' dir='ltr'><strong>probant.</strong></span> <span class='ocrx_word' id='word_1_341' title='bbox 2517 2097 2709 2152; x_wconf 90' lang='lat' dir='ltr'><strong>Dicunt</strong></span> <span class='ocrx_word' id='word_1_342' title='bbox 2759 2097 2926 2162; x_wconf 92' lang='lat' dir='ltr'><strong>enim,</strong></span> <span class='ocrx_word' id='word_1_343' title='bbox 2976 2097 3227 2152; x_wconf 90' lang='lat' dir='ltr'><strong>umbram</strong></span> <span class='ocrx_word' id='word_1_344' title='bbox 3260 2097 3305 2129; x_wconf 67' lang='grc' dir='ltr'>ιδ</span> <span class='ocrx_word' id='word_1_345' title='bbox 3337 2097 3516 2161; x_wconf 89' lang='lat' dir='ltr'><strong>lunae,</strong></span> <span class='ocrx_word' id='word_1_346' title='bbox 3547 2108 3818 2156; x_wconf 80' lang='lat' dir='ltr'><strong>momento</strong></span> 
     </span>
    </p>
   </div>
   <div class='ocr_carea' id='block_1_51' title="bbox 2226 2185 3818 2257">
    <p class='ocr_par' dir='ltr' id='par_1_51' title="bbox 2226 2185 3818 2257">
     <span class='ocr_line' id='line_1_51' title="bbox 2226 2185 3818 2257; baseline -0.001 -13"><span class='ocrx_word' id='word_1_347' title='bbox 2226 2188 2417 2244; x_wconf 90' lang='lat' dir='ltr'><strong>solaris</strong></span> <span class='ocrx_word' id='word_1_348' title='bbox 2475 2186 2748 2252; x_wconf 86' lang='lat' dir='ltr'><strong>defectus,</strong></span> <span class='ocrx_word' id='word_1_349' title='bbox 2792 2185 3286 2242; x_wconf 90' lang='lat' dir='ltr'><strong>duodevicesimam</strong></span> <span class='ocrx_word' id='word_1_350' title='bbox 3339 2186 3544 2242; x_wconf 88' lang='lat' dir='ltr'><strong>telluris</strong></span> <span class='ocrx_word' id='word_1_351' title='bbox 3602 2199 3818 2257; x_wconf 86' lang='lat' dir='ltr'><strong>partem</strong></span> 
     </span>
    </p>
   </div>
   <div class='ocr_carea' id='block_1_52' title="bbox 2225 2276 3820 2348">
    <p class='ocr_par' dir='ltr' id='par_1_52' title="bbox 2225 2276 3820 2348">
     <span class='ocr_line' id='line_1_52' title="bbox 2225 2276 3820 2348; baseline -0.001 -14"><span class='ocrx_word' id='word_1_352' title='bbox 2225 2277 2498 2334; x_wconf 87' lang='lat' dir='ltr'><strong>occultare</strong></span> <span class='ocrx_word' id='word_1_353' title='bbox 2531 2277 2594 2330; x_wconf 75' lang='grc' dir='ltr'><strong>η.</strong></span> <span class='ocrx_word' id='word_1_354' title='bbox 2621 2277 2687 2331; x_wconf 87' lang='lat' dir='ltr'><strong>Et</strong></span> <span class='ocrx_word' id='word_1_355' title='bbox 2716 2276 2761 2308; x_wconf 82' lang='lat'><strong>“</strong></span> <span class='ocrx_word' id='word_1_356' title='bbox 2782 2276 2906 2346; x_wconf 88' lang='lat' dir='ltr'><strong>quia</strong></span> <span class='ocrx_word' id='word_1_357' title='bbox 2939 2291 3101 2331; x_wconf 92' lang='lat' dir='ltr'><strong>omne</strong></span> <span class='ocrx_word' id='word_1_358' title='bbox 3141 2291 3340 2348; x_wconf 87' lang='lat' dir='ltr'><strong>corpus</strong></span> <span class='ocrx_word' id='word_1_359' title='bbox 3389 2277 3584 2348; x_wconf 87' lang='lat' dir='ltr'><strong>triplici</strong></span> <span class='ocrx_word' id='word_1_360' title='bbox 3627 2279 3820 2334; x_wconf 88' lang='lat' dir='ltr'><strong>umbra</strong></span> 
     </span>
    </p>
   </div>
   <div class='ocr_carea' id='block_1_53' title="bbox 2227 2369 3823 2442">
    <p class='ocr_par' dir='ltr' id='par_1_53' title="bbox 2227 2369 3823 2442">
     <span class='ocr_line' id='line_1_53' title="bbox 2227 2369 3823 2442; baseline 0.003 -17"><span class='ocrx_word' id='word_1_361' title='bbox 2227 2385 2344 2437; x_wconf 88' lang='lat' dir='ltr'><strong>sua,</strong></span> <span class='ocrx_word' id='word_1_362' title='bbox 2389 2386 2552 2441; x_wconf 92' lang='lat' dir='ltr'><strong>quam</strong></span> <span class='ocrx_word' id='word_1_363' title='bbox 2600 2369 2873 2425; x_wconf 90' lang='lat' dir='ltr'><strong>metaliter</strong></span> <span class='ocrx_word' id='word_1_364' title='bbox 2913 2369 3071 2441; x_wconf 92' lang='lat' dir='ltr'><strong>jacit,</strong></span> <span class='ocrx_word' id='word_1_365' title='bbox 3103 2371 3283 2441; x_wconf 88' lang='lat' dir='ltr'><strong>majus</strong></span> <span class='ocrx_word' id='word_1_366' title='bbox 3309 2379 3411 2438; x_wconf 91' lang='lat' dir='ltr'><strong>est,</strong></span> <span class='ocrx_word' id='word_1_367' title='bbox 3440 2371 3599 2427; x_wconf 90' lang='lat' dir='ltr'><strong>lunae</strong></span> <span class='ocrx_word' id='word_1_368' title='bbox 3629 2384 3823 2442; x_wconf 71' lang='lat' dir='ltr'><strong>corpus</strong></span> 
     </span>
    </p>
   </div>
   <div class='ocr_carea' id='block_1_54' title="bbox 2227 2463 3824 2534">
    <p class='ocr_par' dir='ltr' id='par_1_54' title="bbox 2227 2463 3824 2534">
     <span class='ocr_line' id='line_1_54' title="bbox 2227 2463 3824 2534; baseline 0.003 -15"><span class='ocrx_word' id='word_1_369' title='bbox 2227 2471 2437 2519; x_wconf 85' lang='lat' dir='ltr'><strong>sextam</strong></span> <span class='ocrx_word' id='word_1_370' title='bbox 2473 2471 2650 2518; x_wconf 88' lang='lat' dir='ltr'><strong>terrae</strong></span> <span class='ocrx_word' id='word_1_371' title='bbox 2693 2470 2902 2533; x_wconf 83' lang='lat' dir='ltr'><strong>partem</strong></span> <span class='ocrx_word' id='word_1_372' title='bbox 2951 2463 3005 2518; x_wconf 91' lang='lat' dir='ltr'><strong>in</strong></span> <span class='ocrx_word' id='word_1_373' title='bbox 3067 2464 3427 2534; x_wconf 88' lang='lat' dir='ltr'><strong>amplitudine</strong></span> <span class='ocrx_word' id='word_1_374' title='bbox 3475 2482 3572 2521; x_wconf 90' lang='lat' dir='ltr'><strong>sua</strong></span> <span class='ocrx_word' id='word_1_375' title='bbox 3625 2465 3824 2524; x_wconf 83' lang='lat' dir='ltr'><strong>habere</strong></span> 
     </span>
    </p>
   </div>
   <div class='ocr_carea' id='block_1_55' title="bbox 2229 2555 3824 2629">
    <p class='ocr_par' dir='ltr' id='par_1_55' title="bbox 2229 2555 3824 2629">
     <span class='ocr_line' id='line_1_55' title="bbox 2229 2555 3824 2629; baseline 0.002 -15"><span class='ocrx_word' id='word_1_376' title='bbox 2229 2557 2526 2629; x_wconf 83' lang='lat' dir='ltr'><strong>colligitur.</strong></span> <span class='ocrx_word' id='word_1_377' title='bbox 2573 2555 2652 2612; x_wconf 82' lang='lat' dir='ltr'><strong>Ac</strong></span> <span class='ocrx_word' id='word_1_378' title='bbox 2679 2570 2777 2628; x_wconf 90' lang='lat' dir='ltr'><strong>per</strong></span> <span class='ocrx_word' id='word_1_379' title='bbox 2798 2556 2922 2622; x_wconf 89' lang='lat' dir='ltr'><strong>hoc,</strong></span> <span class='ocrx_word' id='word_1_380' title='bbox 2951 2558 3207 2626; x_wconf 89' lang='lat' dir='ltr'><strong>quoniam</strong></span> <span class='ocrx_word' id='word_1_381' title='bbox 3235 2558 3692 2624; x_wconf 81' lang='lat' dir='ltr'><strong>duodevicesima,</strong></span> <span class='ocrx_word' id='word_1_382' title='bbox 3723 2559 3824 2617; x_wconf 86' lang='lat' dir='ltr'><strong>hoc</strong></span> 
     </span>
    </p>
   </div>
   <div class='ocr_carea' id='block_1_56' title="bbox 2227 2647 3824 2722">
    <p class='ocr_par' dir='ltr' id='par_1_56' title="bbox 2227 2647 3824 2722">
     <span class='ocr_line' id='line_1_56' title="bbox 2227 2647 3824 2722; baseline 0.001 -18"><span class='ocrx_word' id='word_1_383' title='bbox 2227 2659 2310 2705; x_wconf 89' lang='lat' dir='ltr'><strong>est</strong></span> <span class='ocrx_word' id='word_1_384' title='bbox 2338 2657 2394 2704; x_wconf 89' lang='lat' dir='ltr'><strong>et</strong></span> <span class='ocrx_word' id='word_1_385' title='bbox 2429 2649 2470 2680; x_wconf 81' lang='lat'>&quot;</span> <span class='ocrx_word' id='word_1_386' title='bbox 2503 2659 2695 2704; x_wconf 88' lang='lat' dir='ltr'><strong>octava</strong></span> <span class='ocrx_word' id='word_1_387' title='bbox 2727 2647 2937 2703; x_wconf 88' lang='lat' dir='ltr'><strong>decima</strong></span> <span class='ocrx_word' id='word_1_388' title='bbox 2970 2648 3134 2704; x_wconf 90' lang='lat' dir='ltr'><strong>totius</strong></span> <span class='ocrx_word' id='word_1_389' title='bbox 3157 2657 3335 2704; x_wconf 89' lang='lat' dir='ltr'><strong>terrae</strong></span> <span class='ocrx_word' id='word_1_390' title='bbox 3380 2650 3579 2722; x_wconf 90' lang='lat' dir='ltr'><strong>portio,</strong></span> <span class='ocrx_word' id='word_1_391' title='bbox 3628 2657 3713 2705; x_wconf 89' lang='lat' dir='ltr'><strong>est</strong></span> <span class='ocrx_word' id='word_1_392' title='bbox 3765 2649 3824 2706; x_wconf 82' lang='lat' dir='ltr'><strong>in</strong></span> 
     </span>
    </p>
   </div>
   <div class='ocr_carea' id='block_1_57' title="bbox 2227 2737 3819 2810">
    <p class='ocr_par' dir='ltr' id='par_1_57' title="bbox 2227 2737 3819 2810">
     <span class='ocr_line' id='line_1_57' title="bbox 2227 2737 3819 2810; baseline 0.001 -15"><span class='ocrx_word' id='word_1_393' title='bbox 2227 2737 2346 2796; x_wconf 90' lang='lat' dir='ltr'><strong>XIV</strong></span> <span class='ocrx_word' id='word_1_394' title='bbox 2377 2740 2420 2773; x_wconf 69' lang='grc'><strong>³³</strong></span> <span class='ocrx_word' id='word_1_395' title='bbox 2453 2739 2692 2795; x_wconf 77' lang='lat' dir='ltr'><strong>millibus</strong></span> <span class='ocrx_word' id='word_1_396' title='bbox 2737 2739 3059 2806; x_wconf 87' lang='lat' dir='ltr'><strong>stadiorum,</strong></span> <span class='ocrx_word' id='word_1_397' title='bbox 3087 2740 3350 2810; x_wconf 90' lang='lat' dir='ltr'><strong>sequitur,</strong></span> <span class='ocrx_word' id='word_1_398' title='bbox 3375 2749 3432 2794; x_wconf 90' lang='lat' dir='ltr'><strong>ut</strong></span> <span class='ocrx_word' id='word_1_399' title='bbox 3467 2741 3581 2810; x_wconf 92' lang='lat' dir='ltr'><strong>ipsa</strong></span> <span class='ocrx_word' id='word_1_400' title='bbox 3624 2748 3819 2796; x_wconf 86' lang='lat' dir='ltr'><strong>octava</strong></span> 
     </span>
    </p>
   </div>
   <div class='ocr_carea' id='block_1_58' title="bbox 2229 2829 3822 2902">
    <p class='ocr_par' dir='ltr' id='par_1_58' title="bbox 2229 2829 3822 2902">
     <span class='ocr_line' id='line_1_58' title="bbox 2229 2829 3822 2902; baseline 0.001 -16"><span class='ocrx_word' id='word_1_401' title='bbox 2229 2831 2436 2888; x_wconf 90' lang='lat' dir='ltr'><strong>decima</strong></span> <span class='ocrx_word' id='word_1_402' title='bbox 2484 2845 2610 2902; x_wconf 90' lang='lat' dir='ltr'><strong>pars</strong></span> <span class='ocrx_word' id='word_1_403' title='bbox 2656 2829 2929 2900; x_wconf 89' lang='lat' dir='ltr'><strong>triplicata</strong></span> <span class='ocrx_word' id='word_1_404' title='bbox 2969 2829 3376 2900; x_wconf 87' lang='lat' dir='ltr'><strong>amplitudinem</strong></span> <span class='ocrx_word' id='word_1_405' title='bbox 3432 2831 3637 2886; x_wconf 89' lang='lat' dir='ltr'><strong>lunaris</strong></span> <span class='ocrx_word' id='word_1_406' title='bbox 3676 2829 3822 2901; x_wconf 72' lang='lat' dir='ltr'><strong>globi</strong></span> 
     </span>
    </p>
   </div>
   <div class='ocr_carea' id='block_1_59' title="bbox 2227 2919 3821 2993">
    <p class='ocr_par' dir='ltr' id='par_1_59' title="bbox 2227 2919 3821 2993">
     <span class='ocr_line' id='line_1_59' title="bbox 2227 2919 3821 2993; baseline 0.002 -17"><span class='ocrx_word' id='word_1_407' title='bbox 2227 2921 2493 2993; x_wconf 89' lang='lat' dir='ltr'><strong>perﬁciat.</strong></span> <span class='ocrx_word' id='word_1_408' title='bbox 2550 2919 2670 2976; x_wconf 86' lang='lat' dir='ltr'><strong>XIV</strong></span> <span class='ocrx_word' id='word_1_409' title='bbox 2734 2931 2935 2987; x_wconf 91' lang='lat' dir='ltr'><strong>autem,</strong></span> <span class='ocrx_word' id='word_1_410' title='bbox 3000 2930 3087 2978; x_wconf 90' lang='lat' dir='ltr'><strong>ter</strong></span> <span class='ocrx_word' id='word_1_411' title='bbox 3151 2921 3332 2991; x_wconf 87' lang='lat' dir='ltr'><strong>ducta,</strong></span> <span class='ocrx_word' id='word_1_412' title='bbox 3389 2922 3529 2978; x_wconf 88' lang='lat' dir='ltr'><strong>XLII</strong></span> <span class='ocrx_word' id='word_1_413' title='bbox 3596 2921 3821 2979; x_wconf 90' lang='lat' dir='ltr'><strong>faciunt.</strong></span> 
     </span>
    </p>
   </div>
   <div class='ocr_carea' id='block_1_60' title="bbox 2228 3014 3824 3088">
    <p class='ocr_par' dir='ltr' id='par_1_60' title="bbox 2228 3014 3824 3088">
     <span class='ocr_line' id='line_1_60' title="bbox 2228 3014 3824 3088; baseline 0.002 -19"><span class='ocrx_word' id='word_1_414' title='bbox 2228 3014 2597 3086; x_wconf 84' lang='lat' dir='ltr'><strong>Quadraginta</strong></span> <span class='ocrx_word' id='word_1_415' title='bbox 2663 3015 2830 3086; x_wconf 87' lang='lat' dir='ltr'><strong>igitur</strong></span> <span class='ocrx_word' id='word_1_416' title='bbox 2881 3016 2987 3071; x_wconf 89' lang='lat' dir='ltr'><strong>duo</strong></span> <span class='ocrx_word' id='word_1_417' title='bbox 3047 3014 3215 3070; x_wconf 86' lang='lat' dir='ltr'><strong>millia</strong></span> <span class='ocrx_word' id='word_1_418' title='bbox 3278 3015 3582 3071; x_wconf 86' lang='lat' dir='ltr'><strong>stadiorum</strong></span> <span class='ocrx_word' id='word_1_419' title='bbox 3633 3015 3824 3088; x_wconf 81' lang='lat' dir='ltr'><strong>ampli-</strong></span> 
     </span>
    </p>
   </div>
   <div class='ocr_carea' id='block_1_61' title="bbox 2230 3103 3823 3176">
    <p class='ocr_par' dir='ltr' id='par_1_61' title="bbox 2230 3103 3823 3176">
     <span class='ocr_line' id='line_1_61' title="bbox 2230 3103 3823 3176; baseline 0.003 -18"><span class='ocrx_word' id='word_1_420' title='bbox 2230 3105 2471 3159; x_wconf 88' lang='lat' dir='ltr'><strong>tudinem</strong></span> <span class='ocrx_word' id='word_1_421' title='bbox 2532 3105 2690 3159; x_wconf 90' lang='lat' dir='ltr'><strong>lunae</strong></span> <span class='ocrx_word' id='word_1_422' title='bbox 2744 3105 3233 3176; x_wconf 88' lang='lat' dir='ltr'><strong>comprehendunt.</strong></span> <span class='ocrx_word' id='word_1_423' title='bbox 3289 3103 3393 3161; x_wconf 92' lang='lat' dir='ltr'><strong>Tot</strong></span> <span class='ocrx_word' id='word_1_424' title='bbox 3453 3105 3597 3161; x_wconf 88' lang='lat' dir='ltr'><strong>enim</strong></span> <span class='ocrx_word' id='word_1_425' title='bbox 3657 3105 3823 3162; x_wconf 88' lang='lat' dir='ltr'><strong>millia</strong></span> 
     </span>
    </p>
   </div>
   <div class='ocr_carea' id='block_1_62' title="bbox 533 3185 3825 3269">
    <p class='ocr_par' dir='ltr' id='par_1_62' title="bbox 533 3185 3825 3269">
     <span class='ocr_line' id='line_1_62' title="bbox 533 3185 3825 3269; baseline 0.001 -19"><span class='ocrx_word' id='word_1_426' title='bbox 533 3212 656 3252; x_wconf 91' lang='lat' dir='ltr'><strong>rum</strong></span> <span class='ocrx_word' id='word_1_427' title='bbox 701 3212 842 3252; x_wconf 90' lang='lat' dir='ltr'><strong>unus</strong></span> <span class='ocrx_word' id='word_1_428' title='bbox 893 3206 1101 3253; x_wconf 89' lang='lat' dir='ltr'><strong>statura</strong></span> <span class='ocrx_word' id='word_1_429' title='bbox 1145 3197 1339 3266; x_wconf 87' lang='lat' dir='ltr'><strong>major,</strong></span> <span class='ocrx_word' id='word_1_430' title='bbox 1395 3198 1533 3254; x_wconf 89' lang='lat' dir='ltr'><strong>alter</strong></span> <span class='ocrx_word' id='word_1_431' title='bbox 1574 3200 1796 3265; x_wconf 86' lang='lat' dir='ltr'><strong>minor,</strong></span> <span class='ocrx_word' id='word_1_432' title='bbox 1828 3199 2125 3269; x_wconf 86' lang='lat' dir='ltr'><strong>majoribus</strong></span> <span class='ocrx_word' id='word_1_433' title='bbox 2153 3185 2199 3250; x_wconf 88' lang='lat' dir='ltr'><strong>C</strong></span> <span class='ocrx_word' id='word_1_434' title='bbox 2231 3197 2528 3253; x_wconf 87' lang='lat' dir='ltr'><strong>stadiorum</strong></span> <span class='ocrx_word' id='word_1_435' title='bbox 2580 3205 2789 3251; x_wconf 85' lang='lat' dir='ltr'><strong>sextam</strong></span> <span class='ocrx_word' id='word_1_436' title='bbox 2841 3205 3020 3253; x_wconf 89' lang='lat' dir='ltr'><strong>terrae</strong></span> <span class='ocrx_word' id='word_1_437' title='bbox 3081 3197 3334 3254; x_wconf 88' lang='lat' dir='ltr'><strong>obtinent</strong></span> <span class='ocrx_word' id='word_1_438' title='bbox 3399 3205 3630 3268; x_wconf 87' lang='lat' dir='ltr'><strong>partem.</strong></span> <span class='ocrx_word' id='word_1_439' title='bbox 3679 3196 3825 3266; x_wconf 77' lang='lat' dir='ltr'><strong>Qua-</strong></span> 
     </span>
    </p>
   </div>
   <div class='ocr_carea' id='block_1_63' title="bbox 531 3288 2122 3360">
    <p class='ocr_par' dir='ltr' id='par_1_63' title="bbox 531 3288 2122 3360">
     <span class='ocr_line' id='line_1_63' title="bbox 531 3288 2122 3360; baseline 0.003 -19"><span class='ocrx_word' id='word_1_440' title='bbox 531 3288 945 3358; x_wconf 87' lang='lat' dir='ltr'><strong>minoribusque</strong></span> <span class='ocrx_word' id='word_1_441' title='bbox 995 3291 1248 3360; x_wconf 88' lang='lat' dir='ltr'><strong>passibus</strong></span> <span class='ocrx_word' id='word_1_442' title='bbox 1295 3291 1532 3347; x_wconf 89' lang='lat' dir='ltr'><strong>stadium</strong></span> <span class='ocrx_word' id='word_1_443' title='bbox 1575 3306 1744 3346; x_wconf 91' lang='lat' dir='ltr'><strong>unum</strong></span> <span class='ocrx_word' id='word_1_444' title='bbox 1786 3305 2122 3359; x_wconf 89' lang='lat' dir='ltr'><strong>mensurare,</strong></span> 
     </span>
    </p>
   </div>
   <div class='ocr_carea' id='block_1_64' title="bbox 528 3377 2127 3448">
    <p class='ocr_par' dir='ltr' id='par_1_64' title="bbox 528 3377 2127 3448">
     <span class='ocr_line' id='line_1_64' title="bbox 528 3377 2127 3448; baseline 0.003 -17"><span class='ocrx_word' id='word_1_445' title='bbox 528 3379 762 3448; x_wconf 87' lang='lat' dir='ltr'><strong>indeque</strong></span> <span class='ocrx_word' id='word_1_446' title='bbox 804 3380 978 3434; x_wconf 87' lang='lat' dir='ltr'><strong>stadia</strong></span> <span class='ocrx_word' id='word_1_447' title='bbox 1020 3377 1226 3447; x_wconf 82' lang='lat' dir='ltr'><strong>majora</strong></span> <span class='ocrx_word' id='word_1_448' title='bbox 1271 3382 1552 3436; x_wconf 88' lang='lat' dir='ltr'><strong>minorave</strong></span> <span class='ocrx_word' id='word_1_449' title='bbox 1580 3382 1633 3435; x_wconf 95' lang='lat' dir='ltr'><strong>in</strong></span> <span class='ocrx_word' id='word_1_450' title='bbox 1681 3396 1933 3436; x_wconf 88' lang='lat' dir='ltr'><strong>mensura</strong></span> <span class='ocrx_word' id='word_1_451' title='bbox 1967 3381 2127 3436; x_wconf 87' lang='lat' dir='ltr'><strong>unius</strong></span> 
     </span>
    </p>
   </div>
   <div class='ocr_carea' id='block_1_65' title="bbox 527 3470 2120 3539">
    <p class='ocr_par' dir='ltr' id='par_1_65' title="bbox 527 3470 2120 3539">
     <span class='ocr_line' id='line_1_65' title="bbox 527 3470 2120 3539; baseline 0.005 -19"><span class='ocrx_word' id='word_1_452' title='bbox 527 3470 701 3536; x_wconf 89' lang='lat' dir='ltr'><strong>partis</strong></span> <span class='ocrx_word' id='word_1_453' title='bbox 721 3471 1043 3538; x_wconf 90' lang='lat' dir='ltr'><strong>computari.</strong></span> <span class='ocrx_word' id='word_1_454' title='bbox 1069 3471 1329 3536; x_wconf 84' lang='lat' dir='ltr'><strong>Quisnam</strong></span> <span class='ocrx_word' id='word_1_455' title='bbox 1351 3489 1460 3528; x_wconf 90' lang='lat' dir='ltr'><strong>non</strong></span> <span class='ocrx_word' id='word_1_456' title='bbox 1483 3472 1792 3536; x_wconf 91' lang='lat' dir='ltr'><strong>crediderit,</strong></span> <span class='ocrx_word' id='word_1_457' title='bbox 1816 3471 2120 3539; x_wconf 86' lang='lat' dir='ltr'><strong>Herculem,</strong></span> 
     </span>
    </p>
   </div>
   <div class='ocr_carea' id='block_1_66' title="bbox 531 3558 2128 3633">
    <p class='ocr_par' dir='ltr' id='par_1_66' title="bbox 531 3558 2128 3633">
     <span class='ocr_line' id='line_1_66' title="bbox 531 3558 2128 3633; baseline 0.007 -25"><span class='ocrx_word' id='word_1_458' title='bbox 531 3569 690 3624; x_wconf 90' lang='lat' dir='ltr'><strong>quem</strong></span> <span class='ocrx_word' id='word_1_459' title='bbox 716 3559 951 3626; x_wconf 90' lang='lat' dir='ltr'><strong>primum</strong></span> <span class='ocrx_word' id='word_1_460' title='bbox 975 3558 1133 3628; x_wconf 85' lang='lat' dir='ltr'><strong>juxta</strong></span> <span class='ocrx_word' id='word_1_461' title='bbox 1161 3559 1446 3633; x_wconf 81' lang='lat' dir='ltr'><strong>Olympum</strong></span> <span class='ocrx_word' id='word_1_462' title='bbox 1474 3572 1714 3619; x_wconf 89' lang='lat' dir='ltr'><strong>montem</strong></span> <span class='ocrx_word' id='word_1_463' title='bbox 1754 3564 1987 3619; x_wconf 85' lang='lat' dir='ltr'><strong>stadium</strong></span> <span class='ocrx_word' id='word_1_464' title='bbox 2019 3563 2128 3619; x_wconf 90' lang='lat' dir='ltr'><strong>fer-</strong></span> 
     </span>
    </p>
   </div>
   <div class='ocr_carea' id='block_1_67' title="bbox 527 3651 2128 3726">
    <p class='ocr_par' dir='ltr' id='par_1_67' title="bbox 527 3651 2128 3726">
     <span class='ocr_line' id='line_1_67' title="bbox 527 3651 2128 3726; baseline 0.006 -25"><span class='ocrx_word' id='word_1_465' title='bbox 527 3658 620 3701; x_wconf 92' lang='lat' dir='ltr'><strong>tur</strong></span> <span class='ocrx_word' id='word_1_466' title='bbox 649 3663 1022 3718; x_wconf 89' lang='lat' dir='ltr'><strong>mensurasse,</strong></span> <span class='ocrx_word' id='word_1_467' title='bbox 1072 3651 1368 3721; x_wconf 88' lang='lat' dir='ltr'><strong>majoribus</strong></span> <span class='ocrx_word' id='word_1_468' title='bbox 1412 3655 1910 3726; x_wconf 89' lang='lat' dir='ltr'><strong>incomparabiliter</strong></span> <span class='ocrx_word' id='word_1_469' title='bbox 1951 3655 2128 3726; x_wconf 89' lang='lat' dir='ltr'><strong>passi-</strong></span> 
     </span>
    </p>
   </div>
   <div class='ocr_carea' id='block_1_68' title="bbox 529 3737 2126 3818">
    <p class='ocr_par' dir='ltr' id='par_1_68' title="bbox 529 3737 2126 3818">
     <span class='ocr_line' id='line_1_68' title="bbox 529 3737 2126 3818; baseline 0.008 -27"><span class='ocrx_word' id='word_1_470' title='bbox 529 3737 632 3792; x_wconf 88' lang='lat' dir='ltr'><strong>bus</strong></span> <span class='ocrx_word' id='word_1_471' title='bbox 659 3749 716 3793; x_wconf 93' lang='lat' dir='ltr'><strong>et</strong></span> <span class='ocrx_word' id='word_1_472' title='bbox 747 3739 978 3810; x_wconf 90' lang='lat' dir='ltr'><strong>pedibus</strong></span> <span class='ocrx_word' id='word_1_473' title='bbox 1015 3757 1326 3799; x_wconf 89' lang='lat' dir='ltr'><strong>mensuram</strong></span> <span class='ocrx_word' id='word_1_474' title='bbox 1355 3744 1534 3800; x_wconf 89' lang='lat' dir='ltr'><strong>stadio</strong></span> <span class='ocrx_word' id='word_1_475' title='bbox 1579 3745 1814 3813; x_wconf 90' lang='lat' dir='ltr'><strong>dedisse,</strong></span> <span class='ocrx_word' id='word_1_476' title='bbox 1844 3763 2008 3818; x_wconf 90' lang='lat' dir='ltr'><strong>quam</strong></span> <span class='ocrx_word' id='word_1_477' title='bbox 2037 3763 2126 3804; x_wconf 85' lang='lat' dir='ltr'><strong>ec-</strong></span> 
     </span>
    </p>
   </div>
   <div class='ocr_carea' id='block_1_69' title="bbox 531 3831 2126 3904">
    <p class='ocr_par' dir='ltr' id='par_1_69' title="bbox 531 3831 2126 3904">
     <span class='ocr_line' id='line_1_69' title="bbox 531 3831 2126 3904; baseline 0.006 -20"><span class='ocrx_word' id='word_1_478' title='bbox 531 3831 656 3897; x_wconf 90' lang='lat' dir='ltr'><strong>teri,</strong></span> <span class='ocrx_word' id='word_1_479' title='bbox 703 3832 795 3902; x_wconf 91' lang='lat' dir='ltr'><strong>qui</strong></span> <span class='ocrx_word' id='word_1_480' title='bbox 848 3843 972 3904; x_wconf 90' lang='lat' dir='ltr'><strong>post</strong></span> <span class='ocrx_word' id='word_1_481' title='bbox 1013 3850 1136 3890; x_wconf 92' lang='lat' dir='ltr'><strong>eum</strong></span> <span class='ocrx_word' id='word_1_482' title='bbox 1188 3837 1362 3892; x_wconf 91' lang='lat' dir='ltr'><strong>stadia</strong></span> <span class='ocrx_word' id='word_1_483' title='bbox 1414 3839 1836 3894; x_wconf 88' lang='lat' dir='ltr'><strong>mensurabaut?</strong></span> <span class='ocrx_word' id='word_1_484' title='bbox 1877 3837 2012 3893; x_wconf 88' lang='lat' dir='ltr'><strong>Nam</strong></span> <span class='ocrx_word' id='word_1_485' title='bbox 2057 3853 2126 3894; x_wconf 82' lang='lat' dir='ltr'><strong>ex</strong></span> 
     </span>
    </p>
   </div>
   <div class='ocr_carea' id='block_1_70' title="bbox 533 3925 2124 4002">
    <p class='ocr_par' dir='ltr' id='par_1_70' title="bbox 533 3925 2124 4002">
     <span class='ocr_line' id='line_1_70' title="bbox 533 3925 2124 4002; baseline 0.007 -26"><span class='ocrx_word' id='word_1_486' title='bbox 533 3925 842 3991; x_wconf 89' lang='lat' dir='ltr'><strong>quantitate</strong></span> <span class='ocrx_word' id='word_1_487' title='bbox 868 3927 1059 3994; x_wconf 87' lang='lat' dir='ltr'><strong>stadii,</strong></span> <span class='ocrx_word' id='word_1_488' title='bbox 1106 3930 1250 3998; x_wconf 90' lang='lat' dir='ltr'><strong>quod</strong></span> <span class='ocrx_word' id='word_1_489' title='bbox 1299 3931 1414 3999; x_wconf 90' lang='lat' dir='ltr'><strong>ipse</strong></span> <span class='ocrx_word' id='word_1_490' title='bbox 1448 3931 1655 4002; x_wconf 89' lang='lat' dir='ltr'><strong>primus</strong></span> <span class='ocrx_word' id='word_1_491' title='bbox 1691 3941 2124 3998; x_wconf 89' lang='lat' dir='ltr'><strong>mensuraverat,</strong></span> 
     </span>
    </p>
   </div>
   <div class='ocr_carea' id='block_1_71' title="bbox 527 4017 2126 4097">
    <p class='ocr_par' dir='ltr' id='par_1_71' title="bbox 527 4017 2126 4097">
     <span class='ocr_line' id='line_1_71' title="bbox 527 4017 2126 4097; baseline 0.006 -30"><span class='ocrx_word' id='word_1_492' title='bbox 527 4025 786 4082; x_wconf 86' lang='lat' dir='ltr'><strong>passuum</strong></span> <span class='ocrx_word' id='word_1_493' title='bbox 817 4030 1208 4097; x_wconf 87' lang='lat' dir='ltr'><strong>gressuumque</strong></span> <span class='ocrx_word' id='word_1_494' title='bbox 1237 4019 1451 4089; x_wconf 83' lang='lat' dir='ltr'><strong>ejus.ac</strong></span> <span class='ocrx_word' id='word_1_495' title='bbox 1476 4021 1672 4091; x_wconf 88' lang='lat' dir='ltr'><strong>pedum</strong></span> <span class='ocrx_word' id='word_1_496' title='bbox 1703 4017 2034 4094; x_wconf 86' lang='lat' dir='ltr'><strong>magnitudo,</strong></span> <span class='ocrx_word' id='word_1_497' title='bbox 2057 4037 2126 4078; x_wconf 86' lang='lat' dir='ltr'><strong>ex</strong></span> 
     </span>
    </p>
   </div>
   <div class='ocr_carea' id='block_1_72' title="bbox 527 4106 2127 4180">
    <p class='ocr_par' dir='ltr' id='par_1_72' title="bbox 527 4106 2127 4180">
     <span class='ocr_line' id='line_1_72' title="bbox 527 4106 2127 4180; baseline 0.006 -18"><span class='ocrx_word' id='word_1_498' title='bbox 527 4106 726 4177; x_wconf 90' lang='lat' dir='ltr'><strong>pedum</strong></span> <span class='ocrx_word' id='word_1_499' title='bbox 754 4122 884 4164; x_wconf 91' lang='lat' dir='ltr'><strong>vero</strong></span> <span class='ocrx_word' id='word_1_500' title='bbox 923 4110 1276 4180; x_wconf 89' lang='lat' dir='ltr'><strong>amplitudine</strong></span> <span class='ocrx_word' id='word_1_501' title='bbox 1325 4113 1489 4170; x_wconf 90' lang='lat' dir='ltr'><strong>totius</strong></span> <span class='ocrx_word' id='word_1_502' title='bbox 1538 4123 1782 4170; x_wconf 87' lang='lat' dir='ltr'><strong>staturae</strong></span> <span class='ocrx_word' id='word_1_503' title='bbox 1815 4115 1959 4172; x_wconf 91' lang='lat' dir='ltr'><strong>illius</strong></span> <span class='ocrx_word' id='word_1_504' title='bbox 2006 4116 2127 4171; x_wconf 89' lang='lat' dir='ltr'><strong>alti-</strong></span> 
     </span>
    </p>
   </div>
   <div class='ocr_carea' id='block_1_73' title="bbox 528 4201 2129 4276">
    <p class='ocr_par' dir='ltr' id='par_1_73' title="bbox 528 4201 2129 4276">
     <span class='ocr_line' id='line_1_73' title="bbox 528 4201 2129 4276; baseline 0.006 -23"><span class='ocrx_word' id='word_1_505' title='bbox 528 4201 660 4256; x_wconf 85' lang='lat' dir='ltr'><strong>tudo</strong></span> <span class='ocrx_word' id='word_1_506' title='bbox 691 4203 978 4258; x_wconf 89' lang='lat' dir='ltr'><strong>aestimata</strong></span> <span class='ocrx_word' id='word_1_507' title='bbox 1003 4212 1105 4259; x_wconf 85' lang='lat' dir='ltr'><strong>est.</strong></span> <span class='ocrx_word' id='word_1_508' title='bbox 1133 4205 1273 4273; x_wconf 85' lang='lat' dir='ltr'><strong>Quid</strong></span> <span class='ocrx_word' id='word_1_509' title='bbox 1300 4221 1430 4276; x_wconf 91' lang='lat' dir='ltr'><strong>ergo</strong></span> <span class='ocrx_word' id='word_1_510' title='bbox 1454 4208 1675 4273; x_wconf 90' lang='lat' dir='ltr'><strong>mirum,</strong></span> <span class='ocrx_word' id='word_1_511' title='bbox 1702 4211 1747 4264; x_wconf 92' lang='lat' dir='ltr'><strong>si</strong></span> <span class='ocrx_word' id='word_1_512' title='bbox 1775 4225 1879 4264; x_wconf 90' lang='lat' dir='ltr'><strong>una</strong></span> <span class='ocrx_word' id='word_1_513' title='bbox 1909 4211 2129 4264; x_wconf 84' lang='lat' dir='ltr'><strong>eadem-</strong></span> 
     </span>
    </p>
   </div>
   <div class='ocr_carea' id='block_1_74' title="bbox 529 4293 2130 4370">
    <p class='ocr_par' dir='ltr' id='par_1_74' title="bbox 529 4293 2130 4370">
     <span class='ocr_line' id='line_1_74' title="bbox 529 4293 2130 4370; baseline 0.004 -23"><span class='ocrx_word' id='word_1_514' title='bbox 529 4306 637 4363; x_wconf 91' lang='lat' dir='ltr'><strong>que</strong></span> <span class='ocrx_word' id='word_1_515' title='bbox 668 4295 827 4350; x_wconf 90' lang='lat' dir='ltr'><strong>unius</strong></span> <span class='ocrx_word' id='word_1_516' title='bbox 856 4293 1208 4368; x_wconf 88' lang='lat' dir='ltr'><strong>ejusdemque</strong></span> <span class='ocrx_word' id='word_1_517' title='bbox 1247 4299 1418 4368; x_wconf 89' lang='lat' dir='ltr'><strong>partis</strong></span> <span class='ocrx_word' id='word_1_518' title='bbox 1477 4300 1825 4369; x_wconf 87' lang='lat' dir='ltr'><strong>intercapedo</strong></span> <span class='ocrx_word' id='word_1_519' title='bbox 1867 4309 1922 4355; x_wconf 91' lang='lat' dir='ltr'><strong>et</strong></span> <span class='ocrx_word' id='word_1_520' title='bbox 1969 4300 2130 4370; x_wconf 89' lang='lat' dir='ltr'><strong>quin-</strong></span> 
     </span>
    </p>
   </div>
   <div class='ocr_carea' id='block_1_75' title="bbox 531 4387 2129 4460">
    <p class='ocr_par' dir='ltr' id='par_1_75' title="bbox 531 4387 2129 4460">
     <span class='ocr_line' id='line_1_75' title="bbox 531 4387 2129 4460; baseline 0.005 -21"><span class='ocrx_word' id='word_1_521' title='bbox 531 4394 691 4456; x_wconf 88' lang='lat' dir='ltr'><strong>genta</strong></span> <span class='ocrx_word' id='word_1_522' title='bbox 723 4387 904 4453; x_wconf 91' lang='lat' dir='ltr'><strong>simul,</strong></span> <span class='ocrx_word' id='word_1_523' title='bbox 937 4397 988 4443; x_wconf 88' lang='lat' dir='ltr'><strong>et</strong></span> <span class='ocrx_word' id='word_1_524' title='bbox 1030 4390 1373 4460; x_wconf 88' lang='lat' dir='ltr'><strong>septingenta</strong></span> <span class='ocrx_word' id='word_1_525' title='bbox 1418 4392 1590 4446; x_wconf 89' lang='lat' dir='ltr'><strong>stadia</strong></span> <span class='ocrx_word' id='word_1_526' title='bbox 1623 4392 1822 4460; x_wconf 86' lang='lat' dir='ltr'><strong>capiat,</strong></span> <span class='ocrx_word' id='word_1_527' title='bbox 1851 4400 1906 4448; x_wconf 90' lang='lat' dir='ltr'><strong>et</strong></span> <span class='ocrx_word' id='word_1_528' title='bbox 1933 4409 2129 4448; x_wconf 86' lang='lat' dir='ltr'><strong>unum-</strong></span> 
     </span>
    </p>
   </div>
   <div class='ocr_carea' id='block_1_76' title="bbox 530 4477 2129 4554">
    <p class='ocr_par' dir='ltr' id='par_1_76' title="bbox 530 4477 2129 4554">
     <span class='ocr_line' id='line_1_76' title="bbox 530 4477 2129 4554; baseline 0.006 -24"><span class='ocrx_word' id='word_1_529' title='bbox 530 4477 783 4546; x_wconf 90' lang='lat' dir='ltr'><strong>quodque</strong></span> <span class='ocrx_word' id='word_1_530' title='bbox 830 4480 1064 4534; x_wconf 89' lang='lat' dir='ltr'><strong>stadium</strong></span> <span class='ocrx_word' id='word_1_531' title='bbox 1107 4483 1298 4536; x_wconf 90' lang='lat' dir='ltr'><strong>eodem</strong></span> <span class='ocrx_word' id='word_1_532' title='bbox 1338 4497 1565 4539; x_wconf 88' lang='lat' dir='ltr'><strong>numero</strong></span> <span class='ocrx_word' id='word_1_533' title='bbox 1600 4497 1855 4553; x_wconf 90' lang='lat' dir='ltr'><strong>passuum</strong></span> <span class='ocrx_word' id='word_1_534' title='bbox 1894 4491 1950 4538; x_wconf 92' lang='lat' dir='ltr'><strong>et</strong></span> <span class='ocrx_word' id='word_1_535' title='bbox 1977 4498 2129 4554; x_wconf 81' lang='lat' dir='ltr'><strong>gres-</strong></span> 
     </span>
    </p>
   </div>
   <div class='ocr_carea' id='block_1_77' title="bbox 2228 3286 3819 3362">
    <p class='ocr_par' dir='ltr' id='par_1_77' title="bbox 2228 3286 3819 3362">
     <span class='ocr_line' id='line_1_77' title="bbox 2228 3286 3819 3362; baseline -0.002 -17"><span class='ocrx_word' id='word_1_536' title='bbox 2228 3291 2476 3362; x_wconf 89' lang='lat' dir='ltr'><strong>draginta</strong></span> <span class='ocrx_word' id='word_1_537' title='bbox 2525 3304 2758 3360; x_wconf 89' lang='lat' dir='ltr'><strong>namque</strong></span> <span class='ocrx_word' id='word_1_538' title='bbox 2811 3290 2919 3346; x_wconf 92' lang='lat' dir='ltr'><strong>duo</strong></span> <span class='ocrx_word' id='word_1_539' title='bbox 2950 3290 3118 3347; x_wconf 89' lang='lat' dir='ltr'><strong>millia</strong></span> <span class='ocrx_word' id='word_1_540' title='bbox 3159 3290 3361 3358; x_wconf 84' lang='lat' dir='ltr'><strong>sexies,</strong></span> <span class='ocrx_word' id='word_1_541' title='bbox 3393 3289 3478 3346; x_wconf 89' lang='lat' dir='ltr'><strong>vel</strong></span> <span class='ocrx_word' id='word_1_542' title='bbox 3523 3304 3618 3346; x_wconf 80' lang='lat' dir='ltr'><strong>sex</strong></span> <span class='ocrx_word' id='word_1_543' title='bbox 3650 3286 3819 3344; x_wconf 83' lang='lat' dir='ltr'><strong>millia</strong></span> 
     </span>
    </p>
   </div>
   <div class='ocr_carea' id='block_1_78' title="bbox 2229 3378 3821 3452">
    <p class='ocr_par' dir='ltr' id='par_1_78' title="bbox 2229 3378 3821 3452">
     <span class='ocr_line' id='line_1_78' title="bbox 2229 3378 3821 3452; baseline 0.001 -17"><span class='ocrx_word' id='word_1_544' title='bbox 2229 3381 2552 3452; x_wconf 87' lang='lat' dir='ltr'><strong>quadragies</strong></span> <span class='ocrx_word' id='word_1_545' title='bbox 2569 3381 2674 3446; x_wconf 91' lang='lat' dir='ltr'><strong>bis,</strong></span> <span class='ocrx_word' id='word_1_546' title='bbox 2692 3379 2867 3437; x_wconf 90' lang='lat' dir='ltr'><strong>CCLII</strong></span> <span class='ocrx_word' id='word_1_547' title='bbox 2895 3381 3063 3436; x_wconf 90' lang='lat' dir='ltr'><strong>millia</strong></span> <span class='ocrx_word' id='word_1_548' title='bbox 3093 3381 3392 3437; x_wconf 91' lang='lat' dir='ltr'><strong>stadiorum</strong></span> <span class='ocrx_word' id='word_1_549' title='bbox 3432 3379 3720 3438; x_wconf 89' lang='lat' dir='ltr'><strong>cumulant.</strong></span> <span class='ocrx_word' id='word_1_550' title='bbox 3749 3378 3821 3436; x_wconf 80' lang='lat' dir='ltr'><strong>Et</strong></span> 
     </span>
    </p>
   </div>
   <div class='ocr_carea' id='block_1_79' title="bbox 2228 3472 3819 3545">
    <p class='ocr_par' dir='ltr' id='par_1_79' title="bbox 2228 3472 3819 3545">
     <span class='ocr_line' id='line_1_79' title="bbox 2228 3472 3819 3545; baseline 0 -17"><span class='ocrx_word' id='word_1_551' title='bbox 2228 3472 2537 3538; x_wconf 87' lang='lat' dir='ltr'><strong>miraberis,</strong></span> <span class='ocrx_word' id='word_1_552' title='bbox 2597 3472 2800 3528; x_wconf 90' lang='lat' dir='ltr'><strong>senarii</strong></span> <span class='ocrx_word' id='word_1_553' title='bbox 2847 3473 3057 3528; x_wconf 88' lang='lat' dir='ltr'><strong>numeri</strong></span> <span class='ocrx_word' id='word_1_554' title='bbox 3094 3483 3146 3528; x_wconf 88' lang='lat' dir='ltr'><strong>et</strong></span> <span class='ocrx_word' id='word_1_555' title='bbox 3194 3473 3487 3544; x_wconf 90' lang='lat' dir='ltr'><strong>septenarii</strong></span> <span class='ocrx_word' id='word_1_556' title='bbox 3543 3472 3819 3545; x_wconf 78' lang='lat' dir='ltr'><strong>reciproca</strong></span> 
     </span>
    </p>
   </div>
   <div class='ocr_carea' id='block_1_80' title="bbox 2228 3561 3822 3633">
    <p class='ocr_par' dir='ltr' id='par_1_80' title="bbox 2228 3561 3822 3633">
     <span class='ocr_line' id='line_1_80' title="bbox 2228 3561 3822 3633; baseline -0.003 -15"><span class='ocrx_word' id='word_1_557' title='bbox 2228 3563 2431 3618; x_wconf 85' lang='lat' dir='ltr'><strong>virtute</strong></span> <span class='ocrx_word' id='word_1_558' title='bbox 2481 3561 2643 3618; x_wconf 91' lang='lat' dir='ltr'><strong>lunae</strong></span> <span class='ocrx_word' id='word_1_559' title='bbox 2687 3571 2852 3632; x_wconf 90' lang='lat' dir='ltr'><strong>atque</strong></span> <span class='ocrx_word' id='word_1_560' title='bbox 2887 3561 3094 3618; x_wconf 89' lang='lat' dir='ltr'><strong>telluris</strong></span> <span class='ocrx_word' id='word_1_561' title='bbox 3137 3561 3545 3632; x_wconf 83' lang='lat' dir='ltr'><strong>amplitudinem</strong></span> <span class='ocrx_word' id='word_1_562' title='bbox 3577 3573 3822 3633; x_wconf 89' lang='lat' dir='ltr'><strong>compre-</strong></span> 
     </span>
    </p>
   </div>
   <div class='ocr_carea' id='block_1_81' title="bbox 2229 3650 3818 3724">
    <p class='ocr_par' dir='ltr' id='par_1_81' title="bbox 2229 3650 3818 3724">
     <span class='ocr_line' id='line_1_81' title="bbox 2229 3650 3818 3724; baseline -0.001 -15"><span class='ocrx_word' id='word_1_563' title='bbox 2229 3653 2412 3709; x_wconf 86' lang='lat' dir='ltr'><strong>hendi.</strong></span> <span class='ocrx_word' id='word_1_564' title='bbox 2466 3651 2686 3724; x_wconf 89' lang='lat' dir='ltr'><strong>Septem</strong></span> <span class='ocrx_word' id='word_1_565' title='bbox 2731 3653 3000 3723; x_wconf 89' lang='lat' dir='ltr'><strong>siquidem</strong></span> <span class='ocrx_word' id='word_1_566' title='bbox 3044 3654 3244 3719; x_wconf 81' lang='lat' dir='ltr'><strong>sexies,</strong></span> <span class='ocrx_word' id='word_1_567' title='bbox 3294 3653 3380 3708; x_wconf 90' lang='lat' dir='ltr'><strong>vel</strong></span> <span class='ocrx_word' id='word_1_568' title='bbox 3440 3667 3530 3708; x_wconf 85' lang='lat' dir='ltr'><strong>sex</strong></span> <span class='ocrx_word' id='word_1_569' title='bbox 3583 3650 3818 3722; x_wconf 82' lang='lat' dir='ltr'><strong>septies,</strong></span> 
     </span>
    </p>
   </div>
   <div class='ocr_carea' id='block_1_82' title="bbox 2229 3741 3817 3816">
    <p class='ocr_par' dir='ltr' id='par_1_82' title="bbox 2229 3741 3817 3816">
     <span class='ocr_line' id='line_1_82' title="bbox 2229 3741 3817 3816; baseline 0.001 -18"><span class='ocrx_word' id='word_1_570' title='bbox 2229 3743 2389 3810; x_wconf 89' lang='lat' dir='ltr'><strong>XLII,</strong></span> <span class='ocrx_word' id='word_1_571' title='bbox 2419 3743 2580 3799; x_wconf 89' lang='lat' dir='ltr'><strong>lunae</strong></span> <span class='ocrx_word' id='word_1_572' title='bbox 2605 3744 2857 3800; x_wconf 90' lang='lat' dir='ltr'><strong>videlicet</strong></span> <span class='ocrx_word' id='word_1_573' title='bbox 2881 3744 3134 3816; x_wconf 89' lang='lat' dir='ltr'><strong>globum;</strong></span> <span class='ocrx_word' id='word_1_574' title='bbox 3157 3753 3212 3800; x_wconf 93' lang='lat' dir='ltr'><strong>et</strong></span> <span class='ocrx_word' id='word_1_575' title='bbox 3236 3745 3432 3799; x_wconf 89' lang='lat' dir='ltr'><strong>iterum</strong></span> <span class='ocrx_word' id='word_1_576' title='bbox 3457 3741 3595 3798; x_wconf 89' lang='lat' dir='ltr'><strong>XLII</strong></span> <span class='ocrx_word' id='word_1_577' title='bbox 3616 3742 3817 3810; x_wconf 80' lang='lat' dir='ltr'><strong>sexies,</strong></span> 
     </span>
    </p>
   </div>
   <div class='ocr_carea' id='block_1_83' title="bbox 2229 3833 3824 3906">
    <p class='ocr_par' dir='ltr' id='par_1_83' title="bbox 2229 3833 3824 3906">
     <span class='ocr_line' id='line_1_83' title="bbox 2229 3833 3824 3906; baseline -0.003 -15"><span class='ocrx_word' id='word_1_578' title='bbox 2229 3834 2427 3901; x_wconf 87' lang='lat' dir='ltr'><strong>CCLII,</strong></span> <span class='ocrx_word' id='word_1_579' title='bbox 2479 3844 2660 3891; x_wconf 89' lang='lat' dir='ltr'><strong>terrae</strong></span> <span class='ocrx_word' id='word_1_580' title='bbox 2719 3835 2928 3891; x_wconf 91' lang='lat' dir='ltr'><strong>scilicet</strong></span> <span class='ocrx_word' id='word_1_581' title='bbox 2963 3835 3219 3905; x_wconf 88' lang='lat' dir='ltr'><strong>spatium,</strong></span> <span class='ocrx_word' id='word_1_582' title='bbox 3252 3835 3305 3890; x_wconf 91' lang='lat' dir='ltr'><strong>in</strong></span> <span class='ocrx_word' id='word_1_583' title='bbox 3334 3850 3467 3906; x_wconf 85' lang='lat' dir='ltr'><strong>gyro</strong></span> <span class='ocrx_word' id='word_1_584' title='bbox 3504 3833 3824 3905; x_wconf 77' lang='lat' dir='ltr'><strong>amplexam-</strong></span> 
     </span>
    </p>
   </div>
   <div class='ocr_carea' id='block_1_84' title="bbox 2232 3927 3821 4000">
    <p class='ocr_par' dir='ltr' id='par_1_84' title="bbox 2232 3927 3821 4000">
     <span class='ocr_line' id='line_1_84' title="bbox 2232 3927 3821 4000; baseline 0 -17"><span class='ocrx_word' id='word_1_585' title='bbox 2232 3936 2337 3984; x_wconf 91' lang='lat' dir='ltr'><strong>tur.</strong></span> <span class='ocrx_word' id='word_1_586' title='bbox 2384 3927 2602 4000; x_wconf 79' lang='lat' dir='ltr'><strong>ﬂosque</strong></span> <span class='ocrx_word' id='word_1_587' title='bbox 2646 3944 2835 3984; x_wconf 91' lang='lat' dir='ltr'><strong>omnes</strong></span> <span class='ocrx_word' id='word_1_588' title='bbox 2879 3944 3137 3985; x_wconf 90' lang='lat' dir='ltr'><strong>numeros</strong></span> <span class='ocrx_word' id='word_1_589' title='bbox 3167 3928 3221 3983; x_wconf 90' lang='lat' dir='ltr'><strong>in</strong></span> <span class='ocrx_word' id='word_1_590' title='bbox 3255 3927 3493 3985; x_wconf 90' lang='lat' dir='ltr'><strong>millibus</strong></span> <span class='ocrx_word' id='word_1_591' title='bbox 3517 3928 3821 3984; x_wconf 86' lang='lat' dir='ltr'><strong>stadiorum</strong></span> 
     </span>
    </p>
   </div>
   <div class='ocr_carea' id='block_1_85' title="bbox 2230 4019 3825 4092">
    <p class='ocr_par' dir='ltr' id='par_1_85' title="bbox 2230 4019 3825 4092">
     <span class='ocr_line' id='line_1_85' title="bbox 2230 4019 3825 4092; baseline 0.002 -18"><span class='ocrx_word' id='word_1_592' title='bbox 2230 4021 2556 4091; x_wconf 89' lang='lat' dir='ltr'><strong>computari,</strong></span> <span class='ocrx_word' id='word_1_593' title='bbox 2591 4020 2729 4074; x_wconf 90' lang='lat' dir='ltr'><strong>ratio</strong></span> <span class='ocrx_word' id='word_1_594' title='bbox 2774 4019 3056 4086; x_wconf 90' lang='lat' dir='ltr'><strong>indicavit,</strong></span> <span class='ocrx_word' id='word_1_595' title='bbox 3110 4019 3179 4075; x_wconf 91' lang='lat' dir='ltr'><strong>ad</strong></span> <span class='ocrx_word' id='word_1_596' title='bbox 3230 4019 3504 4075; x_wconf 90' lang='lat' dir='ltr'><strong>cumulum</strong></span> <span class='ocrx_word' id='word_1_597' title='bbox 3536 4021 3825 4092; x_wconf 80' lang='lat' dir='ltr'><strong>perfectis-</strong></span> 
     </span>
    </p>
   </div>
   <div class='ocr_carea' id='block_1_86' title="bbox 2231 4110 3824 4182">
    <p class='ocr_par' dir='ltr' id='par_1_86' title="bbox 2231 4110 3824 4182">
     <span class='ocr_line' id='line_1_86' title="bbox 2231 4110 3824 4182; baseline 0 -15"><span class='ocrx_word' id='word_1_598' title='bbox 2231 4113 2401 4169; x_wconf 90' lang='lat' dir='ltr'><strong>simae</strong></span> <span class='ocrx_word' id='word_1_599' title='bbox 2446 4112 2777 4166; x_wconf 90' lang='lat' dir='ltr'><strong>naturalium</strong></span> <span class='ocrx_word' id='word_1_600' title='bbox 2832 4111 3020 4166; x_wconf 92' lang='lat' dir='ltr'><strong>mundi</strong></span> <span class='ocrx_word' id='word_1_601' title='bbox 3069 4125 3359 4182; x_wconf 88' lang='lat' dir='ltr'><strong>corporum</strong></span> <span class='ocrx_word' id='word_1_602' title='bbox 3415 4110 3824 4168; x_wconf 74' lang='lat' dir='ltr'><strong>constitutionis</strong></span> 
     </span>
    </p>
   </div>
   <div class='ocr_carea' id='block_1_87' title="bbox 2228 4203 3824 4275">
    <p class='ocr_par' dir='ltr' id='par_1_87' title="bbox 2228 4203 3824 4275">
     <span class='ocr_line' id='line_1_87' title="bbox 2228 4203 3824 4275; baseline 0.001 -15"><span class='ocrx_word' id='word_1_603' title='bbox 2228 4206 2702 4263; x_wconf 88' lang='lat' dir='ltr'><strong>manifestandum.</strong></span> <span class='ocrx_word' id='word_1_604' title='bbox 2721 4204 2912 4262; x_wconf 92' lang='lat' dir='ltr'><strong>Omnis</strong></span> <span class='ocrx_word' id='word_1_605' title='bbox 2924 4204 3191 4274; x_wconf 89' lang='lat' dir='ltr'><strong>siquidem</strong></span> <span class='ocrx_word' id='word_1_606' title='bbox 3207 4205 3248 4238; x_wconf 84' lang='grc'><strong>¹⁹</strong></span> <span class='ocrx_word' id='word_1_607' title='bbox 3261 4204 3612 4275; x_wconf 75' lang='lat' dir='ltr'><strong>perfectionis</strong></span> <span class='ocrx_word' id='word_1_608' title='bbox 3632 4203 3824 4262; x_wconf 64' lang='lat' dir='ltr'><strong>cubica</strong></span> 
     </span>
    </p>
   </div>
   <div class='ocr_carea' id='block_1_88' title="bbox 2230 4285 3823 4368">
    <p class='ocr_par' dir='ltr' id='par_1_88' title="bbox 2230 4285 3823 4368">
     <span class='ocr_line' id='line_1_88' title="bbox 2230 4285 3823 4368; baseline -0.001 -16"><span class='ocrx_word' id='word_1_609' title='bbox 2230 4297 2510 4368; x_wconf 85' lang='lat' dir='ltr'><strong>solidaque</strong></span> <span class='ocrx_word' id='word_1_610' title='bbox 2533 4295 2823 4351; x_wconf 89' lang='lat' dir='ltr'><strong>millenarii</strong></span> <span class='ocrx_word' id='word_1_611' title='bbox 2854 4296 3064 4351; x_wconf 84' lang='lat' dir='ltr'><strong>numeri</strong></span> <span class='ocrx_word' id='word_1_612' title='bbox 3107 4295 3364 4352; x_wconf 84' lang='lat' dir='ltr'><strong>formatio</strong></span> <span class='ocrx_word' id='word_1_613' title='bbox 3387 4296 3432 4327; x_wconf 84' lang='grc'><strong>²⁰</strong></span> <span class='ocrx_word' id='word_1_614' title='bbox 3461 4285 3823 4367; x_wconf 79' lang='lat' dir='ltr'><strong>signiﬁcatrix</strong></span> 
     </span>
    </p>
   </div>
   <div class='ocr_carea' id='block_1_89' title="bbox 2229 4385 3822 4458">
    <p class='ocr_par' dir='ltr' id='par_1_89' title="bbox 2229 4385 3822 4458">
     <span class='ocr_line' id='line_1_89' title="bbox 2229 4385 3822 4458; baseline -0.001 -15"><span class='ocrx_word' id='word_1_615' title='bbox 2229 4396 2332 4443; x_wconf 88' lang='lat' dir='ltr'><strong>est.</strong></span> <span class='ocrx_word' id='word_1_616' title='bbox 2368 4385 2556 4442; x_wconf 84' lang='lat' dir='ltr'><strong>Status</strong></span> <span class='ocrx_word' id='word_1_617' title='bbox 2601 4387 2785 4458; x_wconf 89' lang='lat' dir='ltr'><strong>itaque</strong></span> <span class='ocrx_word' id='word_1_618' title='bbox 2814 4395 3042 4442; x_wconf 88' lang='lat' dir='ltr'><strong>naturae</strong></span> <span class='ocrx_word' id='word_1_619' title='bbox 3085 4387 3325 4453; x_wconf 91' lang='lat' dir='ltr'><strong>senario,</strong></span> <span class='ocrx_word' id='word_1_620' title='bbox 3357 4396 3538 4442; x_wconf 84' lang='lat' dir='ltr'><strong>motus</strong></span> <span class='ocrx_word' id='word_1_621' title='bbox 3571 4396 3822 4458; x_wconf 88' lang='lat' dir='ltr'><strong>septena-</strong></span> 
     </span>
    </p>
   </div>
   <div class='ocr_carea' id='block_1_90' title="bbox 2229 4476 3821 4547">
    <p class='ocr_par' dir='ltr' id='par_1_90' title="bbox 2229 4476 3821 4547">
     <span class='ocr_line' id='line_1_90' title="bbox 2229 4476 3821 4547; baseline -0.001 -15"><span class='ocrx_word' id='word_1_622' title='bbox 2229 4478 2332 4544; x_wconf 90' lang='lat' dir='ltr'><strong>rio,</strong></span> <span class='ocrx_word' id='word_1_623' title='bbox 2380 4477 2666 4547; x_wconf 88' lang='lat' dir='ltr'><strong>utriusque</strong></span> <span class='ocrx_word' id='word_1_624' title='bbox 2712 4486 2892 4535; x_wconf 90' lang='lat' dir='ltr'><strong>autem</strong></span> <span class='ocrx_word' id='word_1_625' title='bbox 2942 4476 3298 4532; x_wconf 80' lang='lat' dir='ltr'><strong>immutabilis</strong></span> <span class='ocrx_word' id='word_1_626' title='bbox 3333 4477 3474 4534; x_wconf 89' lang='lat' dir='ltr'><strong>ratio</strong></span> <span class='ocrx_word' id='word_1_627' title='bbox 3514 4476 3821 4532; x_wconf 88' lang='lat' dir='ltr'><strong>millenario</strong></span> 
     </span>
    </p>
   </div>
   <div class='ocr_carea' id='block_1_91' title="bbox 534 4561 3818 4651">
    <p class='ocr_par' dir='ltr' id='par_1_91' title="bbox 534 4561 3818 4651">
     <span class='ocr_line' id='line_1_91' title="bbox 534 4561 3818 4651; baseline -0.002 -24"><span class='ocrx_word' id='word_1_628' title='bbox 534 4579 713 4630; x_wconf 80' lang='lat' dir='ltr'><strong>suum.</strong></span> <span class='ocrx_word' id='word_1_629' title='bbox 747 4568 1053 4638; x_wconf 83' lang='lat' dir='ltr'><strong>pedumque</strong></span> <span class='ocrx_word' id='word_1_630' title='bbox 1092 4573 1415 4642; x_wconf 88' lang='lat' dir='ltr'><strong>computari,</strong></span> <span class='ocrx_word' id='word_1_631' title='bbox 1441 4575 1585 4644; x_wconf 92' lang='lat' dir='ltr'><strong>ipsos</strong></span> <span class='ocrx_word' id='word_1_632' title='bbox 1628 4576 1808 4629; x_wconf 88' lang='lat' dir='ltr'><strong>autem</strong></span> <span class='ocrx_word' id='word_1_633' title='bbox 1839 4589 2030 4642; x_wconf 89' lang='lat' dir='ltr'><strong>passus</strong></span> <span class='ocrx_word' id='word_1_634' title='bbox 2067 4583 2124 4651; x_wconf 77' lang='lat' dir='ltr'><strong>et</strong></span> <span class='ocrx_word' id='word_1_635' title='bbox 2149 4561 2202 4621; x_wconf 89' lang='lat' dir='ltr'><strong>D</strong></span> <span class='ocrx_word' id='word_1_636' title='bbox 2228 4568 2583 4639; x_wconf 87' lang='lat' dir='ltr'><strong>signiﬁcatur.</strong></span> <span class='ocrx_word' id='word_1_637' title='bbox 2618 4567 2715 4624; x_wconf 88' lang='lat' dir='ltr'><strong>Est</strong></span> <span class='ocrx_word' id='word_1_638' title='bbox 2753 4570 2897 4626; x_wconf 91' lang='lat' dir='ltr'><strong>enim</strong></span> <span class='ocrx_word' id='word_1_639' title='bbox 2931 4583 3115 4624; x_wconf 91' lang='lat' dir='ltr'><strong>rerum</strong></span> <span class='ocrx_word' id='word_1_640' title='bbox 3163 4567 3408 4623; x_wconf 88' lang='lat' dir='ltr'><strong>omnium</strong></span> <span class='ocrx_word' id='word_1_641' title='bbox 3439 4576 3614 4624; x_wconf 87' lang='lat' dir='ltr'><strong>status</strong></span> <span class='ocrx_word' id='word_1_642' title='bbox 3645 4564 3818 4631; x_wconf 51' lang='lat' dir='ltr'><strong>mobi:</strong></span> 
     </span>
    </p>
   </div>
   <div class='ocr_carea' id='block_1_92' title="bbox 529 4659 2120 4736">
    <p class='ocr_par' dir='ltr' id='par_1_92' title="bbox 529 4659 2120 4736">
     <span class='ocr_line' id='line_1_92' title="bbox 529 4659 2120 4736; baseline 0.008 -25"><span class='ocrx_word' id='word_1_643' title='bbox 529 4671 751 4728; x_wconf 82' lang='lat' dir='ltr'><strong>gressus</strong></span> <span class='ocrx_word' id='word_1_644' title='bbox 778 4674 843 4715; x_wconf 89' lang='lat' dir='ltr'><strong>ac</strong></span> <span class='ocrx_word' id='word_1_645' title='bbox 873 4659 894 4692; x_wconf 85' lang='grc'><strong><em>⁸</em></strong></span> <span class='ocrx_word' id='word_1_646' title='bbox 924 4663 1089 4731; x_wconf 88' lang='lat' dir='ltr'><strong>pedes</strong></span> <span class='ocrx_word' id='word_1_647' title='bbox 1120 4680 1226 4719; x_wconf 89' lang='lat' dir='ltr'><strong>non</strong></span> <span class='ocrx_word' id='word_1_648' title='bbox 1274 4666 1512 4736; x_wconf 88' lang='lat' dir='ltr'><strong>ejusdem</strong></span> <span class='ocrx_word' id='word_1_649' title='bbox 1540 4668 1860 4736; x_wconf 88' lang='lat' dir='ltr'><strong>quantitatis</strong></span> <span class='ocrx_word' id='word_1_650' title='bbox 1899 4682 2038 4736; x_wconf 89' lang='lat' dir='ltr'><strong>esse,</strong></span> <span class='ocrx_word' id='word_1_651' title='bbox 2062 4669 2120 4724; x_wconf 87' lang='lat' dir='ltr'><strong>in</strong></span> 
     </span>
    </p>
   </div>
   <div class='ocr_carea' id='block_1_93' title="bbox 527 4748 2116 4827">
    <p class='ocr_par' dir='ltr' id='par_1_93' title="bbox 527 4748 2116 4827">
     <span class='ocr_line' id='line_1_93' title="bbox 527 4748 2116 4827; baseline 0.008 -24"><span class='ocrx_word' id='word_1_652' title='bbox 527 4748 848 4819; x_wconf 88' lang='lat' dir='ltr'><strong>quibusdam</strong></span> <span class='ocrx_word' id='word_1_653' title='bbox 887 4753 1108 4821; x_wconf 89' lang='lat' dir='ltr'><strong>quidem</strong></span> <span class='ocrx_word' id='word_1_654' title='bbox 1139 4753 1392 4822; x_wconf 88' lang='lat' dir='ltr'><strong>majores,</strong></span> <span class='ocrx_word' id='word_1_655' title='bbox 1439 4757 1492 4810; x_wconf 90' lang='lat' dir='ltr'><strong>in</strong></span> <span class='ocrx_word' id='word_1_656' title='bbox 1529 4758 1852 4827; x_wconf 86' lang='lat' dir='ltr'><strong>quibusdam</strong></span> <span class='ocrx_word' id='word_1_657' title='bbox 1881 4760 1902 4792; x_wconf 81' lang='grc' dir='ltr'><strong><em>τ</em></strong></span> <span class='ocrx_word' id='word_1_658' title='bbox 1940 4760 2116 4816; x_wconf 90' lang='lat' dir='ltr'><strong>mino-</strong></span> 
     </span>
    </p>
   </div>
   <div class='ocr_carea' id='block_1_94' title="bbox 525 4842 2143 4924">
    <p class='ocr_par' dir='ltr' id='par_1_94' title="bbox 525 4842 2143 4924">
     <span class='ocr_line' id='line_1_94' title="bbox 525 4842 2143 4924; baseline 0.007 -27"><span class='ocrx_word' id='word_1_659' title='bbox 525 4854 637 4908; x_wconf 84' lang='lat' dir='ltr'><strong>res,</strong></span> <span class='ocrx_word' id='word_1_660' title='bbox 672 4842 746 4897; x_wconf 88' lang='lat' dir='ltr'><strong>ita</strong></span> <span class='ocrx_word' id='word_1_661' title='bbox 775 4852 837 4898; x_wconf 91' lang='lat' dir='ltr'><strong>ut</strong></span> <span class='ocrx_word' id='word_1_662' title='bbox 873 4844 1170 4914; x_wconf 90' lang='lat' dir='ltr'><strong>majoribus</strong></span> <span class='ocrx_word' id='word_1_663' title='bbox 1199 4858 1535 4915; x_wconf 89' lang='lat' dir='ltr'><strong>mensurata,</strong></span> <span class='ocrx_word' id='word_1_664' title='bbox 1581 4853 1756 4908; x_wconf 84' lang='lat' dir='ltr'><strong>stadia</strong></span> <span class='ocrx_word' id='word_1_665' title='bbox 1799 4848 2143 4924; x_wconf 85' lang='lat' dir='ltr'><strong>quingenta,</strong></span> 
     </span>
    </p>
   </div>
   <div class='ocr_carea' id='block_1_95' title="bbox 529 4932 2118 5013">
    <p class='ocr_par' dir='ltr' id='par_1_95' title="bbox 529 4932 2118 5013">
     <span class='ocr_line' id='line_1_95' title="bbox 529 4932 2118 5013; baseline 0.009 -27"><span class='ocrx_word' id='word_1_666' title='bbox 529 4932 832 4989; x_wconf 71' lang='lat' dir='ltr'><strong>minoribus</strong></span> <span class='ocrx_word' id='word_1_667' title='bbox 865 4949 993 4992; x_wconf 84' lang='lat' dir='ltr'><strong>vero</strong></span> <span class='ocrx_word' id='word_1_668' title='bbox 1022 4939 1358 5006; x_wconf 84' lang='lat' dir='ltr'><strong>septingenta</strong></span> <span class='ocrx_word' id='word_1_669' title='bbox 1383 4954 1549 4994; x_wconf 92' lang='lat' dir='ltr'><strong>unum</strong></span> <span class='ocrx_word' id='word_1_670' title='bbox 1571 4940 1622 4996; x_wconf 90' lang='lat' dir='ltr'><strong>id</strong></span> <span class='ocrx_word' id='word_1_671' title='bbox 1650 4941 1935 5013; x_wconf 90' lang='lat' dir='ltr'><strong>ipsumque</strong></span> <span class='ocrx_word' id='word_1_672' title='bbox 1959 4945 2118 5001; x_wconf 89' lang='lat' dir='ltr'><strong>unius</strong></span> 
     </span>
    </p>
   </div>
   <div class='ocr_carea' id='block_1_96' title="bbox 522 5027 2118 5103">
    <p class='ocr_par' dir='ltr' id='par_1_96' title="bbox 522 5027 2118 5103">
     <span class='ocr_line' id='line_1_96' title="bbox 522 5027 2118 5103; baseline 0.009 -26"><span class='ocrx_word' id='word_1_673' title='bbox 522 5027 695 5094; x_wconf 87' lang='lat' dir='ltr'><strong>partis</strong></span> <span class='ocrx_word' id='word_1_674' title='bbox 721 5027 953 5096; x_wconf 90' lang='lat' dir='ltr'><strong>spatium</strong></span> <span class='ocrx_word' id='word_1_675' title='bbox 985 5029 1295 5101; x_wconf 87' lang='lat' dir='ltr'><strong>implerent?</strong></span> <span class='ocrx_word' id='word_1_676' title='bbox 1312 5030 1483 5089; x_wconf 85' lang='lat' dir='ltr'><strong>Habet</strong></span> <span class='ocrx_word' id='word_1_677' title='bbox 1505 5043 1688 5090; x_wconf 88' lang='lat' dir='ltr'><strong>autem</strong></span> <span class='ocrx_word' id='word_1_678' title='bbox 1708 5034 1940 5090; x_wconf 88' lang='lat' dir='ltr'><strong>stadium</strong></span> <span class='ocrx_word' id='word_1_679' title='bbox 1960 5033 2118 5103; x_wconf 86' lang='lat' dir='ltr'><strong>juxta</strong></span> 
     </span>
    </p>
   </div>
   <div class='ocr_carea' id='block_1_97' title="bbox 525 5123 2115 5197">
    <p class='ocr_par' dir='ltr' id='par_1_97' title="bbox 525 5123 2115 5197">
     <span class='ocr_line' id='line_1_97' title="bbox 525 5123 2115 5197; baseline 0.009 -27"><span class='ocrx_word' id='word_1_680' title='bbox 525 5131 779 5186; x_wconf 82' lang='lat' dir='ltr'><strong>graecam</strong></span> <span class='ocrx_word' id='word_1_681' title='bbox 815 5123 1246 5194; x_wconf 81' lang='lat' dir='ltr'><strong>supputationem</strong></span> <span class='ocrx_word' id='word_1_682' title='bbox 1267 5123 1456 5196; x_wconf 86' lang='lat' dir='ltr'><strong>jugera</strong></span> <span class='ocrx_word' id='word_1_683' title='bbox 1487 5125 1575 5191; x_wconf 91' lang='lat' dir='ltr'><strong>VI,</strong></span> <span class='ocrx_word' id='word_1_684' title='bbox 1605 5127 1816 5183; x_wconf 92' lang='lat' dir='ltr'><strong>cubitos</strong></span> <span class='ocrx_word' id='word_1_685' title='bbox 1837 5126 1899 5194; x_wconf 93' lang='lat' dir='ltr'><strong>C,</strong></span> <span class='ocrx_word' id='word_1_686' title='bbox 1923 5143 2115 5197; x_wconf 89' lang='lat' dir='ltr'><strong>passus</strong></span> 
     </span>
    </p>
   </div>
   <div class='ocr_carea' id='block_1_98' title="bbox 525 5207 2117 5284">
    <p class='ocr_par' dir='ltr' id='par_1_98' title="bbox 525 5207 2117 5284">
     <span class='ocr_line' id='line_1_98' title="bbox 525 5207 2117 5284; baseline 0.006 -20"><span class='ocrx_word' id='word_1_687' title='bbox 525 5207 738 5278; x_wconf 84' lang='lat' dir='ltr'><strong>CXXV,</strong></span> <span class='ocrx_word' id='word_1_688' title='bbox 762 5228 982 5284; x_wconf 86' lang='lat' dir='ltr'><strong>gressus</strong></span> <span class='ocrx_word' id='word_1_689' title='bbox 1019 5212 1230 5283; x_wconf 85' lang='lat' dir='ltr'><strong>CCXL,</strong></span> <span class='ocrx_word' id='word_1_690' title='bbox 1252 5215 1406 5272; x_wconf 89' lang='lat' dir='ltr'><strong>ulnas</strong></span> <span class='ocrx_word' id='word_1_691' title='bbox 1438 5214 1630 5283; x_wconf 86' lang='lat' dir='ltr'><strong>CCCC,</strong></span> <span class='ocrx_word' id='word_1_692' title='bbox 1659 5218 1825 5275; x_wconf 76' lang='lat' dir='ltr'><strong>cedes</strong></span> <span class='ocrx_word' id='word_1_693' title='bbox 1865 5217 1973 5274; x_wconf 91' lang='lat' dir='ltr'><strong>DC.</strong></span> <span class='ocrx_word' id='word_1_694' title='bbox 2007 5217 2117 5274; x_wconf 84' lang='lat' dir='ltr'><strong>Ve-</strong></span> 
     </span>
    </p>
   </div>
   <div class='ocr_carea' id='block_1_99' title="bbox 2227 4659 3824 4732">
    <p class='ocr_par' dir='ltr' id='par_1_99' title="bbox 2227 4659 3824 4732">
     <span class='ocr_line' id='line_1_99' title="bbox 2227 4659 3824 4732; baseline 0.001 -17"><span class='ocrx_word' id='word_1_695' title='bbox 2227 4661 2316 4728; x_wconf 78' lang='lat' dir='ltr'><strong>Iis,</strong></span> <span class='ocrx_word' id='word_1_696' title='bbox 2339 4669 2406 4715; x_wconf 82' lang='lat' dir='ltr'><strong>et</strong></span> <span class='ocrx_word' id='word_1_697' title='bbox 2433 4668 2611 4716; x_wconf 86' lang='lat' dir='ltr'><strong>motus</strong></span> <span class='ocrx_word' id='word_1_698' title='bbox 2639 4661 2875 4728; x_wconf 77' lang='lat' dir='ltr'><strong>etabilis,</strong></span> <span class='ocrx_word' id='word_1_699' title='bbox 2912 4661 3153 4718; x_wconf 87' lang='lat' dir='ltr'><strong>aeternis</strong></span> <span class='ocrx_word' id='word_1_700' title='bbox 3182 4661 3486 4716; x_wconf 88' lang='lat' dir='ltr'><strong>rationibus</strong></span> <span class='ocrx_word' id='word_1_701' title='bbox 3531 4659 3824 4732; x_wconf 75' lang='lat' dir='ltr'><strong>perfectis-</strong></span> 
     </span>
    </p>
   </div>
   <div class='ocr_carea' id='block_1_100' title="bbox 2226 4753 3815 4824">
    <p class='ocr_par' dir='ltr' id='par_1_100' title="bbox 2226 4753 3815 4824">
     <span class='ocr_line' id='line_1_100' title="bbox 2226 4753 3815 4824; baseline -0.003 -12"><span class='ocrx_word' id='word_1_702' title='bbox 2226 4757 2362 4812; x_wconf 90' lang='lat' dir='ltr'><strong>sime</strong></span> <span class='ocrx_word' id='word_1_703' title='bbox 2391 4754 2740 4812; x_wconf 88' lang='lat' dir='ltr'><strong>constitutus.</strong></span> <span class='ocrx_word' id='word_1_704' title='bbox 2783 4754 2894 4810; x_wconf 88' lang='lat' dir='ltr'><strong>Nec</strong></span> <span class='ocrx_word' id='word_1_705' title='bbox 2942 4756 3062 4812; x_wconf 89' lang='lat' dir='ltr'><strong>sine</strong></span> <span class='ocrx_word' id='word_1_706' title='bbox 3093 4754 3302 4810; x_wconf 90' lang='lat' dir='ltr'><strong>ratione</strong></span> <span class='ocrx_word' id='word_1_707' title='bbox 3346 4753 3651 4824; x_wconf 85' lang='lat' dir='ltr'><strong>philosophi</strong></span> <span class='ocrx_word' id='word_1_708' title='bbox 3677 4753 3815 4807; x_wconf 82' lang='lat' dir='ltr'><strong>haec</strong></span> 
     </span>
    </p>
   </div>
   <div class='ocr_carea' id='block_1_101' title="bbox 2223 4846 3816 4919">
    <p class='ocr_par' dir='ltr' id='par_1_101' title="bbox 2223 4846 3816 4919">
     <span class='ocr_line' id='line_1_101' title="bbox 2223 4846 3816 4919; baseline -0.003 -15"><span class='ocrx_word' id='word_1_709' title='bbox 2223 4849 2406 4905; x_wconf 87' lang='lat' dir='ltr'><strong>omnia</strong></span> <span class='ocrx_word' id='word_1_710' title='bbox 2431 4849 2619 4904; x_wconf 90' lang='lat' dir='ltr'><strong>stadiis</strong></span> <span class='ocrx_word' id='word_1_711' title='bbox 2643 4846 3027 4903; x_wconf 89' lang='lat' dir='ltr'><strong>metiebantur.</strong></span> <span class='ocrx_word' id='word_1_712' title='bbox 3053 4846 3345 4916; x_wconf 89' lang='lat' dir='ltr'><strong>Quinarius</strong></span> <span class='ocrx_word' id='word_1_713' title='bbox 3371 4859 3601 4919; x_wconf 90' lang='lat' dir='ltr'><strong>namque</strong></span> <span class='ocrx_word' id='word_1_714' title='bbox 3621 4858 3816 4913; x_wconf 84' lang='lat' dir='ltr'><strong>nume-</strong></span> 
     </span>
    </p>
   </div>
   <div class='ocr_carea' id='block_1_102' title="bbox 2227 4936 3811 5007">
    <p class='ocr_par' dir='ltr' id='par_1_102' title="bbox 2227 4936 3811 5007">
     <span class='ocr_line' id='line_1_102' title="bbox 2227 4936 3811 5007; baseline -0.002 -10"><span class='ocrx_word' id='word_1_715' title='bbox 2227 4957 2319 4999; x_wconf 92' lang='lat' dir='ltr'><strong>rus</strong></span> <span class='ocrx_word' id='word_1_716' title='bbox 2343 4943 2756 5003; x_wconf 79' lang='grc' dir='ltr'><strong>ὰνακαταστικός</strong></span> <span class='ocrx_word' id='word_1_717' title='bbox 2782 4948 2865 4998; x_wconf 90' lang='lat' dir='ltr'><strong>est</strong></span> <span class='ocrx_word' id='word_1_718' title='bbox 2885 4941 2950 5007; x_wconf 82' lang='lat'><strong>“,</strong></span> <span class='ocrx_word' id='word_1_719' title='bbox 2975 4940 3080 4996; x_wconf 85' lang='lat' dir='ltr'><strong>hoc</strong></span> <span class='ocrx_word' id='word_1_720' title='bbox 3103 4949 3205 5007; x_wconf 90' lang='lat' dir='ltr'><strong>est,</strong></span> <span class='ocrx_word' id='word_1_721' title='bbox 3222 4939 3276 4993; x_wconf 89' lang='lat' dir='ltr'><strong>in</strong></span> <span class='ocrx_word' id='word_1_722' title='bbox 3294 4937 3530 5007; x_wconf 90' lang='lat' dir='ltr'><strong>seipsum</strong></span> <span class='ocrx_word' id='word_1_723' title='bbox 3561 4936 3811 5006; x_wconf 86' lang='lat' dir='ltr'><strong>rediens;</strong></span> 
     </span>
    </p>
   </div>
   <div class='ocr_carea' id='block_1_103' title="bbox 2225 5029 3814 5107">
    <p class='ocr_par' dir='ltr' id='par_1_103' title="bbox 2225 5029 3814 5107">
     <span class='ocr_line' id='line_1_103' title="bbox 2225 5029 3814 5107; baseline -0.003 -17"><span class='ocrx_word' id='word_1_724' title='bbox 2225 5036 2691 5107; x_wconf 91' lang='lat' dir='ltr'><strong>quotienscunque</strong></span> <span class='ocrx_word' id='word_1_725' title='bbox 2725 5032 3177 5102; x_wconf 85' lang='lat' dir='ltr'><strong>multiplicaveris</strong></span> <span class='ocrx_word' id='word_1_726' title='bbox 3225 5045 3323 5104; x_wconf 88' lang='lat' dir='ltr'><strong>per</strong></span> <span class='ocrx_word' id='word_1_727' title='bbox 3351 5030 3592 5100; x_wconf 89' lang='lat' dir='ltr'><strong>seipsum</strong></span> <span class='ocrx_word' id='word_1_728' title='bbox 3621 5029 3814 5102; x_wconf 80' lang='lat' dir='ltr'><strong>quina-</strong></span> 
     </span>
    </p>
   </div>
   <div class='ocr_carea' id='block_1_104' title="bbox 2224 5122 3814 5200">
    <p class='ocr_par' dir='ltr' id='par_1_104' title="bbox 2224 5122 3814 5200">
     <span class='ocr_line' id='line_1_104' title="bbox 2224 5122 3814 5200; baseline -0.003 -17"><span class='ocrx_word' id='word_1_729' title='bbox 2224 5125 2390 5196; x_wconf 89' lang='lat' dir='ltr'><strong>rium,</strong></span> <span class='ocrx_word' id='word_1_730' title='bbox 2418 5129 2473 5184; x_wconf 91' lang='lat' dir='ltr'><strong>in</strong></span> <span class='ocrx_word' id='word_1_731' title='bbox 2502 5145 2562 5185; x_wconf 92' lang='lat' dir='ltr'><strong>se</strong></span> <span class='ocrx_word' id='word_1_732' title='bbox 2583 5129 2757 5200; x_wconf 92' lang='lat' dir='ltr'><strong>ipsum</strong></span> <span class='ocrx_word' id='word_1_733' title='bbox 2789 5127 2968 5182; x_wconf 89' lang='lat' dir='ltr'><strong>redire</strong></span> <span class='ocrx_word' id='word_1_734' title='bbox 2993 5141 3220 5184; x_wconf 90' lang='lat' dir='ltr'><strong>necesse</strong></span> <span class='ocrx_word' id='word_1_735' title='bbox 3249 5133 3352 5181; x_wconf 90' lang='lat' dir='ltr'><strong>est.</strong></span> <span class='ocrx_word' id='word_1_736' title='bbox 3382 5122 3600 5180; x_wconf 87' lang='lat' dir='ltr'><strong>Primus</strong></span> <span class='ocrx_word' id='word_1_737' title='bbox 3630 5123 3814 5194; x_wconf 68' lang='lat' dir='ltr'><strong>itaque</strong></span> 
     </span>
    </p>
   </div>
   <div class='ocr_carea' id='block_1_105' title="bbox 2223 5213 3813 5292">
    <p class='ocr_par' dir='ltr' id='par_1_105' title="bbox 2223 5213 3813 5292">
     <span class='ocr_line' id='line_1_105' title="bbox 2223 5213 3813 5292; baseline -0.003 -18"><span class='ocrx_word' id='word_1_738' title='bbox 2223 5221 2461 5292; x_wconf 87' lang='lat' dir='ltr'><strong>quinarii</strong></span> <span class='ocrx_word' id='word_1_739' title='bbox 2515 5221 2739 5279; x_wconf 89' lang='lat' dir='ltr'><strong>cubicus</strong></span> <span class='ocrx_word' id='word_1_740' title='bbox 2795 5227 2976 5276; x_wconf 90' lang='lat' dir='ltr'><strong>motus</strong></span> <span class='ocrx_word' id='word_1_741' title='bbox 3024 5218 3259 5276; x_wconf 88' lang='lat' dir='ltr'><strong>stadium</strong></span> <span class='ocrx_word' id='word_1_742' title='bbox 3289 5217 3338 5250; x_wconf 81' lang='lat'><strong>”</strong></span> <span class='ocrx_word' id='word_1_743' title='bbox 3388 5215 3625 5288; x_wconf 87' lang='lat' dir='ltr'><strong>perﬁcit,</strong></span> <span class='ocrx_word' id='word_1_744' title='bbox 3656 5213 3813 5286; x_wconf 86' lang='lat' dir='ltr'><strong>quin-</strong></span> 
     </span>
    </p>
   </div>
   <div class='ocr_carea' id='block_1_106' title="bbox 1814 5357 2508 5420">
    <p class='ocr_par' dir='ltr' id='par_1_106' title="bbox 1814 5357 2508 5420">
     <span class='ocr_line' id='line_1_106' title="bbox 1814 5357 2508 5420; baseline 0.009 -6"><span class='ocrx_word' id='word_1_745' title='bbox 1814 5357 2066 5416; x_wconf 79' lang='lat' dir='ltr'><strong>VARIAE</strong></span> <span class='ocrx_word' id='word_1_746' title='bbox 2104 5359 2508 5420; x_wconf 82' lang='lat' dir='ltr'><strong>LECTIONES.</strong></span> 
     </span>
    </p>
   </div>
   <div class='ocr_carea' id='block_1_107' title="bbox 598 5473 3811 5542">
    <p class='ocr_par' dir='ltr' id='par_1_107' title="bbox 598 5473 3811 5542">
     <span class='ocr_line' id='line_1_107' title="bbox 598 5473 3811 5542; baseline 0.003 -14"><span class='ocrx_word' id='word_1_747' title='bbox 598 5474 616 5504; x_wconf 86' lang='grc'>¹</span> <span class='ocrx_word' id='word_1_748' title='bbox 641 5473 744 5530; x_wconf 82' lang='lat' dir='ltr'><strong>Pro</strong></span> <span class='ocrx_word' id='word_1_749' title='bbox 775 5475 1012 5534; x_wconf 73' lang='lat' dir='ltr'><strong>Plinium</strong></span> <span class='ocrx_word' id='word_1_750' title='bbox 1038 5494 1155 5534; x_wconf 83' lang='lat' dir='ltr'><strong>vero</strong></span> <span class='ocrx_word' id='word_1_751' title='bbox 1183 5487 1230 5533; x_wconf 85' lang='lat' dir='ltr'><strong>et</strong></span> <span class='ocrx_word' id='word_1_752' title='bbox 1261 5477 1620 5534; x_wconf 80' lang='lat' dir='ltr'><strong>Ptolemaeum</strong></span> <span class='ocrx_word' id='word_1_753' title='bbox 1649 5479 1690 5535; x_wconf 90' lang='lat' dir='ltr'><strong>C</strong></span> <span class='ocrx_word' id='word_1_754' title='bbox 1710 5495 1723 5531; x_wconf 88' lang='lat'><strong>:</strong></span> <span class='ocrx_word' id='word_1_755' title='bbox 1747 5479 2062 5536; x_wconf 80' lang='lat' dir='ltr'><strong>Pliniumve.</strong></span> <span class='ocrx_word' id='word_1_756' title='bbox 2123 5483 2144 5514; x_wconf 81' lang='grc'><strong><em>³</em></strong></span> <span class='ocrx_word' id='word_1_757' title='bbox 2163 5481 2204 5538; x_wconf 90' lang='lat' dir='ltr'><strong>C</strong></span> <span class='ocrx_word' id='word_1_758' title='bbox 2234 5483 2341 5538; x_wconf 86' lang='lat' dir='ltr'><strong>sic:</strong></span> <span class='ocrx_word' id='word_1_759' title='bbox 2359 5484 2532 5540; x_wconf 58' lang='lat' dir='ltr'><strong>CC‘i&#39;</strong></span> <span class='ocrx_word' id='word_1_760' title='bbox 2562 5485 2608 5540; x_wconf 90' lang='lat' dir='ltr'><strong>L</strong></span> <span class='ocrx_word' id='word_1_761' title='bbox 2631 5487 2836 5542; x_wconf 75' lang='lat' dir='ltr'><strong>duobus</strong></span> <span class='ocrx_word' id='word_1_762' title='bbox 2855 5483 3090 5541; x_wconf 68' lang='lat' dir='ltr'><strong>milibus.</strong></span> <span class='ocrx_word' id='word_1_763' title='bbox 3165 5481 3189 5514; x_wconf 90' lang='grc'><em>³</em></span> <span class='ocrx_word' id='word_1_764' title='bbox 3208 5482 3308 5536; x_wconf 67' lang='lat' dir='ltr'><strong>hoc</strong></span> <span class='ocrx_word' id='word_1_765' title='bbox 3328 5495 3439 5538; x_wconf 73' lang='lat' dir='ltr'><strong>om.</strong></span> <span class='ocrx_word' id='word_1_766' title='bbox 3467 5481 3550 5537; x_wconf 70' lang='lat' dir='ltr'><strong>A.’</strong></span> <span class='ocrx_word' id='word_1_767' title='bbox 3615 5479 3638 5513; x_wconf 85' lang='lat'>&#39;</span> <span class='ocrx_word' id='word_1_768' title='bbox 3659 5478 3703 5532; x_wconf 79' lang='grc' dir='ltr'>Α</span> <span class='ocrx_word' id='word_1_769' title='bbox 3728 5476 3811 5532; x_wconf 70' lang='grc' dir='ltr'><strong>ἥι-</strong></span> 
     </span>
    </p>
   </div>
   <div class='ocr_carea' id='block_1_108' title="bbox 524 5544 3811 5625">
    <p class='ocr_par' dir='ltr' id='par_1_108' title="bbox 524 5544 3811 5625">
     <span class='ocr_line' id='line_1_108' title="bbox 524 5544 3811 5625; baseline 0.006 -27"><span class='ocrx_word' id='word_1_770' title='bbox 524 5544 815 5625; x_wconf 65' lang='lat' dir='ltr'><strong>aequulitas</strong></span> <span class='ocrx_word' id='word_1_771' title='bbox 842 5546 1022 5625; x_wconf 67' lang='lat' dir='ltr'><strong>fuisse.</strong></span> <span class='ocrx_word' id='word_1_772' title='bbox 1101 5550 1435 5625; x_wconf 71' lang='lat' dir='ltr'><strong>&#39;_ttt_om._A.</strong></span> <span class='ocrx_word' id='word_1_773' title='bbox 1513 5550 1608 5625; x_wconf 77' lang='lat' dir='ltr'><strong>‘_A_</strong></span> <span class='ocrx_word' id='word_1_774' title='bbox 1636 5560 1704 5625; x_wconf 62' lang='lat' dir='ltr'><strong>et.</strong></span> <span class='ocrx_word' id='word_1_775' title='bbox 1731 5603 1734 5606; x_wconf 84' lang='grc'><strong>,</strong></span> <span class='ocrx_word' id='word_1_776' title='bbox 1781 5553 1804 5625; x_wconf 62' lang='grc' dir='ltr'><strong>’ξ</strong></span> <span class='ocrx_word' id='word_1_777' title='bbox 1833 5551 2042 5625; x_wconf 70' lang='lat' dir='ltr'><strong>quidem</strong></span> <span class='ocrx_word' id='word_1_778' title='bbox 2065 5583 2138 5593; x_wconf 93' lang='lat'><strong>—</strong></span> <span class='ocrx_word' id='word_1_779' title='bbox 2159 5555 2472 5625; x_wconf 76' lang='lat' dir='ltr'><strong>quibusdam</strong></span> <span class='ocrx_word' id='word_1_780' title='bbox 2506 5571 2616 5610; x_wconf 92' lang='lat' dir='ltr'><strong>om.</strong></span> <span class='ocrx_word' id='word_1_781' title='bbox 2646 5557 2714 5611; x_wconf 90' lang='lat' dir='ltr'><strong>A.</strong></span> <span class='ocrx_word' id='word_1_782' title='bbox 2791 5558 2815 5593; x_wconf 76' lang='grc'>⁸</span> <span class='ocrx_word' id='word_1_783' title='bbox 2837 5558 2879 5611; x_wconf 87' lang='grc' dir='ltr'>Α</span> <span class='ocrx_word' id='word_1_784' title='bbox 2910 5557 3043 5625; x_wconf 72' lang='lat' dir='ltr'><strong>ejus.</strong></span> <span class='ocrx_word' id='word_1_785' title='bbox 3074 5571 3076 5576; x_wconf 90' lang='lat'>&#39;</span> <span class='ocrx_word' id='word_1_786' title='bbox 3117 5556 3139 5588; x_wconf 81' lang='grc'><strong>⁸</strong></span> <span class='ocrx_word' id='word_1_787' title='bbox 3175 5563 3413 5625; x_wconf 67' lang='lat' dir='ltr'><strong>prompte</strong></span> <span class='ocrx_word' id='word_1_788' title='bbox 3445 5547 3811 5625; x_wconf 58' lang='grc' dir='ltr'><strong>ςυαετςημὶῦισ</strong></span> 
     </span>
    </p>
   </div>
   <div class='ocr_carea' id='block_1_109' title="bbox 522 5614 1913 5677">
    <p class='ocr_par' dir='ltr' id='par_1_109' title="bbox 522 5614 1913 5677">
     <span class='ocr_line' id='line_1_109' title="bbox 522 5614 1913 5677; baseline 0.003 -8"><span class='ocrx_word' id='word_1_789' title='bbox 522 5614 607 5656; x_wconf 61' lang='grc' dir='ltr'><strong>-έ</strong></span> <span class='ocrx_word' id='word_1_790' title='bbox 624 5614 808 5670; x_wconf 83' lang='lat' dir='ltr'><strong>circuli</strong></span> <span class='ocrx_word' id='word_1_791' title='bbox 843 5632 952 5672; x_wconf 92' lang='lat' dir='ltr'><strong>om.</strong></span> <span class='ocrx_word' id='word_1_792' title='bbox 985 5618 1048 5672; x_wconf 81' lang='grc' dir='ltr'><strong>Α.</strong></span> <span class='ocrx_word' id='word_1_793' title='bbox 1129 5619 1170 5649; x_wconf 87' lang='grc'><strong>¹⁰</strong></span> <span class='ocrx_word' id='word_1_794' title='bbox 1201 5619 1243 5672; x_wconf 85' lang='grc' dir='ltr'>Α</span> <span class='ocrx_word' id='word_1_795' title='bbox 1275 5621 1429 5674; x_wconf 79' lang='lat' dir='ltr'><strong>enim.</strong></span> <span class='ocrx_word' id='word_1_796' title='bbox 1512 5622 1552 5661; x_wconf 80' lang='grc' dir='ltr'><strong>ι¹</strong></span> <span class='ocrx_word' id='word_1_797' title='bbox 1575 5621 1622 5676; x_wconf 82' lang='grc' dir='ltr'><strong>Α</strong></span> <span class='ocrx_word' id='word_1_798' title='bbox 1643 5614 1913 5677; x_wconf 69' lang='lat' dir='ltr'><strong>circuitus.</strong></span> 
     </span>
    </p>
   </div>
   <div class='ocr_carea' id='block_1_110' title="bbox 523 5686 737 5739">
    <p class='ocr_par' dir='ltr' id='par_1_110' title="bbox 523 5686 737 5739">
     <span class='ocr_line' id='line_1_110' title="bbox 523 5686 737 5739; baseline 0.014 -4"><span class='ocrx_word' id='word_1_799' title='bbox 523 5686 737 5739; x_wconf 75' lang='lat' dir='ltr'><strong>culturi.</strong></span> 
     </span>
    </p>
   </div>
   <div class='ocr_carea' id='block_1_111' title="bbox 523 5751 879 5809">
    <p class='ocr_par' dir='ltr' id='par_1_111' title="bbox 523 5751 879 5809">
     <span class='ocr_line' id='line_1_111' title="bbox 523 5751 879 5809; baseline 0.008 -2"><span class='ocrx_word' id='word_1_800' title='bbox 523 5751 571 5783; x_wconf 83' lang='grc'><strong>¹¹¹</strong></span> <span class='ocrx_word' id='word_1_801' title='bbox 597 5752 641 5807; x_wconf 76' lang='grc' dir='ltr'><strong>Α</strong></span> <span class='ocrx_word' id='word_1_802' title='bbox 666 5762 879 5809; x_wconf 79' lang='lat' dir='ltr'><strong>uatum.</strong></span> 
     </span>
    </p>
   </div>
   <div class='ocr_carea' id='block_1_112' title="bbox 1996 5620 3808 5694">
    <p class='ocr_par' dir='ltr' id='par_1_112' title="bbox 1996 5620 3808 5694">
     <span class='ocr_line' id='line_1_112' title="bbox 1996 5620 3808 5694; baseline -0.002 -17"><span class='ocrx_word' id='word_1_803' title='bbox 1996 5622 2111 5694; x_wconf 81' lang='lat' dir='ltr'><strong>&#39;_’_A</strong></span> <span class='ocrx_word' id='word_1_804' title='bbox 2140 5620 2586 5694; x_wconf 74' lang='lat' dir='ltr'><strong>multiplicaveris.</strong></span> <span class='ocrx_word' id='word_1_805' title='bbox 2667 5627 2709 5658; x_wconf 78' lang='grc'>³³</span> <span class='ocrx_word' id='word_1_806' title='bbox 2734 5627 2775 5683; x_wconf 96' lang='lat' dir='ltr'><strong>C</strong></span> <span class='ocrx_word' id='word_1_807' title='bbox 2795 5620 3096 5683; x_wconf 67' lang='lat' dir='ltr'><strong>intericiunt.</strong></span> <span class='ocrx_word' id='word_1_808' title='bbox 3176 5620 3222 5655; x_wconf 70' lang='lat'>“</span> <span class='ocrx_word' id='word_1_809' title='bbox 3240 5620 3510 5694; x_wconf 59' lang='grc' dir='ltr'><strong>Λάκωνὰ.</strong></span> <span class='ocrx_word' id='word_1_810' title='bbox 3588 5620 3694 5674; x_wconf 73' lang='grc' dir='ltr'><strong>¹⁵Λ</strong></span> <span class='ocrx_word' id='word_1_811' title='bbox 3714 5634 3808 5694; x_wconf 65' lang='grc' dir='ltr'><strong>οε-</strong></span> 
     </span>
    </p>
   </div>
   <div class='ocr_carea' id='block_1_113' title="bbox 820 5686 3822 5768">
    <p class='ocr_par' dir='ltr' id='par_1_113' title="bbox 820 5686 3822 5768">
     <span class='ocr_line' id='line_1_113' title="bbox 820 5686 3822 5768; baseline 0.002 -26"><span class='ocrx_word' id='word_1_812' title='bbox 820 5687 864 5719; x_wconf 81' lang='grc'>¹⁶</span> <span class='ocrx_word' id='word_1_813' title='bbox 887 5686 1015 5742; x_wconf 81' lang='lat' dir='ltr'><strong>Sed.</strong></span> <span class='ocrx_word' id='word_1_814' title='bbox 1093 5688 1134 5722; x_wconf 81' lang='lat'>&quot;</span> <span class='ocrx_word' id='word_1_815' title='bbox 1161 5697 1207 5744; x_wconf 83' lang='lat' dir='ltr'><strong>et</strong></span> <span class='ocrx_word' id='word_1_816' title='bbox 1229 5691 1421 5744; x_wconf 87' lang='lat' dir='ltr'><strong>om.A.</strong></span> <span class='ocrx_word' id='word_1_817' title='bbox 1499 5693 1543 5768; x_wconf 53' lang='grc' dir='ltr'><strong>ν</strong></span> <span class='ocrx_word' id='word_1_818' title='bbox 1567 5693 1607 5749; x_wconf 93' lang='lat' dir='ltr'><strong>C</strong></span> <span class='ocrx_word' id='word_1_819' title='bbox 1630 5693 1743 5749; x_wconf 85' lang='lat' dir='ltr'><strong>sic:</strong></span> <span class='ocrx_word' id='word_1_820' title='bbox 1777 5690 1961 5746; x_wconf 76' lang='lat' dir='ltr'><strong>XIIII</strong></span> <span class='ocrx_word' id='word_1_821' title='bbox 1997 5688 2048 5744; x_wconf 79' lang='grc' dir='ltr'><strong><em>Χ</em></strong></span> <span class='ocrx_word' id='word_1_822' title='bbox 2071 5686 2303 5751; x_wconf 66' lang='lat' dir='ltr'><strong>milibus.</strong></span> <span class='ocrx_word' id='word_1_823' title='bbox 2381 5697 2422 5730; x_wconf 82' lang='lat'><strong>&quot;</strong></span> <span class='ocrx_word' id='word_1_824' title='bbox 2446 5696 2486 5750; x_wconf 95' lang='lat' dir='ltr'><strong>C</strong></span> <span class='ocrx_word' id='word_1_825' title='bbox 2506 5697 2764 5765; x_wconf 72' lang='lat' dir='ltr'><strong>equidem.</strong></span> <span class='ocrx_word' id='word_1_826' title='bbox 2843 5700 2888 5732; x_wconf 88' lang='grc'><strong>²⁰</strong></span> <span class='ocrx_word' id='word_1_827' title='bbox 2913 5699 2954 5754; x_wconf 76' lang='grc' dir='ltr'>Α</span> <span class='ocrx_word' id='word_1_828' title='bbox 2982 5695 3350 5767; x_wconf 72' lang='lat' dir='ltr'><strong>conformatio.</strong></span> <span class='ocrx_word' id='word_1_829' title='bbox 3385 5741 3390 5746; x_wconf 94' lang='lat'><strong>.</strong></span> <span class='ocrx_word' id='word_1_830' title='bbox 3427 5693 3473 5728; x_wconf 78' lang='grc'><strong>³⁸</strong></span> <span class='ocrx_word' id='word_1_831' title='bbox 3501 5700 3581 5752; x_wconf 69' lang='lat' dir='ltr'><strong>ut</strong></span> <span class='ocrx_word' id='word_1_832' title='bbox 3603 5686 3822 5749; x_wconf 76' lang='grc' dir='ltr'><strong>οω.Δ.-</strong></span> 
     </span>
    </p>
   </div>
  </div>
