2118 3137
204 155 251 184 721

205 214 284 249 quies
308 218 429 247 qumque
442 210 589 247 quinquies
601 209 696 237 CXXV
717 217 823 245 passus.
837 211 877 238 Ac
889 219 936 246 per
948 212 999 240 hoc
1013 215 1039 243 Α

206 267 260 286 non
277 256 505 285 irrationabiliter
518 259 545 284 et
568 259 659 284 motus
679 255 878 284 mundanorum
903 264 1001 292 corpo-

207 311 269 331 rum
284 307 311 330 ct
337 306 426 329 status
439 309 472 329 eo
485 307 597 329 numero
611 300 765 336 colligitur;
790 301 837 336 qui
851 306 879 329 et
891 302 1003 330 cubieus

207 354 260 383 est,
283 353 309 376 et
323 347 456 380 volubilis,
477 347 543 375 etin
568 346 687 382 seipsum
713 351 862 375 revertens.
878 347 951 375 Haec
969 347 1003 375 de

207 395 302 432 spatiis
320 393 478 421 inferiorum
504 392 599 421 mundi
613 393 732 429 partium
746 393 876 426 diximus,
892 400 1003 429 magno-

207 449 266 469 rum
280 439 503 475 pbilosophorum
517 438 740 467 ratiocinationes
753 438 851 471 secuti,
860 446 914 466 non
930 438 1003 466 adir-

206 490 312 514 mantes
335 485 545 516 incunctanter,
561 483 599 510 ita
612 491 642 511 se
655 483 768 516 habere,
781 483 828 511 sed
841 490 910 518 quae
933 484 1004 512 veri-

206 529 337 558 similiora
363 529 502 564 certisque
517 528 620 563 regulis
644 528 837 564 propinquiora
863 529 922 557 visa
941 533 1004 558 sunt

207 576 390 614 proferentes,
403 576 457 603 tuis
468 575 645 611 petitionibus
658 575 843 603 satisfaciendi
854 575 1002 604 molimine.

208 623 283 650 Dtsc.
308 621 374 649 Mihi
392 620 540 654 suibciunt,
566 628 636 655 quae
651 627 666 648 a
683 625 709 648 te
723 621 757 648 de
779 620 877 649 talibus
901 621 1004 656 prolata

210 672 284 695 sunt.
301 667 428 695 Ceterum
445 667 489 694 cui
513 667 581 694 haec
593 666 636 694 vel
658 673 712 694 non
729 667 797 694 satis
810 671 879 699 rata,
894 666 936 694 vel
950 674 1004 706 non

210 715 278 743 satis
298 714 434 742 insinuata
457 713 598 746 videntur,
612 712 681 740 alios
696 712 810 740 aliorum
836 717 950 747 quaerat
963 712 1005 740 in-

211 760 345 789 tellectus.
369 759 552 794 Multipliciter
568 759 640 787 enim
655 766 688 786 ex
712 759 827 787 diversis
848 759 1005 787 auctoribus

210 807 363 834 mundanae
389 804 589 832 constitutionis
608 805 677 832 ratio
692 808 808 832 tractata
831 808 883 832 est.
904 804 1004 832 Verum

209 853 272 888 quia
295 853 328 880 de
343 852 537 888 magnitudine,
565 851 652 886 deque
676 850 825 879 intervallis
843 850 1004 878 inferiorum

636 151 682 181 DE
700 151 869 182 DIVISIONE
887 152 1064 184 NATURAE.
1083 167 1121 177 -
1138 152 1241 184 LIBER
1257 153 1420 187 TERTIUS.

1783 158 1850 189 '7”

1052 212 1178 247 phorum,
1190 217 1221 240 ut
1240 213 1327 246 aiunt,
1338 213 1508 249 Pythagoras
1526 215 1703 245 interstitium
1714 221 1802 246 terrae
1814 225 1850 248 ac

1872 193 1893 227 ἰ

1053 259 1134 286 lunae
1148 259 1174 285 in
1201 258 1320 286 millibus
1333 259 1483 287 stadiorum
1497 259 1605 288 CXXVI
1619 262 1755 297 prodidit;
1775 263 1849 297 quod
1881 260 1883 267 ’

1053 305 1236 339 postmodum,
1258 309 1287 332 ut
1308 305 1437 338 diximus,
1467 306 1660 335 Eratosthenes
1687 315 1721 335 ex
1747 308 1851 338 umbra

1054 353 1144 377 terrae
1169 349 1303 385 lunaeque
1331 350 1438 378 defectu
1467 351 1656 380 incunctanter
1679 353 1849 389 approbavit.

1054 394 1136 429 Cujus
1174 395 1314 424 interstitii
1346 397 1357 412 ⁹
1388 395 1490 432 duplici
1515 399 1691 433 proportione
1718 399 1804 428 solem
1834 408 1852 429 ι

1055 441 1119 469 luna
1133 442 1160 470 in
1174 442 1260 470 altum
1275 443 1408 479 elongari,
1424 445 1496 473 idem
1511 444 1680 481 Pythagoras
1694 445 1781 474 fertur
1793 451 1850 474 tra-

1055 486 1167 514 didisse.
1186 487 1239 515 Sed
1267 496 1322 523 qua
1339 489 1443 517 ratione
1467 489 1532 517 illud
1555 489 1766 525 existimaverit,
1780 489 1852 521 mul-

1056 535 1145 560 torum
1159 533 1266 560 diversa
1278 534 1414 561 sententia
1425 539 1478 562 est.

1091 588 1137 616 54.
1153 587 1335 616 Veruntamen
1355 590 1482 625 quoniam
1497 590 1641 626 ipsejuxta
1658 591 1777 621 rationes
1790 601 1850 621 mu-

1055 633 1127 661 sicas
1153 634 1237 661 totius
1252 635 1345 662 mundi
1374 635 1505 664 fabricam
1519 642 1545 664 ct
1566 637 1637 665 volvi
1649 642 1676 666 et
1698 639 1852 669 mensurad

1055 679 1137 706 certis
1148 680 1426 714 argumentationibus
1446 686 1559 710 conatus
1572 687 1614 711 est
1626 691 1763 719 asserere,
1779 684 1852 720 quod

1055 731 1105 750 nec
1118 723 1210 752 divina
1236 729 1317 760 negat
1341 725 1494 760 Scriptura,
1520 726 1612 756 dicens
1627 737 1634 756 :
1648 728 1683 756 Et
1699 735 1852 758 concentum

1055 768 1121 796 caeli
1133 770 1191 804 quis
1204 769 1318 797 dormire
1331 770 1429 805 faciet,
1454 779 1598 807 possumus
1615 774 1773 810 explorare,
1793 783 1850 806 non

1057 814 1136 842 aliam
1151 816 1185 842 ob
1200 823 1310 843 causam
1328 816 1379 844 hoc
1396 817 1507 851 dixisse,
1529 819 1582 847 nisi
1605 824 1636 847 ut
1653 822 1809 849 ostenderet
1822 821 1851 850 in

1057 860 1153 895 spatiis
1167 860 1288 888 siderum
1310 862 1476 891 musicorum
1497 864 1687 893 diastematum
1702 866 1852 894 rationabi-

209 899 302 926 mundi
328 905 486 948 είξτροιςυηιξ
501 897 582 948 Iuliae
595 898 657 948 ἀῖςο
675 902 822 948 “ferme:
840 904 912 948 (Πιθεῖ
924 897 1004 924 Γίηίο·
1018 895 1043 926 Β
1058 906 1097 934 les
1122 908 1321 942 proportiones.
1342 908 1458 938 Proinde
1483 911 1510 938 in
1528 911 1624 939 medio
1650 912 1732 940 totius
1758 913 1852 948 spatii,

208 945 236 972 ni
250 944 396 972 convenire
418 943 610 978 inspiciuntur,
623 943 784 978 investigata
798 948 871 976 sunt,
897 943 930 970 de
943 950 1006 977 spa-

210 990 256 1018 tiis
279 989 398 1017 aetheris
422 988 556 1024 quaedam
580 988 700 1016 breviter
723 988 804 1016 velim
837 988 942 1016 audire.
965 988 1004 1016 Ea

214 1036 349 1071 siquidem
373 1035 499 1068 autsola,
524 1035 711 1068 autmaximc,
728 1035 1005 1070 in‘speculationibus

211 1081 319 1109 divinae
335 1081 362 1108 in
380 1085 476 1116 quarta
492 1080 654 1116 intelligibili
667 1080 712 1108 die
734 1080 899 1116 operationis
911 1081 1004 1108 discu-

211 1128 301 1155 tienda
324 1134 405 1154 nemo
427 1127 549 1162 ambigit.
576 1126 646 1153 MAG.
674 1125 792 1154 Nimium
819 1134 960 1153 moramur
979 1126 1006 1153 in

212 1177 310 1208 quarto
325 1173 378 1201 die.
390 1173 462 1200 Dtsc.
475 1172 565 1199 Minus
579 1172 701 1203 eruditis,
725 1171 884 1206 discereque
894 1171 1007 1206 cupien-

214 1220 297 1252 tibus,
315 1223 494 1253 naturamque
508 1226 599 1245 rerum
623 1218 856 1253 investigantibus,
885 1218 907 1245 si
937 1217 1007 1245 forte

213 1267 285 1294 hanc
310 1271 430 1294 nostram
454 1265 664 1300 disputationem
692 1264 789 1292 lecturi
816 1263 926 1297 fuerint,
952 1272 1006 1292 non

213 1313 294 1341 nimis
314 1313 460 1344 videbitur,
477 1316 508 1339 ut
520 1312 654 1344 arbitror,
667 1311 828 1346 praesertim
847 1318 908 1339 cum
922 1311 1007 1338 ratio-

212 1359 239 1386 ni
267 1366 320 1386 non
347 1357 503 1391 conveniat,
525 1357 558 1385 de
585 1356 762 1385 inferioribus
775 1357 868 1384 mundi
886 1358 1007 1392 partibus

211 1405 344 1440 quaedam
369 1404 567 1432 rationabiliter
585 1404 593 1420 '
610 1404 744 1436 tractari,
773 1404 926 1439 superiores
942 1411 1006 1431 vero

212 1450 324 1478 omnino
338 1451 455 1477 intactas
469 1449 595 1484 relinqui.
611 1449 682 1477 MAG.
697 1449 858 1477 Iamdudum
872 1449 943 1476 inter
957 1457 1006 1477 nos

213 1497 366 1524 confectum
386 1501 426 1524 est
440 1497 473 1524 de
487 1497 569 1524 solari
582 1496 672 1532 globo,
687 1497 777 1524 medio
788 1496 929 1524 libramine
943 1503 1005 1531 gra-

214 1544 343 1571 vissimae
355 1543 563 1578 levissimaeque
577 1548 702 1576 naturae,
717 1543 842 1571 circulari
858 1548 943 1576 motu,
956 1551 1005 1579 per

214 1591 332 1618 mediam
348 1590 467 1625 signiferi
483 1590 593 1622 lineam,
609 1590 681 1617 circa
698 1588 824 1617 inferiora
841 1590 933 1617 mundi
945 1597 1006 1624 spa-
1019 1577 1041 1608 Ε

215 1636 252 1663 tia
273 1635 446 1664 aeternaliter
460 1635 536 1663 ferri.
559 1635 633 1663 Dtsc.
655 1634 815 1663 Confectum
843 1634 932 1670 plane,
945 1643 1005 1663 cer-

214 1682 301 1716 tisque
330 1681 479 1709 rationibus
500 1688 620 1713 suasum,
633 1688 683 1708 nec
707 1685 821 1709 naturae
836 1681 903 1708 situs
927 1681 1006 1708 aliter

212 1726 270 1754 neri
284 1726 359 1754 sinit.
373 1726 443 1754 ilhc.
458 1726 496 1754 De
520 1726 707 1761 magnitudine
727 1725 811 1761 ipsius
832 1726 929 1754 solaris
949 1726 1006 1762 glo-

213 1770 240 1799 bi
256 1772 277 1807 Ἷ
287 1779 376 1807 neque
398 1771 560 1800 secularium
578 1771 719 1799 literarum
735 1771 850 1804 eruditi,
866 1779 953 1807 neque
967 1771 1006 1799 di-

211 1817 334 1844 vinarum
351 1817 555 1853 Scripturarum
569 1817 739 1852 expositores
754 1821 858 1844 certam
871 1817 1006 1845 deﬁnitio-

212 1871 273 1891 nem
295 1863 410 1899 proferri
431 1863 602 1900 permittunt.
617 1862 686 1890 Nam
711 1867 740 1890 et
755 1863 859 1890 Plinius
870 1863 1004 1891 secundus

212 1910 240 1937 in
257 1909 375 1936 naturali
390 1909 504 1937 historia
516 1930 524 1942 ,
541 1914 569 1937 et
583 1913 695 1937 sanctus
705 1908 820 1936 Basilius
832 1909 857 1936 in
871 1908 1004 1936 Exemero

212 1963 273 1988 suo,
294 1955 506 1991 magnitudinem
523 1955 588 1983 solis
603 1956 714 1983 omnino
725 1955 871 1991 prohibent
885 1946 1001 1983 deﬁniri.

212 2000 270 2029 Non
286 2001 359 2028 enim
383 2001 477 2028 umbra
493 2001 550 2037 ejus
564 2006 606 2030 est
621 2001 642 2035 ³,
657 2002 735 2037 cujus
748 2006 906 2037 argumento
921 2009 1001 2036 expe-

211 2047 329 2075 riremur
339 2047 485 2083 ‘,quantae
496 2048 531 2076 sit
543 2048 746 2083 magnitudinis.
759 2047 825 2075 Nam
835 2055 923 2082 neque
934 2048 944 2063 ⁸
956 2047 1005 2075 tel-

210 2092 279 2120 luris
305 2092 421 2120 Iunaeve
447 2093 595 2129 amplitudo
621 2094 800 2125 inveniretur,
827 2093 879 2120 nisi
908 2098 1003 2120 tttttbra

208 2145 312 2173 earum,
338 2139 474 2167 metaliter
489 2139 564 2174 jacta
581 2141 602 2173 ⁸,
626 2141 708 2168 certis
731 2139 946 2168 dimensiouibus
957 2148 1002 2168 ex-

210 2184 379 2212 tenderetur.
391 2185 430 2212 Ac
443 2192 492 2220 per
509 2186 561 2213 hoc
573 2193 673 2220 corpus
685 2185 785 2218 solare,
802 2185 930 2219 quoniam
945 2185 1004 2212 nul-

209 2229 265 2256 lam
281 2229 402 2257 umbram
413 2231 438 2258 in
454 2231 589 2259 inﬁnitum
602 2231 729 2267 progredi
748 2231 823 2264 sinit,
837 2231 883 2258 sed
895 2238 945 2266 pro
959 2239 1002 2258 ra-

209 2277 329 2305 tionibus
341 2285 496 2314 corporum,
512 2286 628 2314 quorum
654 2279 768 2306 umbrae
782 2282 856 2311 sunt,
869 2278 951 2305 certis
964 2278 1004 2305 di-

208 2325 394 2362 mensionibus
413 2325 562 2359 concludit,
586 2333 652 2354 suae
676 2325 869 2362 magnitudinis
887 2325 1005 2353 inﬁnita-

207 2361 262 2399 tem
280 2370 506 2399 manifestissime
528 2371 628 2406 aperit.
647 2371 719 2398 Dtsc.
744 2371 800 2399 Nec
822 2371 874 2398 hoc
889 2378 1003 2406 quaero,

208 2423 296 2451 neque
310 2417 345 2444 ab
358 2417 450 2453 aliquo
461 2417 472 2433 ⁷
494 2417 679 2452 quaerendum
693 2418 830 2446 existimo.
857 2417 916 2445 Non
931 2417 1003 2445 enim

209 2462 347 2490 oculorum
371 2463 528 2499 conjectura
552 2464 699 2499 praevalet,
715 2464 760 2491 ubi
775 2464 843 2491 ratio
854 2465 946 2492 sedem
960 2471 1004 2491 ar-

209 2508 331 2542 gumenti
353 2517 406 2536 non
431 2509 525 2538 habet.
551 2510 660 2544 Quanto
685 2514 775 2537 autem
790 2510 877 2544 spatio
902 2517 916 2536 a
931 2514 1001 2536 terra

207 2551 362 2587 olongatur,
369 2553 444 2588 juxta
454 2547 675 2592 philosophorum
685 2555 914 2584 existimationem
921 2562 1003 2590 expo—

207 2603 270 2630 nas,
285 2598 402 2633 postulo.
417 2599 486 2629 Mss.
502 2600 610 2630 Primus
627 2602 700 2629 enim
726 2601 846 2629 omnium
862 2601 872 2616 ⁸
883 2601 1003 2635 philoso-

1058 952 1129 987 quod
1143 956 1186 979 est
1198 960 1212 979 a
1226 957 1299 980 terra
1314 961 1400 988 ttsque
1414 955 1448 982 ad
1460 955 1682 984 sublimissimam
1695 958 1851 992 sphaeram,

1057 1004 1111 1032 qua
1126 997 1217 1024 omnia
1238 998 1377 1026 sensibilis
1404 999 1676 1033 circumscribuntur,
1691 1002 1756 1029 solis
1769 1002 1854 1030 ambi-

1059 1047 1114 1070 tum
1130 1051 1312 1078 cognoscens.
1336 1052 1417 1072 uuam
1440 1045 1569 1080 diapason
1584 1054 1598 1073 a
1615 1051 1686 1074 terra
1707 1047 1741 1074 ad
1756 1048 1854 1083 solem,

1058 1089 1171 1116 alteram
1185 1097 1200 1116 a
1222 1089 1279 1117 sole
1291 1098 1376 1125 usque
1399 1091 1432 1118 ad
1444 1095 1597 1119 extremum
1613 1093 1706 1120 mundi
1721 1093 1853 1122 ambitum

1059 1143 1113 1163 non
1126 1135 1348 1164 irrationabiliter
1357 1137 1533 1165 existimavit.
1550 1139 1684 1174 Diapasen
1698 1146 1788 1168 autem
1802 1140 1854 1168 du-

1059 1182 1096 1217 pli
1113 1183 1288 1218 proportione
1306 1183 1469 1211 modulatur.
1486 1183 1522 1213 Ut
1535 1192 1600 1221 ergo
1614 1186 1641 1213 in
1656 1186 1792 1214 diatonico
1805 1194 1854 1221 ge-

1056 1236 1132 1262 nere,
1146 1229 1221 1256 verbi
1236 1230 1322 1264 gratia
1340 1231 1367 1257 in
1379 1231 1520 1259 harmonia
1539 1239 1667 1259 sonorum
1678 1253 1686 1265 ,
1702 1233 1743 1260 his
1760 1232 1854 1268 diapa-

1057 1282 1104 1302 son
1118 1283 1149 1302 cx
1164 1274 1206 1302 bis
1231 1275 1252 1290 ‘°
1265 1275 1346 1310 duplo
1358 1281 1520 1311 coaptatur;
1536 1277 1623 1312 prima
1636 1278 1744 1313 quidem
1759 1278 1853 1313 diapa-

1056 1328 1105 1348 son
1119 1321 1138 1335 ¹¹
1153 1328 1168 1348 a
1182 1320 1323 1355 principali
1340 1322 1528 1356 principalium
1540 1330 1624 1358 usque
1635 1324 1668 1352 ad
1686 1325 1706 1340 ”
1723 1325 1812 1360 μέσην,
1826 1323 1853 1352 id

1056 1370 1098 1393 est
1109 1366 1225 1393 mediam
1236 1387 1243 1399 ,
1272 1367 1389 1394 secunda
1402 1375 1467 1395 vero
1479 1375 1511 1395 cx
1524 1370 1590 1404 μέση
1600 1377 1686 1404 usque
1701 1370 1734 1396 ad
1744 1372 1819 1400 νήτην
1830 1369 1853 1386 ¹³

1055 1413 1240 1446 ὑπερϐολαίων,
1252 1413 1303 1440 hoc
1315 1418 1357 1440 cst
1368 1413 1490 1440 ultimam
1502 1414 1703 1448 excellentium,
1711 1415 1851 1450 protendi-

1056 1461 1117 1484 tur:
1131 1457 1166 1484 ita
1180 1462 1298 1485 ettotum
1310 1459 1426 1493 spatium
1438 1467 1453 1486 a
1465 1464 1537 1487 terra
1546 1461 1580 1488 ad
1591 1461 1674 1488 solem
1687 1462 1709 1477 "
1719 1461 1851 1496 diapason

1056 1502 1160 1530 ratione
1171 1507 1314 1538 eoaptatur
1335 1504 1366 1536 η,
1380 1505 1497 1532 medium
1516 1506 1615 1540 quippe
1633 1505 1673 1534 sol
1692 1506 1795 1534 obtinet
1813 1507 1852 1535 lo-

1058 1556 1120 1575 cum
1130 1548 1161 1581 ",
1174 1553 1224 1576 eta
1234 1549 1290 1576 sole
1301 1549 1334 1577 ad
1344 1549 1485 1578 duodecim
1494 1551 1595 1583 sidera,
1605 1551 1657 1579 hoc
1664 1555 1714 1585 est,
1726 1552 1759 1579 ad
1767 1556 1854 1580 extre-

1058 1602 1131 1621 mum
1150 1594 1288 1622 stellarum
1308 1600 1409 1623 motum
1429 1596 1482 1624 alia
1511 1596 1639 1632 diapason
1669 1598 1852 1634 coniungitur.

1056 1639 1171 1674 Ideoque
1190 1640 1210 1655 "
1223 1640 1373 1668 rationibus
1384 1641 1554 1674 harmoniae,
1568 1649 1638 1676 quae
1649 1642 1748 1670 dicitur
1762 1643 1803 1671 bis
1818 1642 1853 1677 ι’,

1057 1684 1185 1719 diapason
1198 1684 1367 1713 intervallum
1377 1693 1393 1713 a
1404 1690 1476 1714 terra
1490 1687 1523 1714 ad
1536 1687 1682 1722 sphaeram
1692 1687 1712 1703 "
1723 1687 1855 1717 constitu-

1057 1735 1113 1758 tum
1128 1738 1187 1759 esse
1200 1731 1347 1760 arbitratus
1370 1737 1423 1761 est.
1437 1733 1477 1761 Ac
1500 1740 1550 1768 per
1573 1733 1625 1762 hoc
1648 1734 1801 1767 coniicitur,
1823 1737 1856 1762 ut

1056 1776 1203 1805 diametros
1222 1782 1320 1811 terrae,
1334 1778 1414 1806 tertio
1428 1779 1619 1814 multiplicata,
1635 1785 1725 1808 terrae
1735 1780 1855 1816 solisque

1056 1822 1263 1858 intercapedini,
1281 1823 1509 1858 quemadmodum
1527 1829 1555 1853 et
1567 1825 1671 1853 lunaris
1690 1825 1784 1854 circuli
1796 1825 1854 1854 dia-

1056 1873 1155 1901 metro,
1177 1868 1299 1903 aequalis
1320 1869 1364 1896 sit.
1379 1869 1497 1897 Proinde
1517 1870 1586 1898 etin
1601 1868 1735 1899 diametro
1748 1870 1853 1898 lunaria

1055 1914 1159 1947 circuli,
1186 1915 1268 1950 inque
1281 1920 1370 1943 terrae
1384 1923 1416 1943 ac
1438 1916 1503 1944 solis
1518 1917 1671 1945 interstitio'
1683 1926 1766 1945 unum
1787 1921 1813 1945 et
1825 1916 1854 1946 id

1054 1960 1143 1994 ipsum
1157 1961 1274 1994 spatium
1288 1961 1498 1989 mensurabitur.
1512 1962 1540 1989 lu
1553 1968 1669 1998 utroque
1680 1964 1752 1990 enim
1768 1963 1853 1991 millia

1055 2004 1201 2032 stadiorum
1216 2005 1410 2033 CCCLXXVIII
1433 2011 1634 2041 computantur.
1657 2008 1750 2043 Itaque
1766 2007 1855 2042 dupli-

1055 2055 1116 2077 cato
1130 2050 1181 2077 hoc
1192 2058 1313 2082 numero,
1327 2051 1558 2086 intercapedinem
1576 2056 1664 2079 terrae
1677 2052 1851 2087 extimaequo

1054 2096 1186 2130 Sphaerae
1200 2096 1320 2131 reperies
1340 2097 1367 2124 in
1384 2097 1501 2124 millibus
1513 2098 1663 2125 stadiorum
1677 2097 1764 2125 DCCL
1771 2097 1853 2130 VI,-et

1054 2142 1196 2170 miraberis
1217 2146 1331 2170 naturae
1359 2143 1545 2171 concordiam.
1570 2142 1642 2176 Quot
1667 2143 1740 2170 enim
1767 2142 1852 2171 millia

1054 2188 1203 2216 stadiorum
1217 2188 1318 2216 suntin
1343 2188 1511 2224 longitudine
1525 2187 1547 2203 ²⁶
1563 2187 1666 2215 lunaris
1684 2188 1789 2221 circuli,
1813 2192 1854 2216 tot

1055 2239 1119 2263 sunt
1134 2235 1162 2262 in
1188 2234 1328 2262 altitudine
1344 2243 1358 2262 a
1382 2239 1452 2262 terra
1477 2242 1563 2269 usque
1575 2235 1596 2252 ’⁸
1612 2234 1646 2261 ad
1662 2235 1739 2270 signa
1754 2234 1850 2270 spatii:

1058 2282 1085 2309 in
1097 2281 1220 2316 utrisque
1231 2288 1348 2315 namque
1360 2280 1484 2308 DCCLVI
1506 2280 1588 2308 millia
1607 2280 1757 2308 stadiorum
1775 2280 1861 2308 colli-i

1058 2332 1166 2362 gutttur.
1193 2325 1220 2354 Si
1243 2333 1308 2354 vero
1335 2326 1432 2354 solaris
1456 2326 1550 2354 circuli
1571 2327 1734 2354 diametrum
1746 2327 1788 2354 vis
1807 2334 1853 2355 co-

1058 2380 1198 2408 gnoscere,
1225 2372 1328 2400 telluris
1347 2373 1509 2400 diametrum
1528 2372 1634 2400 CXXVI
1650 2372 1732 2399 millia
1753 2372 1854 2400 stadio-

1057 2426 1116 2446 rum
1135 2418 1235 2453 septies
1257 2418 1457 2453 multiplicabis,
1473 2422 1500 2446 et
1513 2418 1626 2446 habebis
1646 2417 1853 2446 DCCCLXXXII

1057 2464 1141 2491 millia
1155 2464 1303 2492 stadiorum
1328 2464 1354 2491 in
1375 2464 1508 2492 diametro
1523 2464 1621 2492 solaris
1646 2464 1714 2499 gyri.
1730 2463 1788 2496 Quo
1803 2472 1853 2490 nu-

1055 2518 1131 2537 mero
1153 2510 1193 2537 bis
1216 2509 1308 2543 ducto,
1334 2510 1418 2544 ipsius
1443 2510 1500 2545 gyri
1514 2510 1652 2545 longitudo
1669 2509 1810 2543 colligetur
1824 2508 1852 2536 in

1052 2554 1170 2581 millibus
1193 2555 1342 2582 stadiorum
1364 2554 1438 2582 mille
1460 2554 1558 2581 millies
1583 2552 1730 2580 DCCLle
1755 2552 1851 2581 millia.

1051 2601 1087 2628 At
1103 2602 1126 2629 si
1148 2602 1299 2637 quaesieris
1315 2602 1339 2617 “
1352 2601 1515 2630 diametrum
1532 2600 1614 2628 totius
1627 2599 1762 2635 sphaerae
1788 2605 1852 2626 cae-

848 2680 978 2709 VARIAE
996 2680 1200 2710 LEC’I‘IONES.

205 2750 361 2822 aea

203 2821 296 2849 οω.Α

326 2751 402 2779 edam
415 2753 608 2782 rationabiliter
632 2761 687 2782 om.
702 2752 734 2782 C.
750 2735 752 2737 ἱ
772 2754 783 2771 ⁸
796 2752 891 2781 solaris
908 2752 977 2788 globi
990 2742 1047 2781 om.

379 2788 477 2817 enim.
498 2789 509 2805 ⁸
521 2789 554 2824 VC
574 2789 688 2824 incluta.
723 2789 734 2806 '
749 2788 770 2817 C
787 2789 855 2824 alio.
879 2784 987 2824 ξἐηὶηι
1007 2788 1122 2816 omnium
1141 2796 1202 2824 om.
1216 2789 1249 2816 Α.
1272 2784 1299 2804 ’θ
1311 2789 1335 2816 Δ
1347 2788 1482 2824 instinctu.
1521 2787 1543 2803 ¹⁶
1558 2787 1581 2814 Δ
1598 2787 1649 2814 Iris.
1689 2784 1852 2824 “Alliam

1056 2753 1087 2781 C.
1125 2752 1136 2769 '
1146 2753 1170 2781 Α
1185 2752 1248 2781 Non
1262 2753 1319 2789 ejus
1333 2754 1402 2780 enim
1422 2755 1461 2780 est
1480 2752 1583 2789 umbra.
1646 2750 1667 2778 C
1678 2750 1851 2789 (aperiretur.

253 2841 262 2859 τ
274 2821 332 2859 AL»
348 2823 369 2838 "
384 2824 419 2850 ad
432 2831 488 2851 om.
504 2823 544 2859 νο.
574 2821 606 2853 "'.
618 2827 694 2855 νήτην
706 2832 761 2852 om.
777 2825 800 2852 A
831 2823 893 2859 .“VC
907 2831 922 2850 a
939 2827 1010 2851 terra
1029 2828 1054 2850 et
1078 2824 1142 2851 sole.
1181 2823 1203 2840 "
1220 2823 1619 2859 diapasongratione-coaptatur
1632 2829 1687 2849 om.
1703 2821 1738 2859 _A.
1763 2821 1800 2859 _'_”
1811 2821 1851 2854 σοι

204 2855 308 2903 obtinet
317 2857 529 2903 locatione}.
603 2860 658 2903 alia
668 2859 800 2903 diapason
812 2875 846 2903 τ
859 2858 979 2903 Ιάεοιξίις
989 2866 1044 2903 om.
1110 2859 1185 2903 η¹⁸ῐᾼ
1196 2855 1303 2903 duplic.
1387 2855 1566 2903 animm
1587 2858 1624 2899 in.
1636 2856 1778 2896 quadrupli
1790 2865 1852 2894 pro-

204 2893 325 2927 portione
346 2894 506 2922 constitum.
562 2895 587 2937 ’ξ
606 2894 628 2923 C
650 2894 678 2922 in
700 2893 876 2931 multitudine.

931 2894 953 2910 ¹¹
966 2893 1060 2931 {usque
1082 2901 1138 2923 om.
1156 2893 1192 2923 Α.

1226 2894 1270 2921 ."'
1281 2895 1305 2922 Δ
1323 2894 1445 2932 requiris.
