2106 3136
236 152 306 185 m,

664 157 709 184 DE
728 156 899 186 DIVISIONE
918 156 1092 186 NA’I‘URAE.
1113 171 1151 181 --
1164 156 1267 186 LIBER
1284 157 1442 186 TERTIUS.

238 221 316 250 gnra.
328 207 398 241 Mss.
409 212 580 248 Quld‘itaque
587 212 634 240 tibi
641 206 788 241 vldeturde
794 215 963 242 mensoribus
975 219 1027 242 ter-

1080 215 1209 243 moatium
1223 215 1390 242 altitudinem
1401 213 1505 241 telluris
1515 215 1869 251 επμωεκιεὶοιμιαίιηι

239 268 286 288 rae
301 268 350 295 per
365 264 453 295 partes
471 263 497 287 et
514 260 598 286 stadia
618 264 762 294 ceteraque
787 260 940 292 intervalla,
959 268 1027 295 quos

239 307 334 335 Graeci
342 306 517 340 geometricas
527 305 633 332 vocant?
639 305 864 339 Numarhitraris,
871 313 918 333 eos
927 311 1026 334 terram

240 358 409 380 incusat-asse
418 350 538 386 pedibus,
550 355 594 377 aut
606 351 736 384 passibus.
751 351 882 381 cubitove,
895 359 942 378 seu
953 353 1027 378 siml-

239 397 307 425 libus
319 397 469 424 mensuris?
481 397 552 423 Diso.
564 396 622 423 Non
636 395 712 424 facile
728 397 777 424 hoc
792 397 951 423 crediderim
969 396 1026 423 ﬁeri

237 450 315 478 posse
329 443 354 469 in
369 446 443 469 tanta
450 442 607 468 diversitate
616 442 746 468 montium
757 447 784 468 et
795 442 914 469 vallium.
924 441 990 468 Nam
1000 446 1027 468 et

237 495 393 522 camporum
417 488 541 522 planities
562 491 654 514 tantae
676 487 844 521 aequalitatis
858 495 909 514 non
922 492 980 519 est,
999 491 1029 514 ut

236 534 318 561 simili
338 541 480 568 progressu
502 533 587 567 possit
609 533 768 560 mensurari.
789 533 871 560 Terra
896 534 1034 567 siquidem,

238 586 292 606 non
305 578 392 607 solum
410 578 542 612 gravitate
566 578 701 611 ponderis,
724 585 816 605 verum
844 579 925 605 etiam
947 586 1026 605 causa

239 623 442 658 inaequalitalis
464 624 580 657 partium
604 630 712 649 suarum
732 624 852 650 intimum
875 624 900 650 in
924 624 1029 651 naturis

239 670 360 704 possidet
379 670 476 696 locum.
506 668 656 695 Similitudo
681 676 796 703 namque
822 670 938 703 partium
965 669 1029 696 facit

239 716 361 742 ordinem
372 715 579 746 elementorum;
593 714 722 740 similiora
735 714 806 741 enim
820 715 870 741 sihi
881 715 936 741 suis
949 715 955 730 ‘
967 722 1029 749 par—

241 761 322 791 tibus,
338 759 433 785 altiora
447 762 510 786 sunt
521 759 602 785 etiam
614 759 670 785 suis
681 760 797 786 sedibus.
810 759 877 786 Mm.
895 760 1029 788 Fortassis

238 812 301 839 ergo
321 811 450 838 corporeo
468 805 545 830 visu?
560 805 634 832 Disc.
648 804 686 831 Ne
699 805 724 831 id
735 805 861 839 quidem;
879 805 943 831 fallit
956 807 1029 832 enim

236 858 349 882 sensus,
379 850 490 884 ejusque
510 849 612 884 judicio
638 850 705 877 nihil
732 856 772 877 est
796 851 1027 878 committendum.

236 895 363 925 Exterior
382 895 516 929 siquidem
540 903 645 925 sensus,
666 896 788 929 quamvis
808 896 904 922 rationi
920 904 972 922 non
988 904 1030 923 re-

237 941 358 971 nuntiat,
382 942 433 967 nisi
459 942 530 975 quod
551 942 720 968 extrinsecus
736 941 837 976 patitur
854 943 875 973 ',
893 942 1030 970 interioris

238 993 326 1014 tamen
342 987 471 1022 judicium
496 989 529 1014 de
554 987 605 1018 his,
633 995 702 1021 quae
729 995 776 1021 per
801 995 900 1022 corpus
924 989 1029 1022 recipit,

236 1033 395 1067 saepissime
409 1033 419 1049 ³
433 1033 543 1062 fallitur.
560 1032 674 1060 fractum
688 1033 714 1059 in
730 1041 798 1067 aqua
814 1042 931 1065 remum,
944 1034 1032 1067 dupli-

236 1087 295 1106 cem
309 1079 397 1105 lunam
409 1086 455 1106 seu
468 1079 620 1110 candelam,
636 1086 682 1105 seu
695 1079 765 1105 aliud
779 1080 843 1113 quid
857 1086 905 1113 per
918 1087 1032 1113 praeva—

240 1124 396 1151 ricationem
409 1132 513 1155 sensus,
526 1125 575 1151 hoc
585 1128 636 1154 est,
653 1133 701 1159 per
718 1125 864 1156 radiorum,
878 1125 923 1158 qui
939 1132 970 1151 ex
984 1132 1033 1159 pu-

221 1183 227 1188 -
239 1169 310 1202 pillis
317 1169 454 1196 oculorum
465 1174 638 1203 sparguntur,
646 1170 860 1203 segregatim-em
868 1170 1032 1204 geminatum

239 1215 406 1241 existimans.
429 1214 497 1241 Msa.
512 1214 649 1247 Quomodo
666 1222 729 1248 ergo
748 1214 945 1241 metiebantur?
962 1214 1032 1242 Dtsc.

239 1259 320 1294 Virga
330 1260 414 1293 prius,
423 1264 451 1286 ut
459 1259 543 1289 aiunt,
551 1260 724 1294 geometrica,
736 1259 918 1293 quamGraeci
932 1260 1034 1287 radimn

237 1310 334 1333 vocant
344 1314 350 1337 ;
360 1313 427 1339 quae
435 1305 553 1339 quinque
559 1313 654 1339 passus
661 1305 757 1332 cubieo
764 1310 836 1332 motu
846 1306 1033 1340 multiplicans,

237 1350 288 1377 hoc
305 1355 346 1377 est
365 1351 508 1384 quinquies
519 1351 637 1385 quinque
649 1351 809 1384 quinquies,
824 1358 906 1377 unum
918 1352 1035 1378 stadium

239 1397 420 1422 mensurabat.
442 1395 501 1423 Uno
519 1400 610 1423 autem
629 1396 718 1423 stadio
734 1402 850 1430 reperto,
871 1396 949 1423 facile
960 1401 1030 1429 crat,

239 1443 322 1469 multa
332 1443 417 1470 stadia
430 1450 477 1477 per
488 1444 565 1478 plana
578 1443 700 1478 Aegypti,
716 1451 784 1477 quae
798 1448 882 1470 mater
894 1443 985 1470 talium
996 1444 1034 1470 di-

240 1489 407 1516 mensionum
421 1489 527 1520 dicitur,
547 1489 676 1516 invenire.
696 1489 763 1516 Mtte.
780 1489 917 1522 Quomodo
928 1494 1034 1523 praeter

240 1536 389 1571 Aegyptum
416 1540 504 1563 terrae
536 1540 647 1570 partes,
678 1540 751 1562 tanta
782 1536 973 1570 inaequalitate
998 1536 1031 1563 ad

1074 261 1130 296 jam
1143 261 1236 287 stricta
1251 265 1279 288 et
1294 261 1327 287 ad
1342 259 1546 294 amplitudinem
1570 264 1691 288 terrenae
1715 260 1793 288 molis
1812 268 1870 288 ata-

1077 306 1201 333 biendam
1222 306 1403 337 incommoda,
1423 307 1481 338 sed,
1498 305 1561 332 dum
1580 306 1632 332 sint
1646 307 1741 334 eadem
1752 313 1781 333 et
1792 306 1869 341 juxta

1078 357 1189 382 terram,
1210 357 1236 378 et
1259 353 1292 379 ab
1312 360 1342 378 ea
1359 351 1464 386 longius
1479 351 1623 386 praedictis
1637 352 1730 386 spatiis
1756 357 1869 384 remota,

1078 398 1300 424 irrationabilium
1322 399 1513 432 cogitationum
1534 397 1599 424 falsa
1616 396 1807 432 imaginatione
1823 398 1872 425 ah-

1074 443 1145 477 jecta
1164 444 1197 469 ad
1219 450 1372 470 mensuram
1402 448 1491 470 terrae
1516 443 1528 461 ³
1550 442 1694 470 sutiiciunt.
1725 442 1794 470 Hinc
1819 447 1870 476 est,

1078 489 1147 523 quod
1156 493 1182 515 et
1189 488 1199 504 ⁶
1207 488 1307 515 Plinius
1317 488 1517 522 amplitudinem
1524 493 1624 519 terrae,
1632 488 1712 517 ducta
1720 488 1872 517 rationabili

1078 534 1157 565 linea,
1174 534 1350 568 geographica
1364 533 1557 567 speculatione,
1574 542 1622 568 per
1638 534 1778 561 cacumina
1797 534 1874 562 altis-

1079 582 1207 608 simorum
1219 581 1349 607 montium
1363 580 1512 606 n‘ensurari
1525 581 1535 596 ⁷
1549 581 1699 612 existimat;
1712 581 1790 607 aliter
1800 581 1872 608 enim

1079 626 1217 652 circularis
1224 625 1358 651 dimensio
1370 625 1471 652 telluris
1481 633 1533 652 non
1542 626 1696 660 proveniret
1706 626 1727 652 ⁸.
1739 626 1811 653 Disc.
1823 625 1873 654 Sat

1079 672 1112 698 de
1126 671 1168 698 his
1179 675 1219 698 est
1235 675 1332 697 actum.
1346 669 1415 697 MAG.
1429 670 1578 697 Redeamus
1593 671 1682 705 itaque
1702 672 1734 698 ad
1752 671 1874 706 Scriptu-

1080 725 1147 744 ram.
1161 716 1231 743 Disc.
1245 716 1362 749 Tempus
1377 715 1481 742 inritat.
1495 715 1563 743 Mm.
1577 715 1667 748 Fiant,
1681 717 1776 751 inquit,
1797 716 1874 743 ἐκνιιί-

1081 763 1155 789 naria
1167 763 1192 788 in
1207 762 1370 795 ﬁrmamento
1384 761 1458 795 caeli,
1469 766 1493 788 et
1505 761 1621 788 dividant
1636 761 1706 788 diem
1719 770 1750 788 ac
1763 766 1871 789 necleta.

1079 809 1118 835 Ae
1131 809 1152 834 si
1167 808 1245 843 plane
1258 808 1392 834 diceretur
1404 815 1411 833 :
1422 807 1654 841 luminaria,quae
1667 808 1692 836 in
1704 808 1874 835 llrmamento

1081 855 1146 883 caeli
1156 856 1223 882 facta
1233 859 1306 886 sunt,
1315 854 1434 880 dividant
1441 854 1546 881 interse
1552 854 1623 882 diem
1632 862 1664 881 ac
1670 859 1786 882 noctem.
1796 853 1874 887 Quod

1043 908 1067 936 Β
1082 899 1224 927 Psalmista
1234 899 1363 927 declarat.
1371 899 1463 926 dicens
1472 906 1479 925 :
1488 899 1539 931 Qui
1546 900 1604 934 facit
1613 899 1757 927 luminaria
1764 908 1872 935 magna,

1081 944 1194 972 solemin
1202 949 1350 977 potestatem
1362 944 1424 976 diei,
1438 944 1526 970 fultam
1541 949 1564 970 et
1577 944 1666 971 stellas
1679 946 1707 971 in
1722 950 1874 980 potestatem

1083 990 1173 1017 noctis.
1187 990 1243 1016 Non
1258 990 1329 1023 quod
1339 989 1396 1016 dies
1402 994 1427 1015 et
1435 997 1486 1016 nox
1496 997 1602 1024 semper
1611 997 1664 1017 non
1672 990 1805 1017 sintcirca
1817 997 1875 1017 am-

1081 1036 1166 1062 bitum
1178 1034 1290 1065 telluris,
1302 1034 1348 1061 sed
1359 1034 1440 1069 quod,
1456 1034 1609 1068 ubicunque
1621 1034 1660 1062 sol
1680 1042 1807 1069 praesens
1821 1038 1873 1068 est,

1081 1080 1358 1116 semper-illuminandi
1366 1084 1525 1114 potestatem
1535 1080 1671 1112 habet;uhi
1680 1085 1770 1108 autem
1777 1080 1875 1110 absens

1082 1132 1133 1158 est,
1149 1127 1228 1154 lunae
1245 1127 1436 1160 stellarumque
1455 1126 1580 1161 splendor
1602 1127 1757 1154 umbrarum
1778 1126 1873 1160 caligi—

1083 1180 1154 1203 nem,
1170 1181 1204 1199 ue
1216 1173 1326 1200 omnino
1339 1171 1495 1199 animalium
1511 1172 1648 1199 obtutibus
1664 1171 1876 1206 impenetrabilia

1084 1219 1133 1247 sit.
1161 1226 1249 1244 raram
1274 1218 1467 1252 lugubremque
1490 1217 1564 1244 facit.
1581 1216 1615 1244 Et
1637 1219 1689 1245 sint
1712 1219 1740 1246 in
1754 1218 1830 1252 signa
1850 1221 1874 1245 et

1085 1269 1211 1297 tempora,
1225 1268 1248 1289 et
1264 1264 1318 1289 dies
1338 1268 1361 1289 et
1385 1271 1477 1289 annos.
1495 1262 1576 1297 Signa
1593 1263 1767 1297 intelligimus
1782 1263 1808 1290 in
1825 1264 1876 1291 hoc

1085 1309 1144 1337 loco
1159 1317 1210 1336 non
1226 1310 1314 1337 sidera
1324 1329 1330 1340 .
1342 1309 1388 1336 sed
1404 1309 1543 1344 praesagia
1557 1310 1688 1342 quaedam
1710 1309 1816 1337 futurae
1830 1317 1874 1337 se-

1085 1355 1222 1385 renitatis,
1238 1362 1285 1381 seu
1309 1354 1492 1388 tempestatis;
1511 1361 1580 1387 quae
1596 1355 1713 1381 maxime
1727 1362 1761 1382 ex
1774 1354 1874 1381 δοιοί-ἦα

1085 1401 1134 1427 bus
1153 1400 1309 1427 caelestium
1334 1399 1505 1426 luminarium
1531 1398 1618 1426 solent
1641 1399 1744 1426 habere
1766 1399 1874 1433 exporia

1086 1450 1215 1472 mentum.
1231 1444 1361 1478 Tempora
1383 1449 1473 1471 autem
1494 1449 1572 1471 vocat
1592 1444 1754 1478 generaliter
1775 1452 1872 1473 cursus

1085 1496 1112 1518 ct
1137 1491 1239 1517 reditus
1256 1490 1390 1521 siderum,
1406 1490 1488 1517 certis
1503 1497 1638 1517 morarmn
1655 1489 1821 1522 intervallis,
1839 1489 1874 1518 ad

1085 1538 1199 1564 eundem
1219 1542 1320 1564 motum
1339 1537 1475 1570 situmque
1490 1536 1610 1563 locorum
1624 1536 1713 1563 divina
1729 1536 1874 1570 providens

241 1581 450 1608 mensurandnm
467 1580 596 1613 diﬁlciles,
612 1581 806 1615 explorabant?
826 1582 895 1608 Disc.
915 1581 984 1613 Non,
1001 1586 1031 1608 ut
1045 1585 1068 1616 ο
1085 1583 1119 1609 tia
1137 1588 1275 1609 revocatos
1294 1582 1410 1609 naturali
1433 1582 1535 1608 dierum
1560 1589 1746 1616 annorumque
1768 1581 1874 1609 revela.

237 1627 324 1658 aiunt,
341 1627 461 1661 pedibus,
479 1633 566 1661 neque
580 1626 667 1653 radiis.
687 1627 733 1654 sed
749 1627 805 1653 sola
822 1628 936 1654 rationis
947 1635 1030 1663 argu-

237 1669 414 1700 mentatione,
428 1669 574 1703 horologiis
592 1669 723 1700 videlicet,
736 1676 768 1695 ex
783 1671 938 1696 umbrarum
954 1670 1030 1696 simi-

236 1715 360 1746 litudine,
378 1715 545 1749 singularum
562 1715 678 1748 partium
693 1715 920 1749 intercapedinem
937 1717 1031 1743 iucun—

237 1766 344 1788 ctanter
363 1761 540 1788 invenientes.
563 1761 677 1788 Tantum
694 1769 810 1794 namque
825 1769 876 1788 una
894 1769 965 1795 pars.
979 1761 1030 1789 hoc

236 1811 301 1840 est,
325 1807 496 1841 quotidianus
519 1807 583 1833 solis
609 1808 635 1834 in
664 1807 792 1841 signifero
816 1815 974 1842 progressus
1003 1808 1030 1834 in

240 1857 311 1879 terra
327 1857 410 1887 patet,
425 1859 554 1886 quantum
567 1852 714 1879 similitudo
727 1854 882 1879 umbrarum
898 1853 1028 1886 horologii

239 1898 353 1925 obtinet.
371 1897 439 1925 MAG.
452 1897 630 1924 Latitudinem
641 1905 705 1932 ergo
718 1898 833 1931 partium
845 1903 872 1925 et
883 1899 1029 1925 stadiorum

241 1951 275 1969 ex
290 1950 425 1970 mensura.
435 1950 486 1976 qua
499 1947 596 1970 terram
610 1943 760 1977 attingunt,
774 1942 942 1977 colligebant.
955 1944 1028 1970 Disc.

239 1987 295 2015 Nec
309 1988 349 2015 sic
361 1988 567 2020 existimabant;
585 1989 630 2015 sed
646 1989 759 2022 primum
771 1988 914 2015 altissimos
926 1993 1030 2016 montes

239 2037 437 2064 mensurantes,
453 2037 518 2067 quot
532 2033 650 2060 millibus
662 2033 810 2059 stadiorum
824 2040 856 2059 ex
874 2038 960 2059 terrae
973 2033 1029 2067 pla-

237 2078 304 2105 nitie
318 2079 344 2105 in
360 2078 444 2105 altum
459 2079 643 2113 erigerentur;
666 2078 737 2105 verhi
765 2079 851 2113 gratia
875 2078 1027 2113 Olympum,

237 2122 314 2156 cujus
324 2123 452 2151 verticem
465 2124 557 2152 (locem
570 2123 686 2152 millibus
697 2123 845 2150 stadiorum
868 2122 879 2138 ‘
889 2128 1030 2150 autumant

238 2170 388 2203 sublimari,
399 2171 522 2203 Pindum,
539 2171 696 2205 Rhodopen,
710 2170 921 2201 Acroc-‘raunia,
936 2169 1029 2197 Atlan—

240 2219 304 2246 tem,
329 2214 408 2242 veluti
432 2216 531 2242 lineam
557 2215 690 2249 quandam
717 2214 868 2241 rationabili
894 2216 974 2241 ductu
997 2215 1029 2242 de

1083 1628 1164 1655 tione.
1184 1627 1218 1654 Et
1233 1627 1335 1654 Incetnu
1350 1627 1375 1653 in
1390 1626 1554 1660 ﬁrmamento
1568 1626 1642 1654 caeli.
1660 1625 1798 1661 Siquidem
1813 1625 1872 1655 nul-

1082 1673 1136 1700 lum
1153 1674 1227 1700 sidus
1241 1673 1375 1699 defectum
1388 1672 1428 1699 sui
1450 1671 1558 1699 luminis
1580 1672 1690 1706 patitur,
1705 1672 1751 1699 sed
1765 1679 1873 1707 somno!

1082 1719 1171 1745 omnia
1187 1718 1212 1744 iu
1228 1717 1361 1745 aethereis
1376 1717 1471 1751 spatiis
1481 1718 1582 1751 absque
1599 1717 1652 1745 ulla
1666 1717 1872 1747 ohumbrationo

1082 1765 1224 1800 refulgent,
1237 1769 1350 1799 excepto
1362 1765 1441 1791 lunae
1452 1764 1542 1800 globo,
1556 1765 1611 1799 qui,
1623 1765 1730 1799 quando
1743 1765 1770 1793 in
1786 1766 1874 1800 regio-

1082 1820 1141 1839 nem
1155 1812 1265 1839 umbrae
1277 1812 1424 1842 doscendit.
1439 1811 1518 1838 solari
1534 1811 1610 1840 radio
1620 1812 1754 1843 desertus,
1765 1810 1874 1839 videtur

1081 1856 1229 1884 obscurari.
1245 1856 1390 1890 Propterea
1405 1856 1443 1882 ait
1460 1864 1466 1882 :
1482 1855 1515 1882 Et
1537 1856 1639 1884 luceant
1661 1856 1688 1884 in
1707 1856 1872 1889 ﬁrmamento

1081 1902 1155 1933 caeli,
1167 1906 1190 1928 et
1205 1900 1349 1928 illuminent
1363 1906 1469 1928 terram.
1485 1900 1520 1927 Et
1535 1900 1634 1934 factum
1646 1906 1684 1928 est
1699 1901 1735 1929 ita
1746 1901 1790 1929 :in
1805 1908 1871 1930 cau-

1081 1947 1119 1973 sis
1133 1945 1256 1972 videlicet
1270 1945 1461 1979 originalihus,
1474 1952 1507 1973 ex
1522 1945 1619 1979 quibus
1642 1946 1669 1972 in
1691 1946 1795 1979 species
1809 1953 1871 1980 pro.

1082 1991 1169 2025 prius,
1192 1997 1220 2017 et
1241 1991 1422 2025 quantitates,
1439 1995 1466 2017 et
1491 1991 1651 2022 intervalla,
1675 1996 1702 2018 et
1725 1996 1824 2023 motus.
1844 1996 1873 2022 et

1081 2035 1238 2070 splendores
1261 2041 1427 2067 processere.
1440 2033 1555 2061 Proinde
1565 2035 1575 2051 ο
1586 2034 1708 2068 sequitur
1722 2034 1749 2060 in
1763 2035 1869 2068 species

1081 2087 1225 2109 causarum
1239 2079 1387 2113 processio.
1402 2078 1525 2114 Fecitque
1537 2077 1606 2107 Deut
1619 2078 1671 2106 duo
1685 2087 1780 2113 magna
1793 2078 1871 2107 [nmio

1082 2126 1168 2157 naria,
1181 2125 1309 2151 luminare
1325 2124 1421 2158 majus,
1437 2128 1464 2150 ut
1477 2128 1605 2157 praeesset
1615 2123 1679 2155 diei,
1695 2123 1779 2151 solem
1793 2124 1869 2152 vide-

1081 2171 1162 2203 licet,
1176 2170 1253 2204 cujus
1272 2170 1423 2204 praesentia
1445 2168 1515 2196 diem
1528 2168 1624 2201 cilicii,
1637 2174 1661 2198 et
1675 2168 1804 2202 luminare
1818 2170 1871 2200 mi.-

1081 2225 1144 2247 nus,
1168 2215 1259 2242 lunam
1284 2215 1348 2242 dicit
1365 2215 1396 2246 '°,
1412 2215 1488 2250 cujus
1512 2219 1540 2242 et
1555 2215 1694 2250 quantitas
1711 2220 1738 2244 et
1759 2216 1805 2247 lux
1827 2216 1869 2245 in.

236 2260 438 2288 summitatibus
457 2261 589 2288 montium
610 2260 636 2287 iu
655 2261 726 2287 aeris
743 2260 829 2294 spatia
844 2264 1027 2294 porrectorum
1043 2260 1066 2288 Ι)
1080 2260 1296 2294 comparabiliter
1316 2268 1330 2286 a
1347 2259 1402 2287 sole
1425 2264 1578 2295 superatur,
1594 2265 1620 2287 ut
1634 2266 1764 2295 praeesset
1787 2261 1868 2294 nocti.

235 2305 382 2332 extendere
409 2304 588 2336 inchoabant,
615 2311 727 2338 eamque
753 2304 858 2338 aequali
882 2311 988 2338 semper
1013 2312 1027 2330 a

237 2352 310 2381 ωτι-α
323 2348 479 2381 intervallo,
492 2349 579 2377 instar
597 2349 780 2377 rotundissimi
796 2350 898 2383 circuli,
914 2351 1029 2377 circum-

237 2393 366 2426 ferentes,
389 2394 477 2422 donec
497 2394 531 2422 ad
553 2393 666 2423 etIndent
690 2394 788 2428 locum,
815 2404 868 2430 quo
891 2400 1027 2431 coeperat,

238 2440 399 2472 perveniret,
416 2441 511 2474 aequis
527 2441 642 2475 undique
660 2442 754 2475 spatiis
771 2440 872 2468 telluris
896 2442 1026 2469 ambitum

240 2483 338 2511 mentis
353 2486 472 2512 00ntuitu
488 2494 659 2521 perspexero.
680 2486 748 2513 MAG.
768 2486 951 2513 Diinensiones
963 2495 1026 2522 geo-

240 2528 368 2554 metricas
379 2529 476 2558 talibus
487 2532 653 2566 argumentis
671 2531 706 2558 ita
730 2531 817 2566 primo
839 2538 958 2566 repertas
975 2541 1027 2559 non

239 2573 459 2602 contradixeritn.
477 2576 518 2604 Ac
532 2584 580 2611 per
595 2577 646 2604 hoc
666 2576 752 2603 stadia
776 2576 829 2609 illa,
854 2584 922 2611 quae
945 2585 1028 2612 prope

240 2622 342 2647 terram
370 2619 451 2649 veluti
473 2627 585 2660 angusta
605 2622 780 2659 putabantur,
802 2623 927 2658 paulatim
946 2623 1024 2658 juxta

1082 2305 1156 2332 Luna
1183 2305 1314 2339 siquidem
1330 2305 1363 2332 ab
1376 2310 1471 2332 octava
1494 2314 1579 2340 usque
1600 2306 1633 2333 ad
1649 2306 1806 2338 vicesimam
1827 2314 1870 2339 se-

1082 2350 1215 2383 cundam,
1240 2354 1286 2377 aut
1310 2355 1393 2378 totam
1413 2355 1519 2378 noctem
1545 2351 1616 2379 circa
1643 2351 1817 2388 plenilunium
1842 2352 1869 2378 in

1081 2396 1270 2432 acquinoctiis.
1285 2402 1442 2432 autpartem
1453 2396 1510 2432 ejus
1521 2397 1618 2427 ceteris
1631 2398 1796 2433 temporibus
1811 2397 1870 2425 illa--

1082 2442 1177 2470 minat.
1193 2442 1325 2476 Quoniam
1341 2452 1421 2476 vero,
1434 2444 1496 2471 dum
1521 2444 1555 2472 sit
1580 2444 1606 2472 in
1631 2446 1704 2471 coitu
1726 2445 1806 2478 solis,
1822 2449 1870 2475 aut

1082 2488 1144 2515 hinc
1162 2489 1222 2516 inde
1237 2489 1394 2524 propinquis
1412 2490 1550 2524 partibus,
1570 2489 1656 2517 noctis
1669 2490 1795 2520 tenebras
1808 2489 1870 2519 luet;

1081 2543 1129 2563 sua
1145 2540 1286 2568 penetrare
1301 2544 1354 2562 non
1370 2537 1484 2568 sinitur,
1500 2540 1660 2563 succurrunt
1675 2535 1784 2567 stellae,
1798 2543 1868 2570 qua-

1080 2587 1139 2606 rum
1153 2580 1276 2607 claritate
1287 2582 1442 2608 umbrarum
1454 2581 1572 2607 densitas
1586 2580 1708 2607 rarescit.
1723 2581 1867 2616 Propterea

1080 2625 1146 2653 dixit
1160 2626 1178 2641 “
1190 2635 1196 2652 :
1213 2631 1236 2652 et
1249 2625 1378 2654 luminare
1389 2626 1485 2660 minus,
1498 2631 1524 2652 ut
1537 2630 1664 2661 praeesset
1678 2626 1758 2658 nocti,
1773 2630 1796 2654 et
1810 2625 1868 2653 ml-

884 2721 1008 2750 VARIAE
1023 2723 1226 2752 LECTIONES.

276 2813 286 2830 ‘
299 2813 323 2841 Δ
340 2814 396 2841 suis
412 2814 472 2841 tibi.
510 2813 521 2829 ¹
540 2813 561 2840 Α
577 2814 702 2844 patiatur.
716 2827 720 2832 -
741 2813 751 2829 ³
770 2813 791 2840 Α
807 2822 891 2847 saepe.
929 2813 941 2829 ⁸
955 2812 975 2841 C
986 2814 1087 2841 stadiis.

235 2850 454 2879 “tuatim.
492 2849 507 2869 ⁸
521 2848 692 2885 Οπωεπὶει.
730 2848 741 2867 '
760 2849 783 2876 Δ
802 2847 961 2885 Propterea.
992 2849 1015 2867 “
1030 2849 1055 2877 Δ
1068 2849 1165 2877 'luuan
1182 2848 1300 2877 uidelicet
1319 2849 1393 2878 dicit.
1432 2849 1454 2868 ιλ
1471 2851 1495 2877 Δ
1513 2850 1585 2879 dicit.
1825 2863 1830 2866 <

1070 2903 1150 2912 ,ηρ-...ι

1135 2814 1146 2830 ⁸
1174 2814 1208 2841 ad
1224 2820 1372 2840 mensuram
1384 2817 1469 2840 terrae
1482 2821 1537 2841 om.
1552 2813 1585 2842 Α.
1622 2815 1634 2832 ⁸
1644 2820 1668 2844 et
1681 2824 1735 2845 om.
1749 2815 1781 2844 Α.
1819 2815 1829 2832 ⁷

1818 2887 1880 2912 Ᾱ’“
