4212 6272
482 297 644 355 787'

1872 290 2155 351 JOANNIS
2191 289 2392 350 SCOTI

3373 267 3450 284 ..ι-κν
3459 267 3472 272 ν

3663 295 3774 354 ηε

485 414 589 477 las,
633 420 686 468 et
726 406 900 484 posuit
943 423 1054 472 eas,
1084 403 1291 476 stellas}
1315 406 1602 473 videlicet,
1644 406 1700 464 in
1743 405 2074 475 ﬁrmamento
2103 411 2154 472 Α
2180 413 2361 459 menta
2409 401 2570 475 hujus
2608 401 2832 469 mundi,
2876 400 3085 458 caelum
3113 399 3236 458 dim
3270 415 3397 458 cum
3437 401 3554 460 suis
3583 405 3774 474 astris,

485 501 639 558 caeli.
685 503 764 558 Ac
806 501 850 556 si
899 499 1147 565 dixisset,
1183 497 1300 553 ﬁxit
1331 514 1426 555 eas
1456 501 1511 554 in
1541 498 1886 554 ﬁrmamento
1916 499 2072 554 caeli.

487 593 565 649 De
594 593 776 662 choris
801 605 1036 659 namque
1061 591 1299 645 siderum
1330 591 1433 645 hoc
1457 590 1662 646 dictum
1691 589 2075 661 intelligimus;

486 687 580 756 qui
627 684 874 755 quamvis
916 697 1040 738 cum
1091 681 1295 737 mundo
1339 681 1632 736 volvuntur
1669 681 1708 748 ¹,
1755 680 1849 736 [ixi
1896 689 2078 736 tamen

491 780 546 833 in
594 779 786 832 iisdem
836 775 1057 831 sedibus
1123 788 1338 844 semper
1383 782 1604 830 manent
1648 775 1693 839 ³,
1743 774 1846 828 etsi
1901 781 2080 829 stante

487 871 690 925 mundo
731 868 885 924 chori
911 866 1149 924 siderum
1171 865 1513 921 solummodo
1536 866 1558 898 ³
1577 867 2076 931 circumvebantur,

486 970 549 1018 ut
582 962 603 994 δ
629 961 849 1032 quidam
890 959 1334 1031 philosophon
1368 959 1588 1025 volunt;
1635 959 1768 1015 ordo
1827 968 2007 1015 tamen
2034 959 2076 1025 ⁸,

488 1069 555 1109 ac
577 1053 749 1108 series
780 1051 1082 1118 stellarum,
1109 1049 1431 1122 stabilisque
1456 1051 1652 1121 positio
1678 1066 1786 1107 non
1811 1059 2080 1109 transmu-

491 1153 637 1200 tatur
662 1143 705 1198 ⁸.
738 1142 808 1198 Ut
849 1143 1078 1198 lacerent
1118 1158 1275 1211 super
1323 1151 1540 1197 terram.
1571 1139 1809 1196 Naturae
1833 1143 2080 1198 ordinem

487 1235 714 1307 pulchre
741 1234 1001 1290 describit
1031 1232 1332 1306 Scriptura.
1365 1232 1624 1302 Quamvis
1653 1232 1796 1288 enim
1823 1231 2080 1289 caelestia

489 1326 777 1382 luminaria
807 1327 909 1382 sub
937 1326 1096 1382 terris
1126 1325 1308 1382 lucere
1339 1326 1580 1380 humana
1607 1325 1862 1397 opinione
1888 1335 2081 1396 puten-

489 1425 600 1483 tur,
633 1433 812 1474 rerum
843 1425 1020 1472 tamen
1048 1417 1189 1472 ratio
1218 1417 1599 1473 incunctanter
1625 1416 1840 1482 edocet,
1874 1416 2081 1471 nullam

491 1518 740 1562 naturam
774 1515 920 1563 terra
951 1505 1266 1564 inferiorem
1290 1521 1450 1578 posse
1482 1522 1626 1564 esse.
1654 1506 1887 1563 Medium
1912 1507 2081 1576 siqui-

489 1600 612 1656 dem
644 1599 998 1670 inlimumque
1025 1601 1190 1655 totius
1220 1600 1527 1657 mundanae
1550 1600 1954 1657 constitutionis
1979 1601 2080 1656 ob-

493 1689 627 1745 tinet
651 1689 850 1758 locum,
879 1705 943 1746 ac
965 1704 1064 1760 per
1083 1691 1187 1745 hoc
1208 1689 1354 1745 nulla
1383 1705 1642 1762 corporea
1659 1698 1910 1748 creatura
1936 1690 2078 1746 infra

2181 495 2510 563 aetheraque
2549 509 2670 549 cum
2719 493 2982 562 planetis,
3025 505 3152 546 aera
3193 507 3317 548 cum
3350 493 3463 549 suis
3515 494 3769 563 nubibus,

2181 595 2575 658 ventorumque
2594 585 2892 656 spiritibus,
2913 585 3209 656 fulgoribus
3248 586 3434 653 etiam,
3466 589 3775 661 ceterisque

2178 679 2706 750 perturbationibus,
2745 695 2941 748 aquam
2971 694 3206 749 quoque,
3250 690 3567 750 motumque
3603 674 3792 751 ipsius'

2180 768 2564 843 ﬂuctivagum,
2607 778 2808 826 terram
2853 768 3105 825 similiter
3133 785 3256 825 cum
3303 770 3555 826 omnibus
3590 772 3774 830 herbis

2181 864 2595 932 arboribusque,
2627 877 2733 916 non
2765 861 2938 916 solum
2969 860 3398 926 anima,‘verum
3426 861 3590 917 etiam
3621 862 3774 919 omni

2181 954 2362 1024 specie
2405 954 2548 1008 vitae
2594 953 2817 1008 omnino
2861 967 3066 1008 carere.
3106 951 3370 1024 Ideoque,
3399 961 3460 1008 ut
3504 955 3679 1023 aiunt,
3707 954 3770 1014 in

2181 1045 2436 1118 Operibus
2465 1053 2724 1116 quattuor
2757 1046 3058 1116 primorum
3097 1046 3306 1101 dierum
3335 1045 3534 1103 nullius
3561 1047 3769 1107 animae

2184 1154 2280 1196 seu
2318 1139 2465 1194 vitae
2497 1137 2822 1211 signiﬁcatio
2858 1138 3240 1194 introducitur.
3279 1138 3434 1195 Plato
3458 1156 3612 1209 vero,
3644 1140 3770 1214 phi-

2180 1233 2528 1303 losophorum
2566 1247 2844 1298 summus,
2884 1241 2940 1288 et
2976 1232 3068 1304 qui
3103 1234 3253 1289 circa
3299 1249 3427 1290 eum
3463 1245 3625 1303 sunt,
3663 1252 3774 1294 non

2181 1324 2354 1381 solum
2393 1323 2698 1394 generalem
2757 1323 2940 1378 mundi
2984 1323 3149 1379 vitam
3189 1324 3232 1356 ¹⁰
3272 1335 3544 1394 asserunt,
3585 1343 3774 1386 verum

2182 1414 2344 1469 etiam
2405 1413 2607 1468 nullam
2673 1414 2906 1483 speciem
2972 1414 3292 1486 corporibus
3345 1417 3776 1489 adhaerentem,

2183 1521 2356 1576 neque
2386 1505 2554 1561 ullum
2589 1520 2784 1577 corpus
2811 1507 2920 1561 vita
2945 1507 3148 1576 privari
3189 1506 3443 1575 fatentur,
3489 1512 3773 1584 ipsamque

2181 1599 2370 1662 vitam,
2403 1613 2496 1652 seu
2512 1596 2838 1667 generalem,
2863 1611 2956 1651 seu
2983 1596 3292 1668 specialem,
3324 1614 3518 1655 vocare
3531 1601 3770 1670 animam

2183 1688 2508 1744 ﬁducialiter
2537 1688 2653 1742 ausi
2675 1695 2818 1741 sunt.
2850 1687 3092 1754 Quorum
3123 1690 3423 1746 sententiae
3454 1693 3650 1748 summi
3679 1710 3775 1750 ex.-

487 1795 607 1836 eam
630 1780 966 1852 intelligitur.
993 1780 1228 1836 Proinde
1249 1782 1431 1838 omnia
1462 1782 1647 1837 mundi
1679 1783 1853 1854 spatia
1881 1790 1936 1837 et
1960 1797 2078 1837 cor-
2110 1771 2158 1833 Β
2185 1783 2452 1852 positores
2478 1781 2694 1836 divinae
2719 1778 3034 1850 Scripturae
3061 1779 3264 1846 favent,
3287 1781 3506 1851 herbas,
3531 1793 3585 1841 et
3613 1785 3790 1858 ligna,

488 1886 642 1943 pora,
673 1887 811 1942 quae
847 1871 992 1929 circa
1033 1881 1240 1928 terram
1271 1872 1510 1945 undique
1540 1882 1692 1938 sunt,
1721 1874 1835 1929 sive
1863 1873 2081 1929 mobilia

489 1965 614 2029 sint,
639 1965 754 2020 sive
776 1964 998 2032 stantia,
1031 1979 1199 2035 super
1222 1979 1344 2020 eam
1367 1963 1688 2022 naturaliter
1707 1972 1890 2021 creata
1915 1973 2039 2020 sunt
2061 1980 2079 2031 ;

489 2058 722 2128 ideoque
768 2058 846 2114 ait
887 2075 902 2111 :
948 2067 1005 2112 ut
1045 2055 1277 2112 lacerent
1321 2073 1479 2128 super
1506 2067 1724 2112 terram.
1761 2056 2083 2128 Ubicunque

488 2151 633 2206 enim
671 2149 906 2206 luxerint
934 2191 949 2216 ,
999 2151 1114 2206 sive
1165 2150 1307 2206 intra
1355 2151 1696 2207 horizontem
1746 2151 1801 2206 in
1836 2151 2082 2215 inferiori

490 2239 910 2311 bemiSphaerio,
935 2250 996 2296 ut
1017 2242 1286 2297 humanus
1305 2241 1582 2297 existimat
1603 2257 1754 2309 usus,
1777 2242 1892 2299 sive
1917 2257 2082 2312 supra

491 2329 829 2387 horizontem
879 2331 934 2386 in
979 2331 1247 2402 superiori
1296 2332 1730 2402 hemisphaerio,
1773 2334 1918 2404 quod
1960 2334 2082 2390 ideo

490 2423 739 2494 superius
767 2423 987 2490 dicitur,
1017 2423 1144 2495 quia
1179 2425 1232 2478 in
1263 2439 1330 2479 eo
1358 2424 1537 2480 sidera
1563 2425 1875 2480 hominibus
1913 2439 2080 2496 appa-

494 2521 649 2581 rent,
681 2514 913 2570 naturali
950 2530 1131 2572 rerum
1171 2515 1278 2571 situ
1330 2530 1493 2587 super
1524 2527 1727 2574 terram
1769 2517 1969 2573 lucent.
2009 2517 2082 2573 Et

494 2615 789 2676 praeessent
818 2605 923 2660 diei
950 2615 999 2660 et
1029 2607 1190 2662 nocti.
1221 2605 1336 2663 Hoc
1369 2608 1620 2679 superius
1647 2609 1951 2678 expositum
1976 2617 2076 2665 est.

495 2695 564 2750 Et
594 2697 878 2752 dividerent
905 2696 1075 2754 lucem
1102 2715 1134 2752 a
1165 2699 1413 2766 tenebris,
1439 2699 1492 2754 id
1517 2708 1620 2765 est,
1645 2708 1706 2754 ut
1735 2710 2085 2772 segregarem

492 2795 704 2842 noctem
735 2795 792 2843 et
819 2787 994 2854 diem,
1037 2796 1098 2843 ut
1127 2787 1239 2844 sole
1269 2799 1564 2861 apparente
1592 2790 1710 2847 dies
1735 2800 1912 2858 esset,
1955 2790 2082 2845 luna

491 2889 624 2932 vero
668 2892 735 2932 ac
763 2878 784 2910 '
815 2878 988 2934 stellis
1015 2893 1144 2934 nox.
1195 2878 1262 2935 Et
1307 2881 1638 2948 notandum,
1693 2880 1836 2951 quod
1889 2880 2083 2936 divisio

493 2967 596 3023 ista
624 2969 646 3000 ⁸
676 2968 811 3025 lucis
862 2978 1025 3041 atque
1054 2970 1401 3026 tenebrarum
1426 2987 1532 3027 non
1561 2973 1615 3026 in
1642 2972 1772 3042 ipsis
1802 2971 2084 3026 luminari-

491 3059 596 3116 bus
619 3062 718 3129 sit,
747 3061 840 3117 sed
876 3061 929 3117 in
958 3071 1104 3118 terra
1133 3062 1523 3120 habitantibus.
1554 3063 1646 3119 Illa
1675 3062 1821 3118 enim
1867 3077 2083 3132 semper

2188 1883 2491 1944 cunctaque
2521 1874 2586 1928 de
2617 1883 2762 1928 terra
2789 1873 3021 1928 orientia
3059 1873 3243 1931 vivere
3289 1875 3637 1934 ailirmantes.
3665 1877 3774 1936 Ne-

2185 1983 2290 2039 que
2318 1967 2477 2022 aliter
2499 1982 2678 2022 rerum
2706 1974 2898 2021 natura
2929 1966 3080 2021 sinit.
3117 1966 3174 2022 Si
3200 1968 3341 2023 enim
3372 1969 3513 2024 nulla
3545 1972 3775 2030 materia

2184 2068 2286 2125 est,
2313 2073 2453 2129 quae
2489 2058 2606 2114 sine
2635 2058 2816 2128 specie
2844 2073 3040 2128 corpus
3065 2055 3261 2113 eﬂiciat
3279 2100 3293 2123 ,
3321 2070 3374 2115 et
3398 2061 3538 2116 nulla
3563 2063 3772 2133 species

2185 2152 2300 2206 sine
2329 2149 2630 2205 substantia
2673 2149 2890 2220 propria
2921 2149 3198 2216 subsistit,
3243 2150 3384 2205 nulla
3427 2161 3603 2208 autem
3631 2155 3764 2210 sub-

2184 2241 2380 2296 stantia
2407 2239 2588 2295 vitalis
2613 2247 2792 2295 motus
2825 2240 2891 2306 “,
2925 2239 3017 2310 qui
3048 2255 3166 2296 eam
3197 2242 3490 2309 contineat,
3519 2252 3574 2298 et
3598 2243 3777 2299 subsi-

2185 2337 2328 2385 stere
2357 2328 2542 2395 faciat,
2575 2343 2772 2399 expers
2816 2343 2938 2385 esse
2975 2339 3187 2398 potest;
3237 2347 3399 2387 omne
3444 2333 3611 2399 enim,
3634 2333 3779 2403 quod
3823 2366 3830 2375 -

2185 2419 2505 2476 naturaliter
2558 2429 2842 2487 movetur,
2900 2436 2966 2476 ex
3021 2422 3132 2476 vita
3192 2424 3423 2492 quadam
3470 2432 3645 2479 motus
3695 2423 3779 2479 sui

2183 2510 2508 2582 principium
2565 2510 2731 2566 sumit
2780 2529 2793 2565 :
2845 2511 3152 2567 necessario
3199 2513 3463 2583 sequitur,
3513 2523 3572 2568 ut
3603 2515 3782 2571 omnis

2185 2612 2435 2658 creatura
2463 2609 2556 2657 aut
2585 2617 2685 2672 per
2728 2601 2960 2672 seipsam
2988 2602 3099 2657 vita
3141 2603 3230 2669 sit,
3273 2615 3367 2659 aut
3413 2605 3552 2658 vitae
3599 2603 3771 2674 parti-

2186 2708 2335 2764 ceps,
2356 2703 2412 2750 et
2442 2694 2841 2764 quodammodo
2868 2695 3076 2760 vivens,
3104 2695 3215 2750 sive
3237 2695 3291 2749 in
3321 2710 3383 2750 ea
3413 2703 3590 2751 motus
3621 2696 3768 2754 vitae

2186 2784 2472 2841 manifeste
2509 2794 2788 2854 appareat,
2817 2785 2930 2840 sive
2957 2801 3066 2841 non
3091 2794 3378 2857 appareat;
3420 2796 3777 2844 veruntamen

2187 2876 2418 2931 latenter
2470 2875 2839 2930 administrari
2887 2891 2984 2946 per
3005 2877 3169 2931 vitam
3184 2877 3392 2948 species
3411 2877 3526 2948 ipsa
3547 2875 3781 2933 sensibi-

2186 2967 2252 3022 lis
2265 2966 2489 3022 indicat.
2507 2966 2644 3022 Audi
2658 2966 3015 3039 Augustinum
3037 2968 3090 3023 in
3105 2969 3244 3025 libro
3263 2969 3330 3025 de
3343 2984 3469 3025 vera
3482 2968 3769 3042 religione:

2187 3057 2244 3112 Si
2255 3057 2548 3127 quaeritur,
2565 3057 2761 3127 inquit,
2773 3060 2890 3128 quis
2911 3059 3193 3112 instituerit
3219 3076 3428 3130 corpus,
3451 3057 3536 3114 ille
3553 3076 3781 3130 quaera-

493 3149 694 3220 lucent,
732 3160 789 3208 et
833 3167 1050 3223 semper
1098 3153 1179 3209 eis
1223 3152 1338 3210 dies
1371 3161 1486 3220 est,
1531 3152 1843 3223 nullamque
1873 3161 2086 3208 noctem
2114 3141 2161 3205 C
2193 3157 2301 3212 tur,
2325 3148 2502 3218 quiest
2525 3149 2756 3201 omnium
2778 3149 3217 3218 speciosissimtts.
3233 3149 3417 3206 Omnis
3434 3153 3570 3206 enim
3589 3155 3780 3224 species

493 3246 793 3318 patiuntur.
846 3246 1014 3303 Sedes
1043 3261 1278 3317 namque
1304 3261 1518 3313 eorum,
1546 3246 1754 3318 absque
1781 3244 1888 3301 ulla
1922 3245 2089 3300 inter-

495 3335 776 3404 missione,
805 3345 860 3392 et
886 3351 983 3392 sua
1011 3344 1067 3393 et
1103 3336 1266 3393 solari
1294 3337 1415 3394 luce
1442 3337 1820 3407 resplendent,
1851 3351 1954 3392 nec
1982 3337 2087 3391 mi-

493 3441 598 3482 nus
633 3427 866 3484 interdiu
895 3468 911 3494 ,
961 3443 1125 3499 quam
1159 3437 1320 3483 noctu
1365 3429 1631 3484 claritatis
1675 3445 1807 3485 suae
1857 3429 2088 3502 gratiam

496 3517 699 3572 mundo
728 3516 1128 3574 distribuentia.
1165 3519 1420 3577 Terrenis
1451 3521 1635 3590 itaque
1666 3522 2083 3590 habitatoribus,

495 3607 693 3678 quibus
716 3621 815 3677 per
835 3597 1244 3666 vicissitudines
1271 3613 1387 3668 dies
1416 3620 1714 3687 noctesque
1740 3617 2088 3685 proveniunt,

497 3697 755 3754 caelestia
801 3698 1088 3757 luminaria
1137 3701 1314 3758 lucem
1360 3704 1608 3760 dividunt
1633 3721 1664 3760 a
1695 3706 1950 3762 tenebris.
1983 3706 2089 3763 As-

497 3789 652 3846 sidua
682 3804 920 3860 namque
961 3792 1443 3851 circumvolutione
1474 3795 1620 3852 circa
1667 3797 1885 3854 telluris
1912 3797 2090 3852 ambi-

496 3889 611 3936 tum
641 3881 770 3939 alibi
801 3883 977 3940 lucem
1018 3895 1304 3955 praestant
1323 3928 1338 3954 ,
1371 3887 1497 3944 alibi
1527 3882 1799 3946 auferunt.
1830 3889 1902 3946 Ut
1945 3891 2091 3946 enim

496 3973 573 4029 nil
602 3974 747 4030 aliud
774 3984 860 4032 est
884 3976 1022 4044 dies,
1054 3978 1158 4034 nisi
1187 3978 1324 4036 lucis
1349 3983 1659 4060 praesentia
1701 3983 1780 4038 ita
1823 3982 1900 4038 nil
1945 3981 2092 4038 aliud

495 4081 605 4124 nox
649 4077 870 4141 praeter
909 4069 1080 4142 ipsius
1111 4071 1437 4129 absentiam.
1482 4073 1715 4146 ideoque
1746 4076 1909 4132 etiam
1957 4077 2092 4133 luci-

496 4160 716 4219 dissima
743 4179 875 4230 nox,
906 4165 1160 4234 quoniam
1186 4180 1295 4222 non
1325 4167 1548 4222 omnino
1576 4167 1826 4223 tenebras
1851 4167 2090 4236 expellit,

497 4253 673 4310 noctis
701 4269 900 4311 nomen
929 4269 1036 4310 non
1066 4255 1289 4311 amittit.
1322 4254 1428 4312 Sed
1449 4254 1595 4325 jam,
1621 4264 1882 4326 quantum
1914 4255 2092 4311 brevi-

497 4349 583 4400 tas
610 4344 813 4417 exigit,
861 4345 930 4402 de
959 4355 1154 4418 quarta
1187 4347 1274 4404 die
1313 4348 1448 4403 satis
1493 4356 1579 4403 est
1605 4347 1830 4402 dictum.
1858 4346 2092 4417 ideoque

496 4434 567 4515 de
622 4437 876 4507 operibus
940 4436 964 4468 '
1019 4438 1242 4508 quintae
1312 4437 1664 4510 intelligibilis
1725 4437 1862 4494 lucis
1927 4454 2092 4508 quae-

2191 3241 2254 3295 ab
2279 3240 2372 3295 illo
2405 3250 2479 3295 est
2496 3258 2515 3307 ;
2542 3242 2657 3313 quis
2685 3252 2760 3296 est
2789 3253 2962 3297 autem
2996 3243 3037 3274 “
3067 3243 3152 3298 hic
3181 3243 3288 3298 nisi
3323 3262 3459 3300 unus
3486 3245 3646 3312 Deus,
3671 3262 3775 3302 una

2190 3333 2405 3400 ueritas,
2436 3351 2544 3388 una
2564 3333 2710 3390 salus
2733 3336 2988 3403 omnium,
3017 3349 3065 3391 et
3092 3338 3264 3408 prima
3282 3347 3441 3410 atque
3469 3356 3669 3394 summa
3692 3355 3778 3394 es-

2189 3426 2379 3492 sentia,
2410 3442 2474 3481 ea:
2494 3442 2597 3498 qua
2619 3437 2693 3482 est
2720 3444 2890 3494 omne,
2919 3429 3168 3500 quicquid
3193 3439 3291 3496 est,
3319 3431 3374 3485 in
3402 3441 3655 3502 quantum
3680 3439 3776 3497 est,

2188 3519 2315 3590 quia
2345 3521 2402 3574 in
2425 3528 2683 3591 quantum
2702 3530 2796 3586 est,
2820 3520 3068 3593 quicquid
3093 3530 3187 3587 est,
3213 3521 3404 3576 bonum
3428 3535 3502 3577 est
3520 3523 3547 3576 2
3572 3521 3642 3576 Et
3662 3521 3777 3576 ideo

2190 3625 2254 3664 ea:
2277 3609 2386 3664 Deo
2416 3626 2521 3664 non
2561 3618 2636 3664 est
2662 3625 2824 3664 mors.
2875 3609 3003 3664 Non
3036 3611 3175 3664 enim
3204 3610 3346 3664 Deus
3389 3619 3601 3666 mortem
3631 3609 3775 3680 fecit,

2192 3718 2283 3756 nec
2311 3699 2544 3755 laetatur
2571 3702 2628 3755 in
2648 3701 2942 3770 perditione
2986 3700 3243 3766 vivorum,
3269 3701 3518 3771 quoniam
3571 3716 3776 3755 summa

2191 3791 2412 3846 essentia
2447 3789 2569 3859 fecit
2607 3806 2778 3856 omne,
2817 3789 2958 3861 quod
2987 3799 3084 3856 est,
3124 3791 3262 3844 unde
3296 3801 3346 3844 et
3390 3791 3618 3844 essentia
3645 3789 3782 3846 dici-

2193 3891 2301 3947 tur,
2346 3897 2487 3934 mors
2511 3889 2685 3934 autem
2730 3897 2836 3934 non
2881 3897 2991 3934 esse
3040 3881 3201 3950 cogit,
3232 3878 3489 3950 quidquid
3531 3879 3777 3934 moritur.

2195 3971 2337 4025 Nam
2374 3973 2418 4026 si
2461 3988 2546 4036 ea,
2574 3987 2708 4043 quae
2735 3971 3055 4037 moriuntur,
3086 3972 3290 4041 penitus
3319 3981 3664 4038 morerentur,
3711 3967 3782 4026 ad

2195 4058 2412 4115 nihilum
2426 4062 2538 4115 sine
2556 4059 2716 4114 dubio
2739 4061 3100 4130 pervenirent;
3121 4060 3212 4115 sed
3225 4070 3429 4115 tantum
3453 4063 3774 4129 moriuntur,

2191 4162 2387 4222 quanto
2421 4155 2597 4209 minus
2628 4154 2882 4208 essentiae
2909 4153 3251 4224 participant.
3283 4153 3436 4221 Quod
3463 4152 3684 4210 brevius
3701 4153 3780 4208 ita

2193 4255 2299 4312 dici
2340 4265 2557 4327 potest:
2591 4265 2740 4313 tanto
2770 4257 2941 4328 magis
2979 4255 3313 4324 moriuntur,
3355 4265 3558 4327 quanto
3599 4255 3780 4312 minus

2194 4356 2338 4404 sunt.
2356 4383 2359 4386 -
2376 4349 2585 4421 Corpus
2605 4359 2785 4405 autem
2814 4350 2993 4405 minus
3020 4359 3123 4417 est,
3149 4364 3313 4420 quam
3334 4349 3451 4404 vita
3480 4347 3780 4419 quaelibet,

2196 4445 2475 4515 quoniam,
2504 4445 3043 4516 quantulumcunque
3072 4452 3256 4500 manet
3282 4444 3338 4498 in
3368 4442 3569 4514 specie,
3596 4456 3693 4512 per
3707 4441 3782 4496 vi-

498 4510 623 4580 dam
649 4506 873 4582 dicenda
901 4506 1055 4582 sunt.
1088 4527 1234 4584 Dtsc.
1269 4527 1350 4586 Ita
1377 4506 1716 4600 consequens
1743 4531 1878 4588 ordo
1907 4506 2088 4587 rerum
2117 4506 2170 4568 Ῑ)
2197 4506 2305 4591 tam
2331 4506 2540 4602 manet,
2571 4537 2684 4592 sive
2714 4553 2818 4608 qua
2846 4506 3518 4616 unumquodqueanit-nal,
3541 4506 3652 4586 siis
3665 4542 3776 4599 qua

498 4619 724 4688 expetit.

525 4733 528 4736 θ
569 4707 662 4764 36.
701 4707 841 4767 Mss.
874 4711 1021 4767 Dixit
1064 4713 1226 4769 etiam
1257 4715 1400 4772 Deus
1427 4735 1439 4771 :
1468 4715 1772 4774 Producant
1804 4714 1974 4792 aquae
2012 4737 2092 4776 re-

496 4799 624 4873 ptile
653 4800 862 4856 animae
892 4803 1128 4869 viventis,
1155 4815 1203 4859 et
1231 4805 1440 4861 volatile
1469 4824 1626 4877 super
1654 4817 1847 4864 terram
1876 4811 1971 4866 sub
1997 4813 2093 4881 [ir-

499 4906 762 4951 mamento
793 4895 944 4951 caeli.
986 4896 1288 4954 Praedictis
1318 4908 1574 4970 quattuor
1603 4900 1793 4957 diebus
1822 4904 2088 4958 conditio-

502 4986 590 5041 nis
622 4994 940 5043 naturarum
973 4987 1119 5043 nulla
1148 4990 1594 5047 commemoratio
1624 4992 1840 5048 animae
1869 4992 2088 5062 legitur,

500 5091 679 5149 neque
724 5079 1041 5151 simpliciter
1080 5092 1287 5139 tantum
1331 5093 1386 5140 et
1431 5085 1703 5153 absolute,
1750 5099 1924 5155 neque
1968 5098 2091 5140 cum

502 5170 869 5231 additamento
915 5177 1163 5234 viventis.
1217 5177 1286 5232 Et
1329 5192 1428 5234 cur
1473 5178 1612 5245 hoc,
1664 5193 1770 5234 non
1822 5176 2093 5233 immerito

501 5267 802 5334 quaeritur.
848 5267 1096 5340 Denique
1147 5270 1212 5326 de
1261 5270 1362 5324 hac
1410 5283 1593 5325 rerum
1637 5269 1842 5325 theoria
1879 5269 2094 5326 diversa
2130 5261 2149 5275 ⁵

501 5353 797 5413 multorum
828 5361 1099 5419 sententia
1125 5368 1220 5419 est.
1262 5359 1582 5427 Suntenim,
1615 5361 1708 5433 qui
1743 5361 1948 5428 dicunt,
1979 5360 2094 5418 ele-

2197 4629 2449 4684 nniversa
2475 4639 2669 4684 natura
2701 4630 2888 4684 mundi
2925 4629 3359 4684 administratur.
3391 4626 3458 4682 Ut
3481 4624 3621 4680 enim
3651 4619 3778 4676 nul-

2193 4721 2304 4777 lum
2332 4735 2529 4790 corpus
2549 4729 2648 4782 est,
2684 4721 2827 4790 quod
2859 4720 3076 4790 propria
3099 4719 3279 4790 specie
3312 4729 3419 4773 non
3450 4712 3774 4805 continetur,
3803 4725 3833 4805 ξ

2193 4812 2268 4867 ita
2309 4811 2452 4865 nulla
2497 4811 2706 4881 species
2747 4819 2849 4876 est,
2900 4825 3040 4880 quae
3081 4809 3378 4881 cuiuspiam
3409 4805 3550 4860 vitae
3575 4802 3780 4858 virtute

2195 4920 2301 4960 non
2335 4906 2560 4975 regitur.
2602 4904 2836 4962 Proinde
2877 4906 2921 4961 si
2965 4906 3146 4961 omnia
3196 4917 3420 4975 corpora
3457 4899 3782 4956 naturaliter

2195 4995 2489 5051 constituta
2520 4997 2751 5067 quadam
2781 4998 2965 5068 specie
2999 4998 3142 5053 vitae
3165 4995 3636 5059 administrantur,
3664 5007 3782 5048 om-

2196 5087 2390 5158 nisque
2419 5089 2628 5157 species
2655 5105 2825 5160 genus
2849 5105 3005 5145 suum
3037 5089 3262 5160 appetit,
3289 5102 3450 5145 omne
3476 5093 3656 5141 autem
3687 5099 3780 5156 ge-

2195 5193 2298 5234 nus
2329 5195 2358 5234 a
2390 5181 2795 5251 generalissima
2823 5182 3122 5238 substantia
3166 5164 3427 5253 originem
3469 5177 3639 5243 ducit,
3669 5190 3784 5232 om-

2159 5297 2166 5303 -
2195 5283 2321 5325 nem
2347 5272 2583 5341 speciem
2614 5273 2759 5328 vitae
2777 5315 2792 5340 ,
2821 5288 2958 5346 quae
2992 5273 3332 5330 diversorum
3361 5281 3648 5343 corporum
3677 5282 3780 5322 nu-

2196 5363 2566 5420 merositatem
2604 5367 2881 5434 continet,
2924 5366 2992 5422 ad
3025 5363 3490 5440 generalissirnam
3512 5358 3784 5434 quandam

1794 5536 2048 5592 VARIAE
2087 5535 2493 5596 LECTIONES.

582 5687 603 5766 ξ
643 5691 688 5766 ᾼ
721 5690 1012 5766 uoluuntur.
1069 5695 1108 5766 A'
1141 5693 1192 5766 Α
1227 5702 1561 5766 permanent.
1649 5694 1670 5726 ³
1705 5693 1753 5766 Α
1789 5693 1980 5750 solum.
2093 5692 2115 5724 ‘
2149 5705 2205 5748 ut
2240 5709 2350 5750 om.
2389 5694 2450 5751 C.
2546 5696 2568 5729 ⁸
2599 5695 2646 5750 Α
2685 5706 2880 5754 autem.
2955 5698 2979 5733 ⁸
3013 5699 3055 5753 Α
3097 5699 3506 5766 transmittatur.
3581 5655 3783 5758 "(illi

513 5752 542 5792 ⁸
573 5757 619 5810 Δ
653 5757 752 5812 ista
789 5760 993 5816 divisio.
1050 5760 1090 5832 _’
1125 5763 1170 5819 Δ

1307 5762 1660 5833 opinionibus.
1737 5765 1780 5799 ⁸⁸
1817 5767 1864 5822 Α
1898 5766 2056 5822 vitam
2091 5766 2294 5821 mundi.
2372 5765 2415 5798 “
2449 5767 2499 5825 Δ
2537 5767 2683 5825 vitali
2714 5779 2879 5827 metu.

2965 5772 3010 5805 “
3045 5770 3094 5827 Δ
3117 5780 3292 5827 autem
3323 5779 3421 5825 est.
