2106 3136
168 2277 169 2280 η
198 2251 331 2280 rationem
349 2252 390 2280 sui
412 2253 535 2288 corporis
550 2252 671 2287 regimen
682 2272 690 2285 ,
706 2259 759 2286 qua
771 2251 914 2279 deserente
928 2259 992 2279 cor-

154 2724 161 2727 “
194 2739 206 2757 ν
223 2724 377 2770 κε’ὅέιῖῗόἰ

172 2812 181 2825 ,

197 178 252 209 τε)

195 226 280 265 vitam
306 240 448 263 recurrere
469 237 580 261 necesse
601 234 653 263 est.
681 230 759 265 cujus
784 230 992 266 participatione
1006 230 1032 261 Α

196 276 773 318 speciticatur.Haecautem.,generalissima
790 276 844 303 vita
857 284 872 303 a
887 276 996 311 sapien-

197 327 270 356 tibus
287 325 381 354 mundi
391 322 624 353 untversalissima
634 322 738 354 anima,
748 326 833 349 totum
840 321 912 356 quod
923 322 995 349 intra

197 373 321 403 caelestis
329 372 459 408 sphaerae
469 369 601 397 ambitum
613 368 862 404 comprehenditur,
871 375 921 403 per
933 376 995 404 spe-

196 422 254 451 cies
268 427 330 448 suas
342 418 513 451 ministrans,
528 421 659 450 vocatur;
681 415 789 443 divinae
803 422 869 442 vero
881 415 995 450 sophiae

195 466 380 504 speculatores
399 471 562 492 communem
576 464 655 491 vitam
675 461 821 498 appellant.
836 462 911 495 Quae
928 462 993 489 dum

194 513 231 543 sit
252 511 390 548 particeps
418 510 493 538 illius
515 509 596 537 unius
611 508 619 524 ‘
635 508 719 541 vitae,
732 514 802 543 quae
821 514 869 542 per
884 514 913 535 sc
928 506 993 534 sub-

194 556 329 587 stantialis
351 560 402 588 est,
430 554 574 590 omnisque
591 554 664 581 vitae
678 552 739 581 fons
758 556 786 581 et
805 553 924 581 creatrix
938 552 995 580 suis

195 601 375 631 divisionibus
399 599 547 628 visibilium
569 603 597 627 et
616 597 793 626 invisibilium
807 598 817 614 ¹
831 598 902 626 vitas
915 598 994 634 juxta

195 647 317 676 divinam
330 644 531 674 ordinationem
553 643 701 676 distribuit,
712 642 938 678 quemadmodum
954 642 994 671 sol

196 694 250 723 iste
263 692 390 721 sensibus
403 696 484 719 notus
497 690 587 718 radios
597 697 662 718 suos
674 689 774 724 ubique
789 688 924 722 diﬂ‘undit,
939 696 994 717 non

197 743 290 767 tamen
310 738 348 765 ita
361 737 416 764 vita
439 736 466 764 in
488 734 578 763 omnia
596 735 731 770 pervenit,
749 735 819 762 sicut
831 734 933 762 solares
948 742 993 762 ra-

197 784 246 813 dii.
268 784 307 812 llli
331 782 464 818 siquidem
484 789 538 810 non
564 782 655 810 omnia
678 786 839 817 penetrant;
865 782 995 810 interiora

196 829 298 858 etenim
311 828 458 856 multorum
469 835 612 863 corporum
621 835 677 856 non
688 827 921 856 transeunt.Vitae
930 834 994 855 vero

195 875 268 904 nulla
280 878 416 907 creatura,
430 880 478 901 seu
493 873 632 901 sensibilis
642 894 650 907 ,
670 881 718 901 seu
734 873 911 908 intelligibilis
921 894 929 907 ,
946 881 995 901 ex-

195 928 260 957 pers
274 927 336 949 esse
349 923 449 956 potest.
466 919 534 946 Nam
550 923 577 946 et
587 927 701 954 corpora
712 939 719 953 ,
735 926 804 954 quae
818 919 918 947 nostris
932 926 994 947 sen-
1007 920 1032 951 Β

194 967 272 997 sibus
283 966 410 995 videntur
421 964 505 993 veluti
520 970 637 999 mortua,
649 973 702 993 non
718 966 830 994 omnino
840 966 895 993 vita
911 966 995 993 relin-

196 1016 327 1048 quttntur.
340 1011 376 1039 Ut
390 1011 463 1039 enim
477 1010 586 1038 illorum
598 1011 758 1046 compositio
771 1015 854 1046 atque
868 1010 996 1039 formatio
1026 1014 1031 1017 '

194 1057 433 1086 administratione
446 1057 573 1094 propriae
588 1057 668 1090 vitae,
688 1057 726 1084 ita
749 1057 832 1084 etiam
854 1056 953 1084 solutio
967 1060 995 1084 et

194 1102 342 1132 inﬁrmitas
356 1107 384 1130 et
394 1103 498 1131 reditus
517 1103 544 1130 in
558 1110 590 1130 ea
602 1122 610 1135 ,
630 1109 665 1130 ex
676 1102 776 1137 quibus
788 1102 905 1130 deducta
918 1106 992 1135 sunt,

195 1148 317 1184 ejusdem
329 1149 459 1185 obsequio
468 1149 616 1185 peragitur.
628 1148 738 1176 Semina
746 1148 893 1184 siquidem,
904 1153 995 1177 terrae

198 1194 397 1228 commendata,
410 1194 461 1222 nisi
483 1195 557 1230 prim
567 1195 730 1227 moriantur,
752 1203 804 1222 non
819 1195 993 1227 reviviscunt,

198 1243 227 1267 et
249 1246 324 1267 mors
345 1247 440 1267 eorum
462 1239 473 1255 ³
493 1239 592 1268 solutio
618 1239 749 1268 materiae
772 1244 800 1267 et
822 1240 920 1275 speciei
942 1244 995 1273 est,

197 1285 349 1320 eademque
360 1285 426 1318 vita,
443 1292 512 1320 quae
526 1284 646 1312 viviﬁcat
668 1285 723 1312 vim
747 1285 892 1318 seminum,
908 1290 935 1313 et
947 1292 996 1321 per
1026 1293 1029 1296 '

197 1332 253 1360 vim
271 1332 386 1365 semina,
402 1332 561 1367 priusquam
583 1324 735 1365 solvantur,
756 1332 783 1360 in
796 1332 930 1360 solutione
942 1339 997 1360 non

196 1377 309 1411 deserit,
319 1378 367 1405 sed
377 1377 410 1405 iis
425 1384 534 1412 semper
542 1377 687 1411 adhaeret,
699 1377 753 1405 imo
764 1377 846 1405 etiam
859 1385 890 1405 ea
905 1377 995 1410 solvit,

196 1431 327 1459 moxque,
341 1422 414 1451 nulla
428 1430 506 1451 ntora
519 1423 694 1455 interstante,
708 1423 862 1455 viviﬁcare,
878 1423 930 1450 hoc
941 1426 994 1455 est,
1020 1423 1023 1425 ’

198 1470 227 1498 in
240 1469 355 1497 eandem
370 1469 488 1504 speciem
509 1476 638 1497 revocare
651 1469 752 1503 incipit.
772 1468 821 1496 Ubi
835 1469 907 1495 enim
923 1473 996 1496 esset

198 1516 246 1544 illa
259 1516 316 1543 vita
327 1515 468 1544 solutionis
488 1523 636 1551 corporum
652 1515 662 1529 ⁸
677 1519 809 1549 tempore,
822 1514 871 1541 nisi
895 1514 920 1541 in
936 1514 995 1550 ipso

198 1562 307 1591 soluto?
323 1561 356 1591 Ut
366 1562 438 1590 enim
452 1562 496 1590 illa
510 1569 572 1590 cum
584 1566 722 1597 compacto
735 1570 787 1588 non
802 1561 993 1597 compingitur,

199 1609 238 1637 ita
255 1616 318 1636 cum
331 1608 419 1636 soluto
433 1616 487 1636 non
505 1608 620 1636 solvitur
630 1628 637 1640 ,
652 1616 739 1642 neque
755 1615 816 1634 cum
834 1611 995 1635 renascente
1008 1600 1031 1632 C

198 1655 360 1687 renascitur,
373 1661 424 1682 nec
429 1655 488 1690 plus
500 1658 607 1690 vegetat
618 1658 703 1681 totum
714 1653 795 1681 simul
808 1653 994 1688 coniunctum,

196 1708 279 1737 quam
294 1701 321 1728 in
334 1705 426 1736 partes
439 1700 614 1735 disjunctum,
627 1707 716 1735 neque
728 1698 824 1734 major,
837 1699 865 1727 id
878 1703 930 1733 est,
943 1707 993 1735 po-

196 1746 298 1774 tentior
311 1746 338 1773 in
354 1750 426 1779 toto,
440 1753 522 1781 quam
537 1746 564 1773 in
577 1749 674 1781 parte;
693 1751 744 1773 nec
758 1745 858 1778 minor,
872 1745 925 1773 hoc
939 1750 993 1778 est,

196 1792 370 1828 impotentior
387 1792 414 1820 in
430 1796 510 1827 parte
530 1799 613 1827 quam
636 1791 665 1819 in
686 1788 753 1819 toto.
777 1791 852 1819 Haec
873 1791 994 1827 ejusdem

196 1845 315 1874 namque
329 1838 471 1875 regiminis
481 1842 523 1866 est
537 1838 565 1866 in
578 1838 694 1866 cunctis.
709 1838 769 1872 ipsa
785 1839 866 1865 etiam
883 1837 993 1871 solutio,

196 1892 267 1921 quae
276 1892 352 1913 mors
364 1884 487 1920 corporis
502 1884 617 1917 dicitur,
635 1884 736 1911 nostris
752 1884 876 1911 sensibus
888 1889 915 1912 et
933 1891 992 1911 ma-

199 1931 285 1958 teriae
298 1930 397 1958 solutio
407 1934 462 1964 est,
473 1938 527 1959 non
538 1930 589 1966 ipsi
604 1935 727 1963 naturae,
739 1939 809 1967 quae
824 1931 994 1966 inseparabi-

198 1976 233 2005 lis
247 1977 327 2005 estin
341 1978 441 2013 seipsa,
453 1977 479 2006 ei
493 1977 573 2006 simul
592 1981 621 2005 et
637 1985 745 2013 semper
758 1982 799 2006 est
808 1998 816 2011 ,
833 1985 883 2005 nec
897 1977 993 2012 spatiis

197 2022 321 2052 locorum
338 2027 365 2051 et
381 2027 531 2059 temporum
553 2028 723 2059 segregatur.
749 2022 836 2051 Homo
859 2023 993 2058 siquidem
1012 2024 1015 2027 ‘

197 2077 253 2097 non
268 2069 368 2098 desinit
377 2076 438 2097 esse
449 2069 539 2097 homo.
553 2069 641 2097 Homo
651 2074 743 2097 autem
754 2076 853 2105 corpus
861 2074 888 2096 et
902 2069 993 2096 anima

197 2119 249 2143 est.
266 2114 296 2143 Si
306 2120 397 2143 autem
410 2121 517 2151 semper
531 2114 624 2148 homo,
641 2121 750 2149 semper
762 2113 843 2149 igitur
859 2113 950 2140 anima
965 2116 993 2141 et

197 2167 306 2197 corpus.
319 2160 354 2188 Et
364 2160 488 2196 quamvis
508 2165 599 2196 partes
613 2160 732 2188 hominis
748 2167 762 2187 a
776 2166 805 2187 se
818 2159 934 2187 invicem
949 2167 993 2188 se-

197 2210 361 2242 gregeutur;
372 2206 464 2239 anima
479 2206 552 2234 enim
571 2205 673 2234 deserit
686 2205 816 2233 usitatum
833 2209 896 2240 post
911 2212 992 2241 gene-

196 2306 248 2334 pus
259 2298 385 2333 solvitur,
397 2304 543 2335 partesque
562 2299 633 2327 illius
656 2299 774 2335 propriis
794 2299 991 2328 elementorum

196 2344 306 2373 sedibus
318 2344 468 2380 redduntur
484 2354 491 2372 :
508 2344 626 2373 naturali
640 2349 730 2373 tamen
744 2345 850 2374 ratione
859 2350 887 2374 et
899 2350 991 2382 partes

163 2409 169 2412 -
196 2391 231 2419 ad
243 2396 329 2420 totum
345 2391 442 2420 referri
457 2400 511 2420 non
522 2392 652 2420 desinunt
662 2399 771 2427 semper
782 2397 809 2421 et
820 2392 991 2428 inseparabi-

162 2453 167 2456 -
197 2436 269 2470 liter,
281 2441 309 2465 et
320 2442 407 2466 totum
426 2438 461 2466 ad
478 2441 589 2473 partes;
605 2438 743 2467 relationis
762 2438 896 2473 siquidem
919 2438 991 2466 ratio

166 2498 170 2501 -
198 2489 336 2517 nunquam
349 2487 440 2519 potest
456 2484 557 2519 perire.
573 2484 690 2512 Proinde
704 2483 775 2519 quod
788 2491 918 2519 corporeo
929 2491 991 2512 sen-

162 2544 165 2546 -
196 2526 242 2556 sui
264 2526 370 2558 Videtur
393 2530 548 2566 segregari,
578 2530 667 2558 aitiori
693 2537 785 2558 rerum
809 2530 993 2565 speculatione

193 2579 307 2610 semper
328 2573 410 2603 simul
430 2580 459 2604 et
482 2575 699 2604 inseparabiliter
719 2575 865 2604 subsistere
882 2583 993 2605 necesse

625 173 671 202 DE
689 171 862 202 ῡιπδιοΝΕ
880 170 1060 200 NATURAE.
1079 185 1115 192 —-
1132 170 1235 199 LIBER
1254 170 1418 201 TERTIUS.

1794 176 1849 206 750

1044 232 1094 256 est.
1112 228 1179 256 Nam
1190 233 1218 256 et
1230 236 1331 265 corpus
1342 230 1507 265 humanum,
1521 231 1579 260 sive
1592 232 1696 265 vivum,
1706 233 1763 261 sive
1778 243 1849 264 mor-

1047 280 1135 308 tuum,
1151 282 1249 311 corpus
1263 275 1383 303 hominis
1396 280 1447 303 est.
1464 276 1593 305 Similiter
1607 278 1699 306 anima
1713 279 1848 315 humana,

1046 324 1105 352 sive
1125 330 1225 359 corpus
1247 330 1326 351 suum
1352 323 1434 351 simul
1458 324 1601 352 collectum
1626 330 1712 361 regat,
1738 326 1796 354 sive
1821 328 1850 356 in

1046 372 1139 405 partes
1152 368 1323 401 dissolutum,
1335 373 1365 396 ut
1376 368 1500 402 videtur,
1521 369 1646 398 sensibus
1665 377 1761 405 regere
1778 372 1850 400 desi-

1045 419 1105 448 nat,
1125 415 1218 442 anima
1238 418 1330 442 tamen
1349 414 1467 443 hominis
1483 422 1544 443 esse
1564 422 1618 443 non
1632 420 1731 444 cessat.
1741 416 1786 446 'Ac
1797 424 1849 454 per

1046 462 1100 489 hoc
1110 461 1191 489 datur
1202 461 1314 497 intelligi
1329 460 1420 489 altiori
1432 469 1523 490 rerum
1535 461 1717 496 intimatione,
1729 470 1784 491 non
1795 463 1848 492 ml-

1045 516 1098 536 nus
1111 516 1173 536 eam
1186 508 1378 536 administrare
1391 516 1491 544 corpus
1512 516 1561 544 per
1582 509 1716 548 elementa
1737 510 1846 546 disper-

1045 562 1117 587 sum,
1129 562 1211 590 quam
1224 560 1278 581 una
1291 554 1450 590 compagine
1461 555 1646 583 membrorum
1658 555 1846 591 coniunctum.

1045 601 1122 635 Quod
1153 608 1219 629 vera
1244 600 1314 628 ratio
1345 600 1532 628 indubitanter
1559 600 1665 628 edocet.
1705 600 1737 629 Si
1772 601 1846 629 enim

1046 648 1137 676 anima
1162 647 1274 683 spirittts
1304 650 1356 679 est,
1384 654 1434 682 per
1453 654 1483 674 se
1508 647 1582 675 omni
1611 654 1744 682 corporea
1770 655 1846 675 cras~
1884 656 1890 662 ι

1045 695 1164 723 situdine
1191 701 1299 726 carens,
1325 693 1383 728 ipsa
1407 700 1515 728 quoque
1543 693 1688 726 elementa,
1718 693 1746 720 in
1776 700 1847 728 quae

1045 748 1144 776 corpus
1166 739 1301 772 solvitur,
1324 742 1455 773 quantum
1477 746 1527 773 per
1549 745 1578 766 se
1605 732 1765 774 simpliciter
1781 737 1848 766 sub-

1045 787 1164 819 sistunt,
1196 784 1330 821 spirituali
1357 789 1471 813 naturae
1500 785 1625 820 proxima
1658 789 1721 813 sunt
1747 794 1754 812 :
1783 785 1849 820 quid

1044 834 1157 866 mirum,
1173 833 1196 861 si
1221 833 1382 867 incorporea
1399 832 1489 859 anima
1509 837 1602 867 partes
1624 832 1747 867 corporis
1761 831 1802 859 sui
1819 833 1847 859 in

1044 879 1178 916 proximis
1193 878 1204 895 '
1219 878 1271 906 sibi
1288 877 1394 905 naturis
1419 877 1570 906 custoditas
1593 877 1714 905 rexerit?
1728 877 1848 905 Facilius

1046 926 1118 953 enim
1134 924 1233 952 similia
1253 923 1316 957 sibi,
1330 930 1412 959 quam
1433 923 1573 951 dissimilia
1593 927 1685 959 potest
1700 923 1845 959 attingere.

1046 971 1193 1000 Dissimilia
1209 976 1300 999 autem
1322 975 1386 999 sunt
1408 971 1459 999 sibi
1475 979 1583 1004 crassa,
1609 975 1637 999 et
1660 970 1847 1006 eorruptibilia

1047 1025 1177 1053 corpora;
1206 1017 1304 1045 similia
1330 1025 1397 1045 vero
1423 1017 1592 1052 tenuissima,
1618 1021 1645 1044 et
1670 1016 1744 1044 nullo
1767 1017 1848 1044 modo

1046 1063 1215 1099 corruptioni
1227 1063 1355 1090 obnoxia.
1370 1063 1429 1090 Non
1446 1071 1519 1091 enim
1538 1063 1702 1091 credendum
1717 1066 1770 1096 est,
1787 1069 1849 1090 cor-

1045 1116 1144 1144 poreas
1162 1112 1264 1144 partes,
1280 1116 1313 1136 ex
1332 1109 1492 1144 compagine
1511 1108 1591 1144 spissi
1613 1108 1736 1144 corporis
1757 1108 1848 1137 disso-

1047 1154 1130 1187 lutas,
1146 1154 1174 1182 in
1190 1155 1256 1190 ipsis
1273 1154 1425 1188 clementis,
1447 1155 1475 1182 in
1495 1154 1593 1190 quibus
1606 1154 1756 1188 salvantur,
1771 1162 1848 1183 cras-

1046 1200 1195 1228 situdinetn
1220 1207 1298 1227 suam
1314 1208 1368 1227 non
1395 1200 1532 1234 deserere,
1558 1207 1585 1229 et
1600 1208 1653 1229 non
1679 1201 1706 1228 in
1727 1201 1847 1236 ipsorum

1047 1245 1243 1273 elementorum
1266 1245 1420 1273 levissimas
1456 1245 1666 1281 spiritualesque
1700 1246 1847 1281 qualitates

1048 1292 1173 1323 transire,
1195 1299 1249 1319 non
1269 1296 1299 1319 ut
1318 1291 1427 1326 penitus
1446 1298 1499 1318 non
1515 1299 1646 1326 corporea
1668 1291 1695 1325 ',
1715 1292 1762 1320 sed
1786 1298 1817 1320 ut
1842 1304 1844 1307 -

1047 1337 1196 1373 spiritualia
1209 1345 1335 1372 corpora,
1348 1337 1418 1364 sicut
1431 1341 1459 1364 et
1471 1338 1527 1371 ipsa
1543 1337 1598 1364 sint
1608 1337 1754 1365 elementa.
1769 1337 1847 1372 Quod

1047 1384 1130 1411 etiam
1143 1383 1260 1410 viventis
1277 1382 1367 1410 adhuc
1385 1378 1507 1417 corporis
1529 1387 1689 1418 argumento
1701 1384 1848 1419 promptis.

1047 1429 1116 1457 sime
1142 1428 1217 1455 vales
1248 1427 1411 1463 approbare.
1442 1427 1563 1455 Partium
1598 1428 1732 1464 siquidem
1761 1429 1847 1465 ipsius

1047 1473 1180 1509 quaedam
1203 1473 1313 1508 quidem
1328 1473 1498 1508 ponderosae
1523 1477 1595 1507 sunt,
1615 1478 1643 1501 et
1666 1474 1693 1501 in
1715 1476 1845 1503 crassitu-
1876 1500 1878 1502 .

1047 1519 1137 1546 dinem
1151 1518 1293 1551 densatae,
1307 1521 1337 1545 ut
1352 1523 1416 1545 sunt
1427 1525 1501 1551 ossa,
1516 1525 1623 1552 carnes,
1635 1520 1712 1547 nervi
1726 1527 1846 1555 quoque,

1047 1572 1081 1593 ac
1094 1572 1192 1598 venae,
1208 1571 1304 1592 omnes
1321 1564 1405 1591 etiam
1419 1564 1559 1598 humores,
1579 1565 1678 1600 quibus
1693 1566 1778 1593 moles
1790 1570 1846 1594 tota

1047 1610 1193 1645 irrigatur,
1221 1614 1249 1636 et
1274 1610 1409 1643 nutritur,
1435 1614 1464 1637 et
1488 1609 1656 1643 fabricatur;
1683 1611 1751 1639 haec
1773 1612 1846 1639 enim

1046 1656 1138 1683 omnia
1153 1663 1187 1683 ex
1210 1655 1333 1691 aquatiii,
1350 1660 1513 1692 terrenaque
1524 1657 1656 1692 qualitate
1669 1657 1697 1686 in
1712 1658 1846 1686 constitu-

1046 1703 1146 1731 tionem
1175 1703 1298 1738 corporis
1326 1707 1491 1736 sumuntur;
1515 1703 1649 1738 quaedam
1676 1711 1743 1732 vero
1765 1704 1848 1732 levis-

1045 1749 1142 1782 simae,
1168 1748 1296 1784 nulloque
1311 1748 1463 1784 gravitatis,
1490 1756 1537 1777 seu
1562 1749 1751 1778 crassitudinis
1775 1758 1846 1786 pun-

1045 1794 1109 1822 dcre
1121 1794 1277 1830 impeditae,
1289 1801 1396 1829 quaqua
1406 1801 1526 1827 versum,
1533 1799 1615 1829 prout
1626 1796 1715 1822 anima
1722 1794 1845 1830 jusserit,

1045 1839 1118 1868 nulla
1141 1847 1218 1867 ntora
1240 1839 1404 1868 interstante
1426 1839 1569 1868 confestim
1593 1841 1756 1876 perveniunt
1777 1841 1801 1874 ⁵,
1816 1845 1847 1869 ut

1044 1890 1087 1914 est
1097 1885 1183 1918 visus,
1197 1889 1226 1912 et
1238 1885 1357 1913 auditus.
1378 1885 1451 1919 Quas
1467 1890 1560 1921 partes
1582 1887 1705 1922 corporis
1719 1887 1800 1915 esse‘
1810 1894 1845 1915 ex

1044 1932 1107 1967 igne
1122 1936 1150 1959 et
1163 1938 1226 1959 aere
1244 1931 1383 1964 deductas,
1400 1938 1480 1959 nemo
1503 1937 1578 1959 recte
1596 1932 1845 1967 philosophantium

1044 1976 1186 2011 almegarit
1207 1975 1239 2003 '°.
1257 1976 1305 2004 Est
1325 1976 1408 2009 enim,
1433 1980 1463 2003 ut
1475 1977 1514 2003 ait
1536 1982 1648 2004 sanctus
1660 1978 1845 2013 Augustinus,

1045 2020 1205 2048 luminoaum
1212 2020 1313 2056 aliquid
1323 2021 1352 2047 in
1370 2020 1453 2047 oculis
1463 2040 1470 2052 ,
1492 2029 1597 2048 aereum
1607 2022 1734 2056 quiddam
1749 2023 1845 2051 mobile

1044 2073 1068 2095 et
1083 2075 1210 2095 sonorum
1224 2067 1252 2094 in
1268 2067 1387 2094 auribus.
1405 2067 1487 2095 Visus
1502 2067 1635 2102 siquidem
1647 2072 1689 2096 est
1701 2068 1746 2095 lux
1760 2075 1845 2103 quae-

1045 2114 1119 2148 dam,
1136 2121 1170 2141 ex
1185 2113 1277 2141 cordis
1290 2113 1351 2148 igne
1366 2113 1484 2148 primum
1503 2121 1631 2147 nascens,
1650 2114 1800 2149 deindeque
1813 2115 1842 2144 in

1044 2160 1230 2187 summitatem
1257 2160 1371 2187 verticis
1396 2160 1557 2193 ascendens,
1581 2159 1609 2188 in
1630 2156 1845 2191 eam”videlicet

1043 2209 1160 2242 partem,
1169 2212 1260 2241 quaea
1272 2204 1384 2233 Graecis
1397 2205 1497 2233 dicitur
1506 2207 1596 2243 priqu
1606 2206 1845 2239 “,aLatinisvero

1044 2252 1242 2285 membranula,
1258 2260 1312 2287 qua
1328 2251 1473 2280 cerebrum
1495 2257 1523 2280 et
1541 2252 1662 2280 ambitur
1677 2258 1705 2281 et
1725 2254 1846 2282 custodi-

1047 2305 1102 2335 tur,
1127 2309 1177 2337 per
1195 2301 1327 2336 quosdatn
1351 2308 1433 2336 poros
1454 2300 1488 2328 ad
1511 2300 1655 2336 supercilia
1671 2301 1845 2338 pupillasque

1046 2347 1186 2375 oculorum
1200 2347 1333 2382 derivata,
1355 2347 1427 2375 unde
1439 2347 1612 2376 velocissimo
1632 2348 1746 2384 impetu,
1768 2349 1843 2377 sola-

1046 2394 1115 2421 rium
1129 2393 1266 2422 radiorum
1279 2393 1374 2427 instar,
1388 2393 1464 2422 foras
1474 2394 1628 2430 prosiliens,
1642 2395 1718 2430 prius
1731 2396 1844 2432 propin-

1046 2447 1099 2476 qua
1111 2440 1168 2468 loca
1181 2444 1208 2469 et
1224 2448 1349 2476 corpora,
1362 2448 1408 2469 seu
1421 2440 1576 2477 longissime
1591 2442 1749 2474 constituta,
1767 2446 1842 2470 tanta

1045 2485 1187 2514 velocitate
1201 2486 1323 2521 attingit,
1342 2494 1423 2521 quam
1438 2486 1565 2522 palpebra
1580 2486 1719 2514 oculorum
1733 2491 1761 2514 et
1782 2491 1842 2514 tau-

1047 2532 1118 2560 tonis
1131 2538 1144 2553 ι
1160 2532 1314 2567 supercilia.
1331 2531 1446 2559 Auditus
1462 2538 1568 2567 quoque
1589 2535 1631 2559 est
1646 2532 1842 2561 subtilissimus

1046 2578 1156 2613 quidam
1182 2578 1308 2612 tinnitus,
1327 2578 1373 2614 qui
1397 2586 1430 2607 ex
1458 2585 1616 2614 pumunum
1639 2578 1737 2614 spiritu
1751 2579 1845 2616 primo

845 2649 973 2677 VARlAE
992 2649 1193 2679 LECTIONES.

233 2704 242 2723 ³
260 2705 340 2733 uultu
354 2713 411 2735 om.
426 2705 460 2734 Λ.
515 2706 525 2723 ³
543 2712 568 2736 et
592 2706 763 2736 invisibilium
787 2714 842 2735 om.
856 2706 889 2734 A.

946 2705 1022 2722 ,Δὶ

433 2707 460 2734 ι.
515 2707 525 2723 ³
543 2712 568 2736 et
592 2707 763 2736 invisibilium
787 2714 842 2735 om.
856 2707 889 2734 A.
946 2707 956 2722 '
975 2707 998 2734 Δ
1013 2707 1121 2735 illorum
1176 2707 1188 2723 ⁸
1206 2716 1228 2735 Α
1248 2715 1371 2742 corporis.

433 2741 444 2758 '
461 2740 482 2770 C
495 2744 662 2779 proueniunt.
700 2744 710 2759 '
728 2751 783 2770 esse
810 2750 864 2770 om.
881 2741 912 2769 C.
952 2742 973 2758 ¹⁰
992 2742 1173 2778 Culmegaret.
1212 2743 1233 2759 “
1253 2746 1371 2772 MENtuA.

1176 2707 1188 2723 ⁸
1206 2716 1230 2744 is
1248 2715 1375 2742 corporis.
1414 2707 1425 2723 '
1441 2707 1464 2735 A
1490 2706 1591 2743 primis.
1647 2706 1658 2722 ‘
1678 2706 1698 2735 Α
1715 2714 1836 2744 corpora.

960 2813 1086 2843 NOTAE.

234 2877 246 2891 ι
261 2870 394 2908 Tantone:
410 2873 428 2900 i.
442 2880 466 2900 e.
481 2873 629 2908 palpebrae,
646 2873 693 2908 pili
708 2870 980 2908 palpebraruszoni

1036 2879 1083 2911 nos
1104 2871 1184 2898 etiam
1210 2875 1330 2900 tantone:
1352 2870 1457 2906 proprie
1473 2879 1605 2901 uocamus.
1621 2872 1663 2902 Cl“.
1679 2873 1721 2903 Du
1744 2873 1835 2911 Gange

197 2906 319 2941 magistri
326 2908 407 2943 gloss.
417 2909 444 2937 in
453 2905 630 2937 Prudentium
639 2905 721 2936 {setas
734 2905 806 2935 vocat
815 2908 900 2939 cities,
911 2906 981 2943 quod
1034 2905 1154 2935 Glossar.
