2106 3136
197 197 254 228 ιω

589 201 593 203 ’
621 193 668 222 DE
685 191 855 222 DIVISIONE
874 191 1051 222 NATIJRAE.
1070 206 1107 213 —
1123 189 1227 219 LIBER
1245 189 1407 217 TERTIUS.

1783 189 1838 219 ’154

200 261 298 285 manus
316 257 430 281 naturae
446 251 481 279 ab
500 249 620 286 angelica
636 248 787 276 substantia
803 248 912 275 relictae
930 250 993 275 sunt
1006 251 1031 280 Α
1044 245 1125 280 lium,
1147 254 1224 274 suam
1247 244 1485 273 rationabilitatem
1504 252 1557 273 non
1572 245 1715 279 deserens;
1735 248 1836 281 nutrit,

202 302 254 328 hae
278 298 501 335 signiﬁcationes,
526 296 618 323 anima
646 294 770 321 videlicet
796 293 945 325 rationalis,
966 296 993 321 et

202 346 293 381 imago
311 344 369 372 Dei.
389 341 583 370 lrrationsbilis
605 344 695 367 autem
711 339 766 366 vita
781 339 910 366 dividitur
934 340 943 354 ι
966 339 993 365 iu

202 397 275 422 eam,
296 395 365 424 quae
381 393 488 415 sensum
502 385 656 421 participat,
676 384 757 418 inque
781 390 854 415 eam,
877 390 947 417 quae
960 386 995 410 eo

205 440 288 463 cat-et.
303 434 335 461 Et
348 440 399 460 una
413 432 523 467 quidem
537 431 664 458 omnibus
681 429 841 457 animalibus
860 428 993 456 sentiendi

199 480 329 506 virtutem
344 477 509 505 habentibus
521 476 702 506 distribuitur,
726 474 809 502 altera
831 482 896 501 vero
920 474 994 501 ninui

172 542 173 546 η
201 532 282 554 sensu
298 524 455 552 carentibus
477 522 612 553 materiis,
631 529 700 555 quae
713 521 818 555 species
839 521 910 547 vitae
930 520 994 547 her-

172 581 178 589 ’
201 570 300 598 barum
317 569 506 604 lignorumque
532 566 687 594 dominari’
700 566 864 601 perhibetur,
879 570 907 592 et
926 565 995 592 inin

203 623 287 650 quam
307 615 408 642 nullam
427 614 546 648 speciem
558 612 631 639 vitae
652 612 721 639 ratio
745 612 856 639 invenit.
881 611 996 638 Proinde

204 665 315 689 creatae
329 661 401 687 vitae
414 664 543 694 quattuor
559 657 727 685 diii'erentiae
746 657 773 683 in
790 660 917 691 quattuor
936 663 997 691 spes

206 706 300 734 siebus
321 705 485 740 colliguntur
497 713 506 730 :
530 702 721 731 intellectualis
743 702 770 728 in
788 702 898 736 angelis,
917 701 987 728 ratio

207 753 278 779 nalis
288 751 299 768 ⁸
310 752 337 778 in
351 751 513 781 hominibus,
525 748 657 776 sensuaiis
669 747 695 773 in
718 746 822 778 bestiis,
835 746 997 773 insensualis

204 797 235 824 in
251 796 417 830 germinibus
436 794 590 828 ceterisque
603 792 772 826 corporibus,
786 791 813 818 in
829 791 926 825 quibus
941 790 998 819 sola

205 841 311 876 species
330 840 473 874 vestigium
488 839 560 866 vitae
577 838 743 869 manifestat,
754 841 784 864 ut
796 840 858 864 sunt
872 840 998 871 quattuor

205 887 298 914 mundi
321 885 466 917 elementa,
489 884 545 912 sive
573 882 706 918 simplicia
736 882 792 909 sint
810 888 858 916 per
880 889 919 914 se,
941 882 998 909 sive

1044 297 1071 320 et
1084 298 1164 328 auget
1178 293 1188 308 ⁸
1203 299 1300 327 corpus
1326 298 1416 322 suum,
1435 294 1465 317 ut
1483 290 1527 317 illa
1537 311 1544 323 ,
1565 299 1635 326 quae
1649 299 1731 320 sensu
1744 297 1836 326 caret,

1044 337 1195 372 herbasque
1206 343 1238 363 ac
1257 336 1327 372 ligna
1345 338 1482 371 penetrat;
1498 335 1597 370 ubique
1610 337 1636 364 in
1651 341 1680 365 se
1693 336 1750 373 ipsa
1765 341 1838 371 tota,

1044 386 1071 410 et
1092 383 1120 409 in
1140 382 1265 410 ‘omnibus
1278 385 1351 415 tota,
1374 386 1446 409 totos
1462 389 1558 409 sensus
1580 389 1645 409 suos
1661 382 1787 410 custodit.
1808 383 1838 411 lu

1044 427 1151 455 ossibus
1165 435 1241 462 ergo,
1256 432 1282 454 et
1300 427 1445 463 unguibus,
1462 432 1490 454 et
1503 427 1607 462 capillis
1620 428 1674 455 vim
1682 427 1842 463 germinails

1045 473 1118 499 vitae
1134 472 1237 507 aperit;
1259 480 1327 507 quae
1345 477 1435 507 partes
1457 473 1540 500 nostri
1559 473 1698 508 corporis,
1713 474 1841 508 quoniam

1045 520 1101 547 aeri
1115 519 1223 554 perviae
1234 526 1287 546 non
1305 522 1377 551 sunt,
1390 518 1492 546 nullum
1500 522 1608 546 sensum
1623 518 1797 554 participant.
1811 519 1842 549 in

1045 564 1263 599 quinquepertito
1288 570 1416 591 sensuum
1451 564 1632 591 instrumento
1662 565 1847 594 irrationabili'

1046 611 1117 638 vitae
1136 610 1334 641 communicat,
1350 617 1419 644 quae
1440 610 1597 637 animalium
1617 611 1723 639 ratione
1742 616 1839 640 caren-r

1047 657 1112 684 tium
1127 656 1236 691 propria
1250 655 1383 682 subsistit.
1398 655 1427 683 in
1444 655 1487 683 his
1498 655 1624 683 omnibus
1639 661 1688 691 per
1706 664 1737 684 se
1753 657 1838 692 ipsam

1047 702 1171 737 quamvis
1183 708 1264 736 saepe
1278 700 1502 728 irrationabiliter
1510 704 1662 735 moveatur,
1677 703 1780 730 ratione
1791 710 1840 731 sua

1047 752 1142 774 carere
1161 750 1258 773 natura
1281 753 1334 773 non
1353 747 1426 773 sinit.
1441 746 1528 774 Omne
1549 751 1654 780 autem,
1669 748 1741 783 quod
1754 751 1842 784 potest

1047 796 1156 827 praeter
1177 791 1226 818 has
1245 791 1399 825 praedictas
1416 792 1544 825 virtutes,
1569 791 1720 820 viviﬁcandi
1741 793 1843 822 scilicet

1048 838 1239 872 nutriendique
1266 845 1298 865 ac
1321 838 1453 865 sentiendi
1476 846 1525 873 per
1549 846 1661 872 sensus,
1687 838 1743 867 sive
1765 844 1842 875 agat,

1049 883 1107 911 sive
1121 883 1247 917 patiatur,
1261 887 1338 910 extra
1351 890 1450 918 corpus
1461 891 1536 910 suum
1553 891 1633 919 agere
1644 885 1686 912 vel
1700 886 1754 919 pati
1768 890 1843 913 recta

206 930 356 965 composita
371 938 378 956 :
395 934 494 956 terram
514 929 584 960 dico,
599 935 709 962 aquam,
724 931 751 954 et
765 927 776 942 ⁸
790 934 864 960 aera,
878 927 1000 954 aethera-
1013 924 1037 954 Β
1053 928 1158 956 ratione
1167 929 1348 962 cognoscitur.
1362 928 1408 955 His
1422 930 1512 964 itaque
1523 930 1555 956 de
1567 930 1743 957 divisionibus
1755 931 1842 966 deque

206 983 268 1010 que.
289 975 328 1002 Ac
340 982 388 1009 per
400 974 451 1001 hoc
472 981 524 1000 non
538 973 674 1000 immerito
689 972 787 999 dicitur
800 972 881 999 homo
898 977 1001 999 creatu-

205 1027 298 1053 rarum
311 1018 427 1046 omnium
441 1018 559 1052 ofﬁcina,
575 1017 703 1051 quoniam
721 1016 747 1043 in
765 1017 823 1051 ipso
840 1016 1002 1044 universalis

206 1068 331 1092 creatura
354 1064 515 1091 continetur.
539 1063 667 1098 luteiiigit
691 1063 800 1097 quidem
824 1068 854 1089 ut
876 1063 1000 1098 angelus,

205 1109 385 1138 ratiocinator
400 1114 431 1137 ut
444 1110 534 1141 homo,
549 1109 631 1136 sentit
655 1113 685 1136 ut
706 1108 805 1135 animal
832 1109 1000 1142 irrationale,

208 1155 274 1182 vivit
290 1159 320 1181 ut
330 1161 451 1189 germen,
465 1161 579 1189 corpore
589 1154 734 1188 animaque
754 1155 887 1187 subsistit,
900 1155 1001 1183 nullius

210 1204 353 1227 creaturae
374 1207 479 1233 expers.
494 1199 577 1226 Extra
598 1199 667 1226 haec
687 1199 759 1226 enim
783 1199 885 1226 nullam
899 1204 1002 1227 creatu-

210 1253 270 1272 ram
289 1245 403 1272 invenis.
419 1244 472 1272 Sed
492 1244 616 1272 fortassis
628 1245 690 1280 quis
703 1245 812 1278 dixerit,
833 1246 901 1274 haec
913 1247 1003 1274 omnia

210 1289 238 1317 in
252 1290 348 1324 angelo
362 1296 468 1324 quoque
489 1290 633 1316 contineri.
647 1289 696 1317 Cui
711 1291 873 1324 respondeo,
894 1299 1002 1319 sensum

209 1336 373 1363 animalibus
402 1336 574 1362 distributum
595 1343 648 1362 non
677 1343 755 1370 posse
779 1337 935 1369 subsistere,
951 1338 1002 1365 nisi

208 1381 236 1408 in
251 1388 365 1415 corpore
390 1388 423 1408 ex
450 1384 579 1414 quattuor
602 1381 744 1409 elementis
767 1382 923 1410 constituto.
943 1383 1001 1410 Non

208 1427 282 1455 enim
295 1427 305 1442 ⁵
318 1427 370 1453 crit
397 1426 480 1455 visus.
499 1426 543 1453 ubi
561 1434 611 1452 non
627 1431 668 1452 est
685 1427 763 1460 ignis,
784 1435 871 1461 neque
885 1428 1001 1460 auditus,

209 1471 234 1498 si
254 1478 302 1498 aer
319 1471 404 1503 desit;
420 1471 534 1498 humore
554 1471 692 1497 subtracto
710 1480 758 1498 nec
777 1472 892 1498 olfactus
914 1480 1001 1499 rema-

210 1516 288 1548 nebit
303 1522 352 1543 nec
362 1520 473 1551 gustus;
500 1519 587 1542 terrae
609 1517 731 1543 absentia
757 1521 840 1543 totum
868 1517 1001 1544 abstrahit

212 1567 326 1589 tactum.
353 1561 472 1597 Corpora
494 1569 559 1589 vero
573 1562 695 1596 angelica
717 1562 849 1597 simplicia
871 1564 999 1598 spiritua-

1051 974 1210 1002 diii‘erentiis
1241 974 1461 1009 generalissimae
1484 975 1556 1001 vitae
1581 976 1763 1011 praecognitis
1807 976 1841 1003 ad

1051 1019 1208 1054 praedictae
1219 1019 1385 1053 quaestionis
1395 1020 1604 1053 reserationem,
1620 1026 1748 1055 quantum
1765 1022 1851 1049 datur

1052 1065 1131 1092 nobis
1144 1064 1274 1098 intelligi,
1290 1065 1447 1098 redeamus,
1461 1066 1589 1100 quoniam
1602 1066 1688 1101 ipsius
1702 1068 1845 1096 occasione

1052 1111 1120 1150 haec
1133 1111 1165 1137 de
1177 1110 1293 1146 generali
1306 1111 1395 1138 anima
1410 1119 1457 1139 seu
1472 1112 1526 1139 vita
1541 1112 1701 1147 interposita
1714 1117 1787 1141 sunt.

1086 1155 1131 1183 58.
1152 1156 1200 1183 Est
1212 1156 1285 1183 enim
1300 1157 1450 1190 quaesitum
1460 1177 1466 1188 ,
1483 1164 1567 1191 quare
1582 1157 1609 1184 in
1623 1159 1752 1193 operibus
1766 1163 1849 1194 quat~

1054 1206 1116 1230 tuor
1128 1202 1341 1237 primordialium
1356 1203 1460 1230 dierum
1476 1204 1574 1231 nullius
1588 1205 1660 1232 vitae
1677 1212 1724 1231 seu
1738 1206 1844 1234 animae

1053 1248 1273 1275 commemoratio
1297 1248 1366 1275 facta
1392 1249 1443 1281 sit,
1466 1250 1560 1283 quinto
1581 1256 1670 1278 autem
1690 1252 1733 1279 die
1755 1252 1844 1281 subito

1053 1301 1196 1328 erumpens
1222 1294 1361 1328 Scriptura
1386 1302 1392 1319 :
1418 1292 1569 1321 Producant
1584 1316 1591 1327 ,
1619 1296 1722 1330 inquit,
1762 1302 1846 1332 aquas

1052 1339 1143 1373 reptile
1162 1339 1265 1366 annuae
1284 1339 1401 1366 uiuentis.
1432 1339 1486 1367 Nec
1505 1340 1665 1375 simpliciter
1686 1342 1753 1370 dixit
1772 1343 1782 1358 "
1803 1351 1845 1370 re-

1052 1383 1114 1417 ptile
1133 1384 1254 1415 animae,
1280 1383 1327 1411 sed
1348 1391 1408 1410 cum
1432 1385 1616 1413 additameuto
1634 1387 1746 1418 virentia
1767 1388 1845 1422 quasi

1053 1430 1143 1456 anima
1154 1436 1207 1456 non
1219 1430 1254 1456 sit
1264 1429 1368 1457 vivens.
1381 1429 1413 1456 Et
1423 1433 1464 1457 est
1476 1438 1567 1462 causa,
1579 1436 1609 1458 ut
1620 1433 1725 1466 opinor,
1738 1434 1845 1468 species

1053 1474 1113 1506 illa,
1130 1482 1211 1508 quam
1228 1475 1254 1501 in
1277 1475 1453 1502 divisionibus
1469 1476 1603 1510 generalis
1624 1477 1696 1504 vitae
1714 1479 1844 1506 extimam

1052 1520 1201 1554 posuimus.
1229 1520 1263 1547 Et
1290 1520 1403 1552 merito,
1427 1521 1554 1555 quoniam
1579 1522 1668 1550 omnis
1694 1523 1846 1552 intellectus

1053 1569 1081 1592 et
1099 1565 1211 1592 rationis
1238 1572 1336 1600 expers
1355 1566 1366 1582 ⁸
1385 1566 1475 1594 subtili
1495 1573 1652 1596 naturarum
1675 1569 1847 1605 indagatinne

211 1608 303 1642 linque
315 1612 386 1638 sunt,
407 1608 534 1642 omnique
549 1608 674 1635 exteriori
698 1616 779 1636 sensu
795 1610 924 1636 carentia.
942 1604 1038 1637 Νοιιο
1055 1610 1204 1644 reperitur;
1230 1617 1262 1638 ac
1287 1610 1370 1638 veluti
1396 1611 1468 1638 nulla
1495 1613 1565 1646 vita,
1593 1621 1639 1641 seu
1667 1604 1771 1648 annua,
1798 1623 1846 1644 seu

208 1653 284 1681 .cnim
311 1653 477 1680 sensibilium
501 1660 590 1680 rerum
619 1654 744 1681 notitiam
768 1661 817 1689 per
845 1656 1001 1690 phautasias

209 1705 353 1733 corporum
367 1698 513 1732 accipiunt,
533 1698 580 1725 sed
592 1705 699 1726 omnem
712 1700 880 1734 corporalem
895 1705 1002 1727 creatu-

210 1752 267 1771 ram
285 1745 310 1771 in
325 1744 415 1771 causis
434 1743 490 1771 suis
507 1744 693 1778 spirituaiibus
706 1746 883 1780 spirituaiiler
896 1747 1002 1781 perspi-

209 1791 295 1823 ciunt,
315 1790 541 1825 quemadmodum
562 1791 644 1819 visuri
658 1799 762 1823 sumusI
777 1799 838 1819 cum
853 1793 887 1818 ad
905 1800 1003 1822 aequa-

208 1836 313 1864 litatem
330 1841 441 1864 naturae
455 1844 549 1864 eortim
572 1837 822 1865 transmutabimur.
844 1837 932 1865 Seusu
954 1838 1003 1866 ita-

209 1890 264 1917 que
276 1889 407 1917 corporeo
424 1887 517 1910 carent
529 1883 627 1917 angeli,
640 1884 704 1916 quia
718 1891 799 1917 super
814 1883 901 1919 ipsutn
921 1889 1001 1916 sunt;

204 1935 245 1955 ac
260 1936 307 1962 per
322 1928 372 1956 hoc
387 1929 469 1955 totius
483 1928 674 1956 irrationabilis
697 1929 769 1955 vitae
788 1934 924 1963 expertes,
946 1930 1003 1963 sive

206 1973 356 2006 “usualis,
371 1975 428 2001 sive
440 1975 512 2001 utuni
533 1981 613 2001 sensu
627 1974 758 2008 privatae,
775 1975 931 2009 compositis
943 1983 1003 2003 cor-

207 2020 437 2055 ruptibiiibusque
452 2021 609 2055 corporibus
632 2028 686 2047 non
708 2025 863 2055 gravantur.
887 2021 1003 2049 Proinde

205 2066 296 2095 multa
309 2067 429 2102 reperies
442 2068 469 2094 in
492 2067 609 2099 hotnine,
625 2075 695 2102 quae
716 2075 887 2101 nequaquam
907 2074 1004 2094 natura

205 2113 306 2147 recipit
316 2113 452 2148 angelica;
469 2120 522 2140 non
538 2118 626 2140 autem
637 2113 760 2140 subsistit
772 2113 799 2139 in
810 2112 906 2147 angelo
918 2120 963 2139 seu
976 2113 1003 2140 in

205 2158 264 2187 alia
273 2164 407 2190 creatura,
419 2159 491 2194 quod
500 2159 659 2186 naturaliter
669 2159 770 2186 homini
782 2166 833 2185 non
844 2158 917 2185 insit.
928 2158 960 2185 Et
970 2165 1004 2185 ne

205 2205 298 2236 dicas,
308 2206 330 2232 si
340 2213 403 2240 ergo
418 2206 507 2233 omnis
521 2206 624 2240 species
640 2207 709 2233 vitae
725 2206 750 2232 in
765 2205 874 2233 homine
885 2209 936 2236 est,
950 2213 1003 2232 non

205 2257 307 2284 unam,
320 2252 367 2278 sed
381 2252 490 2284 multas,
504 2256 531 2279 et
549 2260 564 2279 a
579 2260 609 2279 se
620 2251 775 2281 diﬁ'et'entes
788 2252 857 2279 vitas
870 2252 1002 2284 continet,

207 2297 316 2326 habens
328 2298 509 2326 irrationalem
522 2303 550 2325 et
564 2298 735 2330 rationalem,
751 2298 903 2325 sensualem
924 2298 1004 2326 simul

205 2347 240 2372 et
253 2344 429 2378 germinaiem
442 2353 449 2370 :
462 2344 568 2372 intuere
579 2344 733 2378 diligentius
752 2346 887 2372 humanae
897 2345 1004 2372 animae

208 2389 356 2423 potentias.
366 2396 437 2423 quae
450 2390 514 2416 dum
532 2390 566 2415 sit
583 2390 663 2416 unius
676 2389 848 2424 ejusdemque
861 2389 1006 2417 subsisten-

212 2432 277 2464 tiae,
290 2438 317 2460 et
330 2433 449 2462 virtutis.
466 2437 492 2461 et
503 2435 666 2468 operationis
680 2435 706 2461 in
717 2435 841 2461 omnibus
853 2435 930 2462 simul
944 2442 1004 2466 eor:

211 2476 323 2510 poribus
348 2478 474 2506 humanis
496 2483 524 2506 et
536 2479 710 2514 generaliter,
723 2484 751 2506 et
766 2480 793 2506 in
813 2479 926 2514 singulis
941 2487 1004 2513 spe-

214 2520 330 2554 cialiter,
342 2529 453 2552 cunctos
472 2529 563 2552 tamen
576 2525 673 2553 vitales
687 2529 787 2556 motus,
795 2524 1007 2552 administratio-

213 2572 319 2600 nasque
332 2566 359 2593 in
370 2575 483 2603 corpore
496 2578 559 2602 suo,
574 2570 644 2597 intra
664 2578 711 2598 seu
732 2574 808 2597 extra
836 2574 922 2604 potest
945 2577 1023 2604 per-.

212 2619 305 2647 agere.
323 2611 462 2647 Siquidem
476 2615 545 2643 ultra
559 2623 704 2651 corporeus
718 2623 814 2643 sensus
825 2620 851 2642 et
862 2615 1007 2643 ratiocina-

212 2663 260 2685 tur
271 2662 299 2684 et
314 2659 452 2695 intelligit,
467 2666 497 2688 ut
514 2662 635 2698 angelica
647 2663 717 2694 vita;
733 2662 759 2689 in
774 2662 898 2689 sensibus
909 2669 1006 2696 corpo-

197 2704 270 2744 rreis
282 2706 418 2734 sentiendi
431 2715 486 2735 vim
501 2712 609 2737 exercet
631 2708 808 2736 similitudine
834 2707 1007 2735 irrationabi-

1054 1656 1147 1683 vivens
1157 1656 1246 1683 anima
1262 1656 1306 1688 sit,
1323 1656 1418 1684 siletur
1428 1664 1443 1684 a
1456 1658 1607 1693 Scriptura,
1623 1664 1653 1687 ut
1667 1660 1849 1697 intelligamus

1054 1710 1113 1730 eam
1124 1702 1296 1730 novissimam
1311 1710 1344 1730 ac
1356 1703 1366 1718 '
1378 1703 1639 1738 imperfectissimam
1666 1708 1850 1736 essentialiter

1054 1753 1161 1776 creatae
1175 1748 1246 1776 vitae
1260 1750 1504 1784 participationem.
1521 1751 1559 1779 Ac
1576 1759 1626 1787 per
1638 1753 1690 1781 h'oe
1705 1754 1764 1789 plus
1777 1756 1850 1783 inter

1054 1795 1210 1829 corporales
1225 1801 1367 1829 numeros,
1387 1800 1468 1832 quam
1493 1798 1564 1826 inter
1587 1799 1682 1827 vitales
1703 1807 1849 1829 connume-

1054 1841 1168 1870 randum
1194 1841 1285 1868 divina
1308 1842 1398 1868 sanxit
1425 1843 1581 1871 auctoritas.
1605 1844 1689 1872 Recte
1719 1846 1802 1881 igitur
1821 1846 1847 1874 in

1054 1886 1182 1920 operibus
1199 1891 1329 1921 quattuor
1348 1888 1452 1915 dierum
1464 1908 1471 1921 ,
1486 1889 1513 1915 in
1531 1890 1629 1924 quibus
1643 1893 1748 1926 species
1759 1893 1849 1920 caele-

1055 1931 1136 1962 stium
1151 1932 1376 1966 terrestriumque
1390 1934 1569 1961 essentiarum
1584 1942 1616 1961 ex
1631 1938 1721 1965 causis
1735 1939 1849 1972 primor-

1055 1975 1171 2002 diaiibus
1194 1977 1381 2010 producuntur
1401 1978 1428 2004 in
1448 1984 1589 2013 apertum,
1609 1985 1637 2008 et
1654 1982 1848 2015 perfectionem

1055 2028 1120 2048 suae
1147 2020 1317 2049 formationis
1342 2023 1497 2057 accipiunt,
1525 2025 1604 2059 hujus
1635 2026 1727 2059 vitalis
1760 2032 1849 2056 motus

1055 2065 1127 2093 nulla
1138 2066 1300 2100 signiﬁcatio
1313 2067 1472 2101 interposita
1484 2073 1534 2095 est.
1549 2068 1616 2095 Nam
1630 2074 1659 2097 et
1672 2071 1698 2096 in
1714 2072 1793 2098 tertia
1803 2071 1853 2100 dm

1056 2111 1161 2144 siletur,
1175 2112 1201 2138 in
1212 2119 1265 2146 qua
1279 2112 1424 2139 herbartun
1441 2113 1628 2149 lignorumque
1642 2116 1804 2150 geminatio
1815 2118 1849 2145 de

1057 2164 1129 2186 terra
1152 2158 1327 2193 praecipitur,
1349 2159 1375 2186 in
1397 2159 1495 2194 quibus
1518 2161 1760 2191 administrationis
1781 2170 1848 2193 suae

1057 2206 1182 2233 virtutem
1204 2206 1343 2240 corporeis
1367 2206 1491 2234 sensibus
1511 2207 1675 2235 manifestat.
1697 2208 1755 2237 Non
1775 2211 1848 2245 quod

1056 2252 1114 2286 ipsa
1133 2252 1237 2286 species
1251 2252 1321 2278 vitae
1343 2252 1370 2279 in
1386 2256 1483 2279 natura
1503 2260 1592 2280 rerum
1613 2255 1849 2289 proportioualiter

1056 2296 1219 2325 subsistendi
1233 2296 1320 2323 locum
1333 2305 1385 2324 non
1397 2297 1535 2331 obtineat;
1552 2306 1606 2326 non
1617 2300 1691 2327 enim
1706 2301 1850 2335 parvipen-

1057 2341 1143 2368 dendo
1158 2345 1200 2368 est
1212 2342 1252 2368 vis
1264 2341 1307 2368 illa
1320 2343 1466 2375 naturalis,
1482 2351 1552 2378 quac
1563 2345 1664 2377 omnia,
1679 2353 1750 2380 quae
1761 2351 1850 2375 terrae

1057 2386 1186 2413 radicitus
1202 2387 1356 2419 inhaerent,
1370 2392 1398 2414 et
1413 2395 1447 2415 ex
1461 2393 1532 2416 terra
1548 2390 1684 2422 oriuntur,
1699 2392 1847 2420 secundum

1057 2432 1189 2469 inﬁnitam
1214 2434 1436 2462 numerositatem
1457 2436 1628 2465 surculorum
1650 2438 1850 2474 herbarumque

1056 2484 1084 2506 et
1109 2479 1195 2505 nutrit
1212 2483 1240 2506 et
1258 2484 1354 2514 auget,
1379 2480 1462 2515 inque
1486 2482 1590 2516 species
1611 2484 1747 2518 proprias,
1770 2484 1849 2518 juxta

1058 2525 1224 2560 singulorum
1251 2533 1381 2561 generum
1404 2527 1622 2561 similitudinem,
1647 2533 1676 2556 et
1697 2531 1848 2558 naturalem

1059 2571 1277 2605 consequentiam
1304 2571 1415 2604 ﬂorum,
1443 2572 1599 2605 fructuum,
1625 2575 1775 2607 setninum,
1799 2583 1849 2609 per

1057 2622 1185 2643 numeros
1212 2615 1331 2643 iocorum
1355 2620 1381 2643 et
1406 2622 1556 2652 temporum
1582 2617 1715 2652 producit.
1748 2618 1848 2646 Verum

1059 2661 1186 2696 quoniam
1201 2665 1279 2689 extra
1291 2669 1388 2697 corpus
1402 2662 1440 2689 nil
1451 2669 1532 2698 agere
1545 2663 1695 2697 praevalet.
1717 2671 1767 2692 nec
1785 2673 1849 2701 per-

1058 2706 1146 2734 fectae
1164 2706 1252 2739 vitae,
1272 2707 1484 2742 corporibusque
1503 2706 1652 2740 absolutae,
1673 2708 1799 2738 virtutem
1821 2710 1849 2738 in

856 2794 983 2822 VARIAE
1000 2793 1198 2822 LECTIONES.

251 2858 259 2873 ¹
275 2859 297 2886 Δ
315 2861 494 2889 distribuitur.
549 2863 558 2877 ²
571 2863 593 2889 Α
607 2863 711 2891 donari.
762 2864 772 2879 ³
785 2863 805 2892 C
821 2863 996 2892 rationabilis.

213 2895 225 2911 ⁸
239 2894 263 2922 Δ
279 2901 378 2930 expers
391 2906 446 2925 aue
454 2907 465 2930 ;
482 2897 504 2926 C.
516 2903 554 2925 est
564 2898 645 2927 lineis
659 2899 768 2927 delevit.
805 2899 816 2914 ’
834 2898 857 2926 A
871 2901 906 2926 et.

1046 2862 1058 2879 ⁸
1068 2867 1094 2891 et
1115 2871 1170 2892 om.
1185 2865 1220 2892 Δί

1271 2863 1471 2903 nmmo.
1525 2864 1660 2901 tam.
1711 2867 1849 2908 tcum.
