4212 6272
560 247 673 323 πει

1958 247 2080 310 ³οΑ
2088 249 2244 310 NNIS
2284 198 2484 312 560'"

3752 274 3864 334 756

563 371 626 460 se
667 363 1014 460 manisestat;
1057 355 1112 412 in
1163 355 1406 460 numeris
1787 367 2016 460 naturae
2067 379 2164 435 po-
2189 368 2243 430 Α
2266 370 2390 439 quia
2424 368 2480 425 in
2518 379 2855 442 amantum
2905 373 3024 445 ej...
3066 374 3112 444 ο,
3139 379 3282 447 quod
3317 380 3570 450 “mm”,

562 447 693 516 tius,
735 465 897 520 qutun
939 449 992 504 in
1043 449 1326 519 speciebus
1355 450 1625 523 generalis
1656 452 1821 518 vitae,
1867 453 2072 520 divina,
2105 465 2166 511 ut

563 541 981 618 praediximus,
1019 541 1343 597 auctoritate
1381 545 1635 615 deputata
1671 552 1774 600 est.
1815 544 1882 600 Et
1909 546 2164 616 quoniam

563 630 681 708 ipsa
708 647 803 704 per
831 644 888 686 se
911 624 1282 702 {germinans
1311 633 1568 689 videlicet
1609 635 1718 690 vita
1741 675 1757 702 ,
1796 636 1913 691 sine
1959 637 2167 694 altioris

563 723 730 788 vitae,
761 721 1027 778 sensualis
1056 723 1179 780 dico
1208 734 1262 780 et
1290 715 1608 798 rationalis,
1653 731 2040 788 communione
2068 747 2166 802 po-

563 818 672 868 test
703 811 961 882 intelligi,
987 813 1266 870 rationalis
1296 831 1426 874 vero
1452 826 1508 874 et
1533 820 1799 877 sensualis
1831 823 2037 894 absque
2072 824 2165 881 illa

563 905 772 962 nullum
803 920 1000 976 corpus
1037 915 1288 980 vegetare
1321 911 1644 968 naturaliter
1675 914 1952 983 sinuntur,
1990 917 2166 974 donec

564 1001 620 1057 in
665 1001 1037 1071 superioribus
1088 1003 1393 1060 animarum
1425 1006 1720 1063 viventium
1784 1008 1975 1066 formis
2031 1012 2164 1068 insi-

563 1099 804 1147 nuantur
833 1093 874 1159 ¹,
893 1109 922 1148 a
947 1109 1101 1150 sacra
1126 1096 1404 1169 Scriptura
1432 1107 1705 1155 reservata
1727 1086 2076 1158 est’.Anima
2091 1103 2164 1160 si-

567 1182 786 1252 quidem
813 1187 1147 1243 omnisensu
1171 1203 1387 1257 carens,
1411 1198 1561 1246 motu
1589 1205 1805 1261 quoque
1829 1192 1976 1247 vitali
2001 1193 2164 1249 veluti

561 1273 790 1329 omnino
812 1290 1004 1332 carere
1024 1277 1258 1334 videtur.
1305 1278 1386 1334 Ac
1407 1294 1508 1349 per
1531 1280 1634 1336 hoc
1660 1280 1841 1336 anima
1868 1281 2166 1340 solummo-

559 1360 634 1420 do
653 1362 871 1432 dicitur,
899 1381 1008 1421 non
1037 1375 1219 1423 autem
1234 1367 1423 1424 vivens
1449 1368 1650 1424 anima.
1671 1366 1786 1426 Nec
1812 1371 1917 1426 hoc
1937 1372 2156 1430 mirum.

562 1451 624 1512 Si
652 1456 796 1511 enim
823 1456 876 1511 in
907 1457 1208 1514 infantibus
1229 1458 1287 1516 in
1316 1467 1472 1516 utero
1495 1461 1772 1532 conceptis
1802 1470 1980 1518 autex
2005 1471 2164 1519 utero

559 1547 963 1621 egredientibus
992 1548 1115 1605 talis
1145 1551 1326 1606 anima
1350 1551 1712 1616 existimatur,
1742 1552 1907 1608 veluti
1935 1554 2165 1612 rationis

559 1636 1062 1711 intelligentiaeque
1090 1643 1313 1698 omnino
1338 1658 1555 1713 expers,
1583 1660 1707 1700 cum
1731 1655 1792 1701 ct
1828 1646 2164 1705 rationabilis

2269 462 2576 516 conveniens
2605 473 2712 529 est,
2742 465 2920 534 affert.
2953 465 3082 536 Ipsa
3111 469 3270 524 etiam
3301 473 3608 541 germinalis
3637 478 3862 552 dicitur,

2269 559 2315 603 et
2344 550 2487 605 circa
2527 553 2766 621 germina
2808 555 3217 625 consideratur;
3271 577 3480 618 necesse
3514 576 3592 619 est
3624 567 3670 598 “'
3717 550 3860 628 enim

2268 643 2427 698 etiam
2455 643 2512 697 in
2540 645 2861 714 germinibus
2880 647 3089 703 vitalem
3115 651 3385 720 quandam
3406 656 3655 714 uirtutem
3675 677 3861 721 sensus

2269 743 2530 804 expertem
2579 735 2821 808 intelligi.
2862 738 3043 794 Altera
3085 757 3202 796 uero
3241 754 3452 812 praeter
3489 748 3627 804 hanc
3663 755 3864 822 species

2267 827 2406 880 vitae
2432 837 2532 894 est,
2561 844 2696 899 quae
2721 837 2769 884 et
2798 830 2898 884 hoc
2925 831 3102 898 habet,
3130 835 3272 903 quod
3297 838 3571 905 praedicta
3597 846 3862 918 possidet,

2267 918 2480 990 insuper
2508 921 2666 976 etiam
2695 937 2789 990 per
2817 938 3025 978 sensum
3055 926 3422 983 administrari
3449 935 3666 1004 accepit.
3709 936 3864 1005 Quae

2268 1017 2464 1087 species
2505 1017 2562 1072 in
2593 1025 2787 1072 natura
2811 1035 2985 1073 rerum
3015 1020 3058 1052 “
3088 1021 3536 1080 irrationabilium
3573 1039 3666 1085 est.
3711 1031 3858 1092 Nam

2269 1125 2372 1164 non
2402 1107 2574 1163 solum
2605 1110 2765 1164 nutrit
2795 1120 2846 1165 et
2877 1121 3064 1184 auget,
3097 1113 3190 1168 sed
3215 1115 3375 1170 etiam
3401 1122 3698 1176 sensualem
3727 1142 3853 1197 ope-

2269 1201 2524 1254 rationem
2563 1201 3042 1273 perceptionemque
3066 1203 3111 1235 “
3143 1203 3319 1261 habet.
3361 1205 3609 1278 Perfecta
3647 1229 3763 1268 vero
3799 1217 3857 1273 in

2268 1306 2485 1361 corpore
2513 1290 2617 1346 vita
2654 1291 2712 1345 in
2749 1292 3086 1360 rationabili,
3127 1296 3365 1353 humana
3402 1300 3555 1368 dico,
3595 1303 3860 1373 formatur

2267 1389 2495 1448 natura,
2542 1390 2591 1438 et
2640 1384 2891 1438 nutritiea
2939 1396 3054 1454 est,
3096 1396 3146 1442 et
3184 1389 3480 1459 sensualis',
3511 1402 3562 1448 et
3599 1397 3858 1453 rationem

2265 1475 2570 1546 participat,
2601 1485 2650 1530 et
2676 1477 2852 1532 animo
2881 1477 2924 1510 "
2946 1479 3230 1536 ministrat.
3261 1482 3408 1539 idem
3437 1486 3492 1540 in
3517 1488 3712 1544 eodem
3739 1504 3856 1546 ser-

2267 1577 2461 1632 mone,
2500 1567 2694 1638 quinto
2727 1568 2938 1626 decimo
2973 1573 3184 1642 capite:
3229 1572 3392 1642 Tres,
3435 1577 3641 1649 inquit,
3680 1597 3860 1636 secun-

2234 1658 2394 1713 -dum
2441 1658 2648 1714 vitalem
2698 1661 2937 1717 virtutem
2988 1662 3316 1734 diﬁ'erentias
3367 1670 3508 1724 ratio
3555 1674 3745 1727 inuenit
3765 1673 3856 1728 “r

557 1737 615 1824 et
644 1729 1024 1787 intellectualis
1055 1731 1080 1766 ³
1107 1733 1212 1799 sit,
1237 1734 1484 1804 quamvis
1505 1737 1736 1796 rationis
1771 1749 1827 1795 et
1857 1739 2165 1800 intellectus
2192 1743 2240 1806 Β
2266 1751 2492 1821 primam
2513 1751 2722 1822 quidem
2746 1729 3080 1820 nutritivani',
3105 1757 3219 1811 sine
3240 1762 3714 1824 sensu,secundam
3732 1778 3854 1823 sera

556 1818 758 1876 indicia
811 1821 867 1878 in
909 1822 1219 1880 recentibus
1248 1825 1426 1882 adhuc
1455 1837 1510 1882 et
1539 1827 1872 1902 imperfectis
1914 1832 2158 1902 corporis

555 1911 844 1984 particulis
898 1928 1008 1968 non
1070 1916 1244 1988 possit
1287 1903 1678 1975 manifestare:
1729 1930 1933 1991 quanto
1985 1924 2159 1994 magis

555 2003 741 2060 anima
769 2005 880 2073 illa,
911 2007 1304 2080 intelligentiae
1327 2011 1534 2068 viribus
1556 2022 1611 2069 et
1633 2016 1862 2072 rationis
1886 2026 1942 2074 et
1966 2034 2160 2076 sensus

554 2094 876 2152 naturaliter
907 2097 1202 2167 destituta,
1235 2117 1340 2158 non
1374 2102 1650 2161 immerito
1679 2107 1893 2164 animae
1918 2111 2154 2166 viventis

551 2183 821 2240 vocabulo
850 2201 957 2242 non
989 2188 1174 2244 debuit
1219 2190 1274 2246 in
1321 2191 1604 2264 Scriptura
1639 2197 1970 2268 signiﬁcari?
2010 2203 2153 2259 Disc.

554 2269 714 2334 Hunc
751 2290 972 2333 sensum
1006 2282 1281 2350 approbo,
1321 2293 1377 2339 et
1416 2295 1642 2345 naturae
1672 2305 1856 2346 rerum
1877 2295 2154 2365 propheti-

551 2368 744 2439 cisque
769 2372 1116 2430 sermonibus
1141 2377 1434 2434 convenire
1457 2381 1752 2451 perspicio.
1788 2383 2156 2441 Veruntamen

552 2458 811 2530 quoniam
865 2459 1022 2520 multi
1073 2472 1231 2530 sunt,
1285 2467 1379 2538 qui
1431 2467 1728 2526 herbarum
1778 2472 2158 2545 lignorumque

551 2560 843 2619 corporeus
868 2549 1038 2608 moles
1061 2553 1284 2610 omnino
1330 2556 1549 2614 vitalem
1579 2569 1787 2618 motum
1815 2579 1922 2618 non
1949 2564 2153 2620 habere

554 2639 914 2706 contendunt,
939 2641 1183 2700 dicentes
1208 2645 1458 2716 humore,
1487 2666 1594 2722 quo
1615 2653 1913 2721 virescunt,
1935 2665 1990 2711 et
2010 2657 2155 2713 nulla

550 2729 658 2788 alia
682 2733 797 2789 vita
826 2736 1087 2806 vegetari,
1121 2747 1269 2795 tuam
1296 2743 1628 2812 praedictam
1659 2746 1724 2802 de
1750 2748 1854 2804 hac
1885 2764 1943 2805 re
1969 2751 2154 2820 dispu-

552 2824 814 2883 tationem
845 2830 996 2898 gravi
1025 2832 1258 2900 quadam
1301 2838 1625 2895 auctoritate
1659 2840 1822 2897 velim
1861 2843 2106 2901 roborari
2135 2888 2150 2913 ,

553 2930 695 2986 quae
731 2927 918 2989 aperte
951 2925 1360 2993 pronuntiaret,
1392 2929 1592 2986 herbas
1625 2932 1960 3004 arboresque
1981 2936 2155 3005 quali-

552 3022 787 3079 cumque
829 3013 1011 3083 specie
1055 3015 1202 3073 vitae
1253 3017 1275 3050 ‘
1318 3020 1707 3080 administrari.
1744 3025 1884 3083 MAG.
1932 3027 2048 3085 Non
2100 3037 2153 3087 te

552 3101 719 3170 latet,
753 3113 812 3158 ut
831 3107 1090 3176 arbitror,
1119 3112 1361 3168 omnium
1383 3115 1826 3189 philosophorum
1855 3121 1922 3178 de
1948 3124 2150 3180 mundo
2175 3101 2223 3167 (ἶ

554 3195 945 3269 disputantium
980 3200 1047 3257 de
1087 3202 1190 3258 hac
1227 3215 1382 3274 parte
1425 3217 1655 3264 naturae
1683 3214 1992 3269 unanimem
2033 3231 2152 3273 esse

551 3291 901 3346 sententiam.
929 3291 1097 3349 Aiunt
1126 3296 1271 3351 enim
1289 3337 1303 3361 ,
1331 3300 1513 3354 omnia
1558 3316 1806 3372 corpora,
1840 3320 1978 3376 quae
2007 3308 2150 3365 intra

551 3377 699 3435 hunc
736 3381 996 3436 mundum
1035 3386 1350 3441 sensibilem
1393 3391 1759 3460 continentur,
1801 3395 1948 3451 vitali
1997 3409 2151 3454 motu

551 3469 841 3533 contineri,
876 3470 992 3525 sive
1017 3471 1073 3526 in
1103 3480 1248 3528 statu
1273 3475 1411 3540 sint,
1440 3480 1555 3534 sive
1575 3480 1628 3535 in
1657 3491 1825 3539 motu.
1852 3486 1998 3542 DISC.
2022 3488 2151 3545 0m-

549 3555 712 3647 nibus
735 3557 1241 3627 pbilosophantibus
1291 3578 1356 3619 ac
1399 3567 1421 3599 ⁵
1459 3568 1808 3642 philosophos
1848 3575 2148 3647 legentibus

549 3645 680 3702 illud
719 3647 1060 3704 notissimum
1101 3661 1204 3708 est.
1257 3654 1392 3712 Nam
1437 3668 1492 3714 ct
1527 3659 1681 3718 Plato
1719 3665 1773 3719 in
1813 3645 2057 3737 Timaeo,
2093 3681 2149 3728 et

547 3740 757 3798 Plinius
786 3743 1054 3800 secundus
1079 3745 1130 3801 in
1147 3745 1394 3806 Naturali
1419 3751 1681 3824 Historia,
1708 3761 2149 3823 manifestissime

547 3830 713 3888 dehis
733 3847 831 3887 nos
848 3831 1096 3891 edocent.
1113 3836 1253 3894 MAG.
1273 3837 1330 3894 Si
1367 3841 1550 3913 itaque
1587 3858 1896 3905 sanctorum
1923 3851 2146 3912 Patrum

550 3919 862 3976 testimonia
888 3926 1134 3993 quaeris,
1153 3929 1278 3984 audi
1300 3931 1694 3991 nobilissimum
1709 3937 1988 4010 Basilium,
2013 3945 2146 4002 Cae-

545 4027 740 4071 sareae
767 4015 1144 4090 Cappadociae
1181 4024 1511 4095 antistitem,
1552 4030 1606 4085 in
1651 4035 1880 4104 septima
1920 4038 2143 4095 h-omilia

546 4107 601 4164 in
615 4108 851 4166 Genesin
880 4129 895 4167 :
922 4109 1169 4176 Educant
1192 4133 1380 4189 aquae,
1405 4120 1600 4192 inquit,
1623 4127 1830 4196 reptilia
1845 4131 2145 4188 animarum

543 4199 800 4259 vittarum.
843 4201 1004 4260 Nunc
1044 4209 1273 4277 primum
1317 4213 1609 4269 animatum
1661 4219 1864 4274 animal
1908 4234 2140 4279 creatur.

544 4287 792 4350 Germina
822 4296 958 4351 enim
991 4307 1042 4352 et
1070 4300 1306 4382 arbores,
1338 4305 1437 4360 etsi
1462 4307 1628 4364 vivere
1651 4309 1901 4367 dicantur
1924 4325 2140 4386 prepter

541 4383 1002 4457 participationem
1051 4393 1333 4450 nutritivae
1369 4406 1417 4450 et
1457 4401 1694 4456 auctivae
1723 4403 1744 4434 ⁸
1783 4383 2030 4474 uirtutis,
2059 4418 2140 4463 ast

542 4490 650 4572 non
688 4479 1180 4572 etiam__animalia,
1221 4503 1383 4558 neque
1435 4493 1673 4549 animata
1738 4507 1879 4552 sunt.
1930 4498 2138 4572 Grego-

543 4567 657 4622 rius
689 4569 817 4624 item
853 4568 1126 4640 Nyssaeus
1152 4575 1196 4640 ",
1227 4579 1318 4646 qui
1363 4582 1526 4638 etiam
1567 4585 1941 4647 Nazianzenus
1979 4567 2140 4650 voca-

540 4665 630 4713 tur
649 4669 698 4723 ι,
723 4660 985 4728 praedicti
1005 4662 1185 4720 Basilii
1206 4684 1496 4736 germanus
1516 4676 1708 4748 frater,
1727 4684 1781 4737 in
1804 4700 2055 4743 sermone
2073 4687 2142 4745 de

541 4749 776 4820 lmagine
801 4753 980 4822 capite
1005 4765 1198 4812 octavo
1227 4778 1240 4813 :
1273 4761 1450 4830 Docet,
1483 4769 1659 4838 inquit
1683 4813 1697 4839 ,
1731 4779 1865 4832 ratio
1893 4780 1949 4833 in
1971 4781 2140 4837 tribus

539 4841 850 4927 differentiis
874 4844 1082 4900 vitalem
1111 4849 1498 4924 animalemque
1522 4860 1767 4918 virtutem
1788 4870 2134 4927 considerari.

541 4926 662 4987 Una
691 4932 831 4986 enim
856 4934 1118 5003 quaedam
1155 4947 1266 5005 est,
1306 4955 1440 5006 quae
1479 4947 1810 5008 solummodo
1848 4926 2140 5013 incremen-

537 5030 650 5078 tum
677 5024 771 5080 dat
797 5034 848 5082 et
877 5027 1043 5084 nutrit
1067 5045 1089 5096 ;
1117 5039 1166 5086 et
1209 5043 1427 5088 vocatur
1454 5041 1664 5097 anetina
1693 5043 1716 5077 ⁸
1739 5054 1788 5101 et
1821 5048 2134 5120 nutritor-ia,

2261 1843 2568 1899 nutrit-imm
2602 1843 2811 1913 quidem
2850 1854 2901 1899 et
2937 1847 3274 1915 sensitieam,
3311 1861 3577 1921 expertem
3614 1870 3734 1911 vero
3771 1869 3857 1912 ra-

2260 1935 2476 1992 tionalis
2503 1937 2822 2007 operationis
2843 1977 2857 2003 ,
2881 1939 3006 1994 item
3037 1942 3247 1996 tertiam
3277 1944 3644 2001 rationabilem
3673 1957 3719 2002 et
3743 1965 3857 2021 per-

2261 2025 2451 2095 fectam
2475 2065 2490 2092 ,
2516 2041 2821 2097 omnemque
2849 2029 3087 2084 virtutem
3117 2041 3494 2102 penetrantem.
3520 2036 3856 2109 Augustinus

2259 2118 2314 2174 in
2352 2118 2490 2174 libro
2524 2118 2592 2173 de
2627 2134 2757 2175 vera
2795 2118 3119 2190 Religione:
3164 2120 3289 2177 Non
3317 2124 3385 2180 sit
3423 2127 3596 2190 nobis,
3638 2129 3848 2199 inquit,

2260 2209 2442 2281 religio
2489 2210 2663 2266 cultus
2698 2210 2844 2266 illius
2885 2212 3018 2266 vitae
3039 2253 3054 2277 ,
3092 2229 3200 2283 qua
3235 2213 3482 2269 dicuntur
3518 2216 3725 2272 arbores
3773 2217 3852 2273 vi-

2260 2316 2404 2368 vere,
2433 2303 2684 2372 quoniam
2715 2300 2891 2356 nullus
2925 2318 3108 2357 sensus
3138 2303 3193 2356 in
3231 2301 3324 2357 illa
3351 2313 3447 2357 est.
3482 2301 3550 2358 Et
3577 2321 3641 2359 ex
3669 2321 3728 2360 eo
3757 2321 3850 2378 ge-

2260 2408 2381 2448 nere
2407 2403 2484 2447 est
2512 2393 2616 2448 ista
2635 2434 2650 2460 ,
2675 2410 2784 2464 qua
2818 2395 2985 2450 nostri
3013 2394 3250 2465 corporis
3278 2398 3627 2452 numerositas
3657 2401 3852 2470 agitur,

2257 2506 2360 2560 qua
2387 2490 2546 2544 etiam
2571 2489 2750 2560 capilli
2775 2498 2823 2544 et
2850 2506 2969 2546 ossa
2993 2491 3168 2546 vivunt
3185 2531 3199 2557 ,
3227 2507 3364 2562 quae
3388 2492 3503 2546 sine
3530 2509 3685 2548 sensu
3709 2510 3856 2564 prae-

2258 2581 2523 2635 cidantur.
2551 2580 2865 2637 Hac‘autem
2886 2581 3073 2636 melior
3096 2593 3168 2637 est
3193 2584 3303 2638 vita
3330 2583 3578 2650 sentiens,
3603 2592 3652 2639 et
3669 2594 3845 2640 tamen

2259 2675 2417 2729 vitam
2455 2675 2742 2728 bestiarum
2779 2661 2950 2728 colere
2988 2689 3092 2729 non
3128 2674 3390 2730 debemus.
3431 2674 3556 2730 Non
3596 2675 3662 2730 sit
3699 2675 3854 2731 nobis

2258 2763 2438 2834 religio
2479 2763 2559 2818 vel
2596 2765 2711 2834 ipsa
2747 2763 2978 2834 perfecta
3013 2773 3062 2817 et
3100 2766 3301 2835 sapiens
3331 2765 3512 2819 anima
3536 2764 3846 2832 rationalis,

2256 2853 2362 2906 sive
2389 2853 2445 2906 in
2475 2852 2766 2907 ministerio
2792 2853 3023 2921 partium
3051 2850 3309 2919 stabilita,
3325 2854 3442 2923 sive
3466 2855 3523 2908 in
3549 2853 3846 2909 ministerio

2256 2941 2630 2996 universitatis.
2672 2941 2740 2996 Et
2776 2941 2914 2997 haec
2957 2941 3265 2998 testimonia
3299 2929 3703 3013 praedictorum
3741 2942 3847 3000 Pa-

2258 3042 2399 3088 trum
2433 3034 2501 3089 ad
2533 3048 2596 3089 ea
2627 3034 2930 3090 roboranda
2949 3075 2963 3100 ,
2992 3049 3133 3103 quae
3163 3034 3428 3098 diximus,
3459 3031 3760 3099 sufﬁciunt,
3786 3041 3848 3089 ut

2253 3123 2467 3194 opinor.
2494 3124 2639 3178 DISC.
2667 3123 2951 3179 Sulliciunt
2969 3123 3219 3193 quidem,
3243 3138 3300 3179 et
3322 3123 3389 3178 ad
3420 3123 3525 3179 alia
3555 3132 3844 3181 transeun-

2255 3219 2402 3275 dum.
2433 3216 2504 3271 Μ.
2535 3214 2668 3272 Vide
2698 3218 2881 3288 itaque
2900 3258 2915 3284 ,
2946 3233 3110 3288 quam
3139 3217 3400 3287 pulchrae
3430 3218 3733 3289 ingreditur
3758 3231 3846 3276 se-

2255 3309 2364 3366 ries
2394 3321 2577 3364 rerum
2599 3348 2615 3374 ,
2645 3308 2844 3365 divinis
2870 3309 3124 3363 ordinata
3159 3308 3405 3379 eloquiis.
3444 3309 3644 3376 Quinto
3675 3309 3845 3380 siqui-

2253 3401 2374 3457 dem
2395 3399 2481 3455 die
2503 3399 2866 3455 conditionem
2889 3399 3204 3455 animalium
3227 3399 3663 3472 quinquepertito
3680 3415 3844 3457 sensu

2252 3490 2574 3563 pollentium
2606 3488 2844 3560 primum
2873 3490 2918 3522 ¹⁵
2935 3489 3228 3562 depromit.

2321 3580 2412 3636 59.
2454 3579 2562 3635 Sed
2593 3580 2660 3636 de
2679 3579 2864 3635 anima
2889 3581 3132 3636 omnium
3159 3580 3610 3638 irrationabilium
3638 3581 3844 3639 anima-

2256 3671 2387 3728 lium
2419 3687 2528 3726 non
2559 3670 2912 3728 mediocriter
2945 3688 3191 3740 moveor,
3227 3689 3336 3744 qua
3376 3674 3582 3730 ratione
3618 3673 3842 3744 plurimi

2251 3773 2563 3821 sanctorum
2597 3764 2820 3820 Patrum
2862 3781 2988 3822 cum
3039 3769 3360 3840 corporibus
3409 3783 3529 3824 eam
3572 3768 3841 3837 interire,

2251 3870 2356 3912 nec
2407 3855 2610 3912 diutius
2640 3871 2964 3926 permanere
2991 3873 3151 3928 posse
3178 3857 3468 3913 aﬂirmant.
3509 3857 3740 3915 Basilius
3768 3859 3844 3914 si-

2249 3948 2470 4020 quidem
2498 3949 2542 3982 “
2567 3949 2622 4004 in
2644 3964 2786 4005 nona
2811 3950 3102 4021 ",homilia
3133 3952 3188 4006 in
3211 3951 3446 4008 Genesin
3482 3951 3559 4006 ait
3586 3968 3600 4004 :
3633 3950 3843 4007 Educet
3947 3943 3951 3946 ’

2249 4053 2391 4097 terra
2421 4045 2653 4097 animum
2693 4043 2882 4098 vivam.
2924 4044 3135 4111 Quare,
3179 4045 3388 4115 inquit,
3428 4053 3567 4099 terra
3606 4045 3841 4100 animant

2247 4137 2454 4202 educit,
2485 4136 2588 4190 nisi
2617 4146 2672 4190 ut
2705 4136 2879 4192 discas
2917 4137 3270 4207 differentiam
3301 4139 3511 4192 animae
3538 4139 3740 4208 pecoris
3769 4138 3836 4192 ab

2247 4227 2426 4282 anima
2447 4227 2714 4282 hominis?
2737 4227 2805 4282 Et
2831 4227 2875 4260 ⁸⁸
2897 4227 3058 4299 paulo
3078 4237 3200 4299 post
3222 4245 3235 4282 :
3262 4227 3554 4299 Cognosces
3574 4228 3839 4301 quomodo

2246 4319 2425 4372 anima
2456 4318 2684 4372 hominis
2714 4316 2859 4388 facta
2889 4327 3004 4384 est;
3039 4334 3176 4374 nunc
3209 4329 3383 4373 autem
3422 4320 3552 4372 audi
3589 4320 3657 4374 de
3695 4320 3833 4373 irra-

2245 4407 2576 4462 tionabilium
2613 4409 2794 4462 anima
2819 4449 2834 4474 ,
2874 4410 3120 4480 quoniam
3151 4450 3165 4474 ,
3199 4410 3361 4481 juxta
3399 4410 3540 4481 quod
3575 4409 3834 4480 scriptum

2245 4509 2320 4554 est
2339 4539 2354 4565 ,
2388 4499 2556 4554 omnis
2586 4499 2838 4554 animalis
2866 4499 3044 4555 anima
3077 4501 3292 4572 sanguis
3322 4501 3437 4571 ejus
3464 4509 3560 4556 est.
3603 4501 3837 4570 Sanguis

2245 4598 2422 4644 autent
2459 4600 2732 4645 concretus
2769 4591 2825 4645 in
2855 4607 3066 4646 carnem
3113 4591 3312 4645 mutari
3351 4591 3659 4655 consuevit;
3705 4606 3833 4644 caro

2243 4697 2361 4738 uero
2393 4692 2642 4752 corrupta
2668 4683 2725 4738 in
2757 4693 2956 4738 terram
2984 4681 3265 4738 resolvitur
3285 4697 3306 4736 :
3333 4689 3698 4753 consequenter
3723 4692 3833 4735 ter-

2245 4791 2374 4830 rena
2409 4775 2672 4846 quaedam
2709 4784 2788 4829 est
2827 4776 3009 4829 anima
3034 4775 3416 4846 jumentorum.
3460 4772 3667 4827 Ediscat
3703 4789 3828 4844 ergo

2243 4877 2384 4921 terra
2415 4866 2648 4920 animam
2679 4865 2948 4920 viventem.
2990 4864 3122 4921 Vide
3161 4864 3577 4938 consequentiam
3615 4865 3830 4921 animae

2245 4955 2316 5008 ad
2362 4957 2700 5028 sanguinem,
2733 4958 3006 5028 sanguinis
3031 4959 3102 5012 ad
3131 4973 3367 5022 carnem,
3403 4957 3582 5012 carnis
3619 4957 3688 5012 ad
3725 4966 3832 5013 ter—

2245 5066 2360 5105 ram
2383 5064 2403 5103 :
2450 5060 2499 5106 et
2544 5053 2736 5108 iterum
2780 5050 3043 5108 revolvens
3074 5069 3166 5123 per
3189 5051 3370 5108 eadem
3401 5051 3512 5106 redi
3545 5068 3578 5105 α
3607 5060 3745 5105 terra
3773 5050 3829 5105 in

1834 5207 2094 5270 VARIAE
2126 5213 2531 5273 LECTIONES.

607 5309 628 5384 ξ
653 5311 712 5384 ᾼ-
732 5311 1112 5371 insinuantur.
1191 5325 1213 5357 ³
1239 5319 1281 5376 C
1310 5333 1518 5380 servata
1546 5336 1648 5384 cst.

534 5465 646 5535 om.
676 5451 740 5508 οι
803 5451 965 5535 _:'_C
1002 5451 1454 5535 perfectionisque.

534 5469 646 5506 orn.
676 5469 740 5508 ι..
832 5469 873 5490 ι·
923 5469 965 5512 υ
1002 5469 1454 5535 punctionisque.
1555 5469 1600 5501 ⁸³
1635 5469 1675 5528 C
1715 5474 1912 5529 anima.

533 5519 583 5580 Δ
610 5537 729 5578 vm.
802 5523 849 5558 “
879 5525 946 5582 Et
972 5543 1079 5584 om.
1115 5529 1182 5587 A.

607 5331 628 5344 ’
653 5331 700 5367 Α
732 5331 1112 5371 τηεπηυσνεεανο
1191 5331 1213 5357 ³
1239 5331 1281 5376 υ
1310 5333 1518 5380 seruata
1546 5336 1648 5384 εει.
1754 5331 1777 5366 ³
1809 5333 1857 5388 Α
1885 5335 2275 5393 intellectibilis.

534 5378 558 5413 "
583 5377 627 5437 C
659 5381 866 5437 Nuseus
892 5427 908 5437 .
933 5401 1032 5437 ner
1061 5387 1259 5437 uhinne.
1284 5408 1298 5437 ε
1333 5394 1372 5437 Α
1412 5395 1678 5437 Νοιιυη...
1787 5403 1810 5436 s
1849 5403 1942 5437 ea.
1965 5406 2006 5437 ρ
2034 5425 2046 5436 .
2097 5409 2124 5437 Α
2178 5410 2275 5437 --.ι

715 5401 873 5490 gseu’s.
892 5427 908 5452 ,
923 5401 1032 5512 ger
1061 5388 1259 5471 ubique
1283 5408 1308 5476 ς.
1330 5394 1373 5446 Α
1405 5395 1701 5468 Ngssenus.
1753 5443 1760 5448 -
1849 5388 2008 5463 Siec
2069 5388 2365 5464 activa.

715 5487 740 5508 ι.
803 5523 849 5549 ﬂ
880 5525 940 5549 Π.
977 5459 1454 5549 ⁸ξξςνίςίιικληιεφιθ.
1555 5469 1600 5501 ⁸³
1635 5469 1675 5528 C
1715 5488 1912 5529 anima.
2021 5477 2065 5510 ιδ
2091 5478 2132 5533 C
2170 5479 2408 5549 imponit.

3239 5334 3261 5366 ‘
3292 5335 3385 5392 Sic
3411 5333 3494 5438 ξς
3528 5335 3822 5438 Αιξιωὶυαε.

3267 5422 3356 5438 η...
3651 5417 3822 5438 η...-

3590 5417 3617 5438 ιι
3651 5417 3828 5460 rerum

3590 5476 3632 5508 ¹τ
3664 5488 3824 5543 vnn;

2911 5336 2932 5368 ⁸
2956 5336 3003 5390 Α
3025 5344 3139 5390 aut.
3239 5336 3261 5366 ⁶
3292 5336 3385 5392 Sic
3411 5336 3455 5389 C

2911 5423 2989 5462 an.
3091 5405 3136 5438 “
3161 5416 3236 5461 est
3267 5422 3378 5462 om.
3404 5406 3475 5460 Α.

3097 5477 3140 5509 ¹⁶
3169 5476 3210 5532 (ἶ
3239 5478 3470 5548 quidem.

2387 5337 2410 5370 ι
2433 5339 2567 5394 vitae
2601 5353 2712 5394 om.
2743 5337 2805 5392 C.

2458 5410 2480 5440 ’
2511 5409 2617 5464 Pro
2655 5410 2770 5478 ejus
2796 5406 2836 5462 C
2864 5423 2989 5462 non.

2528 5481 2570 5511 ³⁸
2607 5482 2834 5549 primum
2868 5492 2976 5533 om.

2058 5630 2308 5687 NOTAE.

2058 5630 2100 5684 Ν

604 5719 633 5758 s
660 5708 806 5779 Duos
832 5709 1123 5810 Gregorius
1149 5717 1682 5805 amicosqlllysseaum
1710 5730 1768 5779 et
1793 5630 2391 5784 Nazianzengt’fiﬁilnum
2415 5726 2561 5804 facit.
