4212 6272
351 310 461 369 Ἶ57

1207 270 1306 352 "ne
1341 290 1683 351 DlVlSIONE
1712 284 2072 345 ‘NATUBAE.
2114 284 2421 340 —--uesn
2461 284 2781 344 TERTIUS.

3527 289 3636 347 738

286 426 291 427 ’
354 434 605 485 carnem,
638 418 670 471 a
702 430 860 469 carne
880 411 943 465 in
968 406 1307 479 sanguinem,
1348 408 1381 458 ιι
1427 405 1682 475 "sanguine
1728 404 1782 454 iu
1829 399 1946 455 aui-
1973 398 2024 471 Α
2051 397 2273 465 ticipans
2301 396 2492 460 unius;
2534 397 2623 451 sed
2646 396 2820 448 'multa
2839 395 3114 464 qutderitin
3134 399 3175 429 "
3198 398 3641 468 pa‘rtibus,uuuus

359 526 504 565 suam
526 549 540 571 ,
567 514 615 561 et
644 503 891 567 invenies,
922 499 1045 571 quia
1074 506 1217 551 terra
1246 505 1319 549 est
1324 495 1690 565 jumentorum
1727 493 1907 545 anima
1928 529 1945 557 ,

363 587 430 658 ne
458 598 716 654 existimes
734 634 750 660 ,
779 591 1125 662 antiquiorem
1167 603 1278 642 esse
1322 588 1555 655 corporis
1580 585 1664 639 sui
1688 585 1948 639 substan-

362 693 528 755 tiam,
578 702 740 757 neque
792 690 1181 755 permanentem
1226 686 1341 748 post
1390 677 1565 730 carnis
1613 674 1950 728 solutionem.

366 777 660 849 Gregorius
682 787 899 844 quoque
932 771 1203 840 Nyssaeus
1237 768 1290 822 in
1320 774 1573 821 sermone
1620 765 1688 818 de
1707 762 1953 832 'lmagine

363 867 601 940 capitulo
639 865 853 920 decimo
894 871 1050 919 sexto
1066 858 1141 914 “z
1179 856 1240 913 Si
1295 868 1501 918 autem,
1540 854 1750 924 inquit,
1791 863 1955 924 quae-

2054 494 2110 547 ἐκ
2134 500 2276 554 toto;
2307 498 2355 543 et
2401 486 2566 541 multa
2591 485 2977 551 accidentibus,
3002 503 3163 542 unum
3201 490 3257 543 in
3299 487 3565 556 subjecto;
3591 483 3645 546 6⁸

2053 581 2217 636 multa
2247 580 2302 632 in
2350 593 2566 630 numero
2619 585 2711 629 aut
2764 577 3062 642 virtutibus,
3118 589 3280 633 unum
3335 580 3542 649 specie;
3594 590 3646 636 et

2054 672 2221 728 multa
2262 669 2551 740 speciebus,
2582 682 2746 722 unum
2789 668 2845 722 in
2872 683 3079 739 genere.
3113 667 3344 724 Proinde
3386 669 3434 723 si
3455 683 3652 725 omnes

2054 762 2264 832 species
2283 762 2337 816 in
2378 774 2577 830 genere
2598 763 2761 814 unum
2786 767 2932 825 sunt,
2952 760 3224 829 quomodo
3243 761 3554 835 illuﬁunum
3588 776 3655 815 ex

2046 861 2215 923 parte
2232 852 2450 923 peribit,
2485 866 2549 907 ex
2576 859 2730 921 parte
2750 850 3128 920 permanebit?
3164 851 3233 906 Et
3256 853 3301 907 Si
3325 851 3453 907 illud
3481 869 3659 907 unum

362 960 490 1013 dam
526 958 579 1011 in
613 964 861 1010 creatura
907 944 1249 1007 nutritoriain
1301 946 1654 1017 operationem
1697 942 1951 1008 habeant;
2050 941 2415 1003 substantiale
2432 954 2599 995 unum
2622 948 2729 1005 est,
2757 942 3029 1008 quomodo
3044 941 3260 1011 peribit,
3283 956 3407 997 cum
3429 941 3483 996 in
3500 943 3659 996 omni

365 1064 460 1103 seu
500 1042 695 1102 iterum
737 1043 997 1115 quaedam
1030 1040 1286 1096 sensitiva
1310 1030 1748 1091 administrantur
1771 1044 1958 1104 poten-

361 1136 478 1201 tia,
510 1150 673 1203 neque
699 1130 797 1186 illa
825 1145 1040 1185 sensum
1058 1169 1072 1191 ,
1104 1143 1267 1198 neque
1292 1127 1419 1180 haec
1446 1125 1762 1180 intellectum
1792 1126 1958 1195 parti-

368 1225 585 1293 cipant;
635 1221 683 1274 si
725 1235 848 1273 vero
895 1218 953 1272 in
1006 1217 1189 1270 anima
1236 1212 1575 1268 iuteliectuali
1615 1221 1665 1267 et
1710 1213 1958 1267 rationali

372 1311 745 1383 perfectionem
781 1308 934 1362 habet
985 1321 1169 1370 omne,
1208 1304 1349 1375 quod
1390 1319 1494 1358 non
1536 1304 1611 1358 ita
1638 1311 1748 1369 est,
1779 1303 1959 1375 aequi-

372 1417 560 1456 vocum
602 1399 812 1469 quidem
853 1397 1059 1452 animae
1105 1411 1216 1450 esse
1251 1402 1450 1464 potest,
1493 1409 1596 1448 non
1636 1402 1811 1448 tamen
1847 1409 1961 1448 vere

375 1490 594 1554 anima,
626 1487 716 1542 sed
744 1485 1004 1557 quaedam
1034 1483 1267 1553 operatio
1308 1482 1517 1547 vitalis,
1545 1484 1812 1537 vocatione
1840 1483 1961 1537 ani-

380 1595 499 1632 mae
525 1587 696 1631 utens.
728 1575 835 1630 Sed
866 1575 911 1629 si
945 1574 1018 1628 ita
1044 1582 1163 1638 est,
1195 1580 1255 1627 ut
1298 1572 1372 1627 illi
1415 1572 1631 1640 volunt,
1671 1588 1771 1629 cur
1810 1588 1966 1645 gene-

383 1667 516 1721 ralis
541 1666 686 1720 vitae
711 1662 1028 1734 principalis
1055 1661 1252 1717 divisio
1293 1672 1378 1717 est
1415 1661 1472 1715 in
1514 1663 1752 1717 animam
1795 1663 1964 1718 ratio-

2056 1041 2310 1089 creatura
2331 1028 2467 1087 haec
2488 1032 2593 1087 tria
2643 1029 3147 1101 incorruptibiliter,
3169 1034 3288 1087 sine
3314 1033 3657 1088 incremento

2058 1123 2143 1178 vel
2162 1123 2508 1178 decrementa
2526 1116 2911 1191 permaneant,
2936 1116 3258 1187 substantia,
3297 1124 3489 1190 virtus,
3517 1133 3573 1180 et
3604 1123 3653 1160 “

2050 1211 2325 1284 operatio?
2336 1210 2405 1266 Et
2417 1211 2462 1265 si
2475 1210 2715 1265 omnium
2728 1210 3044 1265 animalium
3058 1216 3308 1281 carpora,
3323 1213 3539 1282 quando
3552 1212 3657 1269 sol-

2059 1296 2277 1368 vuntur,
2292 1317 2397 1357 non
2414 1300 2482 1355 ad
2496 1299 2721 1356 nihilum
2739 1302 3074 1372 rediguntur,
3089 1302 3181 1357 sed
3197 1303 3248 1356 in
3265 1303 3657 1359 elementorum

2058 1392 2370 1461 qualitates,
2396 1404 2626 1459 quarum
2652 1403 2920 1443 concursu
2949 1389 3302 1445 materialiter
3328 1389 3472 1446 facta
3504 1400 3654 1459 sunt,

2064 1481 2244 1540 redire
2288 1481 2553 1537 naturalis
2605 1481 2744 1535 ratio
2791 1481 3073 1551 perspicue
3119 1479 3166 1513 “
3211 1482 3495 1551 perbibet:
3523 1497 3657 1551 quo-

2060 1575 2229 1631 modo
2278 1585 2469 1629 eerum
2510 1573 2748 1637 animae,
2800 1587 2922 1627 cum
2964 1571 3209 1643 profecto
3254 1574 3367 1629 sint
3415 1574 3657 1632 melioris

2068 1672 2321 1729 naturae,
2361 1662 2756 1732 qhaliscunque
2807 1662 2950 1715 enim
2996 1661 3181 1716 anima
3233 1663 3326 1724 sit,
3376 1662 3659 1718 meliorem

377 1754 560 1809 nalem
589 1762 647 1808 et
677 1751 1129 1817 intellectualem,
1161 1760 1217 1807 et
1248 1752 1304 1807 in
1335 1753 1358 1785 ⁸
1408 1751 1645 1807 animam
1673 1754 1889 1808 ratione
1916 1762 1972 1810 et
1988 1755 2046 1816 ~B
2074 1770 2198 1812 esse
2227 1755 2375 1811 omni
2424 1767 2652 1822 corpore
2697 1764 2856 1807 nemo
2898 1751 3203 1821 sapientum
3252 1751 3503 1822 denegat,
3534 1766 3657 1806 om-

385 1844 663 1900 intellectu
707 1844 1032 1899 carentem?
1077 1842 1258 1911 Quare
1296 1843 1398 1898 sub
1443 1860 1551 1899 uno
1594 1858 1792 1912 genere
1832 1845 1977 1900 vitae

381 1936 525 1990 duae
550 1934 762 2005 species
788 1933 894 1989 sibi
924 1932 1153 1989 invicem
1181 1930 1491 1988 contrariae
1515 1934 1832 2003 ponuntur!
1857 1934 1976 1990 Non

378 2025 530 2079 enim
560 2022 824 2079 rationale
856 2030 916 2077 ‘et
949 2020 1263 2077 irrationale
1288 2021 1507 2077 sibimet
1526 2021 1550 2054 ⁸
1598 2023 1974 2089 adversantur,

383 2117 497 2175 sed,
513 2113 872 2170 ditl‘ereutiam
896 2112 1197 2183 specierum
1224 2111 1382 2165 unius
1404 2111 1621 2180 generis
1645 2114 1975 2182 exprimunt.

388 2205 584 2262 Vivere
620 2214 802 2261 autem
840 2212 897 2259 et
937 2202 1071 2258 mori
1111 2202 1375 2258 sibimet‘
1428 2202 1650 2256 omnino
1699 2204 1980 2272 opponun-

392 2302 719 2349 turzunum
743 2293 890 2347 enim
939 2291 1185 2346 habitum
1234 2289 1540 2360 signiticet,
1590 2290 1819 2344 alterum
1871 2291 1983 2359 pri-

399 2384 713 2446 vationem;
748 2382 964 2436 habitus
1004 2390 1185 2437 autem
1225 2388 1281 2434 et
1314 2380 1553 2450 privatio
1592 2381 1811 2435 sibimet
1847 2395 1980 2435 con-

401 2472 702 2528 tradicunt.
731 2470 789 2526 Si
820 2472 993 2540 ergo"
1045 2479 1169 2540 post
1212 2471 1536 2526 solutionem
1584 2472 1830 2540 corporis
1879 2486 1985 2526 una

395 2565 613 2635 species
642 2570 860 2628 manet,
892 2562 1060 2616 altera
1082 2561 1227 2631 perit
1250 2601 1265 2627 ,
1298 2563 1571 2631 quomodo
1599 2570 1786 2616 earum
1816 2566 1988 2632 genus

397 2663 571 2708 totum
622 2667 779 2707 suum
836 2650 1115 2706 servabit?
1170 2650 1241 2706 Ut
1285 2650 1433 2706 enim
1482 2656 1741 2720 pereunte
1788 2662 1987 2722 genere

393 2758 588 2799 omnes
616 2742 639 2774 ⁸
666 2743 874 2813 species
934 2741 1077 2796 illius
1126 2742 1304 2811 perire
1351 2751 1574 2797 neceSse
1616 2751 1729 2807 est,
1781 2742 1855 2797 ita
1905 2743 1989 2797 in-

396 2834 735 2891 tereuntibus
780 2833 1065 2905 speciebus
1113 2832 1329 2888 illorum
1368 2848 1538 2903 genus
1583 2833 1804 2889 interire
1846 2834 1987 2890 ratio

401 2925 588 2995 cogit;
639 2938 809 2994 genus
858 2923 1003 2978 enim
1051 2923 1106 2977 in
1135 2924 1251 2978 suis
1303 2924 1585 2994 speciebus
1630 2923 1888 2990 salvator,
1933 2933 1990 2979 et

399 3014 618 3084 species
650 3015 703 3068 in
732 3022 952 3085 genere.
985 3013 1044 3068 Si
1077 3023 1259 3069 autem
1287 3013 1616 3081 formarum,
1651 3028 1745 3069 seu
1780 3016 1989 3084 specie-

2078 1849 2207 1904 nino
2234 1847 2414 1917 perire
2452 1843 2876 1914 possunt‘,~dum
2928 1842 3127 1896 rationi
3182 1856 3291 1897 non
3337 1840 3656 1907 conveniat,

2077 1939 2224 2009 quod
2252 1928 2489 1993 deterius
2517 1943 2621 1999 est,
2650 1929 2870 1988 manere
2905 1942 2960 1988 et
2984 1932 3202 1996 salvari,
3226 1933 3372 2002 quod
3395 1947 3527 1988 vero
3548 1945 3663 1987 me-

2078 2031 2207 2096 lius,
2241 2022 2517 2096 corrumpi
2548 2034 2603 2081 et
2644 2026 2850 2095 perire,
2895 2031 2951 2080 et
2994 2024 3138 2093 quod
3167 2024 3525 2094 compositum
3553 2031 3664 2088 est,

2079 2125 2134 2179 in
2162 2122 2278 2177 suis
2300 2119 2553 2188 partibus
2580 2114 2866 2184 disiunctis
2905 2115 3190 2178 custodiri,
3221 2114 3447 2183 simplex
3482 2121 3667 2167 autem

2079 2212 2336 2281 omnique
2367 2206 2762 2278 compositione
2789 2214 2987 2259 carens
3031 2204 3363 2273 dissolvique
3404 2203 3669 2272 nequiens

2083 2301 2358 2359 interimi?
2395 2297 2570 2355 Omne
2625 2305 2809 2353 autem
2857 2308 3059 2365 corpus
3111 2295 3471 2364 compositum
3522 2306 3656 2359 esse,

2082 2406 2300 2449 omnem
2325 2405 2454 2446 vero
2480 2389 2721 2444 animam
2751 2387 3074 2457 simplicem,
3120 2387 3242 2456 quis
3288 2386 3508 2455 sophiae
3550 2394 3668 2441 stu-

2085 2484 2330 2539 dentium
2359 2479 2615 2536 neseiat?
2647 2476 2878 2547 Et'qu‘od
2922 2477 3008 2533 his
3051 2476 3303 2533 omnibus
3347 2475 3668 2541 mirabilius,

2085 2584 2278 2645 quare,
2325 2573 2418 2642 qui
2468 2569 2870 2627 irrationabiles
2923 2568 3131 2624 animas
3174 2578 3297 2639 post
3346 2567 3672 2623 solutionem

2088 2662 2334 2733 corporis
2374 2660 2599 2715 interire
2642 2665 2913 2723 asserunt,
2957 2671 3059 2712 nec
3086 2656 3376 2720 immerito,
3409 2665 3467 2709 ut
3497 2656 3670 2721 aiunt,

2087 2746 2346 2822 quoniam
2383 2751 2450 2804 de
2497 2758 2641 2804 terra
2672 2754 2920 2818 sumptae
2946 2754 3071 2801 sunt
3102 2744 3236 2798 etin
3279 2753 3480 2799 terram
3504 2742 3674 2797 resol-

2091 2847 2311 2903 vuntur,
2358 2836 2569 2907 magnis
2609 2834 2861 2891 laudibus
2901 2830 3286 2887 irrationabilis
3313 2831 3526 2886 animae
3560 2831 3675 2885 vir-

2092 2941 2264 2988 tutem
2303 2931 2355 2985 in
2391 2930 2639 2985 sensibus
2685 2927 2946 2988 exaltant,
2988 2935 3044 2980 et
3077 2924 3418 2981 rationabilis
3459 2924 3677 2980 animae

2094 3021 2151 3075 in
2179 3019 2430 3077 sensibus
2450 3018 2730 3088 corporeis
2766 3017 2955 3071 virtuti
2999 3013 3353 3087 praeferunt?
3376 3013 3508 3082 Quis
3527 3015 3673 3075 enim

408 3118 529 3157 rum
549 3144 566 3169 ,
598 3105 700 3159 sub
729 3117 837 3158 uno
864 3117 1063 3174 genere
1092 3105 1541 3169 constitutarum,
1571 3105 1835 3173 quaedam
1869 3105 1988 3173 qui-
2016 3084 2066 3148 (ἶ
2094 3110 2369 3165 hominum
2416 3084 2575 3163 acute
2618 3107 2787 3172 videt,
2834 3113 2894 3161 ut
2940 3084 3121 3176 aquila
3173 3111 3230 3160 et
3277 3104 3515 3160 dorcas?
3542 3102 3676 3170 Quis

404 3193 530 3248 dem
578 3192 715 3246 mori
743 3193 1040 3262 possunt’,
1083 3200 1144 3247 et
1183 3191 1507 3258 moriuntur,
1548 3193 1814 3262 quaedam
1855 3206 1987 3248 vero

406 3298 507 3339 nec
535 3285 558 3316 ³
609 3294 839 3353 possunt
868 3283 1035 3348 mori,
1067 3298 1167 3338 nec
1199 3283 1525 3348 moriuntur,
1554 3283 1684 3353 quid
1730 3284 1797 3338 de
1845 3284 1987 3353 ipsa-

403 3390 525 3429 rum
567 3389 767 3445 genere
811 3370 1095 3429 dicemus?
1140 3371 1223 3426 An
1268 3384 1324 3428 et
1355 3373 1531 3442 ipsum
1573 3371 1629 3428 in
1668 3372 1990 3443 quibusdam

402 3466 635 3537 peribit,
668 3466 724 3519 in
762 3465 1086 3536 quibusdam
1119 3479 1225 3519 non
1254 3464 1499 3534 peribit?
1527 3462 1645 3519 Non
1671 3464 1816 3519 enim
1843 3464 1988 3519 inte-

401 3562 560 3628 grum
593 3560 774 3627 potest
799 3560 1122 3626 permanere
1141 3595 1158 3621 ,
1186 3555 1333 3625 quod
1358 3554 1627 3625 quasdam
1652 3567 1781 3610 suas
1807 3561 1992 3624 partes

406 3652 613 3718 patitur
660 3647 925 3719 perdere,
971 3660 1033 3702 ac
1076 3661 1174 3717 per
1222 3648 1326 3702 hoc
1362 3660 1470 3702 non
1514 3646 1620 3702 erit
1664 3660 1869 3716 genus,
1899 3645 1994 3700 sed

404 3736 625 3807 generis
672 3736 852 3790 ruina.
902 3733 960 3790 Si
986 3734 1133 3791 enim
1169 3735 1412 3791 omnium
1451 3747 1680 3802 corpore
1716 3742 1773 3788 et
1811 3727 1992 3788 aniina

409 3826 832 3881 constitutorum
871 3840 1037 3881 unum
1079 3840 1248 3895 genus
1285 3833 1408 3891 est,
1441 3824 1586 3894 quod
1622 3824 1821 3879 animal
1854 3824 1994 3878 dici-

415 3928 525 3983 tur,
568 3918 823 3986 quouiam
853 3917 907 3972 in
945 3932 1010 3973 eo
1042 3918 1223 3973 omnia
1267 3916 1520 3972 animalia
1568 3916 1997 3973 substantialiter

412 4006 751 4072 subsistunt;
780 4021 904 4060 nam
932 4014 989 4061 et
1027 4007 1208 4083 homo,
1233 4014 1288 4060 et
1326 4006 1431 4072 leo,
1472 4007 1675 4071 ethos,
1725 4014 1781 4060 et
1824 4021 1997 4074 equus

415 4097 471 4151 in
501 4096 619 4166 ipso
646 4112 812 4151 unum
844 4105 991 4160 sunt,
1021 4106 1075 4151 et
1105 4097 1461 4153 substantiale
1492 4112 1691 4151 unum:
1727 4098 1999 4167 quomodo

414 4189 559 4244 illius
589 4187 805 4259 generis
832 4203 1025 4244 omnes
1059 4188 1270 4259 species
1291 4188 1566 4260 peribunt,
1592 4187 1692 4244 ea'
1732 4188 1850 4244 sola
1876 4201 2001 4258 per-

414 4288 691 4344 manente,
738 4292 879 4350 quae
923 4278 1236 4336 hominibus
1282 4284 1368 4336 est
1412 4278 1753 4335 distributa?
1796 4280 1877 4335 Ac
1903 4294 2002 4351 per

417 4369 541 4433 hoc,
573 4368 620 4423 si
659 4385 764 4423 una
804 4369 1015 4439 species
1041 4370 1154 4425 sola
1180 4368 1564 4440 permanserit,
1599 4369 1798 4426 ceteris
1831 4370 2001 4426 inter-

417 4459 694 4523 euntibus,
737 4460 933 4529 peribit
968 4460 1131 4515 etiam
1173 4475 1363 4530 genus,
1403 4460 1547 4530 quod
1574 4470 1912 4531 nequaquam
1944 4462 1998 4516 in

421 4564 526 4602 una
557 4549 739 4619 specie
764 4548 951 4604 stabit.
979 4548 1444 4625 Quemadmodum
1481 4551 1627 4605 enim
1657 4567 1761 4606 una
1792 4553 2004 4621 species

422 4640 587 4697 ullum
614 4656 786 4709 genus
813 4641 997 4709 eﬁlcit,
1047 4659 1156 4700 non
1194 4643 1371 4700 video.
1401 4644 1534 4700 Cum
1561 4638 1603 4677 ιδ
1643 4649 1788 4702 enim
1833 4663 2003 4719 genus

421 4730 715 4786 multarum
745 4733 786 4766 “
814 4732 1114 4789 formarum
1157 4748 1253 4792 seu
1293 4739 1592 4809 specierum
1637 4743 2005 4798 substantialis

424 4819 606 4873 unitas
630 4820 725 4885 sit,
755 4822 1028 4891 quomodo
1056 4825 1221 4879 stabit
1248 4841 1437 4896 genus,
1470 4828 1559 4882 ubi
1582 4830 1867 4886 multarum
1896 4830 2006 4885 lor-

428 4923 638 4964 marum
675 4904 1054 4983 specierumve
1103 4916 1478 4973 substantialis
1525 4920 1704 4976 unitas
1743 4938 1850 4976 non
1887 4937 2011 4991 per-

432 5001 656 5054 manet?
693 5003 846 5071 Quod
875 5016 1060 5062 autem
1084 5008 1288 5089 multae
1331 5011 1541 5080 species
1595 5020 1759 5064 unum
1799 5010 1909 5065 sint
1957 5014 2011 5067 in

430 5105 655 5160 genere,
681 5107 899 5152 sanctus
924 5098 1217 5171 Dionysius
1243 5099 1436 5155 edocet
1466 5100 1519 5154 in
1546 5101 1721 5169 capite
1745 5102 1810 5156 de
1834 5102 2008 5172 perfe-

431 5190 517 5237 cto
541 5191 590 5237 et
620 5196 726 5239 uno
769 5188 983 5245 dicens:
1011 5188 1195 5262 Neque
1215 5192 1353 5248 enim
1365 5200 1439 5246 est
1460 5190 1738 5245 multitudo
1765 5207 1869 5246 non
1895 5209 2014 5262 par-

2089 3199 2260 3271 pollet
2295 3197 2570 3254 odorifera
2614 3198 2689 3265 vi;
2731 3196 2788 3252 ut
2813 3197 3004 3253 canis?
3047 3197 3113 3252 Et
3141 3208 3208 3252 ne
3245 3195 3462 3276 longum
3496 3196 3678 3249 videa-

2093 3302 2182 3346 tur
2208 3290 2277 3347 de
2317 3290 2649 3346 irrationalis
2688 3288 2899 3344 animae
2925 3288 3167 3359 potentia
3194 3289 3249 3343 in
3277 3281 3527 3343 sensibus
3567 3286 3680 3340 sin-

2092 3382 2342 3453 gulorum
2372 3380 2687 3436 animalium
2712 3380 3006 3444 disserere,
3039 3377 3170 3449 quid
3213 3378 3282 3433 de
3326 3375 3680 3432 diuturnitate

2092 3473 2388 3529 memoriae
2458 3470 2914 3527 irrationabilium
2965 3477 3051 3524 est
3112 3467 3400 3523 dicendum
3440 3466 3465 3518 ?
3514 3464 3681 3521 Canis

2098 3559 2304 3630 Ulyssis
2329 3568 2452 3630 post
2480 3569 2652 3615 annos
2692 3551 2880 3630 viginti
2915 3556 3194 3615 dominum
3238 3570 3395 3611 suum
3423 3548 3684 3625 recogno-

2097 3652 2192 3705 vit.
2235 3650 2486 3706 Camelus
2534 3649 2786 3719 iniuriam
2847 3664 2879 3703 a
2923 3648 3200 3720 magistris
3252 3649 3463 3718 patiens
3512 3646 3681 3701 multo

2095 3752 2361 3799 annorum
2390 3743 2565 3812 spatio
2587 3751 2772 3813 aptum
2819 3741 3008 3796 ultioni
3057 3754 3187 3796 suae
3220 3746 3429 3809 spectat
3477 3738 3677 3803 locum,

2098 3836 2222 3889 dum
2250 3834 2322 3887 sit
2359 3834 2472 3903 ipse
2498 3847 2707 3887 memor
2727 3846 2942 3900 semper
2963 3829 3212 3900 injuriae.
3245 3831 3323 3885 De
3345 3830 3684 3886 naturalibus

2099 3932 2277 3978 autem
2304 3932 2491 3977 eorum
2535 3923 2825 3976 virtutibus
2869 3935 3038 3989 pauca
3088 3919 3363 3975 sulliciunt
3411 3920 3685 3989 exempla.

2099 4016 2306 4073 Tantae
2350 4017 2618 4070 castitatis
2666 4015 2848 4068 ferunt
2888 4028 3009 4069 esse
3042 4014 3331 4085 gryphum,
3357 4013 3450 4081 qui
3474 4013 3540 4045 ’δ’
3556 4013 3691 4067 dum

2101 4107 2269 4164 semel
2290 4107 2570 4177 conjugale
2614 4103 2946 4160 consortium
2990 4101 3308 4171 perdiderit,
3350 4114 3566 4170 semper
3588 4114 3687 4155 ca-

2101 4200 2339 4255 stitatem
2378 4212 2533 4252 suam
2572 4194 2885 4250 inviolatam
2915 4201 3223 4257 conservat,
3271 4191 3471 4262 prioris
3500 4190 3689 4260 conju-

2103 4299 2175 4370 gii
2215 4306 2543 4349 memorans.
2590 4288 2744 4357 Quod
2787 4286 2952 4343 etiam
3001 4285 3070 4340 de
3114 4294 3327 4340 turture
3366 4282 3689 4337 naturarum,

2027 4410 2081 4484 Β
2107 4385 2456 4484 inquisitores
2509 4379 2747 4484 tradunt.
2925 4374 3126 4484 pietate
3178 4372 3513 4484 ciconiarum
3555 4382 3689 4441 erga

2107 4484 2360 4550 parentes
2402 4462 2636 4528 Basilius
2697 4466 2886 4523 scribit
2932 4483 2947 4519 :
2996 4472 3151 4533 patre
3203 4462 3468 4531 siquidem
3522 4475 3691 4550 sene-

2107 4548 2311 4631 scente,
2345 4571 2403 4620 et
2437 4566 2567 4632 prae
2603 4557 2769 4614 nimia
2793 4562 3072 4611 senectute
3122 4552 3436 4607 indumenta
3481 4548 3691 4620 pluma-

2106 4664 2228 4713 rum
2267 4653 2548 4725 perdente,
2595 4648 2709 4704 nati
2763 4646 3002 4716 undique
3040 4643 3416 4707 circumstant,
3467 4641 3693 4710 suisque

2108 4747 2299 4817 pennis
2353 4741 2602 4806 eﬂ‘ovent,
2657 4750 2713 4794 et
2760 4752 2915 4793 escas
2980 4734 3195 4804 copiose
3259 4739 3648 4803 praeparantes
3673 4770 3690 4795 ,

2108 4838 2270 4893 etiam
2312 4834 2366 4888 in
2395 4831 2576 4888 volatu
2599 4826 2837 4885 validum
2882 4830 3160 4895 praestant
3194 4821 3503 4886 auxilium,‘
3535 4819 3693 4889 quie-

2110 4935 2224 4982 tum
2255 4922 2472 4979 volatile
2499 4920 2755 4987 utrinque
2777 4916 3020 4971 levantes
3044 4913 3118 4977 ¹⁸;
3146 4926 3210 4966 ac
3239 4913 3319 4967 sic
3340 4910 3468 4964 illud
3490 4909 3546 4964 in
3575 4924 3692 4962 om-

2110 5017 2267 5071 nibus
2294 5013 2567 5084 adjuvant.
2607 5007 2720 5062 Hae
2766 5007 2930 5076 igitur
2963 5017 3153 5059 omnes
3191 5001 3468 5056 naturales
3514 4998 3695 5053 "virtus

2112 5113 2191 5158 tes
2239 5101 2508 5172 quomodo
2536 5098 2581 5129 ¹⁸
2614 5093 2970 5152 irrationabili
3018 5093 3231 5146 animae
3273 5098 3493 5159 possent
3544 5090 3587 5121 "
3618 5090 3695 5142 in-

2110 5210 2251 5260 esse,
2264 5195 2311 5250 si
2325 5202 2469 5248 terra
2477 5197 2622 5247 esset
2636 5188 2701 5255 ¹⁸,
2720 5195 2778 5241 ut
2790 5186 2939 5240 aiunt
2952 5181 3211 5253 praedicti
3232 5179 3445 5243 Patres,
3458 5177 3526 5232 de
3547 5186 3694 5232 terra

1714 5372 1961 5431 VARIAE
1995 5372 2400 5432 LECTIONES.

507 5502 530 5540 '
554 5505 645 5563 AC
673 5522 785 5581 XVI:
863 5511 884 5542 ⁸
912 5512 973 5581 in,
994 5527 1103 5567 om.
1134 5514 1178 5567 Α
1255 5510 1278 5546 ³
1304 5515 1349 5567 Α
1377 5514 1479 5568 sibi
1498 5512 1738 5567 inuicem.
1814 5510 1837 5542 ⁸
1860 5511 1907 5565 Α
1927 5510 2047 5565 sibi.
2096 5508 2201 5581 g'A
2227 5508 2408 5581 igitur.
2434 5576 2444 5581 Α
2483 5506 2505 5539 ⁸
2538 5505 2579 5562 C
2607 5505 2791 5581 omnis.
2868 5502 3185 5581 ’éP°“ﬁ"‘
3215 5497 3370 5580 ἠοθζίο
3445 5496 3469 5527 ³
3488 5496 3694 5581 ληοίτ·

435 5573 460 5606 ⁹
492 5591 555 5630 ea
591 5592 702 5633 om.
743 5577 818 5635 C.‘

937 5580 982 5613 ¹⁹
1007 5583 1050 5638 Α
1080 5581 1209 5637 Cur.
1323 5584 1361 5615 "
1392 5582 1439 5637 A
1475 5583 1761 5637 multarum
1785 5597 1968 5651 genus.

2091 5579 2134 5611 “
2167 5581 2223 5633 in
2247 5565 2386 5633 "om.
2419 5576 2483 5631 Δ.
2606 5574 2651 5607 ⁸³
2673 5583 2721 5628 et
2761 5588 2871 5628 om.
2902 5565 2976 5627 CC
3090 5565 3136 5599 “
3161 5568 3430 5637 perspicue
3477 5579 3585 5637 om.
3629 5567 3700 5620 Α.

442 5642 505 5676 ’ν
532 5661 701 5719 corr.,
727 5633 818 5705 AC
842 5633 1050 5721 quae."
1082 5633 1183 5706 “VC
1195 5633 1301 5717 Qui
1321 5633 1456 5707 enim
1477 5633 1970 5722 bolo-tileutr'iﬁque
1989 5649 2221 5705 leviores.
2299 5648 2342 5682 ¹³
2367 5647 2407 5704 C
2433 5646 2680 5717 quoniam
2752 5644 2793 5676 ιτ
2811 5643 2857 5699 A
2884 5647 3119 5713 possunt.
3161 5633 3171 5637 ⁷
3198 5638 3242 5670 ⁸⁸
3274 5635 3376 5691 Pro
3403 5644 3532 5690 esset
3555 5633 3603 5689 Α
3628 5643 3701 5689 et.

762 5741 1040 5804 Ριτιιοι..
1085 5742 1346 5804 CXXII.

3107 5725 3183 5786 2'0-
