4212 6272
629 253 733 308 739

2015 251 2295 309 JOANNIS
2336 247 2529 309 SCOTl

3783 250 3897 320 πο

625 373 766 426 orla,
791 373 845 419 et
871 363 923 416 in
959 372 1156 416 terram
1191 359 1422 415 iterum‘
1451 361 1710 426 resoluta,
1729 369 1822 416 aut
1842 363 1888 419 si
1917 376 2042 420 vere
2064 364 2190 420 sub-
2221 379 2269 436 Α
2297 362 2418 428 bus,
2447 364 2554 418 imo
2585 363 2766 418 omnia
2789 362 2810 394 ’
2833 361 2952 432 plus
2981 377 3138 433 quam
3165 363 3217 417 in
3243 365 3554 424 hominibus
3575 359 3618 402 ιο
3665 372 3890 440 pollent.

621 455 892 510 stantialis
921 454 1101 507 anima
1150 468 1257 508 non
1289 465 1452 518 esset,
1503 455 1747 508 invenire
1794 468 1904 508 non
1955 467 2195 523 possum.

621 543 688 596 Et
719 545 762 597 si
812 541 990 596 anima
1041 548 1184 596 terra
1240 550 1342 603 est,
1374 554 1428 596 et
1477 552 1620 596 terra
1668 556 1888 611 corpus,
1929 543 2198 611 quomodo

600 646 814 699 "corpus
837 632 1013 683 anima
1046 637 1282 692 vocatur,
1307 647 1430 685 cum
1457 617 1758 686 dill’erentia
1783 632 2014 686 naturali
2041 631 2197 700 longe

620 738 649 777 a
690 739 750 778 se
785 724 1017 800 invicem
1067 725 1405 792 discrepent?
1457 724 1523 777 Et
1551 724 1596 778 si
1642 739 1837 794 corpus
1866 732 1950 777 est
1994 723 2192 788 anima,

618 814 925 868 necessario
962 813 1179 866 habebit
1213 814 1397 876 vitam,
1434 826 1572 881 quae
1615 826 1732 866 eam
1764 813 2035 878 vivificct;
2079 812 2195 866 nul-

618 901 726 954 lum
763 901 1027 969 siquidem
1076 915 1268 968 corpus
1297 910 1400 963 est,
1449 901 1590 970 quod
1633 901 1741 955 vita
1786 909 1840 956 et
1891 901 2074 970 specie
2098 915 2191 954 ca-

617 998 753 1055 reat,
777 989 1012 1058 alioquin
1041 1004 1146 1042 non
1188 990 1290 1042 erit.
1336 1003 1548 1056 corpus.
1591 990 1668 1042 Ac
1695 1004 1792 1059 per
1817 991 1918 1044 hoc
1944 989 2049 1043 erit
2078 989 2194 1042 ani-

590 1109 594 1115 -
617 1093 702 1130 ma
729 1078 964 1142 animae,
991 1093 1081 1131 seu
1115 1078 1221 1131 vita
1247 1079 1413 1132 vitae.
1450 1077 1554 1131 Sed
1579 1093 1736 1131 nemo
1769 1078 2065 1144 existimet,
2094 1093 2193 1132 nos

616 1168 745 1220 talia
785 1168 966 1221 dicere
999 1167 1163 1221 veluti
1206 1181 1424 1222 sensum
1467 1175 1775 1220 sanctorum
1826 1167 2048 1220 Patrum
2093 1167 2191 1221 de-

613 1266 902 1322 struentes,
934 1258 1025 1311 sed
1057 1258 1250 1327 potius,
1287 1257 1416 1326 quid
1467 1257 1534 1311 de
1583 1257 1666 1311 bis
1704 1257 2077 1313 rationabilius
2110 1266 2191 1313 te-

613 1353 872 1418 nendum,
905 1367 1004 1421 pro
1051 1353 1256 1406 viribus
1308 1351 1510 1406 nostris
1552 1359 1897 1418 quaerentes,
1942 1348 2046 1404 hoc
2081 1359 2187 1415 est,

611 1452 795 1497 utrum
835 1443 1232 1498 irrationabiles
1275 1443 1486 1496 animae
1515 1441 1832 1511 corporibus
1867 1441 2060 1497 solutis
2108 1442 2189 1496 in-

609 1541 821 1587 tereunt
848 1542 902 1586 et
951 1533 1002 1586 in
1055 1542 1254 1586 terram
1307 1532 1606 1596 solvuntur,
1664 1546 1732 1586 an
1794 1533 1845 1586 in
1899 1531 2188 1603 generibus

606 1623 719 1675 suis
740 1635 1024 1690 corporum
1063 1636 1284 1675 suorum
1318 1621 1839 1676 administrationem
1869 1621 2185 1678 deserentes

2295 449 2491 503 Merito
2538 459 2716 503 autem
2762 454 3060 519 quaeritur,
3116 469 3282 521 quare
3339 457 3576 512 volatilia
3632 477 3699 514 ex
3750 479 3891 533 aqua

2297 539 2556 607 producta
2601 540 2867 595 dicantur.
2925 542 3246 598 Credibilius
3300 560 3533 616 namque
3592 551 3887 620 videretur,

2297 628 2744 696 quemadmodum
2769 631 3019 684 animalia
3055 640 3256 686 terram
3288 634 3585 694 habitantia
3635 641 3702 694 de
3744 653 3887 700 terra

2295 718 2645 785 perhibentur
2697 727 2903 785 creata,
2957 721 3030 773 ita
3083 722 3248 775 etiam
3298 725 3474 792 pisces
3525 729 3883 800 solummodo,

2293 821 2466 876 aquae
2505 809 2718 876 quidem
2750 824 3110 878 possessores,
3139 811 3205 865 de
3233 826 3407 880 aqua;
3453 815 3686 872 volatilia
3733 837 3882 887 vero,

2291 911 2430 966 quae
2465 898 2587 950 aéra
2621 905 2854 962 tranant,
2888 900 2954 953 de
2976 900 3104 954 aére
3137 915 3350 971 quoque
3385 906 3582 958 creari.
3624 907 3728 963 Sed
3756 912 3882 968 huic

2291 987 2594 1056 quaestioni
2623 987 3014 1043 rationabiliter
3061 987 3103 1020 ¹¹
3150 991 3473 1057 occurritur,
3522 995 3566 1047 si
3614 1009 3875 1064 aquarum

2291 1084 2482 1128 natura
2509 1076 2894 1130 consideretur.
2934 1075 3170 1143 Quarum
3202 1079 3335 1132 duae
3363 1081 3569 1149 species
3601 1095 3740 1149 sunt,
3767 1103 3875 1140 una

2288 1163 2505 1234 quidem
2544 1163 2751 1218 marina
2779 1172 2834 1220 et
2858 1163 3107 1231 ﬂuvialis,
3146 1169 3534 1237 crassiorisque
3581 1173 3871 1240 qualitatis,

2288 1253 2457 1307 altera
2487 1267 2612 1308 vero
2639 1255 2905 1324 vaporalis
2929 1265 2985 1312 et
3006 1257 3279 1321 nebulosa,
3306 1258 3597 1328 leviorque.
3639 1263 3706 1316 Et
3728 1279 3872 1319 cras-

2287 1343 2397 1398 sior
2424 1342 2640 1414 quidem
2679 1352 2892 1398 terrena
2931 1346 3203 1401 soliditate
3252 1346 3490 1414 fulcitur,
3537 1350 3701 1404 levior
3747 1368 3871 1409 vero

2286 1435 2444 1489 aérea
2473 1433 2819 1503 suspenditur
2839 1436 3149 1502 serenitate,
3175 1439 3346 1490 donec
3375 1438 3426 1490 in
3455 1441 3870 1496 crassitudinem

2283 1533 2526 1581 vertatur
2553 1535 2606 1579 et
2630 1525 3108 1594 ponderositatem,
3135 1541 3296 1594 quam
3327 1528 3538 1582 exilitas
3565 1529 3679 1597 ejus
3703 1533 3865 1587 susti-

2283 1629 2414 1670 nere
2445 1630 2551 1670 non
2580 1624 2776 1685 potest.
2817 1613 2954 1669 Hinc
2979 1616 3264 1670 coniicitur
3297 1618 3529 1671 naturali
3556 1621 3864 1675 considera-

603 1710 881 1765 salvantur
906 1711 948 1774 ',
981 1710 1108 1764 illud
1155 1710 1373 1780 ubique,
1397 1712 1538 1779 quod
1583 1711 1725 1766 veris
1758 1711 2184 1767 ratiocinationi-
2211 1704 2257 1763 B
2286 1705 2448 1772 tione,
2496 1703 2706 1775 reptan
2757 1703 2970 1759 animae
3015 1705 3263 1769 viventis,
3322 1707 3424 1762 hoc
3451 1718 3577 1774 est,
3627 1713 3861 1767 omnium

599 1799 702 1855 bus
735 1802 1036 1869 quaesitum
1083 1811 1138 1856 et
1184 1811 1455 1870 repertum
1508 1811 1566 1856 et
1607 1803 1944 1868 conclusum,
1994 1803 2179 1859 incon-

603 1905 760 1946 cusse
791 1899 1056 1956 tenentes,
1082 1892 1224 1959 quod
1253 1891 1428 1946 omnis
1455 1891 1588 1956 vita,
1631 1891 1744 1945 sive
1775 1892 1952 1945 anima
1983 1905 2180 1960 corpus

609 1983 871 2052 rogitans,
928 1984 1344 2052 participatione
1394 1984 1554 2038 unius
1602 1985 1969 2054 primordialis
2034 1986 2178 2041 vitae

600 2086 696 2126 seu
751 2072 963 2127 animae
1044 2072 1338 2127 subsistere
1379 2071 1401 2104 ⁸
1447 2086 1542 2127 seu
1620 2075 1786 2128 vitam
1865 2075 2175 2144 acceperit,

597 2174 759 2231 quam
836 2161 1342 2230 participationem,
1389 2165 1506 2218 sive
1582 2162 1634 2216 in
1713 2163 2177 2218 administratione

597 2270 885 2324 corporum
941 2257 1050 2320 sit,
1108 2257 1222 2310 sive
1290 2270 1394 2308 non
1456 2255 1564 2319 sit,
1630 2256 1850 2310 omnino
1925 2256 2177 2311 deserere

596 2347 856 2401 naturalis
903 2347 924 2378 ⁵
975 2362 1082 2400 non
1149 2347 1280 2400 sinit
1347 2347 1505 2401 ratio.
1587 2346 1795 2402 Nullius
1862 2361 1986 2418 ergo
2051 2361 2175 2403 sen-

586 2451 714 2491 sum
772 2435 1190 2505 praejudicando
1241 2435 1365 2489 talia
1419 2436 1670 2501 dicimus,
1729 2435 1820 2492 sed
1873 2436 2173 2507 legentibus

593 2527 866 2581 suadendo
903 2526 1198 2580 studiosius
1250 2540 1534 2597 quaerere,
1583 2535 1638 2582 et
1682 2525 1824 2597 quod
1870 2527 1936 2582 iis
1979 2528 2174 2598 proba-

590 2614 752 2669 bilius
787 2615 1018 2682 videtur,
1049 2618 1294 2672 consulta
1329 2618 1578 2682 veritate,
1606 2619 1971 2674 indubitanter
1991 2617 2166 2689 sequi.

593 2701 976 2763 Verumtamen
1007 2709 1351 2772 crediderim,
1401 2718 1616 2764 sanctos
1663 2709 2171 2778 pbiIoSOphicosque

593 2798 759 2861 viros,
822 2797 1160 2867 solertesque
1218 2799 1268 2851 in
1327 2798 1508 2852 veraci
1572 2813 1752 2852 rerum
1807 2798 2165 2868 indagatione,

589 2883 894 2952 huiusmodi
956 2885 1256 2938 doctrinam
1315 2886 1529 2953 publice
1591 2884 1878 2954 protulisse
1948 2895 2168 2956 propter

589 2976 904 3045 insipientes
957 2977 1238 3040 homines,
1299 2977 1450 3030 carni
1512 2978 1766 3041 omnino,
1817 2977 1958 3031 sicut
2003 2978 2161 3032 bruta

587 3050 1082 3138 irrationabiliaque
1130 3069 1404 3133 animalia,
1453 3069 1679 3134 deditos,
1726 3082 1795 3124 ne
1836 3070 1914 3124 sic
1953 3069 2004 3122 in
2039 3085 2164 3124 car-

583 3167 710 3209 nem
747 3157 1025 3221 caderent,
1072 3157 1295 3226 ejusque
1326 3158 1608 3212 desideriis
1637 3157 1922 3221 servirent,
1969 3159 2062 3213 sed
2108 3163 2165 3209 ut

586 3244 708 3298 talis
735 3245 1120 3299 irrationabilis
1163 3257 1443 3299 creaturae
1473 3246 1680 3299 vilitate
1722 3247 1916 3306 territi,
1968 3248 2033 3298 ad
2079 3259 2165 3297 ra-

585 3333 858 3386 tionabilis
887 3342 1112 3386 naturae
1138 3334 1158 3364 '
1198 3333 1535 3401 dignitatem,
1567 3335 1620 3386 in
1649 3349 1753 3402 qua
1781 3333 1980 3387 conditi
2016 3341 2158 3397 sunt,

589 3421 831 3472 moribus
853 3422 1115 3474 correctis
1168 3436 1226 3473 se
1268 3422 1557 3490 erigerent.
1605 3421 1757 3488 Quod
1806 3422 1919 3490 ipse
1961 3421 2164 3493 Grego-

582 3507 698 3560 rius
720 3509 773 3560 in
801 3507 1120 3562 duodecimo
1144 3509 1164 3538 ⁸
1188 3509 1364 3577 capite
1393 3511 1459 3563 de
1502 3508 1739 3578 linagiue
1768 3510 1923 3578 plane
1967 3513 2158 3582 aperit.

581 3594 716 3650 Nam
745 3606 1030 3666 postquam
1076 3599 1230 3663 dixit,
1284 3599 1704 3655 irrationabilem
1736 3601 1974 3656 animam
2001 3619 2108 3658 non
2135 3605 2156 3636 ⁷

581 3703 701 3744 esse
726 3703 854 3742 vere
902 3689 1158 3751 animam,
1209 3689 1366 3757 paulo
1408 3699 1528 3760 post
1574 3692 1894 3761 subiunxit:
1944 3693 2157 3746 Discant

575 3790 840 3836 amatores
871 3780 1048 3832 carnis
1085 3796 1185 3833 non
1236 3780 1384 3833 valde
1405 3782 1467 3835 de
1498 3781 1518 3812 ⁸
1542 3783 1828 3836 visibilibus
1873 3785 2158 3838 secundum

577 3886 786 3924 sensum
826 3868 1044 3938 alligare
1089 3869 1499 3938 intelligentiam,
1527 3872 1616 3926 sed
1645 3874 1701 3926 in
1737 3873 2034 3926 animarum
2068 3872 2157 3926 ob-

576 3959 953 4012 servationibus
977 3974 1195 4024 vacare;
1220 3975 1336 4012 vera
1359 3961 1545 4030 quippe
1575 3962 1753 4014 anima
1778 3963 1832 4015 in
1861 3962 2155 4016 hominibus

575 4048 961 4111 consideratur,
985 4064 1165 4102 sensus
1188 4064 1302 4102 vero
1327 4049 1480 4102 etiam
1515 4049 1569 4102 in
1592 4051 2040 4104 irrationabilibus
2061 4067 2155 4106 ae-

573 4137 802 4209 qualiter
839 4138 1078 4192 habetur.
1124 4138 1270 4192 DISC.
1317 4137 1695 4208 Unusquisque
1725 4141 1865 4208 quod
1907 4141 2021 4193 vult
2053 4139 2153 4194 eli-

571 4236 688 4300 gat,
734 4235 788 4283 et
828 4227 971 4298 quod
1019 4228 1170 4300 eligit
1211 4237 1512 4296 sequatur:
1564 4244 1662 4284 nos
1717 4239 1895 4283 autem
1939 4229 2007 4283 ad
2065 4243 2152 4296 ea,

573 4332 713 4387 quae
741 4325 971 4380 restant,
999 4317 1388 4372 consideranda
1418 4326 1773 4372 transeamus.

638 4409 728 4461 40.
752 4407 892 4462 Mm.
918 4407 1213 4460 Producant
1233 4423 1399 4476 aquae
1421 4407 1595 4477 reptile
1623 4407 1827 4460 animae
1848 4408 2084 4472 viventis,
2104 4419 2153 4463 et

569 4495 777 4550 volatile
816 4511 969 4563 super
993 4506 1183 4547 terram
1217 4497 1310 4548 sub
1350 4496 1677 4563 ﬁrmamento
1708 4496 1856 4550 caeli.
1900 4496 1997 4550 Hic
2020 4513 2153 4564 quo-

569 4601 677 4657 que
714 4587 934 4640 subaudi
980 4586 1189 4640 animae
1222 4589 1479 4653 viventis,
1533 4597 1591 4642 ut
1634 4587 1896 4658 intelligas
1939 4589 2152 4645 volatile

570 4675 782 4728 animae
810 4674 1052 4725 viventis.
1094 4674 1220 4727 Plus
1246 4676 1388 4728 enim
1429 4677 1640 4731 animae
1685 4681 1912 4732 viventis
1952 4679 2149 4734 indicia

571 4766 625 4818 in
655 4762 900 4817 scr-sibus
933 4760 1241 4826 volatilium,
1284 4777 1443 4830 quam
1478 4765 1701 4831 piscium
1739 4767 2144 4835 dignoscuutur.

570 4853 728 4918 Nam,
757 4859 816 4905 ιιι
841 4852 914 4904 ait
937 4850 1180 4914 Basilius,
1210 4852 1420 4922 auditps
1463 4852 1516 4903 in
1557 4851 1778 4919 piscibus
1823 4854 2006 4906 tardus
2049 4863 2144 4919 est,

570 4950 681 5001 visu
713 4944 969 4997 obtusiore
989 4951 1196 5011 propter
1223 4948 1411 5011 aquam
1457 4941 1645 5004 vident,
1696 4951 1742 4994 et
1779 4958 1938 5011 neque
1985 4942 2150 4997 multa

569 5034 819 5090 memoria
845 5034 899 5086 in
932 5031 1034 5085 illis
1065 5041 1160 5097 est,
1187 5048 1346 5101 neque
1363 5033 1660 5100 phantasia,
1688 5049 1847 5102 neque
1875 5042 2150 5086 consuetu-

566 5126 705 5181 dinis
743 5126 985 5197 cognitio.
1030 5122 1175 5178 Haec
1200 5133 1374 5178 autem
1404 5122 1582 5177 omnia
1614 5139 1716 5178 non
1749 5125 1926 5178 minus
1950 5125 2003 5177 in
2028 5125 2144 5178 avi-

2280 1793 2508 1865 pisciu'm
2549 1809 2746 1865 genera
2774 1802 2828 1850 et
2860 1793 3068 1865 species
3093 1810 3159 1851 ex
3183 1799 3431 1852 crassiori
3457 1814 3717 1869 aquarum
3745 1816 3863 1870 spe-

2279 1887 2383 1949 cie,
2411 1885 2646 1947 volatilia
2675 1901 2804 1940 vero
2830 1885 2874 1917 "
2903 1885 3150 1940 similiter
3181 1889 3230 1940 in
3263 1890 3549 1958 generibus
3573 1899 3629 1944 et
3655 1892 3859 1961 specie-

2281 1974 2378 2028 bus
2418 1975 2529 2028 suis
2572 1989 2639 2029 ex
2686 1973 2866 2028 leviori
2908 1976 3100 2029 creari.
3143 1975 3208 2028 Et
3234 1978 3484 2045 quoniam
3513 1979 3655 2035 aéris
3681 1979 3857 2048 hujus,

2275 2064 2366 2132 qui
2395 2072 2478 2117 est
2507 2065 2645 2116 inter
2675 2062 2855 2116 lunam
2884 2074 2938 2117 et
2967 2073 3199 2129 terram,
3232 2067 3463 2134 spatium
3493 2069 3545 2121 in
3580 2070 3712 2124 duas
3733 2083 3858 2138 par-

2278 2159 2358 2204 tes
2385 2149 2657 2214 dividitur,
2696 2166 2922 2220 quarum
2966 2153 3213 2221 superior
3255 2169 3443 2208 serena
3487 2157 3696 2224 quidem
3746 2165 3851 2222 est,

2274 2237 2538 2307 nullisque
2562 2240 3072 2308 perturbationibus,
3107 2257 3245 2311 quae
3281 2258 3347 2299 ex
3384 2247 3608 2300 terrenis
3645 2247 3854 2316 aquati-

2273 2330 2456 2399 cisque
2487 2330 2772 2400 vaporibus
2803 2332 2856 2385 in
2886 2333 3011 2387 aere
3053 2344 3370 2399 nascuntur,
3408 2335 3634 2389 obnoxia
3654 2374 3671 2401 ,
3722 2334 3855 2391 infe-

2273 2417 2387 2474 rior
2426 2433 2556 2473 vero
2594 2418 2810 2473 humida
2863 2427 2948 2474 est
3000 2429 3055 2475 et
3105 2421 3517 2491 corpulentioris
3562 2424 3851 2493 qualitatis,

2271 2509 2506 2564 motibus
2549 2519 2850 2576 ventorum,
2890 2512 3388 2582 conglobationibus
3427 2516 3669 2580 nubium,
3711 2527 3853 2571 cete-

2273 2597 2474 2668 risque,
2507 2613 2644 2668 quae
2681 2615 2744 2654 ex
2785 2599 3059 2655 vicinitate
3105 2609 3279 2656 terrae
3331 2617 3698 2671 aquarumque
3743 2603 3852 2658 elli-

2270 2688 2503 2752 eiuntur,
2547 2688 2954 2743 accommodata
2979 2707 2995 2743 :
3023 2689 3279 2761 quidquid
3309 2705 3372 2745 ex
3403 2690 3486 2744 illa
3515 2701 3666 2761 parte
3705 2694 3851 2749 aéris

2269 2775 2519 2832 humidae
2566 2792 2905 2847 aquosaeque
2953 2768 3226 2848 qualitatis
3275 2782 3508 2851 gignitur
3537 2821 3552 2847 ,
3602 2798 3667 2837 ex
3721 2784 3850 2838 aére

2267 2869 2440 2923 creari
2471 2885 2577 2923 non
2609 2870 2958 2941 incongruum
2987 2881 3069 2928 est
3103 2874 3340 2929 credere.
3379 2874 3495 2930 Non
3542 2877 3686 2930 enim
3720 2893 3846 2947 pos-

2266 2969 2386 3014 sent
2414 2960 2647 3014 volatilia
2675 2961 2813 3015 hanc
2842 2971 3051 3030 partem
3079 2963 3224 3019 aéris
3255 2965 3413 3020 terris
3439 2966 3700 3036 aquisque
3729 2969 3849 3022 vicia

2189 3034 2235 3096 C
2268 3066 2390 3104 nam
2423 3059 2771 3118 transmeare,
2811 3053 2856 3107 si
2897 3055 3089 3110 aéreae
3132 3063 3357 3112 naturae
3403 3058 3624 3112 omnino
3671 3068 3848 3114 essent

2264 3139 2525 3207 expertia.
2561 3138 2678 3193 Jam
2713 3155 2839 3195 vero
2865 3142 2990 3196 dum
3019 3144 3071 3196 in
3100 3145 3179 3198 eis
3207 3153 3262 3198 et
3301 3144 3489 3199 levitas
3529 3162 3841 3215 pennarum,

2263 3240 2318 3284 et
2341 3231 2540 3285 ossium
2577 3233 2902 3298 concavitas,
2933 3244 2988 3287 et
3017 3233 3268 3290 volitandi
3313 3237 3544 3291 facilitas
3583 3239 3843 3308 dignosci-

2265 3325 2370 3381 tur,
2393 3319 2731 3386 apertissimc
2761 3322 2920 3373 datur
2960 3321 3206 3391 intelligi,
3244 3337 3347 3377 non
3387 3325 3560 3378 solum
3591 3339 3654 3378 ex
3681 3341 3841 3395 aqua,

2262 3424 2448 3463 verum
2473 3410 2631 3462 etiam
2650 3425 2714 3463 ex
2738 3412 2863 3464 aére
2888 3421 3087 3466 creata.
3114 3413 3264 3479 Quod
3281 3415 3442 3467 etiam
3468 3436 3477 3466 t
3498 3430 3529 3467 x
3547 3415 3842 3485 amphibio-

2262 3515 2380 3554 rmn
2405 3510 2596 3554 natura
2621 3499 2873 3557 facillime
2894 3502 2938 3532 ³³
2984 3504 3326 3572 perspicitur,
3354 3519 3492 3572 quae
3530 3513 3584 3558 et
3613 3505 3664 3558 in
3704 3519 3842 3575 aqua

2259 3596 2313 3643 et
2344 3588 2396 3640 in
2429 3589 2572 3654 aére,
2599 3588 2682 3642 vel
2706 3589 2757 3642 in
2787 3604 2924 3659 aqua
2971 3602 3026 3644 et
3053 3592 3106 3644 in
3140 3601 3282 3644 terra
3317 3592 3839 3646 vivunt.V’olatilium

2259 3692 2490 3747 namque
2509 3679 2769 3747 quaedam
2792 3688 2938 3743 sunt,
2956 3695 3093 3748 quae
3116 3681 3348 3734 vicissim
3367 3690 3420 3735 et
3437 3683 3488 3734 in
3508 3683 3627 3734 aere
3640 3682 3841 3750 degunt

2257 3777 2314 3821 et
2343 3771 2394 3821 in
2425 3785 2584 3838 aqua,
2610 3779 2663 3822 et
2699 3770 2823 3823 dum
2857 3771 2908 3823 in
2935 3785 3076 3840 aqua
3108 3772 3311 3835 vivunt,
3335 3772 3559 3840 piscium
3588 3770 3834 3836 formam,

2257 3860 2383 3914 dum
2411 3876 2536 3914 vero
2563 3862 2613 3913 in
2639 3863 2788 3927 aére,
2819 3861 3111 3915 volatilium
3141 3863 3366 3915 induunt
3397 3862 3460 3914 ”.
3519 3863 3582 3916 Et
3615 3864 3716 3917 hoc
3741 3878 3838 3932 per

2257 3966 2352 4006 sex
2376 3965 2587 4006 menses
2623 3962 2826 4006 mutata
2852 3954 3028 4022 specie
3055 3953 3286 4018 faciunt;
3321 3968 3412 4007 sex
3441 3952 3583 4008 enim
3614 3953 3666 4005 in
3698 3967 3835 4021 aqua

2255 4042 2489 4097 natitaut
2514 4081 2529 4106 ,
2560 4052 2616 4096 et
2639 4058 2730 4096 sex
2761 4043 2811 4096 in
2841 4043 2966 4096 aére
3003 4042 3250 4107 volitant,
3291 4043 3418 4096 etin
3458 4053 3658 4096 terram
3699 4042 3837 4095 sicut

2256 4140 2437 4188 cetera
2477 4131 2708 4186 volatilia
2756 4133 3109 4188 descendunt.
3148 4133 3214 4186 Et
3247 4133 3386 4187 haec
3423 4133 3630 4202 species
3657 4132 3834 4184 avium

2254 4223 2512 4292 gregatim
2543 4238 2753 4291 semper
2777 4224 2890 4278 sive
2930 4223 2982 4276 in
3026 4226 3171 4289 aére,
3221 4225 3330 4279 sive
3362 4225 3414 4278 in
3444 4240 3582 4292 aqua
3614 4223 3830 4287 incedit,

2255 4322 2311 4367 et
2339 4312 2498 4366 fulica
2521 4313 2566 4343 "
2587 4313 2900 4383 appellatur.
2938 4314 3016 4368 Ex
3043 4330 3148 4382 quo
3173 4315 3331 4369 datur
3367 4314 3611 4384 intelligi,
3641 4313 3834 4366 utrius-

2256 4417 2359 4472 que
2393 4403 2665 4468 elementi,
2700 4405 2843 4460 aéris
2890 4405 3138 4458 videlicet
3187 4415 3241 4458 et
3279 4421 3450 4476 aquae
3483 4405 3832 4459 substantiam

2256 4495 2489 4550 volatilia
2516 4497 2856 4567 participare.
2896 4479 3234 4552 Suut'autem
3265 4498 3558 4567 amphibia,
3594 4500 3693 4551 boc
3728 4507 3830 4560 est,

2256 4585 2537 4655 dupliciter
2566 4587 2891 4652 viventia,et
2915 4588 2960 4620 “
2983 4589 3032 4641 in
3061 4597 3202 4643 terra
3232 4589 3354 4642 ctin
3382 4589 3421 4618 "’
3451 4603 3604 4656 aqua,
3623 4587 3830 4654 phocae

2254 4685 2307 4730 et
2349 4676 2602 4730 crocodili
2643 4677 2916 4747 multaque
2945 4679 3159 4733 similia.
3199 4677 3294 4733 Est
3320 4678 3481 4732 etiam
3506 4676 3644 4728 aliud
3673 4675 3716 4706 ’⁸
3741 4691 3831 4728 ar-

2253 4779 2586 4839 gumentum,
2627 4784 2734 4836 quo
2770 4770 3071 4834 conficitur,
3105 4769 3332 4824 volatilia
3359 4784 3422 4823 ex
3452 4765 3668 4820 humido
3699 4768 3830 4821 aére

2255 4857 2396 4912 facta
2422 4858 2807 4928 esse;_spiraut
2831 4859 2972 4912 enim
2999 4866 3055 4912 et
3083 4859 3364 4928 respirant,
3397 4857 3619 4923 ideoque
3666 4865 3719 4910 et
3773 4857 3825 4910 in

2254 4947 2412 5000 terris
2453 4953 2509 5000 et
2553 4947 2604 5000 in
2653 4947 2776 5000 aére
2807 4945 3066 5007 habitant,
3109 4962 3243 5014 aqua
3293 4960 3418 4998 vero
3471 4943 3825 5007 sull‘ocantur,

2249 5035 2334 5088 cui
2374 5050 2584 5103 semper
2617 5043 2987 5103 super-natant,
3010 5045 3222 5102 praeter
3255 5034 3342 5088 illa
3371 5033 3665 5103 amphibia,
3692 5046 3827 5101 quae

2247 5133 2437 5193 sponte
2474 5128 2629 5180 undis
2675 5141 2732 5179 se
2779 5136 3042 5195 mergunt.
3083 5126 3265 5181 Pisces
3304 5139 3454 5190 vero,
3497 5126 3564 5180 de
3598 5139 3736 5193 aqua
3762 5135 3824 5177 ac

1834 5255 2096 5311 ‘VARIAE
2131 5257 2532 5313 LECTIONES.

639 5369 655 5399 ¹
686 5369 873 5422 iterum
894 5383 1001 5423 om.
1032 5369 1095 5420 A.
1203 5367 1223 5398 ¹
1246 5367 1288 5419 A
1325 5367 1612 5421 solvantur.

567 5451 679 5490 om.
707 5436 773 5490 A.
851 5439 872 5468 '
898 5439 942 5489 A
968 5437 1284 5500 creaturae.“
1318 5439 1358 5490 C
1387 5453 1491 5502 xu;
1527 5440 1569 5489 A
1602 5436 1756 5488 Πηο.

569 5505 609 5536 ¹¹
654 5505 696 5559 C
730 5504 1056 5559 naturaliter.
1137 5507 1178 5534 "
1210 5505 1312 5558 Pro
1348 5521 1462 5558 vero
1487 5506 1527 5558 (ἶ
1551 5513 1618 5557 el.
1645 5533 1670 5558 ς
1696 5503 1740 5534 ¹³
1766 5504 1807 5556 Α
1835 5503 2008 5569 facile.

568 5574 762 5646 Georg.
786 5577 820 5638 l,
874 5575 996 5629 561.
1076 5575 1118 5605 ¹⁶
1155 5583 1331 5628 etom.
1364 5574 1422 5627 C.
1502 5577 1538 5605 ”
1578 5577 1631 5626 in
1657 5587 1762 5627 om.
1793 5571 1854 5624 C.

1729 5365 1750 5396 ⁸
1791 5365 1882 5421 Sic
1935 5364 2006 5432 C;
2034 5366 2079 5420 A
2117 5366 2328 5422 animae
2377 5371 2775 5438 participatione
2820 5372 3050 5424 animam
3081 5369 3398 5425 subsistere.

1729 5451 1756 5482 ’-
1833 5437 1850 5466 ⁷
1891 5435 1996 5489 Pro
2025 5435 2187 5489 nonC
2216 5447 2284 5489 et.
2359 5439 2380 5471 ⁸
2419 5439 2481 5489 de
2520 5455 2626 5489 om.
2659 5440 2718 5489 C.
2809 5440 2828 5469 ⁹
2858 5441 3033 5489 omnia
3071 5455 3180 5489 om.
3214 5441 3275 5489 Α.
3356 5441 3396 5469 ¹⁰

1939 5451 1996 5489 ['0
2025 5452 2126 5487 non
2147 5451 2187 5489 υ
2216 5451 2284 5494 et.

2087 5503 2129 5534 ‘*
2166 5503 2206 5557 C
2242 5506 2554 5564 induuntur.

1934 5573 1977 5603 “
2015 5571 2060 5628 Α
2084 5571 2237 5626 illud.

3521 5368 3544 5400 ⁸
3571 5368 3824 5423 naturalis

2359 5439 2380 5471 ⁸
2419 5439 2481 5491 de
2520 5455 2626 5493 om.
2659 5440 2718 5492 C.
2809 5440 2828 5469 ⁹
2858 5441 3033 5494 omnia
3071 5455 3180 5493 om.
3214 5441 3275 5492 Α.
3356 5441 3396 5469 ¹⁰
3438 5439 3478 5491 Α
3520 5438 3822 5491 luminibus.

2635 5508 2677 5538 "
2713 5509 2894 5580 Conj.,
2916 5509 3006 5564 AC
3035 5510 3217 5578 luligo.
3262 5509 3336 5564 De
3365 5508 3523 5564 fulica
3552 5507 3621 5562 cf.
3675 5507 3824 5578 Virg.
