4212 6272
398 326 505 385 7"

1215 312 1306 377 DE
1341 312 1679 378 DIVISIONE
1712 308 2059 377 NA'IURAEL
2095 351 2167 361 —
2205 308 2404 377 LIBER
2444 308 2796 387 QUARTUS.

3564 320 3673 384 it!

398 422 571 513 paene
594 436 708 495 sola
724 433 901 505 spissa
928 432 1097 497 creati
1124 431 1450 500 ‘,,quoniam
1480 431 1691 501 spirare
1712 431 1802 486 et'
1821 430 1993 500 respi-
2021 438 2069 498 Α
2096 430 2354 501 qualitate
2406 430 2649 484 condita
2679 437 2804 484 sunt
2823 468 2840 493 ,
2897 422 3122 488 subvehi
3171 424 3273 490 sub
3327 428 3670 497 ﬁrmamento

400 544 545 601 rare,
573 529 716 601 sicut
740 536 955 583 terrena
1000 533 1055 580 et
1096 523 1256 580 aérea
1285 522 1558 589 animalia,
1604 537 1709 578 non
1739 529 1985 593 possunt,

399 628 548 680 tactu
594 628 773 675 terrae
808 625 864 672 et
895 614 1038 670 aéris
1075 604 1337 679 citissime
1370 621 1615 684 pereunt,
1651 626 1757 669 non
1802 620 1984 669 tamen

398 707 698 781 spiratione
724 714 780 762 et
804 703 1159 776 respiratione
1183 704 1413 767 omnino
1432 702 1734 773 privamur.
1775 701 1911 757 Nam
1939 702 1984 758 si

397 802 614 872 penitus
659 799 1021 871 privarentur,
1076 795 1292 866 penitus
1343 810 1452 851 non
1492 794 1819 859 dormirem;
1860 794 1986 847 dor-

395 894 562 947 ntiunt
584 902 777 956 autem,
806 896 867 947 ut
890 888 968 943 ait
991 887 1217 952 Plinius,
1256 887 1453 956 pisces;
1494 884 1777 956 pulmones
1819 885 1986 956 igitur

393 981 661 1049 spirantes
687 978 1105 1047 etrespirantes
1130 975 1352 1040 habent.
1392 975 1497 1041 Sed
1527 974 1983 1045 ipsumspiritum

394 1085 499 1126 non
522 1085 592 1129 ex
618 1070 723 1129 isto
750 1066 1136 1137 corpulentiori
1162 1067 1306 1130 aére,
1332 1066 1427 1135 sed
1445 1080 1511 1121 ex
1539 1064 1625 1120 illo
1647 1065 1982 1132 tenuissimo,

390 1142 685 1229 omniaque
714 1172 977 1227 corporea
1022 1152 1343 1228 penetrante
1385 1155 1678 1225 accipiunt.
1718 1156 1985 1223 Quoniam

394 1248 562 1318 igitur
586 1249 762 1317 pisces
790 1257 847 1303 et
876 1245 1112 1301 volatilia
1156 1243 1279 1315 plus
1314 1239 1511 1301 ceteris
1548 1245 1874 1315 animalibus
1914 1262 1985 1302 ex

395 1337 620 1392 humida
638 1346 831 1399 natura
860 1352 929 1393 ac
951 1349 1125 1404 paene
1149 1334 1265 1393 sola
1291 1335 1466 1391 creari
1491 1348 1679 1405 eorum
1694 1335 1985 1405 qualitates

320 1414 327 1421 ’
397 1428 684 1485 manifeste
702 1427 1011 1493 declarant;
1031 1426 1250 1493 btunida
1270 1439 1508 1498 namque
1528 1434 1654 1480 sunt
1682 1435 1738 1499 et
1754 1425 1980 1497 frigida:

393 1531 684 1591 propterea
712 1537 775 1576 cx
806 1520 960 1589 aquis
983 1518 1203 1595 produci
1232 1518 1412 1572 divina
1438 1517 1720 1589 Scriptura
1741 1531 1983 1573 comme-

396 1621 593 1673 morat.
649 1612 1004 1673 Et,inteutus
1048 1611 1230 1679 aspice
1270 1627 1286 1663 :
1334 1624 1438 1665 non
1472 1608 1612 1665 dixit
1656 1611 1919 1681 producat
1962 1608 1984 1642 ⁸

392 1719 555 1774 aqua,
584 1703 678 1761 sed
705 1703 996 1773 producant
1024 1718 1217 1771 aquae,
1259 1709 1320 1755 ut
1360 1700 1651 1770 intelligas,
1696 1716 1981 1771 aquarum,

2087 520 2565 587 caeli.'Quoniam
2628 519 2912 575 subtilitati
2976 532 3032 576 et
3109 525 3480 594 spiritualitati
3548 531 3675 586 sitn-

2086 611 2304 678 plicium
2365 610 2791 677 elementorum,
2853 625 3022 681 quae,
3090 615 3231 671 sicut
3291 620 3695 695 exposuimtts,;

2088 699 2417 761 ﬁrmamenti
2470 714 2565 755 seu
2622 700 2756 755 caeli
2814 702 3077 757 vocabulo
3128 706 3308 761 divina
3366 710 3682 779 signiﬁcant

2085 789 2330 859 eloquia,
2376 789 2523 845 nulla
2572 792 2781 860 species
2825 792 3173 858 animalium,
3217 798 3678 864 quemadmodum

2087 881 2301 947 avium,
2348 882 2584 936 naturali
2635 883 2985 939 similitudine
3030 886 3427 955 appropinquat
3466 887 3506 953 ⁸,
3559 890 3679 945 iure

2086 970 2558 1026 sub'ﬁrmamento
2589 972 2723 1027 caeli
2756 972 2993 1028 volatilia
3031 974 3145 1029 ﬁeri
3178 973 3331 1043 jussa
3371 986 3524 1044 sunt,
3569 980 3675 1036 hoc

2086 1067 2171 1115 est
2198 1099 2213 1120 ,
2243 1061 2298 1115 in
2328 1061 2527 1115 vicinia
2553 1063 2965 1132 purissimorum
2998 1079 3061 1120 ac
3086 1080 3224 1134 pene
3248 1066 3672 1138 iIrcOrporalium

2086 1151 2477 1208 elementorum
2544 1153 2841 1222 qualitatis.
2911 1154 3022 1211 Sub
3087 1156 3424 1214 ﬁrmamento
3491 1162 3675 1232 itaque

2085 1240 2224 1297 caeli
2266 1239 2484 1298 volatile
2528 1251 2764 1308 creatur,
2812 1243 2916 1298 hoc
2948 1253 3034 1298 est
3069 1260 3270 1316 prope,
3309 1247 3451 1303 infra
3492 1260 3675 1307 tamen

2086 1331 2450 1402 spiritualium
2493 1346 2779 1400 corporum
2822 1333 3150 1390 levissimam
3193 1336 3511 1393 exilitatem.
3562 1338 3673 1394 Ha-

2087 1432 2279 1478 ctenus
2316 1423 2383 1478 de
2414 1422 2723 1477 conditione
2756 1424 2984 1493 piscium
3023 1433 3080 1480 et
3117 1426 3414 1482 volatilium
3457 1429 3509 1482 in
3560 1430 3672 1500 pri-

2086 1512 2443 1569 mordialibus
2501 1512 2703 1567 causis.
2758 1514 2959 1568 Eorum
3010 1528 3139 1572 vero
3216 1517 3270 1571 in
3334 1533 3535 1588 genera
3615 1527 3673 1575 et

2085 1607 2296 1676 species
2352 1606 2631 1676 processio
2680 1607 2927 1677 sequitur
2969 1624 2983 1662 :
3023 1607 3328 1681 Creavitque
3361 1610 3504 1665 Deus
3541 1619 3671 1673 armi

2084 1697 2361 1767 grandia,
2393 1706 2442 1751 et
2486 1711 2691 1752 omnem
2735 1698 2968 1751 animant
3011 1698 3292 1763 viventem,
3341 1709 3395 1753 et
3438 1699 3667 1770 reliqua.

390 1802 452 1857 ut
479 1793 735 1858 diximus,
772 1794 907 1849 duas
950 1793 1161 1863 species
1200 1806 1340 1857 esse,
1395 1791 1717 1846 crassiorem
1766 1791 1983 1861 quidem
2015 1807 2061 1870 Β
2086 1794 2272 1853 κῆτος»
2312 1787 2417 1842 hoc
2453 1795 2541 1841 est
2585 1786 2784 1852 bellua,
2839 1787 3084 1843 neutrius
3131 1790 3346 1859 generis
3382 1797 3467 1844 est
3525 1792 3671 1861 apud

394 1882 445 1937 in
472 1881 660 1952 pelaau
686 1891 741 1942 et
763 1881 1100 1947 ﬂuminibus,
1125 1879 1381 1934 leviorem
1411 1895 1536 1934 vero
1558 1880 1610 1934 in
1638 1881 1795 1939 aere.
1825 1879 1977 1936 Ideo-

388 1986 497 2043 que
520 1970 769 2031 ,distmail
793 1971 1177 2043 narrationem,
1203 1969 1389 2024 dicens
1415 1986 1429 2022 :
1455 1962 1758 2023 Praducant
1788 1982 1976 2039 aquae,

389 2058 583 2115 deinde
610 2060 883 2133 subjungit
909 2077 921 2113 :
958 2059 1162 2130 reptilia
1191 2058 1398 2114 animae
1429 2059 1641 2113 viventis
1660 2098 1675 2123 ,
1698 2068 1746 2112 et
1770 2057 1978 2135 volatile

378 2167 544 2221 super
583 2160 796 2204 terram.
834 2151 914 2205 Ac
960 2150 1007 2207 si
1048 2158 1235 2219 aperte
1277 2148 1483 2204 diceret
1512 2164 1527 2201 :
1556 2162 1821 2218 aquarum
1867 2162 1976 2204 una

391 2239 596 2309 species
645 2239 881 2295 crassior
929 2237 1141 2307 quidem
1189 2238 1386 2307 pisces,
1436 2236 1607 2291 altera
1646 2251 1795 2302 vero,
1833 2250 1979 2306 quae

392 2325 561 2397 levior
588 2334 692 2390 est,
731 2325 980 2385 volatilia
1004 2326 1283 2397 producat.
1322 2322 1474 2392 Quod
1521 2325 1687 2403 etiam
1727 2340 1795 2381 ex
1849 2324 1981 2394 ipsis

389 2416 709 2487 corporibus
765 2432 887 2486 qu
938 2424 1117 2485 pmest
1166 2416 1501 2487 dignoscere.
1563 2413 1749 2471 Pisces
1809 2416 1981 2486 siqui-

393 2508 516 2569 dem
568 2506 893 2562 crassiorum
943 2493 1227 2576 corporum
1273 2506 1679 2576 ponderositate
1726 2507 1977 2577 gravari,

390 2596 627 2670 volatilia
677 2610 808 2653 vero
860 2611 1158 2667 pennarum
1207 2595 1425 2669 levitate
1477 2596 1530 2652 in
1580 2597 1748 2652 altum
1806 2598 1981 2653 suble-

390 2691 504 2745 vari
569 2674 834 2761 videmus.
913 2690 1066 2759 Quod
1121 2698 1302 2745 autem
1360 2689 1438 2744 ait
1498 2706 1512 2742 :
1559 2703 1729 2759 super
1783 2699 1976 2744 (errant

384 2782 482 2847 sub
521 2782 851 2851 ﬁrmamento
898 2781 1053 2847 caeli,
1104 2790 1291 2852 aperte
1329 2764 1635 2852 signiﬁcat,
1680 2780 1971 2836 volatilium

388 2887 618 2943 corpora
667 2881 888 2930 terreno
942 2874 1179 2944 pondere
1244 2888 1350 2928 non
1421 2870 1641 2927 omnino
1683 2885 1971 2941 praegra-

394 2964 541 3033 vari,
584 2963 680 3022 sed
741 2978 904 3035 super
959 2972 1158 3020 terram
1209 2965 1265 3020 in
1324 2965 1484 3030 aéra,
1540 2964 1692 3034 cujus
1747 2964 1967 3019 humida

2084 1877 2359 1943 Graecos,
2401 1887 2458 1933 et
2498 1879 2787 1949 singularis
2830 1880 3083 1946 numeri;
3126 1880 3407 1950 pluraliter
3445 1889 3668 1955 autem,

2083 1967 2226 2025 sicut
2253 1972 2309 2023 et
2336 1978 2519 2023 cetera
2567 1969 2706 2038 apud
2750 1984 2845 2025 eos
2874 1969 3137 2026 neutralia
3166 1972 3384 2025 nomina
3402 2011 3418 2037 ,
3447 1993 3482 2027 α
3508 1972 3669 2028 litera

2086 2057 2421 2124 terminatur,
2443 2057 2502 2113 τὸ
2521 2066 2689 2124 κῆτος,
2720 2061 2787 2114 τὰ
2807 2059 2831 2091 ⁵
2852 2062 3005 2119 xaris:
3030 2076 3044 2114 :
3079 2059 3272 2116 deinde
3293 2074 3391 2129 per
3414 2076 3673 2137 synaere-

2080 2149 2165 2204 sin
2192 2148 2213 2180 ⁸
2243 2149 2474 2205 duarum
2522 2149 2847 2221 syllabarum
2898 2153 2951 2205 in
2990 2166 3160 2207 unam
3184 2193 3200 2219 ,
3250 2154 3357 2208 hoc
3393 2162 3475 2209 est
3500 2175 3523 2210 s
3552 2161 3607 2211 et
3630 2177 3670 2212 α

2081 2242 2136 2296 in
2191 2259 2255 2306 η,
2307 2245 2482 2308 auria,
2510 2250 2679 2309 auri;
2726 2240 3056 2298 etduorum
3111 2253 3471 2312 accentuum,
3520 2246 3667 2302 acuti

2079 2328 2333 2384 videlicet
2373 2337 2427 2385 et
2474 2331 2684 2401 gravis,
2720 2331 2772 2385 in
2815 2348 3013 2398 unum,
3052 2333 3107 2388 id
3150 2341 3234 2390 est
3278 2334 3331 2389 in
3370 2335 3391 2366 ⁷
3426 2335 3663 2391 circum-

2078 2417 2276 2474 ﬂexum
2305 2436 2319 2484 ;
2353 2421 2505 2480 κῆτὲα
2530 2422 2677 2477 enim
2708 2422 2760 2476 in
2788 2423 3084 2492 penultitna
3112 2425 3344 2491 acuitur,
3385 2426 3439 2480 in
3475 2426 3669 2483 ultima

2081 2524 2212 2564 vero
2234 2519 2535 2579 gravatur;
2562 2520 2692 2574 κητῇ
2717 2520 2897 2566 autem
2925 2506 2982 2568 in
3008 2510 3117 2569 {ine
3146 2514 3584 2572 circumﬂectitur
3613 2528 3664 2572 ι.

2081 2597 2188 2655 Sed
2235 2600 2364 2655 huic
2410 2600 2586 2666 libro,
2634 2614 2703 2656 ne
2742 2601 2951 2671 longius
2984 2604 3383 2672 progrediatur,
3419 2604 3543 2660 ﬁnis
3579 2613 3666 2661 est

2078 2689 2462 2759 imponendae,
2500 2698 2562 2745 ut
2591 2689 2846 2756 arbitror,
2881 2691 2927 2746 si
2968 2691 3061 2746 tibi
3103 2693 3332 2747 videtur.
3375 2694 3520 2749 DISC.
3568 2693 3663 2749 Vi-

2076 2782 2233 2840 detur
2278 2781 2532 2851 quidem,
2580 2789 2636 2836 et
2677 2778 3031 2849 jamdudum,
3076 2782 3120 2836 si
3166 2783 3449 2852 prolixitas
3496 2785 3663 2839 ratio-

2075 2888 2201 2928 num
2233 2888 2338 2928 non
2368 2873 2705 2938 retardaret,
2732 2872 3024 2928 terminum
3054 2873 3437 2943 postulaverat.
3477 2874 3662 2945 Expli-

2068 2964 2139 3016 cit
2167 2960 2299 3017 liber
2324 2962 2508 3017 tertius
2538 2970 2674 3019 ΠΕΡΙ
2704 2969 2956 3019 arma.

1276 3118 1670 3229 INCIPIT
1733 3146 2029 3227 LIBER
2075 3135 2698 3239 QUARTUS”.

576 3298 717 3356 Mss.
779 3300 959 3356 Prima
1024 3309 1243 3356 nostrae
1305 3300 1674 3372 physiologiae
1741 3280 1970 3354 intentio
1997 3304 2042 3366 ο
2072 3299 2282 3367 stentia,
2312 3299 2411 3354 sibi
2444 3300 2662 3355 invicem
2690 3301 3047 3357 coexistentia.
3078 3302 3306 3357 Trinitas
3318 3303 3446 3357 haec
3473 3314 3658 3359 sancta

388 3393 780 3467 praecipuaque
802 3392 1024 3448 materia
1041 3400 1178 3457 erat,
1194 3392 1334 3462 quod
1351 3389 1372 3423 '
1389 3392 1783 3469 ὑπερουσιὸτὴς,
1800 3392 1903 3447 hoc
1925 3391 1968 3422 ¹⁰

384 3490 470 3537 est
532 3480 998 3552 superessentialis
1039 3489 1251 3547 natura,
1296 3481 1365 3536 sit
1401 3480 1461 3553 l“
1517 3483 1678 3535 causa
1732 3480 1968 3535 creatrix

386 3570 732 3626 existentium
779 3576 834 3624 et
881 3585 986 3624 non
1040 3569 1388 3625 existentium
1434 3570 1711 3632 omnium,
1755 3580 1785 3622 a
1821 3567 1968 3621 nullo

386 3665 600 3723 creata,
668 3673 833 3713 unum
896 3657 1254 3728 principium,
1307 3671 1414 3711 una
1461 3657 1645 3727 origo,
1717 3670 1856 3711 unus
1916 3665 1972 3711 et

387 3746 712 3811 universalis
751 3746 1126 3801 universorum
1153 3743 1293 3809 fons,
1327 3758 1355 3797 a
1390 3743 1537 3799 nullo
1564 3759 1819 3807 manans,
1842 3744 1967 3796 dum

386 3842 457 3899 ab
481 3857 549 3898 eo
576 3852 799 3898 manant
821 3838 999 3900 omnia
1022 3885 1037 3907 ,
1066 3837 1280 3899 trinitas
1311 3835 1687 3899 eoesseutialis
1718 3836 1771 3892 in
1798 3834 1970 3889 tribus

384 3919 724 3999 substantiis,
757 3929 1006 4009 ἄναρχος,
1038 3933 1138 3988 hoc
1166 3941 1250 3988 est
1279 3932 1397 3987 sine
1435 3932 1724 4002 principio,
1766 3917 1968 4001 princii

381 4019 533 4090 pium
561 4033 618 4077 et
648 4021 799 4087 ﬁnis,
833 4038 938 4077 una
968 4023 1208 4088 bonitas,
1240 4022 1383 4078 Deus
1406 4034 1545 4077 unus
1565 4063 1579 4088 ,
1612 4023 1884 4095 ὁμοούσιος
1913 4032 1968 4077 et

384 4110 713 4188 ὗπιρούσιοε,
746 4113 798 4167 id
850 4119 933 4169 est
969 4113 1341 4169 coesseutialis
1380 4121 1435 4168 et
1477 4112 1966 4182 superessentialis,

377 4211 465 4269 et,
495 4210 555 4257 ut
591 4202 668 4257 ait
703 4210 923 4259 sanctus
959 4202 1325 4274 Epiphanius,
1367 4202 1653 4272 episcopus
1698 4201 1966 4256 Constan—

380 4291 487 4346 tiae
497 4289 678 4364 Cypri,
693 4293 745 4347 in
755 4298 1025 4349 Ancorato
1038 4309 1129 4347 seu
1147 4308 1394 4349 sermone
1414 4294 1457 4328 “
1474 4292 1539 4347 de
1553 4292 1656 4346 lide
1674 4311 1686 4345 :
1709 4289 1831 4343 Tria
1844 4305 1967 4344 san-

377 4392 495 4448 cta,
530 4385 634 4436 tria
672 4382 984 4448 consancta,
1027 4387 1131 4439 tria
1169 4386 1376 4456 agentia
1408 4385 1478 4451 ⁸³,
1519 4385 1622 4438 tria
1662 4383 1963 4454 coagentia,

376 4469 483 4524 tria
514 4469 794 4538 formantia
824 4462 890 4539 ης
920 4474 1024 4528 tria
1048 4474 1569 4543 conformantia,tria
1599 4474 1867 4545 operantia
1899 4475 1962 4536 ‘5,

375 4562 483 4617 tria
512 4566 844 4619 coooerantia
876 4565 943 4631 ιε,
981 4547 1087 4620 tria
1138 4565 1500 4628 subsistentia,
1538 4567 1641 4621 tria
1693 4565 1964 4619 consubsi-

2074 3399 2307 3456 vocatur,
2338 3391 2442 3444 tria
2469 3390 2767 3458 existentia,
2801 3409 2909 3448 una
2937 3394 3280 3448 consonantia
3304 3434 3318 3458 ,
3349 3410 3455 3448 una
3478 3393 3657 3448 Deitas

2071 3476 2305 3544 ejusdem
2336 3477 2378 3510 "
2418 3480 2693 3546 essentiae,
2728 3480 2963 3550 ejusdem
2990 3481 3225 3547 virtutis,
3250 3482 3482 3552 ejusdem
3530 3485 3657 3537 sub-

2070 3566 2336 3622 sistentiae
2369 3567 2435 3634 ³⁸,
2474 3569 2670 3623 similia
2704 3570 2946 3625 similiter
2973 3569 3037 3637 1’,
3062 3571 3428 3642 aequalitatem
3457 3574 3659 3642 gratiae

2071 3667 2355 3726 aperantur
2379 3658 2558 3714 Patris
2583 3669 2632 3714 et
2659 3657 2791 3714 Filii
2812 3671 2859 3714 et
2883 3659 3116 3731 Spiritus
3140 3661 3330 3714 sancti.
3360 3659 3474 3725 Quo
3499 3661 3655 3714 modo

2071 3758 2247 3801 autent
2294 3760 2414 3802 sunt
2439 3749 2505 3814 ’⁸,
2548 3750 2672 3820 ipsis
2714 3749 3028 3820 relinquitur
3068 3750 3271 3803 docere.
3308 3749 3477 3802 Nemo
3518 3752 3657 3803 enim

2071 3838 2207 3890 novit
2238 3835 2452 3891 Patrem
2485 3839 2585 3891 nisi
2618 3837 2811 3903 Filius,
2831 3854 2992 3908 neque
3022 3837 3225 3892 Filium
3258 3841 3360 3892 nisi
3393 3837 3572 3906 Pater,
3603 3852 3653 3895 et

2069 3927 2358 4005 cuicunque
2406 3926 2581 3980 Filius
2640 3927 2941 3982 revelaverit
2961 3944 2990 3993 ;~
3036 3928 3298 3982 reveletur
3347 3939 3522 3982 autem
3560 3946 3656 3999 per

2069 4020 2326 4091 Spiritum
2365 4032 2625 4077 sanctum.
2661 4013 2788 4077 Non
2815 4032 2939 4093 ergo
2966 4016 3094 4076 haec
3123 4018 3226 4069 tria
3257 4017 3532 4070 existentia
3559 4028 3653 4070 aut

2067 4131 2131 4171 ex
2158 4116 2271 4184 ipso
2289 4155 2304 4179 ,
2332 4124 2424 4168 aut
2449 4130 2541 4184 per
2567 4115 2771 4184 ipsum,
2802 4124 2892 4167 aut
2920 4113 2989 4167 ad
3019 4114 3190 4183 ipsum
3214 4152 3229 4179 ,
3258 4115 3313 4168 in
3340 4123 3653 4186 unoquoque

2066 4202 2220 4272 digne
2268 4201 2650 4271 intelliguntur,
2705 4204 2841 4257 sicut
2892 4204 3007 4273 ipsa
3047 4204 3273 4257 revelant
3310 4210 3448 4276 φῦς,
3496 4210 3606 4278 πῦρ
3633 4245 3649 4269 ,

2066 4300 2285 4366 πνεῦμα,
2314 4293 2411 4347 hoc
2437 4301 2511 4346 est
2550 4290 2643 4346 luas
2663 4332 2679 4359 ,
2718 4293 2888 4363 ignis,
2918 4293 3155 4363 spiritus.
3190 4292 3369 4357 Haec,
3402 4299 3462 4345 ut
3498 4292 3608 4346 dixi
3633 4332 3648 4355 ,

2065 4385 2134 4440 ab
2160 4382 2457 4454 Epiphanio
2487 4381 2702 4446 tradita,
2730 4388 2790 4435 ut
2819 4380 3066 4452 quisquis
3095 4381 3476 4459 interrogatus,
3506 4394 3648 4448 quae

2066 4473 2166 4527 tria
2192 4481 2247 4527 et
2268 4472 2397 4543 quid
2421 4487 2584 4526 unum
2611 4471 2666 4526 in
2693 4479 2881 4526 sancta
2910 4470 3177 4526 Trinitate
3207 4471 3365 4527 debet
3386 4470 3611 4526 credere
3631 4510 3645 4535 ,

2068 4577 2198 4619 sana
2227 4562 2328 4618 ﬁde
2355 4562 2680 4633 respondere
2701 4561 2913 4630 valeat,
2949 4569 3041 4617 aut
3080 4561 3147 4617 ad
3181 4561 3343 4618 ﬁdem
3381 4561 3649 4617 accedens

1667 4719 1922 4778 VARIAE
1964 4714 2364 4774 LECTIONES.

464 4881 553 4950 {A
576 4880 824 4950 quoniam
855 4878 924 4950 tle
950 4877 1376 4950 aqum...»creati
1404 4884 1570 4950 s_unt._
1598 4875 1650 4950 κ’·
1668 4874 1820 4950 Aac.

1911 4870 1931 4941 ξ
1960 4870 2007 4924 Α
2052 4870 2297 4941 deducat.
2375 4868 2397 4901 ⁸
2421 4867 2933 4941 A‘appropinqttant.
3008 4870 3030 4901 ⁸
3056 4872 3135 4936 τὸ,
3169 4871 3232 4925 τά
3267 4885 3356 4925 om
3380 4873 3483 4941 AA,
3553 4873 3576 4905 ⁸
3606 4874 3648 4928 C

376 4937 653 5018 synlems'in
680 4968 698 5015 ;
730 4951 769 5007 l'.
798 4937 1069 5021 σύλληψίν.
1094 5017 1109 5021 _
1142 4947 1161 4979 ⁷
1188 4948 1243 5002 in
1267 4963 1380 5021 om.
1410 4948 1508 5021 Α.Δ
1550 4944 1573 4977 ⁸
1596 4941 1689 5021 Sic
1921 4940 2091 5021 literis
2133 4939 2423 5021 miniatishz
2462 4937 3070 5021 Infip‘it‘quartu’snncpi
3113 4943 3331 5021 φύσεων,
3378 4938 3419 4993 F
3451 4938 3646 5008 Incipit

374 5015 597 5118 quartus
646 5023 760 5095 περὶ
797 5015 1016 5092 atomi.
1091 5017 1276 5118 ’tLthd
1330 5031 1436 5070 om.
1483 5015 1545 5069 A.

407 5086 428 5117 ι
457 5084 546 5118 ειη
569 5086 653 5118 ρο
696 5106 708 5116 .
747 5090 774 5118 Α
819 5091 981 5118 μοι..-
1078 5086 1123 5118 ιδ
1192 5088 1238 5118 :..
1262 5085 1348 5118 ρο
1374 5103 1388 5116 .
1425 5084 1454 5118 Α
1494 5084 1545 5118 τι.

1580 5009 1881 5065 ’¹⁹Αἱά.
1958 5011 2092 5063 "A

2187 5009 2290 5062 uad
2337 5010 2428 5064 sit.
2504 5008 2549 5039 "
2582 5007 2943 5073 Βοιὼ-,ΑΘΕ
2973 5007 3029 5062 in'
3072 5007 3318 5062 accurato
3365 5007 3639 5065 sermone.

457 5084 549 5140 sic
569 5086 672 5142 CF,
696 5077 721 5152 ς’
739 5090 785 5141 Α
805 5077 1000 5142 ἀειξυα,
1078 5086 1123 5120 ιι
1148 5077 1241 5142 sic
1262 5085 1348 5141 CF
1374 5103 1389 5151 ;
1418 5084 1463 5137 Α
1492 5081 1822 5153 formativn._
1865 5079 1910 5112 "
1932 5078 2072 5153 “SicA
2101 5077 2186 5135 CF
2212 5094 2227 5153 ξ
2256 5079 2302 5132 Α
2338 5079 2625 5153 operatimi1
2661 5079 2742 5153 ’ξ’
2771 5078 2863 5153 Sic
2887 5077 2995 5153 CF;
3020 5077 3066 5130 A
3091 5078 3471 5153 caepas-atina.“
3518 5080 3634 5153 ιζ-,ᾼ

375 5144 732 5226 ejusdemque.
810 5157 853 5219 ξ⁸
880 5157 972 5213 Sic
998 5157 1116 5224 CF;
1144 5144 1386 5226 ejusdem.
1406 5144 1609 5208 viriutis
1629 5189 1643 5216 ,
1673 5149 1904 5219 ejusdem
1928 5148 2289 5203 subsistentiae
2314 5144 2422 5203 om.
2448 5147 2516 5201 A.
2586 5148 2629 5182 "
2657 5146 2749 5203 Sic
2777 5147 2863 5203 CF
2891 5162 2906 5209 ;
2933 5147 2976 5199 A
3000 5161 3065 5200 ea:
3090 5144 3269 5199 simili.
3346 5144 3392 5175 '°
3416 5145 3509 5199 Sic
3529 5147 3633 5211 Cl";

376 5233 499 5279 sunt
527 5239 636 5280 om.
666 5227 733 5279 A.

1886 5368 2137 5428 NOTAE.

442 5572 471 5602 ι
508 5561 672 5633 Errat
688 5559 958 5633 Magister
981 5578 998 5627 ;
1027 5575 1152 5617 nam
1179 5573 1353 5628 neque
1381 5578 1537 5633 κηεςα
1565 5558 1741 5633 _in.pe

1743 5553 1966 5609 nultima
1995 5553 2226 5617 acuitur,
2280 5562 2378 5605 nec
2422 5549 2623 5608 κητηίιι
2654 5546 2757 5600 line
2798 5536 3304 5611 circumﬂectitur;
3351 5543 3446 5599 sed
3491 5553 3641 5603 uiro:

371 5630 652 5699 pluraliter
680 5620 950 5687 l'orriiatur
984 5620 1166 5700 ἠδτ-ια,
1205 5620 1353 5691 ne...
1382 5629 1409 5669 ι)
1439 5628 1536 5682 llic
1565 5620 1752 5696 incipit
1777 5625 1946 5680 codex
1974 5622 2034 5677 F.
