4212 6272
538 308 646 363 747

1901 310 2183 370 JOANNIS
2217 313 2417 371 SCOTI

3701 311 3814 368 ηε

533 437 709 485 totum
740 430 947 486 scilicet
985 430 1189 486 animal
1240 444 1307 485 ex
1353 429 1577 486 meliore
1628 428 1746 499 ejus
1792 430 2106 495 medietate,
2140 438 2186 493 Α
2213 448 2279 487 ex
2331 428 2669 489 substantiali
2716 428 3116 501 pulchritudine
3160 438 3386 486 naturae
3428 429 3700 501 projiciet.
3734 433 3812 488 De

533 532 675 587 quae
718 527 802 574 est
829 518 1027 583 anima,
1058 518 1434 589 signiticavit‘.
1466 518 1536 573 Et
1560 517 1689 589 quia
1711 517 1888 572 minor
1918 519 2117 574 medie-

536 616 621 661 tas
656 608 819 662 totius
855 602 1125 674 animalis,
1154 625 1293 680 quae
1321 619 1400 666 est
1431 625 1651 682 corpus,
1696 627 1726 665 a
1769 619 1913 667 tcrra
1943 613 2112 667 sumi-

535 706 646 761 tur,
692 697 880 751 eodem
928 707 1081 768 tropo
1110 709 1279 755 totum
1322 701 1543 767 animal,
1588 703 1693 758 hoc
1721 710 1805 758 est
1841 718 2037 773 corpus
2065 712 2119 759 et

536 784 772 838 animam
797 785 840 848 ³,
882 798 912 837 a
978 794 1124 841 terra
1190 788 1413 857 produci
1456 790 1719 857 jubetur,
1769 791 1893 844 dum
1940 791 2117 845 anima

535 877 757 929 omnino
796 886 947 930 terra
990 890 1097 931 non
1142 879 1234 943 sit,
1267 879 1408 932 sicut
1451 895 1626 949 neque
1672 895 1869 951 corpus
1899 882 2118 947 anima;

536 956 790 1033 quoniam
822 977 952 1019 vero
993 966 1105 1035 ipsa
1136 965 1349 1035 corpori
1378 968 1635 1023 adimeret
1671 968 1724 1022 in
1752 968 1961 1022 unitate
2001 967 2121 1022 ani-

537 1052 818 1131 malitatis,
869 1054 1032 1109 simul
1080 1055 1147 1111 de
1199 1064 1340 1110 terra
1390 1055 1503 1111 ﬁeri
1546 1056 1829 1128 Scriptura
1872 1064 2119 1112 testatur.

541 1143 649 1197 Sed
680 1144 725 1198 si
747 1145 870 1214 quis
902 1145 1063 1202 altius
1087 1146 1231 1201 hunc
1256 1145 1432 1201 locum
1473 1147 1785 1217 quaesierit,
1816 1156 1994 1217 potest
2017 1148 2122 1204 alio

540 1233 700 1288 modo
729 1233 1050 1305 intelligere.
1097 1235 1297 1290 Terrae
1343 1236 1611 1305 siquidem
1654 1237 1918 1294 vocabulo
1958 1238 2125 1296 totius

538 1331 768 1377 naturae
809 1325 1206 1391 substantialis,
1229 1327 1520 1382 visibilium
1548 1337 1604 1383 et
1636 1328 2013 1395 invisibilium,
2039 1328 2121 1384 iu-

541 1417 942 1482 conmtutabilis
986 1417 1230 1474 soliditas
1260 1418 1399 1473 solet
1446 1418 1744 1485 insinuari;
1782 1420 1927 1489 quod
1961 1419 2122 1475 etiam

544 1506 739 1561 tertiae
768 1506 903 1562 lucis
950 1508 1317 1576 operationem
1365 1508 1708 1577 speculantes
1752 1511 2121 1581 exposuimus.

543 1591 682 1649 Hinc
723 1604 826 1658 est,
870 1598 1011 1664 quod
1056 1598 1131 1649 ait
1174 1597 1495 1666 Apostolus:
1529 1597 1846 1669 Mortiﬁcate
1893 1601 2125 1655 membra

540 1695 732 1749 uestra,
759 1702 891 1755 quae
914 1697 1033 1739 sunt
1055 1702 1214 1754 super
1237 1696 1451 1740 terram.
1486 1687 1565 1744 Ac
1589 1689 1635 1743 si
1666 1698 1853 1759 aperte
1877 1690 2081 1746 diceret
2106 1708 2119 1746 :

2220 525 2321 578 hac
2353 531 2497 577 terra
2545 521 2600 577 in
2628 520 2735 576 alio
2779 520 2984 591 psalmo
3026 520 3166 574 idem
3213 520 3319 574 ait:
3362 519 3543 574 Exibit
3594 522 3810 591 spiritus

2217 612 2356 682 ejus,
2398 621 2445 667 et
2492 621 2775 666 revertetur
2803 610 2857 664 in
2900 619 3093 664 terram
3134 625 3305 663 suam.
3338 607 3504 677 Cujus
3543 609 3811 679 spiritus?

2217 700 2364 756 Illius
2388 700 2655 765 videlicet,
2678 694 2790 767 'qui
2824 698 2963 753 littus
2992 696 3229 768 patibulo
3258 712 3353 768 pro
3375 698 3531 753 nobis
3553 697 3620 765 '°,
3644 698 3809 757 “incli-

2218 797 2347 845 nato
2377 790 2571 858 capite,
2604 787 2829 843 tradidit
2850 786 3118 856 spiritum.
3149 786 3266 852 Quo
3288 786 3500 842 exibit?
3524 785 3808 843 Descettdi'

2220 878 2287 932 ad
2310 876 2539 933 inferna.
2564 874 2843 945 Ad‘quid?
2867 868 3149 929 Reducere
3176 875 3299 930 inde
3329 874 3616 930 humanam
3651 886 3785 932 natu

2221 981 2360 1033 ram,
2411 980 2552 1037 quae
2589 964 2802 1036 captiva
2834 962 2943 1019 illic
2971 964 3186 1021 detenta
3223 972 3346 1035 est;
3380 960 3631 1034 captivam
3665 967 3807 1021 enim

2222 1054 2373 1109 duxit
2401 1053 2771 1124 captivitatem.
2800 1050 2909 1108 Sed
2956 1053 3209 1123 quoniam
3250 1044 3399 1110 mors
3447 1066 3553 1111 non
3593 1063 3810 1126 poterat

2223 1144 2458 1199 retinere
2481 1143 2775 1212 captivum,
2806 1156 2946 1213 quae
2971 1157 3076 1196 non
3108 1143 3387 1197 invenerat
3432 1142 3808 1211 criminosum,

2223 1231 2517 1289 revertitur
2550 1231 2591 1264 “
2644 1231 2699 1287 in
2757 1239 2955 1286 terram
2998 1245 3174 1297 suam,
3228 1230 3282 1286 in
3336 1237 3808 1298 naturam'suam,

2224 1338 2386 1396 quam
2411 1322 2538 1380 fecit
2569 1331 2624 1379 et
2648 1322 2880 1378 redemit
2925 1330 2980 1378 et
3024 1321 3255 1392 accepit,
3282 1319 3334 1376 in
3368 1334 3565 1391 corpus
3590 1320 3812 1377 immor-
3868 1391 3877 1397 .

2225 1416 2352 1483 tale,
2386 1416 2437 1470 in
2460 1414 2746 1485 priStinum
2782 1410 3009 1467 naturae
3034 1412 3306 1468 humanae
3334 1418 3557 1476 statum,
3594 1414 3814 1482 insuper

2225 1505 2388 1563 etiam
2435 1505 2488 1559 in
2536 1503 2763 1576 gloriam
2831 1500 3265 1557 resurrectionis.
3316 1500 3383 1554 Et
3410 1510 3472 1555 ut
3519 1514 3813 1571 cognoscas

2226 1608 2372 1662 eum,
2404 1595 2495 1666 qui
2541 1593 2810 1664 pollicitus
2834 1602 2934 1655 est,
2961 1591 3211 1661 spiritum
3239 1605 3396 1646 suum
3421 1588 3597 1645 solum
3632 1592 3811 1647 exitu-

2227 1700 2348 1740 rum
2392 1698 2499 1739 uon
2542 1682 2738 1748 solum,
2778 1681 2872 1736 sed
2929 1695 3053 1736 cum
3113 1685 3223 1733 tota
3271 1680 3503 1733 humana
3549 1679 3595 1713 ι’
3622 1689 3811 1733 natura

545 1768 787 1826 Membra
813 1772 1071 1836 malitiae,
1125 1788 1266 1841 quae
1316 1783 1497 1830 vestra
1548 1785 1695 1842 sunt,
1753 1777 2009 1847 quoniam
2055 1791 2122 1835 ex
2152 1772 2199 1832 Β
2228 1786 2566 1828 reversurum
2596 1811 2611 1836 ν
2663 1770 2786 1824 andi
2831 1770 3006 1839 ipsum
3065 1768 3367 1823 διεθηίθπιτ
3426 1767 3550 1822 Ni“
3592 1776 3812 1838 gramm

539 1869 719 1916 vestra
751 1862 1137 1929 inobedientia,
1168 1872 1225 1918 et
1263 1878 1368 1918 non
1399 1879 1465 1919 ex
1504 1865 1611 1921 Deo
1643 1865 1809 1935 facta,
1832 1881 1901 1923 ex
1928 1868 2126 1938 quibus

541 1952 707 2006 veluti
737 1952 1006 2023 quoddam
1037 1968 1237 2024 corpus
1267 1954 1591 2010 universalis
1617 1956 1893 2026 nequitiae
1931 1957 2122 2012 aedili-

543 2043 680 2097 catis
721 2058 882 2113 super
909 2052 1130 2109 terram,
1163 2044 1265 2099 hoc
1302 2052 1386 2099 est
1413 2060 1577 2115 super
1605 2045 1934 2102 soliditatem
1968 2054 2127 2102 natu-

543 2147 641 2188 rae
685 2148 715 2186 a
760 2132 870 2190 Deo
918 2134 1188 2199 conditae,
1240 2149 1307 2188 ne
1355 2133 1421 2188 ab
1468 2133 1533 2188 iis
1579 2133 1782 2189 diutius
1832 2134 2126 2204 polluatur,

542 2222 906 2288 mortiﬁcate,
949 2233 1003 2277 et
1046 2236 1146 2293 pro
1195 2223 1455 2280 membris
1512 2222 2128 2296 malitiae‘iuteremptis

544 2314 787 2368 membra
817 2314 1082 2391 iustitiae,
1135 2328 1273 2384 quae
1311 2323 1437 2369 sunt
1486 2315 1737 2383 virtutes,
1794 2316 2125 2381 constituite,

546 2412 606 2458 ut
645 2404 686 2469 ³,
717 2406 1167 2476 quemadmodum
1212 2420 1374 2476 super
1416 2417 1669 2462 naturam
1698 2422 1764 2464 ex
1803 2408 1914 2465 Deo
1943 2409 2132 2464 condi-

548 2504 659 2549 tam
686 2495 880 2551 vestris
900 2495 1128 2553 diversis
1158 2496 1472 2552 criminibus
1492 2496 1657 2553 veluti
1682 2498 1934 2569 templum
1962 2498 2131 2569 quod-

550 2583 673 2637 dam
718 2584 1097 2650 abomiuabile,
1147 2585 1522 2656 diabolicaque
1570 2587 1904 2643 habitatione
1944 2588 2131 2643 condi-

547 2686 711 2742 gnum
734 2674 1143 2741 construxistis,
1175 2674 1248 2729 ita
1285 2675 1449 2731 etiam
1473 2690 1540 2730 ex
1571 2676 1841 2747 lapidibus
1871 2678 2128 2733 virtutum

548 2762 727 2815 divina
776 2763 949 2834 gratia
994 2763 1211 2829 dolatis,
1261 2765 1479 2820 domum
1523 2766 1817 2837 pretiosam
1863 2767 2130 2823 conditori

548 2853 721 2924 ipsius
755 2854 775 2887 ⁸
793 2896 808 2920 ,
849 2856 949 2911 hoc
977 2865 1062 2912 est
1090 2856 1258 2927 ipsius
1276 2867 1521 2924 naturae,
1545 2859 1694 2914 omni
1724 2858 1886 2915 sorde
1906 2859 2129 2931 expulsa

547 2944 874 3021 penitusque
937 2945 1287 3017 interempta,
1347 2946 1723 3005 reaedillcetis.
1789 2946 1889 3004 Cui
1946 2949 2131 3006 sensui

554 3031 837 3089 Psalmista
887 3037 1157 3091 consentit
1208 3037 1431 3094 dicens:
1468 3036 1722 3107 Deﬁeient
1771 3051 2068 3108 peccatores
2097 3059 2129 3096 a

2227 1863 2479 1933 frumenti
2528 1861 2719 1915 cadens
2762 1861 2819 1915 in
2874 1866 3070 1914 terram
3118 1867 3383 1913 mortuum
3418 1858 3596 1928 fuerit,
3647 1859 3813 1929 ipsum

2226 1952 2394 2007 solum
2446 1960 2639 2005 manet.
2696 1948 2758 2006 Si
2801 1960 2979 2005 autem
3026 1956 3306 2004 mortu'ttnt-
3336 1950 3543 2020 fuerit,
3570 1950 3812 2004 multum

2228 2043 2456 2115 fructum
2500 2041 2621 2112 fert.
2653 2039 2894 2108 Emittes,
2928 2041 3123 2111 inquit,
3166 2040 3425 2109 Spiritum
3461 2048 3628 2103 tuum,
3654 2046 3703 2095 et
3733 2054 3813 2096 re-

2226 2134 2438 2190 ‘nouabis
2466 2134 2653 2202 faciem
2681 2142 2872 2197 terrae;
2903 2133 3007 2188 hoc
3025 2141 3107 2188 est
3132 2131 3202 2198 ³³,
3237 2132 3485 2188 restitues
3524 2132 3807 2203 integrita-

2228 2232 2334 2280 tem
2386 2230 2656 2289 naturae;
2692 2223 2808 2277 sive
2856 2223 2923 2277 de
2967 2223 3146 2277 anima
3167 2220 3367 2279 Christi
3412 2221 3657 2291 spiritum
3686 2221 3814 2300 quis

2228 2314 2514 2386 intelligat,
2545 2327 2685 2383 quae
2706 2313 2956 2368 inclinato
2978 2314 3168 2384 capite,
3190 2313 3552 2384 compatiente
3565 2312 3815 2369 videlicet

2228 2405 2346 2474 ejus
2381 2403 2601 2468 deitate,
2631 2417 2728 2473 pro
2756 2401 2928 2458 salute
2956 2401 3141 2456 mundi
3172 2401 3369 2456 tradita
3415 2409 3520 2466 est,
3551 2400 3812 2467 et-exlrit,

2229 2505 2283 2551 et
2327 2509 2547 2551 reversa
2591 2503 2677 2550 est
2730 2494 2783 2549 ln
2829 2493 2977 2548 illam
3028 2499 3302 2555 naturam,
3344 2504 3509 2562 quam
3551 2490 3817 2561 legatione

2229 2599 2326 2640 sua
2355 2586 2604 2650 redemit,
2636 2584 2834 2639 emissa
2858 2595 3075 2653 quoque
3105 2590 3213 2646 est,
3245 2589 3313 2635 ut
3327 2588 3655 2635 restauraret
3698 2578 3817 2648 pul-

2229 2675 2589 2730 chritudinem
2613 2678 2862 2739 naturae,
2886 2684 3026 2741 quae
3053 2671 3107 2726 iu
3134 2671 3310 2740 primo
3334 2670 3546 2725 homine
3567 2669 3613 2702 “
3639 2670 3813 2725 deleta

2229 2774 2333 2829 est;
2366 2764 2480 2820 sive
2506 2765 2573 2819 de
2602 2762 2807 2834 Spiritu
2842 2769 3050 2824 sancto,
3087 2761 3179 2830 qui
3229 2770 3310 2816 est
3338 2760 3560 2830 spiritus
3579 2758 3811 2828 Christi,
3889 2762 3892 2765 ’

2229 2853 2321 2922 qui
2343 2849 2629 2910 humilian
2655 2851 2851 2921 capite,
2879 2850 3023 2922 quod
3049 2859 3130 2906 est
3157 2849 3816 2915 Christus,momentanea

2230 2942 2410 2997 carnis
2437 2953 2609 2997 morte
2641 2940 2869 2997 traditus
2892 2948 2976 2996 est
3006 2939 3293 2994 universae
3322 2937 3623 3003 creaturae,
3665 2938 3819 3008 cujus

2232 3034 2622 3105 primogenitus
2672 3040 2756 3088 est
2784 3032 2923 3102 ipse,
2958 3029 3113 3100 cujus
3153 3030 3381 3101 spiritus
3420 3038 3521 3086 est.
3552 3028 3733 3085 Exibit
3762 3038 3819 3085 et

549 3132 690 3175 terra
714 3132 759 3176 et
795 3123 981 3195 iniqui,
1016 3125 1090 3178 ita
1126 3134 1181 3179 ut
1223 3142 1327 3181 non
1370 3127 1495 3182 sint.
1530 3128 1627 3185 Ubi
1680 3130 1882 3201 tropice
1907 3145 1971 3186 ex
2002 3129 2128 3187 eﬂ’e-
2155 3115 2203 3179 ο
2233 3131 2534 3178 revertetur
2575 3122 2631 3175 ίη
2665 3131 2860 3176 “mm
2898 3136 3073 3187 “iam.
3107 3121 3210 3175 hoc
3235 3128 3340 3187 εδιν
3386 3119 3440 3173 in
3463 3119 3616 3173 “iam
3663 3126 3819 3173 "at"?

548 3213 727 3269 ctibus
752 3228 970 3268 causam
1015 3215 1323 3287 signiﬁcans
1365 3217 1422 3282 ',
1454 3232 1551 3288 per
1594 3228 1910 3290 peccatores
1946 3230 2001 3275 et
2029 3222 2130 3279 ini-

551 3319 688 3372 quos
730 3313 950 3374 peccata
987 3314 1043 3360 et
1097 3306 1410 3375 iniquitates
1458 3309 1695 3364 insinuat
1749 3311 1802 3376 ⁸,
1866 3327 2004 3381 quae
2061 3328 2130 3369 ex

551 3403 696 3449 terra
728 3404 974 3462 naturae,
1005 3397 1222 3467 quando
1259 3397 1578 3453 liberabitur
1606 3401 1675 3454 ab
1709 3402 1856 3456 omni
1900 3401 2127 3471 malitia,

440 3516 447 3531 .
549 3480 820 3546 deﬁcient,
854 3483 926 3535 ita
960 3491 1020 3536 ut
1045 3497 1151 3538 non
1185 3484 1313 3540 siut.
1347 3484 1575 3541 Peccata
1618 3489 1761 3542 enim
1788 3498 1844 3544 et
1881 3491 2132 3561 iniquita-

550 3583 630 3625 tes
674 3573 872 3627 tamdiu
903 3587 1027 3628 esse
1052 3576 1319 3643 videntur,
1368 3577 1494 3631 dum
1540 3578 1673 3633 nihil
1701 3580 1831 3647 sint,
1874 3582 2131 3651 quamdiu

549 3660 789 3730 subjecta
824 3671 1015 3725 natura
1046 3665 1458 3733 contineantur;
1488 3680 1552 3723 ea
1577 3682 1704 3724 vero
1734 3678 1960 3741 purgata
1990 3679 2047 3729 et
2066 3672 2132 3729 ad

548 3754 832 3825 pristinam
893 3755 1263 3811 sinceritatem
1335 3759 1599 3827 reducta,
1664 3776 1806 3831 quae
1868 3776 1971 3832 per
2029 3778 2129 3828 se,

548 3839 604 3894 id
628 3848 713 3895 est
738 3850 961 3911 peccata
993 3849 1049 3896 et
1079 3842 1412 3912 iniquitates,
1444 3844 1744 3901 subsistere
1768 3847 2035 3914 nesciunt,
2065 3849 2131 3903 ad

550 3931 780 3987 nihilum
814 3932 1028 4002 penitus
1075 3934 1404 4004 redigentur,
1448 3935 1523 3990 ita
1572 3945 1629 3990 ut
1674 3951 1780 3993 non
1827 3934 1954 3993 siut.
1988 3936 2132 3995 Idem

548 4025 676 4080 alibi
730 4025 829 4080 sub
878 4039 1107 4094 persona
1150 4026 1248 4080 viri
1271 4027 1417 4098 juste
1457 4028 1688 4082 viventis
1728 4043 1915 4083 omnes
1958 4030 2135 4101 justos

545 4113 899 4168 lteatillcans:
930 4113 1034 4180 Qui
1067 4125 1217 4170 erunt
1246 4125 1513 4187 tamquam
1560 4117 1779 4189 lignum,
1811 4120 1949 4190 quod
1983 4118 2135 4191 plan-

547 4214 714 4257 tatunt
740 4213 814 4257 est
835 4220 980 4259 secus
1003 4205 1254 4259 decursus
1284 4221 1565 4276 aquarum,
1592 4208 1695 4263 ltoc
1722 4216 1828 4273 est,
1858 4218 2132 4280 tamquam

544 4295 790 4358 verbum,
819 4296 960 4367 quod
986 4296 1392 4351 inhumanatum
1428 4304 1533 4364 est,
1560 4298 1613 4353 in
1646 4298 1752 4375 line
1776 4299 2016 4354 omnium
2044 4316 2132 4355 se-

545 4386 788 4442 culorum
839 4394 1060 4457 propter
1105 4401 1223 4452 nos,
1270 4387 1324 4441 in
1349 4402 1504 4457 quos,
1552 4387 1691 4443 sicut
1718 4388 1796 4443 ait
1820 4388 2127 4459 Apostolus,

2231 3230 2372 3280 ram,
2416 3227 2580 3285 quam
2610 3221 2831 3283 propter
2874 3220 3153 3282 peccatum
3200 3210 3360 3280 primi
3388 3208 3633 3265 hominis
3657 3209 3814 3265 dese-

2229 3314 2447 3372 ruerat;
2479 3321 2576 3359 sua
2605 3304 2651 3337 ¹⁸
2678 3312 2817 3370 erat,
2845 3303 3159 3374 priusquam
3194 3308 3513 3371 peccantem
3542 3298 3816 3370 relinque-

2231 3408 2334 3462 ret,
2365 3395 2457 3451 sed
2488 3403 2708 3466 propter
2745 3410 2890 3461 eum,
2934 3393 3087 3462 cujus
3121 3394 3345 3464 spiritus
3388 3401 3492 3459 est,
3519 3401 3575 3448 et
3598 3392 3690 3463 qui
3719 3406 3818 3462 pro

2231 3503 2295 3543 ea
2319 3501 2511 3557 passus
2554 3494 2660 3553 est,
2689 3485 2741 3540 in
2769 3500 2889 3540 eam
2928 3485 3240 3550 revertitur,
3285 3494 3339 3538 et
3384 3483 3614 3553 amplius
3637 3490 3820 3538 resur-

2232 3577 2488 3631 rectionis
2524 3582 2767 3645 tempore
2792 3582 3111 3641 revertetur,
3147 3584 3201 3630 et
3244 3574 3507 3637 mittetur,
3538 3582 3597 3627 ut
3618 3574 3819 3629 virtuts

2233 3668 2401 3737 ipsius
2424 3666 2710 3725 universae
2732 3674 2958 3721 naturae
2987 3665 3154 3723 facies
3182 3667 3235 3721 in
3251 3666 3537 3737 pristinum
3563 3667 3814 3721 decorem

2234 3760 2572 3814 restituatur.
2593 3758 2857 3826 Quoniam
2887 3758 3074 3828 itaque
3108 3759 3161 3813 in
3188 3759 3289 3812 hac
3316 3757 3556 3813 omnium
3576 3771 3818 3812 commu-

2233 3847 2288 3904 ni
2317 3856 2458 3904 terra
2491 3848 2668 3905 omnia
2705 3847 2953 3903 animalia
2973 3847 3265 3903 secundum
3291 3861 3487 3917 corpus
3507 3855 3562 3901 et
3582 3847 3816 3900 animam

2234 3939 2525 3996 causaliter
2581 3947 2637 3996 et
2691 3939 3114 4010 primordialiter
3173 3947 3357 3994 creata
3402 3946 3562 4004 sunt;
3620 3952 3743 3991 nam
3775 3936 3820 3969 “

2236 4032 2290 4087 in
2319 4033 2524 4088 honore
2551 4032 2591 4065 "
2619 4032 2801 4086 omnia
2824 4030 2964 4086 facta
2996 4038 3149 4086 sunt:
3173 4031 3302 4100 quid
3323 4030 3541 4093 mirum,
3564 4028 3611 4084 si
3637 4028 3819 4083 divino

2234 4131 2524 4192 praecepto
2546 4120 2822 4192 jubeatur,
2870 4120 3102 4174 animum
3131 4120 3398 4185 virentem,
3440 4119 3545 4174 hoc
3574 4125 3661 4174 est
3699 4116 3817 4172 ani-

2234 4212 2343 4266 mal
2378 4212 2565 4268 vivens
2612 4212 2931 4281 producere,
2974 4219 3053 4275 ut,
3095 4211 3237 4281 quod
3279 4208 3568 4265 causaliter
3611 4207 3820 4264 occulte

2236 4300 2288 4355 in
2321 4301 2501 4357 causis
2545 4309 2601 4356 et
2659 4300 2957 4355 rationibus
2998 4299 3250 4364 habebat,
3276 4300 3380 4353 hoc
3422 4299 3475 4353 in
3514 4313 3711 4370 genera
3765 4307 3821 4353 et

2235 4390 2443 4459 species
2465 4396 2651 4457 aperte
2694 4389 3055 4458 produceret?
3093 4388 3330 4451 Et-vide,
3370 4388 3640 4458 quomodo
3667 4395 3819 4442 natu-

542 4476 674 4544 ﬁnes
720 4477 1011 4537 seculorum
1064 4478 1339 4544 devenere;
1384 4477 1666 4548 pluraliter
1709 4479 1924 4549 quidem
1971 4495 2138 4534 unum
2166 4460 2215 4519 D
2245 4477 2411 4533 ralem
2458 4492 2640 4534 rerum
2681 4479 3120 4546 consequentiam
3170 4478 3410 4532 divinum
3455 4478 3607 4532 nobis
3645 4476 3820 4531 mania

543 4567 787 4620 omnium
833 4566 854 4595 "
898 4565 1057 4619 ﬁnem
1090 4607 1104 4629 ,
1155 4566 1431 4622 Christum
1483 4569 1762 4635 videlicet,
1811 4569 2133 4639 nominans;

544 4657 663 4723 ipse
690 4653 956 4722 siquidem
986 4662 1069 4708 est
1099 4655 1231 4722 ﬁnes
1253 4656 1274 4689 ⁸
1311 4656 1625 4722 seculorum,
1647 4659 1738 4728 qui
1764 4658 2136 4713 universorum

546 4754 632 4800 est
675 4745 1105 4811 consummatio;
1142 4746 1397 4799 continuo
1429 4748 1740 4816 subjunxit:
1777 4747 1901 4803 Non
1939 4751 2014 4804 sic
2037 4750 2136 4803 im-

541 4835 638 4904 pii,
665 4849 768 4888 non
799 4832 894 4896 sic,
919 4833 1009 4887 sed
1038 4843 1289 4903 tanquam
1314 4835 1503 4904 pulvis,
1534 4854 1687 4907 quem
1707 4839 1927 4907 projicit‘
1950 4850 2131 4892 ventus
2167 4871 2175 4882 -

545 4944 577 4978 ιι
606 4924 742 4995 facie
771 4933 961 4988 terrae,
1005 4922 1382 4985 discretionem
1416 4924 1547 4994 justi
1567 4925 1755 4996 judicii
1794 4936 2008 4981 ventum
2038 4942 2129 4981 vo-

544 5029 712 5077 cans,
759 5030 863 5083 qua
908 5019 929 5049 ⁹
969 5016 1092 5085 ille,
1124 5015 1278 5084 cujus
1323 5018 1677 5073 ventilabrum
1721 5019 1774 5074 in
1805 5034 1966 5073 manu
2008 5034 2129 5087 sua,

540 5102 818 5175 pulverem
849 5105 1011 5162 totius
1038 5106 1274 5169 malitiae
1298 5121 1362 5164 ex
1389 5109 1672 5186 superﬁcie
1700 5118 1894 5175 terrae,
1922 5108 2024 5165 hoc
2048 5117 2133 5165 est

2243 4564 2404 4620 festat
2450 4564 2739 4635 eloquium.
2799 4562 3092 4633 Produeat,
3154 4566 3346 4635 inquit,
3398 4576 3536 4619 terra
3585 4564 3815 4617 animam

2242 4657 2488 4711 uirentem
2508 4658 2564 4709 in
2582 4672 2764 4726 genere
2793 4673 2907 4711 suo.
2942 4654 3124 4710 Primo
3143 4672 3312 4725 genus
3336 4656 3535 4728 posuit,
3557 4651 3813 4723 quoniam

2242 4748 2295 4803 in
2328 4748 2442 4817 ipso
2469 4761 2657 4804 omnes
2678 4749 2885 4816 species
2908 4756 2963 4801 et
3007 4748 3351 4802 continentur
3388 4756 3440 4801 et
3478 4758 3640 4799 unum
3663 4750 3812 4807 sunt,

2239 4847 2294 4892 et
2324 4827 2378 4891 ili
2428 4852 2520 4893 eas
2563 4835 2821 4892 dividitur
2867 4844 2922 4892 et
2981 4836 3362 4906 multiplicatur
3404 4848 3501 4903 per
3536 4832 3816 4902 generales

2239 4926 2441 4983 formas
2462 4928 2984 4997 specialissimasque
3013 4928 3243 4997 species.
3270 4924 3421 4993 Quod
3445 4924 3608 4978 etiam
3633 4929 3818 4977 osten-

2237 5014 2318 5069 dit
2359 5015 2581 5071 dicens:
2614 5015 2862 5070 Iumenta
2896 5025 2944 5068 et
2989 5014 3192 5083 reptilia
3226 5024 3273 5066 et
3304 5013 3491 5066 bestias
3529 5020 3818 5066 terrae‘se-

2238 5107 2466 5162 cundum
2501 5107 2694 5177 species
2734 5122 2878 5165 suas.
2925 5105 3003 5159 Ac
3025 5118 3122 5173 per
3153 5106 3255 5161 hoc
3309 5102 3647 5174 intelligitur,
3676 5098 3817 5170 quod

1822 5220 1910 5281 VA
1919 5222 2080 5285 RIAE
2116 5220 2517 5277 LECTIONES.

615 5311 633 5340 ι
676 5308 767 5383 εἰς
814 5309 1368 5383 ρΕλᾼ-εἱρηὶῇεᾳι.
1464 5313 1485 5346 ¹
1547 5313 1640 5369 Sic
1694 5313 1777 5383 CF
1801 5330 1817 5383 ἰ

541 5387 668 5453 ςειε-
746 5379 901 5453 ’,ξίε
941 5379 1104 5453 ACF;
1136 5381 1254 5453 _sed
1312 5381 1348 5433 F
1404 5396 1544 5453 corr.
1601 5379 1863 5453 signiﬁcat

540 5446 720 5519 [__Sic
771 5448 941 5512 ACF;
999 5451 1092 5505 sed
1133 5447 1173 5500 F
1225 5465 1368 5505 corr.
1421 5452 1563 5519 ﬁnis.

540 5513 627 5568 CF
652 5530 666 5578 ;
695 5515 740 5568 A
772 5527 1067 5571 revertetur.
1186 5520 1227 5551 ¹²
1265 5520 1356 5571 Sic
1395 5513 1478 5575 CF
1498 5539 1511 5585 ;
1546 5523 1777 5575 humana
1805 5533 1915 5573 om.
1942 5513 2008 5572 A.

541 5584 683 5635 mine
732 5598 842 5637 om.
890 5588 953 5638 A.
1052 5588 1093 5617 ”
1125 5587 1215 5638 Sic
1242 5587 1370 5638 ACF
1398 5607 1408 5638 :
1436 5592 1530 5638 sed
1556 5591 1594 5638 F
1619 5603 1781 5638 sunra
1811 5588 1985 5638 adscr.

541 5599 683 5635 mmo
732 5598 842 5637 01η.
890 5598 953 5637 Α.

544 5649 631 5702 CF
666 5654 716 5705 in
766 5656 991 5706 homine.

1464 5313 1485 5346 ¹
1547 5313 1640 5369 Sic
1694 5313 1817 5381 CF;
1863 5313 1910 5367 A
1959 5313 2158 5365 anima.
2287 5313 2396 5366 int
2453 5328 2563 5367 om.
2619 5313 2686 5366 A.
2762 5313 2784 5341 ⁸
2835 5313 2927 5365 Sic
2969 5313 3084 5368 CF:
3136 5313 3179 5360 Α
3241 5313 3410 5378 ipsius
3458 5316 3664 5368 terrae,
3716 5313 3781 5357 bo

1464 5399 1544 5459 τῇ.
1601 5376 1990 5459 δὶῃῃῖῥςαιήλ
2034 5381 2124 5459 Sic
2151 5382 2225 5443 A;
2278 5380 2794 5459 (ΣΕ,Αἱιιέιξηιηῃι-είο.Δ
2892 5375 3210 5459 ⁷⁸8ἰο4,ΟΡ;
3265 5379 3306 5431 Α
3365 5376 3594 5459 omnium
3630 5385 3781 5459 unum

2216 5440 2266 5505 o.
2383 5451 2426 5482 '°
2466 5451 2557 5507 Sic
2608 5449 2693 5505 CF
2716 5464 2730 5515 ;
2766 5449 2812 5503 A
2850 5449 2943 5518 qui
2982 5440 3205 5518 patiens
3234 5461 3335 5518 pro
3377 5446 3552 5518 nobis.
3594 5443 3669 5518 _“
3725 5440 3815 5518 Sic

2130 5517 2175 5551 ⁸³
2201 5520 2291 5575 Sic
2341 5520 2465 5585 CF;
2498 5521 2596 5574 hoc
2636 5527 2712 5572 est
2736 5533 2846 5573 om.
2868 5517 2935 5570 Α.

1052 5588 1093 5617 ⁸⁸
1125 5587 1215 5639 Sic
1242 5587 1370 5640 ACF
1398 5607 1408 5653 ;
1436 5592 1530 5643 sed
1556 5591 1594 5643 F
1619 5603 1781 5658 supra
1811 5588 1985 5643 adscr.
2024 5601 2286 5661 corr.’sua
2332 5591 2468 5644 enim
2497 5597 2630 5644 erat.

1693 5449 1839 5506 tSic
1880 5449 2004 5520 CF;
2052 5451 2097 5503 A
2141 5467 2212 5520 qu

2287 5313 2396 5366 int
2453 5328 2563 5367 om.
2619 5311 2686 5366 Α.
2762 5311 2784 5341 ⁸
2835 5308 2927 5365 Sic
2956 5307 3179 5378 αλιι
3241 5308 3410 5378 ipsius
3458 5316 3664 5378 terrae,
3715 5304 3816 5357 hoc

2892 5378 2913 5412 "
2947 5377 3038 5434 Sic
3088 5375 3210 5442 CF;
3261 5375 3306 5431 Ἀ
3365 5376 3594 5430 omnium
3632 5385 3812 5442 unum.

3038 5515 3084 5549 “
3113 5515 3205 5571 Sic
3236 5514 3368 5579 ’CF;
3418 5516 3473 5578 in

2732 5587 2777 5620 “
2833 5587 2923 5651 Sic
2968 5585 3074 5653 CF;
3103 5585 3146 5640 Α
3173 5586 3440 5657 quoniam.

3524 5513 3689 5582 primo
3723 5509 3818 5582 Ito»

3547 5583 3587 5613 "
3618 5581 3708 5635 Sic
3736 5578 3811 5646 Δί
