4212 6272
379 331 487 389 7N

1214 330 1302 384 DE
1337 329 1675 387 DIVISIONE
1714 329 2060 387 NATURAE.
2099 359 2159 370 -ου
2201 322 2403 384 LIBER
2441 327 2789 395 QUARTUS.

3540 326 3644 383 750

379 461 475 503 ars
496 442 610 509 illa,
637 458 779 513 quae
810 442 1000 497 dividit
1020 454 1216 515 genera
1247 441 1302 499 in
1326 443 1556 512 species,
1585 451 1641 496 et
1668 442 1874 510 species
1913 442 1965 495 in
1993 450 2040 506 Α
2070 443 2165 496 Est
2187 440 2332 497 enim
2354 439 2756 512 generalissima
2784 439 3048 506 quaedam
3084 446 3246 508 atque
3284 437 3306 468 ’
3340 415 3647 497 communis

382 550 582 610 genera
633 533 884 596 resolvit,
920 546 1059 602 quae
1131 531 1415 591 διαλεκτική
1465 530 1686 598 dicitur,
1738 547 1845 587 non
1901 530 1970 585 ab

386 623 639 679 humanis
680 620 1168 677 machinationibus
1207 620 1279 675 sit
1307 620 1470 685 iacta,
1524 619 1619 674 sed
1676 619 1731 672 in
1776 627 1970 673 natura

387 728 592 779 rerum,
620 713 688 767 ab
720 721 942 768 auctore
963 711 1205 766 omnium
1242 712 1460 774 artium,
1510 723 1650 780 quae
1678 723 1805 764 vere
1824 718 1973 763 artes

388 813 538 870 sunt,
565 804 807 867 condita,
831 812 945 858 ets
981 802 1316 872 sapientibus
1344 802 1582 866 inventa,
1602 809 1661 856 et
1687 799 1755 854 ad
1777 798 1973 856 utilita-

389 900 497 949 tem
527 891 712 948 solerti
738 894 767 933 ⁸-
786 904 965 953 rerum
995 890 1249 961 indagine
1274 890 1295 922 ³
1327 892 1545 947 usitata.

457 981 511 1036 5.
543 980 688 1036 Disc.
717 980 799 1035 Ex
820 980 934 1044 his,
959 980 1199 1049 quaehui
1238 976 1412 1042 fallor,
1446 977 1834 1033 rationabiliter
1862 990 1891 1029 a
1922 983 1974 1030 te

384 1072 534 1129 dicta
561 1079 709 1138 sunt,
749 1072 797 1126 si
838 1071 961 1141 quis
989 1070 1236 1133 voluerit,
1277 1078 1456 1139 potest
1489 1070 1655 1123 etiam
1682 1068 1788 1121 alio
1815 1066 1974 1122 modo

387 1160 689 1231 intelligere
710 1158 855 1229 quod
880 1160 1141 1227 scriptum
1157 1167 1240 1214 est
1254 1176 1268 1212 :
1284 1158 1587 1215 Producant
1612 1173 1780 1226 aquae
1798 1155 1975 1226 reptile

340 1240 347 1245 ’
389 1250 602 1307 animae
628 1248 864 1313 viventis,
893 1257 943 1303 et
960 1247 1182 1303 volatile
1211 1263 1369 1317 super
1394 1255 1613 1312 terram,
1640 1254 1699 1300 ut
1747 1260 1855 1300 non
1883 1260 1974 1301 80¢

392 1337 505 1393 lum
545 1338 883 1407 simpliciter,
924 1336 1372 1409 quemadmodum
1404 1337 1649 1408 superius
1688 1345 1976 1391 tractatum

393 1435 500 1492 est,
525 1427 815 1498 intelligat,
832 1429 1010 1499 pisces
1035 1436 1092 1483 et
1117 1428 1350 1482 volatilia
1378 1428 1446 1483 de
1461 1428 1564 1482 hoc
1594 1427 1789 1483 visibiii
1818 1436 1978 1495 atque

394 1517 665 1573 tractabili
706 1519 1033 1588 humidoque
1072 1533 1137 1574 ac
1173 1515 1369 1590 frigido
1397 1533 1659 1588 aquarum
1711 1519 1979 1573 elemento

390 1614 576 1667 creata
621 1621 761 1672 esse,
806 1620 995 1664 verum
1043 1609 1208 1664 etiam
1250 1608 1430 1665 altiori
1481 1622 1640 1664 sensu
1674 1624 1741 1664 ex
1780 1608 1980 1663 abditis

391 1697 781 1769 profundisque
818 1708 1049 1756 naturae
1097 1700 1325 1767 sinibus,
1370 1700 1427 1754 in
1456 1699 1650 1770 quibus
1689 1698 1980 1754 causaliter

2069 530 2311 586 omnium
2356 538 2576 589 natura,
2608 516 2817 581 ah‘uno
2845 527 3085 579 omnium
3134 526 3397 595 principio
3440 532 3644 592 creata,

2070 636 2137 676 ex
2167 635 2272 691 qua
2304 619 2467 674 veluti
2497 617 2829 689 amplissimo
2880 616 3027 670 fonte
3070 630 3166 684 per
3204 631 3366 685 poros
3409 616 3650 671 occultos

2071 710 2384 780 corporales
2419 716 2707 764 creaturae
2746 707 2930 785 veluti.
2956 706 3174 776 quidam
3216 707 3373 760 rivuli
3400 706 3650 762 derivan-

2074 819 2182 875 tur,
2209 817 2265 863 et
2308 809 2365 862 in
2402 807 2647 862 diversas
2691 806 2893 860 formas
2942 804 3275 875 singularum
3310 819 3489 858 rerum
3524 819 3652 861 eru-

2073 905 2243 951 ctant.
2280 897 2563 951 Praedicta
2604 895 2871 964 siquidem
2919 893 3001 949 vis
3046 906 3143 962 per
3186 893 3397 947 diversa
3441 893 3654 950 semina

2074 1001 2139 1041 ex
2170 986 2385 1039 arcanis
2415 993 2639 1038 naturae
2663 983 2987 1054 proveniens
3009 1021 3025 1047 ,
3062 981 3404 1050 primumque
3431 979 3486 1035 in
3520 982 3652 1051 ipsis

2076 1071 2373 1132 seminibus
2401 1086 2709 1144 erumpens,
2740 1072 2933 1128 deinde
2959 1072 3190 1126 diversis
3216 1071 3533 1127 humoribus
3556 1072 3654 1126 ad-

2077 1164 2266 1228 mixta,
2299 1163 2353 1216 in
2389 1161 2598 1232 species
2638 1160 2876 1230 singulas
2919 1158 3201 1215 sensibiles
3244 1159 3452 1213 ebullit.
3501 1160 3648 1215 Duae.

2076 1249 2214 1306 Rata
2254 1249 2389 1304 haec
2416 1248 2639 1317 verique
2678 1246 2898 1315 similia,
2945 1245 3420 1317 physiologiaeque
3464 1258 3654 1316 specu-

2078 1341 2368 1396 lationibus
2411 1339 2755 1394 conveniunt.
2809 1336 3075 1404 Quoniam
3122 1351 3251 1391 vero
3300 1338 3461 1391 homo
3484 1375 3501 1401 ,
3560 1336 3653 1405 qui

2078 1438 2234 1487 sexta
2257 1431 2300 1462 ¹⁶
2327 1428 2415 1485 die
2441 1428 2692 1484 conditus
2716 1436 2818 1492 est,
2850 1427 2903 1480 in
2931 1440 3161 1481 numero
3183 1426 3493 1481 animalium
3521 1441 3653 1481 eou-

2081 1523 2340 1586 stituitur,
2386 1535 2526 1591 quae
2569 1520 2669 1574 sub
2715 1534 2824 1575 uno
2865 1506 3062 1589 genere
3106 1517 3653 1587 comprehenduntur,

2082 1625 2209 1665 num
2243 1610 2295 1663 in
2324 1609 2425 1663 boc
2452 1615 2738 1679 praecepto
2764 1606 2967 1671 divino,
2993 1621 3103 1676 quo
3122 1605 3343 1675 jubetur
3370 1612 3516 1661 terra
3540 1604 3655 1657 ani-

2082 1714 2225 1754 mam
2248 1699 2414 1753 vivam
2433 1696 2742 1766 producere,
2767 1694 3143 1766 intelligendus
3168 1695 3240 1748 sit
3260 1709 3359 1748 nec
3381 1708 3473 1758 ne,
3495 1691 3655 1746 velim

390 1796 447 1845 et
488 1789 914 1859 primordialiter
966 1790 1108 1846 facta
1151 1800 1297 1856 sunt,
1346 1791 1400 1846 in
1445 1805 1644 1862 genera
1675 1799 1731 1846 et
1772 1790 1982 1861 species
2013 1787 2054 1845 Β
2083 1806 2114 1848 a
2145 1798 2197 1844 te
2222 1790 2430 1844 audire.
2457 1789 2594 1842 MAG.
2621 1788 2771 1845 Hanc
2795 1786 3194 1856 inquisitionem
3226 1803 3330 1841 nun
3364 1784 3519 1840 facile
3543 1783 3653 1839 sol-

389 1880 641 1943 deducta.
664 1881 814 1948 Quid
828 1883 979 1937 enim
1003 1884 1204 1946 obstat,
1225 1897 1315 1949 ne,
1344 1883 1487 1939 sicut
1514 1891 1691 1937 terrae
1716 1881 1987 1940 vocabulo

393 1978 625 2027 naturae
660 1972 999 2041 signiﬁcatur
1042 1971 1289 2027 soliditas
1330 1981 1387 2028 et
1416 1970 1690 2036 fertilitas,
1722 1971 1801 2025 ita
1823 1971 1987 2026 etiam

393 2073 661 2127 aquarum
706 2059 1103 2130 significatione
1142 2059 1382 2130 ejusdem
1411 2067 1642 2116 naturae
1692 2059 1874 2114 abdita
1906 2058 1992 2119 illr-

393 2148 669 2221 telligatur
695 2151 1055 2220 profunditas,
1104 2160 1165 2206 ut
1192 2152 1435 2206 omnium
1463 2150 1806 2217 animalium,
1849 2163 1990 2221 quae

393 2239 514 2296 sive
554 2255 622 2297 ex
665 2249 823 2305 terra,
855 2245 971 2298 sive
1021 2258 1089 2298 ex
1139 2243 1297 2313 aquis
1344 2241 1598 2314 leguntur
1641 2240 1843 2306 creari,
1878 2254 1990 2295 una

397 2330 701 2402 eademque
745 2342 1102 2404 cognoscatur
1161 2334 1315 2404 origo
1336 2373 1353 2398 ,
1414 2332 1663 2401 quamvis
1717 2330 1991 2386 dividatur

399 2434 590 2477 eorum
608 2421 934 2490 speculatio?
952 2421 1069 2475 Alia
1094 2420 1357 2490 siquidem
1378 2419 1650 2488 iu‘qninta
1672 2416 1990 2487 prophetica

402 2511 635 2576 theoria,
677 2510 783 2566 alia
832 2512 884 2566 in
913 2519 1068 2567 sexta
1113 2510 1327 2567 condita
1387 2525 1509 2564 esse
1531 2510 1554 2544 ⁸
1600 2514 1986 2566 memorantur.

402 2599 513 2657 Nec
546 2602 651 2656 hoc
677 2600 798 2657 sine
835 2600 1044 2657 ratione
1073 2599 1273 2654 factum
1317 2598 1658 2655 crediderim.
1688 2595 1813 2651 Veri
1849 2595 1990 2651 enim

400 2689 579 2748 simile
599 2690 838 2755 videtur,
867 2691 1010 2759 quod
1033 2690 1154 2744 ideo
1178 2697 1393 2743 terrena
1424 2686 1676 2741 animalia
1699 2695 1851 2742 sexta
1883 2684 1987 2749 die,

400 2784 458 2839 in
484 2796 592 2852 qua
631 2782 799 2838 etiam
840 2782 1001 2836 homo
1034 2780 1208 2837 lactus
1235 2789 1343 2845 est,
1382 2779 1451 2835 de
1481 2787 1623 2833 terra
1648 2777 1870 2847 produci
1899 2775 1990 2845 ju-

405 2874 626 2939 bentur,
653 2873 909 2942 quoniam
959 2870 1216 2939 majorem
1244 2868 1647 2926 similitudinem
1677 2867 1911 2922 hominis
1933 2866 1988 2921 in

407 2971 605 3019 natura
633 2977 729 3018 sua
774 2962 1027 3019 videntur
1062 2960 1286 3017 habere.
1318 2958 1490 3016 Omne
1524 2956 1811 3026 siquidem,
1846 2954 1989 3025 quod

409 3051 466 3109 in
517 3060 715 3107 natura
753 3050 1001 3106 animalis
1044 3049 1281 3107 hominis
1315 3056 1531 3118 praeter
1576 3044 1906 3101 intellectum
1934 3052 1989 3098 et

404 3141 672 3197 rationem
721 3140 1079 3210 cognoscitur,
1106 3138 1421 3197 naturaliter
1455 3137 1522 3191 iis
1545 3134 1725 3191 inesse
1760 3133 1984 3204 physica
2010 3122 2055 3183 C

406 3230 775 3301 speculatione
810 3230 1099 3285 invenitur.
1143 3227 1283 3284 MAG.
1308 3227 1422 3283 Non
1468 3226 1666 3293 solum,
1685 3233 1746 3283 ut
1766 3224 1980 3295 opinor,

404 3318 482 3383 nil
507 3319 705 3385 obstat,
730 3335 914 3376 verum
944 3320 1127 3381 etiam,
1151 3328 1210 3373 ut
1251 3318 1322 3373 ita
1354 3316 1717 3388 intelligamus
1735 3330 1820 3379 ea,
1843 3326 1984 3385 quae

403 3409 607 3478 scripta
637 3418 783 3475 sunt,
830 3409 1124 3464 secundum
1162 3407 1444 3462 veritatem
1484 3420 1665 3462 rerum
1694 3405 1980 3470 factarum,

402 3497 543 3553 ratio
615 3498 728 3568 ipsa
802 3497 1069 3552 intentius
1144 3496 1481 3557 considerata
1567 3510 1666 3549 nos
1733 3494 1979 3549 advocat.

403 3589 505 3646 Est
556 3590 699 3644 enim
759 3588 1033 3659 multiplex
1085 3594 1142 3643 et
1200 3585 1443 3642 infinitus
1496 3585 1802 3641 divinorum
1865 3582 1979 3639 elo-

402 3678 655 3750 quiorum
680 3676 1001 3735 intellectus.
1036 3675 1313 3745 Siquidem
1339 3676 1393 3731 in
1424 3690 1601 3746 penna
1626 3675 1851 3743 pavonis
1877 3687 1984 3751 una

406 3767 707 3836 eademque
741 3767 1002 3823 mirabilis
1024 3782 1088 3822 ac
1117 3766 1338 3837 pulchra
1368 3765 1841 3821 innumerabilium
1887 3780 1983 3822 co-

404 3855 588 3918 lorum
609 3855 838 3911 varietas
860 3856 1189 3926 conspicitur
1211 3856 1264 3909 in
1294 3869 1400 3911 uno
1424 3855 1720 3923 eodemque
1743 3852 1766 3885 δ
1805 3853 1925 3910 loco
1961 3851 1985 3886 '

405 3945 654 4016 ejusdem
685 3960 891 4015 pennae
918 3945 1294 4017 portiunculae
1333 3945 1374 3999 ⁸.
1426 3945 1496 4000 Et
1543 3946 1759 4014 quidem
1790 3953 1981 4001 natura

403 4033 533 4102 ipsa
586 4049 769 4089 rerum
823 4034 890 4089 ad
944 4035 1088 4090 hunc
1133 4034 1357 4090 attrahit
1404 4032 1751 4089 intellectum.
1816 4033 1983 4087 Terra

398 4137 646 4192 namque
710 4122 812 4179 ista
875 4123 1146 4178 sensibilis
1195 4133 1252 4179 et
1307 4135 1448 4191 aqua
1500 4135 1728 4190 corpora
1766 4134 1985 4190 compo-

397 4210 514 4267 sita
542 4218 668 4266 sunt
708 4225 790 4272 ex
813 4210 1159 4280 qualitatibus
1188 4217 1445 4280 quattuor
1471 4207 1892 4274 elementorum;
1929 4214 1987 4264 et

399 4300 546 4356 nihil
576 4301 644 4356 de
670 4315 728 4355 se
756 4301 1003 4371 gignunt,
1027 4299 1280 4375 nullaque
1305 4300 1512 4371 species
1531 4306 1757 4354 naturae
1775 4298 1796 4330 '
1826 4312 1891 4353 ex
1919 4298 1985 4355 iis

401 4389 673 4455 nascitur,
710 4390 955 4458 quamvis
1000 4405 1069 4445 ex
1115 4390 1195 4447 eis
1226 4388 1249 4423 ⁸
1276 4389 1425 4445 nasci
1453 4388 1719 4444 videatur.
1764 4385 1854 4442 Vis
1889 4402 1984 4442 au-

405 4485 524 4532 tem
568 4478 851 4544 seminum,
899 4494 1039 4548 quae
1083 4479 1136 4533 in
1172 4482 1253 4535 eis
1286 4487 1436 4545 sunt,
1460 4485 1717 4549 operante
1744 4476 1831 4533 illa
1859 4475 1988 4545 vita,

406 4582 552 4637 quae
577 4569 834 4623 nutritiva
861 4570 1080 4634 dicitur,
1128 4569 1422 4627 secundum
1469 4569 1617 4639 leges
1656 4576 1713 4625 et
1754 4568 1991 4624 rationes

408 4655 625 4723 insitas,
662 4667 925 4727 quantum
987 4658 1117 4714 sinit
1164 4661 1343 4714 divina
1409 4659 1765 4731 providentia,
1810 4658 1862 4714 in
1908 4659 1990 4715 di-

409 4761 600 4801 versas
626 4749 833 4817 species
864 4750 1152 4805 herbarum
1172 4789 1187 4814 ,
1224 4749 1590 4815 surculorum,
1641 4749 1986 4814 animalium,

412 4849 512 4902 per
548 4846 828 4909 generaret
856 4836 1061 4892 formas
1100 4852 1166 4891 ex
1203 4839 1426 4894 secretis
1459 4847 1738 4894 creaturae
1779 4836 1986 4892 sinibus

417 4924 668 4993 erumpit.
696 4926 774 4982 Ae
802 4943 902 4997 per
932 4929 1035 4983 hoc
1065 4930 1205 4985 unde
1234 4940 1376 4984 terra
1405 4940 1463 4988 et
1496 4944 1633 4999 aqua
1674 4928 1901 4984 visibilis
1931 4935 1987 4984 et

420 5013 720 5068 tractabilis
749 5015 801 5070 in
830 5033 955 5071 suas
984 5018 1257 5074 naturales
1281 5019 1494 5089 species
1525 5025 1582 5073 et
1618 5016 1906 5088 qualitates
1931 5025 1989 5072 et

418 5100 753 5168 quantitates
797 5119 1141 5172 processere,
1197 5106 1321 5163 inde
1361 5107 1562 5172 omnia,
1612 5120 1750 5176 quae
1794 5121 1861 5162 ex
1906 5104 1987 5161 eis

414 5191 573 5248 nasci
606 5192 870 5262 videntur,
914 5199 1277 5268 generationis
1300 5214 1431 5255 suae
1457 5199 1722 5269 originem
1745 5204 1982 5253 sumunt.

2085 1891 2256 1945 verim
2281 1890 2344 1954 “,
2381 1889 2425 1944 si
2459 1887 2794 1943 solummodo
2819 1888 3001 1941 divina
3026 1885 3302 1956 Scriptura
3340 1882 3657 1955 pronuntia-

2088 1987 2170 2034 ret
2197 1997 2211 2033 :
2243 1976 2513 2032 Producat
2542 1986 2683 2031 terra
2722 1977 2954 2029 animum
2992 1977 3256 2029 viventem.
3306 1973 3501 2027 Verum
3531 1972 3658 2041 quia

2088 2071 2329 2125 addidit:
2361 2071 2417 2123 in
2446 2085 2627 2140 genere
2655 2085 2771 2134 suo,
2814 2069 3130 2137 planissime
3170 2067 3441 2138 patefecit,
3477 2066 3658 2120 omnia

2088 2159 2341 2215 animalia
2387 2159 2441 2213 in
2490 2159 2593 2217 hoc
2640 2164 2930 2228 praecepto
2977 2157 3259 2212 contineri.
3312 2154 3469 2209 Nulla
3513 2154 3657 2210 enim

2089 2248 2299 2317 species
2327 2257 2429 2312 est,
2462 2261 2601 2317 quae
2626 2247 2685 2299 in
2716 2261 2912 2317 genere
2961 2260 3059 2303 suo
3099 2247 3320 2302 omnino
3348 2260 3454 2301 non
3491 2242 3658 2302 collo-

2087 2361 2263 2405 catur.
2300 2338 2407 2404 Sed
2437 2350 2561 2419 quia
2591 2347 2925 2404 haec’forma
2957 2348 3226 2415 animalis,
3274 2361 3412 2418 quae
3456 2346 3510 2400 in
3556 2347 3659 2402 ho-

2089 2440 2233 2494 mine
2260 2440 2551 2494 constituta
2581 2449 2682 2502 est,
2713 2445 3013 2493 ceterorum
3053 2438 3362 2492 animalium
3392 2444 3657 2500 naturam,

2088 2543 2229 2600 quae
2256 2529 2355 2583 sub
2398 2530 2587 2583 eodem
2632 2540 2828 2598 genere
2873 2536 3017 2592 sunt,
3067 2527 3326 2598 dignitate
3358 2526 3584 2581 rationis
3608 2536 3662 2580 et

2088 2619 2471 2691 intelligentiae
2497 2627 2736 2689 superat,
2784 2619 3009 2688 provide
3050 2617 3365 2689 prophetica
3395 2625 3660 2672 comtem-

2089 2720 2254 2790 platio
2283 2733 2403 2773 eam
2433 2716 2630 2772 ceteris
2668 2716 2990 2771 animalibus
3031 2716 3323 2788 adjungere
3364 2713 3564 2778 voluit,
3603 2720 3663 2766 ut

2087 2805 2449 2862 conditionem
2479 2805 2667 2873 ipsius,
2691 2803 2845 2871 juxta
2867 2818 2998 2858 suae
3021 2811 3243 2858 naturae
3264 2800 3660 2863 excellentiam,

2087 2894 2252 2951 latius
2279 2902 2334 2949 et
2358 2894 2629 2965 copiosius
2658 2893 2712 2947 in
2743 2892 2850 2947 fine
2875 2894 3135 2957 onmium,
3171 2906 3310 2961 quae
3337 2891 3490 2946 aDeo
3521 2889 3660 2944 facta

2087 2993 2241 3049 sunt,
2267 2992 2534 3039 narraret.
2585 2981 2805 3053 Species
2854 2983 3018 3052 igitur
3051 2981 3299 3037 animalis
3341 2980 3575 3034 maxima
3605 2987 3662 3035 et

2084 3071 2478 3145 pretiosissima
2523 3071 2606 3127 bis
2653 3073 2707 3128 in
2751 3071 3002 3142 operibus
3047 3077 3233 3126 sextae
3278 3067 3660 3140 speculatiouia

2087 3183 2540 3232 commemoratur
2576 3192 2588 3226 :
2633 3174 2867 3244 primum
2915 3172 3132 3243 quidem
3177 3171 3232 3227 in
3281 3184 3479 3242 genere
3522 3182 3658 3231 suo,

2084 3264 2226 3335 quod
2253 3270 2337 3318 est
2362 3263 2560 3317 animal
2584 3302 2599 3327 ,
2631 3261 2854 3332 jubetur
2879 3262 2922 3298 "
2960 3278 2990 3318 a
3014 3270 3158 3317 terra
3185 3259 3437 3331 produci;
3473 3258 3663 3319 deinde

2085 3353 2245 3424 paulo
2272 3360 2415 3423 post,
2454 3360 2757 3408 ceterorum
2804 3350 3118 3406 animalium
3165 3349 3480 3405 brevissima
3517 3348 3654 3402 divi-

2083 3439 2239 3498 sione
2266 3439 2431 3505 facta,
2468 3439 2705 3495 conditio
2730 3439 2849 3510 ejus
2890 3439 2957 3493 ad
3002 3436 3291 3508 imaginem
3320 3445 3376 3490 et
3403 3435 3653 3490 similitu-

2085 3532 2264 3589 dinem
2295 3531 2388 3586 Dei
2418 3529 2795 3586 introducitur.
2845 3528 2992 3584 Disc.
3040 3526 3157 3584 Una
3208 3525 3390 3596 itaque
3415 3525 3459 3558 “
3491 3523 3663 3579 forma

2084 3606 2308 3677 etinter
2335 3628 2514 3676 cetera
2545 3618 2796 3674 animalia
2826 3616 2894 3673 de
2917 3627 3060 3673 terra
3086 3615 3422 3686 producitur,
3449 3630 3512 3669 ac
3534 3627 3657 3689 mox

2085 3711 2153 3766 ad
2178 3710 2468 3781 imaginem
2497 3708 2593 3764 Dei
2628 3709 2745 3765 ﬁeri
2774 3707 3124 3779 perhibetur;
3169 3704 3313 3776 quod
3352 3704 3546 3760 merito
3573 3715 3660 3757 me

2085 3788 2281 3855 movet.
2314 3798 2373 3855 Si
2398 3799 2541 3854 enim
2568 3812 2729 3853 omne
2756 3795 2884 3851 illud
2913 3810 3097 3866 genus,
3139 3793 3282 3864 quod
3317 3793 3513 3849 dicitur
3539 3790 3654 3845 auio

2085 3901 2214 3968 mal,
2242 3916 2361 3957 cum
2392 3901 2643 3956 omnibus
2671 3900 2784 3955 suis
2809 3899 2999 3954 formis
3030 3897 3096 3952 ad
3125 3896 3417 3966 imaginem.
3433 3900 3479 3946 et
3515 3891 3635 3945 simi
3646 3921 3659 3931 -

2084 3998 2357 4055 litudinem
2401 3999 2502 4054 Dei
2547 3998 2720 4063 ﬁeret,
2760 4013 2866 4052 non
2910 3995 3253 4065 perturbaret
3292 4006 3378 4047 me
3415 3989 3661 4045 fortassis

2085 4092 2226 4162 quod
2254 4091 2435 4155 doces,
2473 4090 2746 4145 hominem
2788 4086 3005 4156 quidem
3037 4093 3090 4140 et
3120 4086 3185 4139 de
3215 4091 3358 4137 terra
3401 4081 3545 4134 inter
3571 4094 3658 4132 ce-

2084 4187 2202 4236 tera
2231 4177 2485 4233 animalia
2512 4174 2754 4247 produci,
2793 4182 2848 4229 et
2882 4172 3221 4243 postmodum
3268 4169 3335 4223 ad
3370 4165 3659 4234 imaginem

2083 4276 2141 4324 et
2167 4265 2573 4323 similitudinem
2616 4262 2708 4318 Dei
2755 4260 3033 4317 fabricari.
3076 4259 3195 4314 Jam
3243 4271 3372 4312 vero
3406 4252 3663 4325 quoniam

2084 4346 2255 4413 solum
2277 4354 2568 4419 hominem,
2589 4363 2644 4408 et
2662 4350 2862 4407 nullum
2885 4347 3026 4403 aliud
3049 4345 3249 4402 animal
3268 4351 3481 4415 praeter
3494 4341 3667 4396 homi-

2017 4458 2068 4518 D
2092 4472 2235 4523 nem,
2251 4456 2318 4512 ad
2338 4454 2622 4526 imaginem
2644 4451 2739 4506 Dei
2760 4448 2932 4506 creari
2957 4448 3138 4503 divina
3156 4443 3399 4516 perhibet
3414 4440 3662 4506 historia,

2093 4548 2248 4603 valde
2275 4548 2461 4611 miror,
2510 4541 2777 4614 quomodo
2823 4540 2961 4596 inter
3001 4537 3246 4609 jumenta
3274 4543 3329 4591 et
3356 4532 3566 4603 reptilia
3609 4540 3667 4587 et

2090 4636 2292 4691 bestias
2315 4644 2491 4689 terrae
2514 4633 2675 4687 homo
2704 4645 2733 4685 a
2759 4628 2803 4662 ¹⁶
2833 4636 2975 4683 terra
3001 4626 3331 4698 producitur,
3361 4631 3416 4677 et
3445 4620 3515 4675 ad
3535 4621 3667 4675 ima-

2093 4735 2268 4805 ginem
2294 4732 2419 4797 -Dei,
2466 4731 2623 4801 longe
2669 4737 2726 4783 et
2772 4723 3264 4794 incomparabiliter
3301 4719 3442 4774 ultra
3484 4726 3664 4772 cetera

2092 4824 2336 4878 universa
2389 4818 2681 4885 animalia,
2728 4816 2874 4872 solus
2923 4813 3208 4878 formatur,
3257 4809 3469 4865 dicente
3515 4806 3663 4861 Scri-

2091 4919 2247 4982 ptura
2271 4927 2288 4965 :
2314 4907 2601 4979 Faciamus
2632 4906 2892 4960 hominem
2919 4902 2987 4957 ad
3012 4901 3292 4971 imaginem
3328 4905 3377 4951 et
3417 4893 3666 4969 similitu-

2090 5013 2265 5067 dinem
2307 5020 2537 5067 nostram
2564 5048 2579 5076 ,
2608 5016 2665 5063 et
2713 5006 2854 5077 quod
2900 5012 2984 5058 est
3028 4999 3362 5063 mirabilius,
3395 4992 3665 5065 quomodo

2092 5120 2124 5159 a
2147 5104 2190 5139 ⁸⁸
2221 5112 2364 5159 terra
2397 5099 2710 5171 producitur
2744 5098 2883 5151 inter
2906 5109 2990 5160 ea,
3021 5091 3216 5161 quibus
3248 5084 3572 5156 praefertur.
3609 5091 3667 5171 et

2093 5190 2358 5263 dominari
2400 5169 2638 5258 jubetur.
2685 5178 2973 5255 Subiunxit
3016 5179 3160 5235 enim
3207 5173 3487 5244 Scriptura
3530 5189 3546 5227 :
3596 5169 3663 5225 Et

1696 5341 1949 5403 VARlAE
1985 5337 2362 5401 LECTIONES

490 5486 507 5517 ί
538 5484 632 5541 Sic
661 5485 787 5548 CF;
836 5484 880 5539 A
929 5487 1153 5541 solertis.
1250 5488 1269 5517 ³
1296 5484 1388 5539 Sic
1428 5481 1543 5545 CF;
1587 5482 1631 5534 Α
1658 5480 1940 5549 indaginis.

2039 5478 2059 5509 ³
2099 5476 2189 5530 Sic
2240 5472 2364 5537 CF;
2395 5488 2503 5527 esse
2549 5471 2730 5524 om.A.

2825 5462 2850 5493 ⁵
2886 5462 2925 5517 Α
2958 5475 3065 5515 una
3091 5457 3392 5526 eademque.
3460 5522 3470 5526 Δ
3502 5469 3524 5502 ι
3547 5451 3665 5526 έοεο

539 5519 632 5541 una
662 5519 736 5542 ur
767 5527 787 5548 η
836 5519 880 5539 τι
929 5519 1153 5541 ουστηιο.
1297 5519 1388 5539 uno
1429 5519 1491 5539 νι
1529 5522 1543 5545 ,
1587 5519 1631 5534 η
1660 5519 1940 5549 -σ-κ-υυηυ-
2100 5519 2189 5530 νιν
2244 5519 2306 5530 ν·
2349 5519 2364 5537 ν
2397 5519 2499 5527 vv"
3020 5528 3030 5538 .
3215 5527 3225 5537 .
3286 5519 3297 5526 -
3545 5519 3570 5553 ρ

414 5570 527 5610 om.
555 5556 620 5609 Α.
668 5556 719 5625 γ’
751 5555 843 5625 Sic
868 5555 983 5625 CF;
1019 5557 1059 5609 A
1093 5554 1470 5625 perditaque;
1517 5549 1670 5625 '_Sic_
1700 5547 1821 5610 CF;
1857 5549 1899 5601 Α
1936 5556 2156 5625 nqlurge
2190 5543 2416 5625 ξρεςὶθεκ
2476 5541 2499 5572 ⁸
2528 5543 3156 5625 Ἇαξςιίαςρζφξιξιζιλίτίςὲ
3178 5542 3253 5581 eis
3276 5522 3577 5625 Ruﬁnam.
3615 5529 3658 5625 AA

555 5596 629 5656 ul;
659 5596 983 5690 είόὸῖτῖϊ
1001 5596 1059 5678 iii
1847 5596 2502 5690 iam-facilejbspluerim;
2532 5608 2570 5661 F
2598 5621 2698 5659 non
2732 5596 2883 5669 facile
2909 5596 3178 5652 solverem.

3276 5591 3580 5658 “Simili”;
3625 5598 3670 5650 Δ

414 5691 639 5748 videtur.
716 5694 760 5726 ¹³
792 5681 1024 5758 εἰς’(ῖῑῗς
1055 5693 1103 5750 Δ,
1132 5695 1307 5763 igitur.
1385 5692 1425 5723 "'
1456 5689 1545 5744 Sic
1569 5681 1681 5752 CF;
1714 5686 1754 5740 Α
1787 5702 1831 5740 e.
1911 5684 1954 5715 "
1985 5684 2073 5738 Sic
2094 5681 2210 5749 CF;
2240 5681 2279 5735 Α
2311 5697 2355 5733 e.
