4212 6272
531 337 631 391 751

1876 332 2156 388 JOANNIS
2195 333 2388 389 SCOTI

3691 338 3807 394 ’161

525 444 724 516 praesit
753 447 978 516 piscibus
1005 448 1187 511 maris,
1221 457 1266 501 et
1297 447 1594 502 volatilibus
1621 447 1786 509 caeli,
1809 456 1855 500 et
1901 447 2110 508 bestiis,
2143 450 2187 508 Λ
2221 445 2270 498 in
2303 446 2477 515 aliqua
2517 448 2738 500 materia
2785 462 2850 503 ex
2877 448 3226 518 qualitatibus
3267 456 3525 520 quattuor
3573 448 3808 506 elemen-

531 538 902 607 uniuersaeque
923 546 1217 601 creaturae,
1241 538 1700 607 omnique‘reptili,
1725 536 1864 606 quod
1886 549 2117 590 moretur

531 625 587 676 iu
637 636 798 678 terra.
849 625 988 678 MAG.
1047 625 1157 680 Nec
1205 627 1500 692 immerito,
1542 642 1642 680 nec
1672 626 2118 682 irrationabiliter

532 716 788 770 moveris.
842 715 985 770 llaec
1017 719 1160 770 enim
1199 719 1510 772 cautissima
1551 726 1609 772 et
1645 718 1996 773 solertissima
2038 718 2118 771 in—

530 804 826 873 quisitione
858 806 1016 874 digna
1046 817 1191 859 sunt.
1225 807 1286 860 Et
1329 807 1561 874 primum
1593 808 1835 875 quidem,
1867 819 1925 861 ut.
1956 808 2117 861 intel-

531 894 692 962 ligas,
742 903 947 947 remota
999 895 1162 948 totius
1210 895 1578 964 ambiguitatis
1606 896 1856 966 caligine,
1891 898 2032 965 quod
2065 898 2118 950 in

533 985 826 1056 universali
860 986 1175 1039 animalium
1204 1001 1403 1056 genere
1433 987 1595 1041 homo
1623 988 1873 1042 conditus
1897 990 1986 1053 sit,
2019 989 2120 1043 hoc

531 1075 830 1129 maximum
863 1076 1078 1145 suscipe
1111 1085 1490 1146 argumentum
1513 1117 1528 1142 ,
1571 1077 1894 1145 tripertitam
1933 1078 2122 1138 videli-

531 1174 620 1220 cet
650 1166 811 1236 hujus
837 1168 1051 1238 generis
1079 1167 1397 1243 divisionem
1446 1167 1497 1220 in
1540 1167 1785 1237 iumenta
1823 1176 1879 1221 et
1906 1167 2118 1236 rcptilia

535 1257 866 1327 bestiasque.
897 1258 1048 1324 Quae
1079 1258 1273 1314 divisio
1320 1273 1425 1312 non
1459 1259 1576 1315 sine
1621 1272 1785 1312 causa
1830 1258 1968 1313 facta
2012 1266 2117 1323 est,

535 1355 596 1400 ut
627 1349 874 1402 aestimo.
924 1349 1058 1404 Nam
1109 1350 1161 1403 in
1202 1349 1324 1405 aliis
1362 1349 1573 1412 diebus,
1603 1349 1654 1403 id
1684 1356 1768 1403 est
1793 1348 1848 1403 in
1882 1350 2038 1403 tertia
2066 1357 2120 1404 et

537 1439 748 1508 quinta,
771 1441 823 1493 in
847 1441 1042 1508 quibus
1070 1456 1267 1511 genera
1295 1449 1350 1497 et
1376 1441 1584 1509 species
1603 1449 2117 1506 commemorantur,

536 1527 683 1581 nulla
733 1529 926 1582 divisio
971 1531 1184 1598 generis
1235 1531 1289 1583 in
1335 1531 1544 1599 species
1590 1530 1980 1595 introducitur,
2026 1529 2122 1584 sed

536 1618 858 1689 simpliciter
908 1629 1002 1673 aut
1054 1619 1226 1675 solum
1280 1635 1450 1688 genus
1520 1629 1574 1673 et
1621 1620 1946 1690 indiscretae
2001 1634 2122 1689 spe.-

538 1708 670 1768 cies,
704 1717 760 1760 ut
789 1709 840 1760 in
875 1709 1051 1772 tertia,
1087 1724 1192 1778 qua
1225 1708 1515 1763 herbarmn
1548 1709 1997 1779 surculorumque
2023 1723 2117 1779 ge—

536 1813 669 1852 nera
696 1799 1014 1866 speciesque
1039 1799 1106 1854 de
1135 1807 1277 1854 terra
1320 1800 1450 1854 oriri
1490 1797 1774 1866 jubentur,
1814 1809 1907 1854 aut
1950 1800 2122 1854 solum

536 1900 708 1955 genus
740 1897 795 1940 et
824 1888 1169 1958 unaspccies
1196 1889 1390 1958 ipsius,
1444 1899 1504 1944 ut
1550 1891 1602 1944 in
1645 1891 1856 1959 quinta,
1897 1891 2124 1959 piscium

537 1977 754 2046 quidem
787 1993 955 2047 genus
986 1980 1194 2050 reptile,
1241 1982 1421 2035 avium
1466 1998 1595 2037 vero
1643 1983 1850 2037 volatile
1891 1997 2123 2048 vocans,

538 2083 716 2138 neque
758 2070 860 2125 hoc
905 2087 1079 2140 neque
1122 2072 1249 2126 illud
1280 2073 1332 2126 in
1363 2074 1571 2141 species
1599 2074 1862 2128 dividens.
1895 2073 2030 2127 Nam
2071 2075 2122 2126 in

538 2173 606 2212 eo
633 2161 774 2227 quod
806 2160 941 2214 dixit
969 2177 982 2213 :
1018 2153 1324 2231 Crearitque
1364 2162 1506 2215 Deus
1538 2171 1646 2216 cete
1677 2163 1921 2232 grandia,
1955 2163 2126 2232 magis

539 2248 817 2316 speciem'
873 2265 970 2318 pro
1003 2265 1202 2320 genere
1242 2251 1650 2319 intelligendum
1695 2253 1820 2305 est’
1858 2252 2124 2322 posuisse,

538 2355 703 2410 quam
731 2357 899 2411 gemts
927 2343 978 2395 in
1009 2344 1242 2412 speciem
1273 2343 1537 2400 divisisse.
1569 2341 1848 2410 Quomodo
1875 2343 2019 2396 enim
2049 2344 2128 2397 (li-

538 2430 680 2483 x'isio
725 2431 946 2500 generis,
985 2432 1037 2508 in
1090 2447 1250 2485 unam
1298 2435 1532 2500 speciem
1583 2442 1766 2502 posset
1813 2432 1951 2496 ﬁeri,
2000 2432 2126 2486 dum

533 2523 719 2576 munis
761 2524 962 2591 divisio
998 2540 1102 2578 non
1152 2528 1330 2581 minus
1383 2542 1546 2596 quam
1610 2528 1662 2581 in
1716 2528 1924 2584 duolms
1982 2527 2128 2581 inve-

539 2613 728 2666 nitur?
766 2613 930 2667 Sexta
984 2625 1163 2670 autem
1209 2617 1295 2672 die
1331 2633 1437 2677 non
1477 2619 1650 2673 solum
1689 2619 1906 2688 generis
1942 2619 2128 2673 condi-

541 2703 657 2768 tio,
702 2718 887 2764 verum
940 2707 1101 2768 etiam
1158 2707 1294 2760 trina
1351 2709 1544 2763 divisio
1605 2709 1770 2777 ipsius
1818 2709 1870 2762 in
1923 2709 2128 2777 species

539 2801 815 2847 narratur.
876 2793 1063 2859 Dixit,
1120 2795 1335 2863 inquit,
1400 2796 1541 2852 Deus
1585 2814 1603 2851 :
1662 2795 1928 2850 Producat
1987 2807 2128 2850 terra

540 2885 773 2936 animum
814 2885 1059 2948 uiuentem
1101 2887 1156 2940 in
1191 2903 1374 2956 genere
1417 2904 1536 2953 suo,
1575 2889 1839 2958 jumenta,
1881 2899 1928 2941 et
1974 2887 2132 2957 repti-

541 2971 637 3036 lia,
686 2984 732 3026 et
782 2974 971 3027 bestias
1011 2987 1204 3040 terrae,
1243 2979 1528 3031 secundum
1565 2979 1757 3052 species
1821 2993 1966 3032 suas.
2032 2976 2127 3032 Vel

541 3064 838 3116 secundum
892 3067 1229 3135 septuaginta
1291 3067 1613 3136 interpretes
1660 3086 1674 3124 :
1734 3068 1879 3122 Dixit
1936 3068 2126 3122 Deus:

541 3153 751 3209 Educat
792 3165 930 3223 terra
969 3159 1200 3212 animam
1240 3159 1406 3212 vivam
1444 3161 1728 3216 secundum
1767 3178 1961 3231 genus,
2000 3177 2130 3231 qua-

542 3245 798 3314 drupedia
821 3286 835 3310 ,
875 3256 924 3302 et
965 3249 1201 3314 reptiiia,
1241 3259 1290 3302 et
1328 3251 1516 3306 bestias
1555 3253 1838 3304 secundum
1877 3268 2057 3320 genus,
2082 3261 2130 3304 et

543 3335 740 3404 factum
777 3347 852 3392 est
890 3339 983 3392 sic.
1026 3340 1169 3397 Haec
1208 3341 1427 3409 itaque,
1484 3350 1542 3394 ttt
1596 3343 1868 3405 arbitror,
1930 3343 2127 3408 triper-

543 3427 667 3479 titio
715 3430 882 3484 totius
911 3429 1052 3485 vitae
1083 3440 1299 3486 terreno
1324 3431 1344 3462 ³
1373 3433 1586 3500 corpori
1612 3431 1978 3494 adhaerentis,
2007 3433 2128 3485 ani-

543 3514 759 3583 malque
789 3532 885 3588 per
907 3519 1150 3586 copulam
1182 3519 1246 3571 ad
1281 3533 1476 3588 corpus
1515 3519 1823 3582 efﬁcientis,
1856 3528 1939 3573 est
1985 3520 2129 3574 enim

543 3607 744 3661 animal
775 3612 1018 3680 corporis
1059 3623 1117 3668 et
1160 3613 1372 3668 animae
1398 3629 1519 3667 cmn
1569 3629 1727 3668 sensu
1770 3617 1792 3645 ⁸
1841 3616 2126 3683 connexio,

543 3696 811 3767 triplicem
842 3709 1045 3756 motum
1088 3703 1348 3757 insinuat.
1393 3704 1458 3758 Et
1488 3703 1701 3774 quidem
1733 3705 2004 3760 ternarius
2041 3706 2130 3761 ille

543 3795 723 3842 motus
759 3789 811 3843 in
843 3790 1061 3846 homine
1107 3793 1242 3858 solo,
1287 3795 1378 3862 qni
1411 3794 1558 3850 solus
1607 3804 1692 3850 est
1742 3795 1763 3827 ⁸
1808 3796 2149 3852 rationabile-

545 3881 762 3942 animal.
819 3883 1156 3956 intelligitur,
1208 3888 1470 3956 quosdam
1521 3888 1737 3958 quidem
1789 3897 1969 3950 motus
1999 3905 2127 3946 suos

542 3971 737 4026 rationi
763 3973 1006 4028 subditos
1030 3977 1253 4040 habens,
1279 3979 1368 4046 qui
1389 3977 1754 4046 jumentorum
1778 3995 1869 4035 seu
1894 3981 2130 4052 quadrug

540 4062 734 4131 pedum
774 4065 1035 4119 vocabulo
1079 4066 1372 4136 significari
1423 4067 1693 4122 videntur.
1750 4068 1906 4122 Verbi
1933 4068 2126 4138 gratia,

540 4163 726 4209 movet
752 4155 1250 4228 quinquepcrtitum
1283 4157 1526 4225 corporis
1559 4173 1776 4212 sensum
1825 4159 2128 4226 disciplna-

540 4245 665 4300 liter
695 4246 747 4300 in
776 4249 1135 4318 cognitionem
1164 4249 1501 4305 sensibilium
1531 4266 1711 4305 rerum
1736 4251 1918 4309 solerti
1941 4267 2126 4305 earum

539 4335 926 4407 intelligentiae
952 4339 1152 4398 studio.
1182 4339 1281 4406 Qui
1316 4349 1492 4393 motus
1535 4355 1638 4392 non
1683 4340 2128 4395 irrationabiliter

2227 546 2401 590 tormn
2430 535 2570 594 facta
2600 539 2640 601 °,
2673 537 2967 592 constituta
2999 547 3101 592 est.
3155 536 3212 592 Si
3239 552 3430 614 sonum
3463 554 3556 592 seu
3583 539 3808 595 odorem

2217 624 2478 688 senseris,
2499 640 2566 678 ex
2594 626 2718 680 aére
2742 636 2997 695 quattuor
3009 627 3290 683 elementis
3315 629 3643 696 composito,
3661 629 3810 684 simi-

2219 711 2362 777 liter,
2386 713 2430 767 si
2452 722 2666 783 gustum
2693 729 2788 769 seu
2816 725 3040 781 tactum,
3063 731 3127 770 ex
3151 713 3618 785 compactionibus
3638 732 3812 786 aquae
3875 766 3882 772 .

2219 811 2500 872 terraeque
2519 805 2774 858 accidere
2800 820 2906 859 non
2938 805 3227 860 dubitabis.
3262 805 3376 859 Non
3409 805 3682 860 immerito
3711 808 3812 876 igi-

2220 901 2309 946 tur
2333 909 2627 962 corporeus
2659 909 2850 950 sensus
2864 895 3228 964 quadrupedis
3245 895 3290 927 ¹⁹
3312 895 3631 950 vocabulum
3651 911 3810 952 ame-

2219 981 2320 1050 pit,
2357 984 2610 1050 quoniam
2642 999 2823 1047 onme,
2863 984 3006 1052 quod
3054 984 3257 1048 sentit,
3306 999 3412 1038 non
3461 985 3674 1038 aliunde
3702 986 3808 1040 nisi

2219 1085 2284 1126 ex
2315 1083 2570 1140 quattuor
2597 1075 2880 1130 elementis
2898 1076 3160 1145 originem
3180 1077 3349 1138 ducit.
3390 1077 3658 1144 Quosdam
3675 1093 3810 1134 vero

2218 1177 2283 1216 ex
2343 1164 2584 1216 inferiori
2639 1174 2828 1218 natura
2873 1174 3117 1235 sumptos
3170 1174 3316 1220 recte
3351 1167 3556 1220 dixeris
3589 1167 3630 1198 ¹¹
3671 1168 3808 1222 irra-

2219 1254 2522 1318 tionabiles,
2550 1255 2651 1308 hoc
2681 1264 2764 1309 est
2782 1255 2978 1309 rationi
3006 1256 3337 1317 resistentes,
3371 1268 3426 1308 ut
3455 1265 3537 1310 est
3562 1256 3732 1321 furor,
3755 1267 3808 1312 et

2218 1343 2508 1414 cupiditas,
2540 1344 2941 1413 inordinatique
2967 1346 3330 1414 corporalium
3364 1362 3621 1400 sensuum
3652 1361 3810 1417 appe-

2221 1437 2370 1496 titus,
2401 1435 2450 1487 in
2480 1435 2793 1490 abusionem
2817 1437 3105 1491 attributos
3148 1437 3190 1469 "
3229 1438 3575 1492 sensibilibus
3604 1446 3812 1492 creatu-

2222 1526 2316 1579 ris.
2345 1525 2408 1578 Et
2430 1525 2683 1593 quoniam
2700 1526 2752 1578 hi
2781 1525 2826 1558 ι’
2846 1535 3023 1591 motus
3038 1541 3103 1579 ex
3123 1525 3585 1580 irrationabilibus
3609 1526 3811 1580 anima-

2222 1614 2362 1668 libus
2387 1615 2656 1669 humanae
2683 1625 2906 1670 naturae
2942 1617 3129 1670 inserti
3171 1625 3327 1680 sunt,
3374 1632 3482 1670 non
3520 1618 3811 1687 incongrue

2222 1704 2518 1760 bestiarum
2544 1707 2900 1775 appellatione
2922 1707 3317 1776 signiﬁcantur,
3340 1709 3659 1790 praesertim
3687 1724 3808 1764 cum

2155 1780 2200 1840 Β
2229 1809 2440 1864 semper
2469 1796 2514 1835 ιδ
2535 1797 2942 1850 rationabilibus
2975 1797 3272 1868 disciplinis
3306 1797 3562 1852 reluctari
3592 1783 3698 1851 non
3724 1799 3813 1852 de-

2227 1887 2442 1951 sinant,
2480 1894 2534 1940 et
2576 1896 2669 1941 aut
2708 1887 2796 1941 vix
2825 1895 2920 1940 aut
2947 1902 3221 1956 nunquam
3255 1887 3465 1942 domari
3494 1886 3565 1942 ab
3589 1888 3669 1942 eis
3693 1902 3813 1957 pos-

2229 1977 2366 2041 sint,
2398 1985 2685 2045 motusque
2723 1976 3073 2032 rationabiles
3117 1975 3284 2031 feroci
3316 1977 3514 2047 impetu
3554 1977 3814 2036 dilaniare

2219 2081 2444 2135 semper
2466 2073 2738 2136 appetant.
2773 2065 2911 2119 Sunt
2939 2073 3216 2134 praeterea
3247 2067 3298 2119 in
3330 2065 3546 2119 animali
3576 2066 3815 2122 rationa-

2227 2159 2317 2214 bili
2349 2158 2542 2213 occulti
2575 2159 2792 2227 quidam
2821 2167 3032 2222 motus,
3067 2158 3266 2226 quibus
3319 2156 3550 2210 maxime
3614 2170 3812 2226 corpus

2228 2248 2326 2303 sibi
2355 2248 2699 2316 coniunctum
2723 2247 3085 2311 administrat,
3119 2255 3173 2301 et
3215 2255 3336 2300 sunt
3375 2247 3424 2300 in
3449 2246 3660 2300 auctiva
3687 2245 3733 2278 "
3755 2253 3814 2300 et

2227 2340 2482 2394 Itttritiva
2513 2348 2665 2407 parte
2685 2338 2898 2392 animae
2923 2337 3202 2392 constituti
3221 2337 3282 2389 ⁸⁸.
3312 2337 3412 2403 Qui
3436 2337 3692 2406 quoniam
3720 2353 3816 2391 na-

2229 2430 2386 2484 turali
2418 2430 2676 2484 facilitate
2720 2445 2817 2484 sua
2848 2437 3114 2498 peragunt
3137 2427 3310 2483 oilicia
3333 2469 3348 2493 ,
3383 2436 3438 2483 et
3466 2429 3618 2496 quasi
3650 2428 3816 2483 laten-

2231 2529 2334 2584 ter,
2365 2521 2490 2588 quia
2530 2521 2744 2573 animae
2780 2519 3137 2574 intentionem
3171 2519 3318 2574 nullo
3345 2519 3506 2574 modo
3529 2520 3818 2574 sollicitant

2230 2618 2392 2678 atque
2421 2609 2772 2679 perturbant,
2817 2610 2862 2664 si
2901 2619 3080 2666 tamen
3110 2611 3394 2680 integritas
3417 2620 3641 2666 naturae
3670 2612 3813 2666 inco-

2229 2699 2393 2754 lumis
2419 2700 2695 2764 extiterit,
2744 2700 2921 2754 silenti
2973 2700 3206 2769 quodam
3253 2709 3430 2756 meatu
3477 2700 3811 2772 corporalem

2229 2791 2572 2845 harmoniam
2628 2800 3012 2859 penetrantes,
3073 2791 3342 2860 reptilium
3395 2791 3807 2860 appellationem

2230 2897 2338 2936 non
2371 2883 2818 2938 irrationabiliter
2843 2898 3111 2938 meruere.
3152 2882 3361 2940 Ceteris
3396 2899 3526 2940 vero
3557 2883 3808 2938 animab-

2228 2970 2348 3039 bus,
2393 2983 2610 3044 praeter
2636 2974 2807 3028 solum
2853 2975 3150 3040 hominem,
3199 2989 3267 3029 ex
3312 2974 3486 3030 tribus
3523 2975 3813 3045 praedictis

2231 3065 2465 3120 motibus
2513 3066 2622 3120 duo
2661 3067 3030 3121 tantummodo
3061 3065 3108 3104 "'-
3149 3064 3355 3131 insunt,
3396 3081 3534 3121 unus
3573 3066 3810 3137 quidem,

2233 3158 2324 3228 qui
2368 3158 2422 3212 in
2467 3159 2716 3214 sensibus
2742 3161 2784 3190 “'
2807 3168 2892 3214 est
2914 3159 3131 3230 proprie
3158 3161 3385 3216 rationis
3428 3162 3686 3232 regimine
3731 3175 3814 3216 ca-

2232 3262 2378 3309 rens,-
2411 3262 2474 3302 ac
2498 3262 2594 3317 per
2624 3249 2668 3280 "
2698 3249 2800 3304 hoc
2829 3251 3092 3315 bestialis,
3124 3252 3262 3306 alter
3291 3253 3382 3320 qui
3413 3253 3704 3306 nutritivae
3734 3253 3810 3306 vi-

2233 3347 2319 3392 tae
2339 3341 2648 3408 deputatur,
2675 3342 2849 3409 reptili
2882 3342 3100 3405 similis;
3126 3358 3260 3411 quos
3281 3344 3440 3397 homo
3469 3359 3590 3396 cum
3619 3343 3812 3398 ceteris

2231 3430 2553 3484 animalibus
2588 3432 2908 3501 participat,
2953 3442 3008 3488 et
3050 3435 3322 3503 reciproce
3351 3443 3530 3488 cetera
3559 3433 3809 3489 animalia

2230 3533 2352 3572 cum
2411 3520 2525 3588 ipso
2568 3523 2910 3592 participant.
2967 3523 3201 3578 Videsne
3250 3526 3414 3594 igitur
3449 3525 3717 3580 hominem
3757 3524 3809 3578 in

2229 3609 2478 3663 omnibus
2509 3611 2850 3676 animalibus,
2875 3623 2929 3667 ct
2957 3615 3136 3668 omnia
3163 3616 3215 3668 in
3248 3617 3488 3680 homine,
3504 3625 3556 3670 et
3583 3631 3744 3684 super
3763 3600 3809 3648 ε’

2229 3701 2411 3764 omnia
2446 3701 2754 3757 hominem?
2777 3704 2846 3757 Et
2873 3705 2916 3758 si
2950 3706 3070 3773 quis
3111 3705 3370 3760 intentius
3401 3715 3622 3761 naturae
3642 3705 3811 3776 ipsius

2231 3792 2530 3847 mirabilem
2577 3808 2641 3848 ac
2685 3796 2897 3865 penitus
2950 3796 3270 3852 ineffabilem
3320 3799 3680 3854 conditionem
3727 3799 3812 3853 in-

2230 3881 2496 3948 spexerit,
2527 3881 2672 3937 clare
2717 3883 2974 3949 inveniet,
3006 3885 3234 3938 eundem
3286 3886 3558 3940 hominem
3599 3894 3652 3940 et
3704 3883 3811 3957 for-

2231 3985 2372 4023 mam
2403 3972 2673 4039 quandam
2705 3971 2747 4004 "
2781 3971 2834 4025 in
2877 3987 3074 4042 genere
3114 3975 3425 4027 animalium
3469 3989 3612 4029 esse.
3644 3982 3808 4027 etsu-

2230 4077 2325 4130 per
2350 4063 2396 4098 ι’
2419 4078 2632 4117 omnem
2664 4061 2892 4117 formam
2925 4063 3211 4118 animalem
3257 4064 3576 4127 subsistere,
3624 4077 3688 4118 ac
3716 4075 3812 4130 per

2230 4156 2332 4208 hoc
2377 4163 2433 4208 et
2477 4152 2883 4209 allirmationcm
2913 4163 2966 4209 et
2994 4156 3337 4223 negationem
3370 4154 3631 4225 recipere,
3661 4162 3713 4209 et
3743 4153 3811 4207 de

2229 4261 2295 4300 eo
2316 4245 2614 4314 praedicari
2654 4254 2801 4300 recte
2823 4259 3020 4314 posse:
3057 4244 3228 4315 Ποιηο
3251 4245 3452 4300 animal
3487 4249 3597 4311 est;
3647 4246 3813 4300 homo

2231 4335 2430 4390 animal
2458 4350 2563 4389 non
2591 4343 2692 4389 est.
2720 4336 2856 4390 Dum
2884 4336 3030 4408 enim
3055 4336 3106 4390 in
3138 4337 3254 4406 ipso
3279 4353 3476 4408 corpus
3497 4345 3553 4393 et
3573 4337 3680 4391 vita
3714 4351 3810 4392 nu-

530 4427 836 4496 jumentum
887 4429 1114 4493 dicitur;
1169 4444 1273 4484 non
1321 4431 1470 4484 enim
1525 4445 1746 4498 parvum
1799 4428 2124 4496 adjutorium
2155 4453 2208 4515 D
2235 4427 2437 4492 tritiva,
2461 4437 2516 4482 et
2538 4442 2746 4490 sensus,
2772 4436 2828 4482 et
2857 4429 3115 4483 memoria
3139 4419 3494 4494 sensibilium,
3527 4427 3811 4496 omnisque

532 4517 842 4571 rationabili
876 4519 1088 4571 animae
1115 4528 1353 4587 praestat
1382 4519 1447 4572 ad
1495 4518 2001 4587 contemplationem
2035 4535 2124 4572 ve-

534 4604 714 4657 ritatis
741 4605 1075 4658 sensibilium
1103 4609 1365 4670 omnium,
1409 4618 1598 4664 cuncta
1632 4608 1864 4679 falsitate
1893 4619 2122 4673 remota,

533 4706 660 4744 vera
685 4691 1004 4759 sinceraque
1017 4694 1226 4746 notitia.
1250 4696 1340 4748 Est
1362 4697 1522 4748 etiam
1540 4699 1690 4764 quasi
1715 4699 1932 4766 quidam
1949 4699 1970 4730 ⁸
1989 4715 2122 4769 qua-

532 4779 732 4848 drupes
761 4788 938 4834 motus
979 4796 1231 4834 sensuum
1260 4783 1504 4838 subditus
1541 4787 1734 4838 rationi
1772 4788 1812 4836 ".
1843 4787 2116 4856 Siquidem

531 4886 712 4933 omne,
744 4871 884 4941 quod
916 4885 1012 4940 per
1039 4888 1257 4928 sensum
1285 4876 1659 4941 cognoscimus
1688 4877 1738 4928 in
1769 4887 1959 4930 natura
1995 4893 2118 4932 seu-

533 4960 767 5016 sibilium
805 4976 1008 5021 rerum,
1040 4964 1140 5016 hoc
1162 4977 1225 5017 ex
1251 4972 1505 5033 quattuor
1535 4965 1816 5020 elementis
1843 4975 1927 5021 est
1966 4983 2117 5022 com-

531 5051 833 5120 positum“,
863 5053 1037 5108 autin
1089 5055 1204 5123 ipso
1255 5055 1558 5124 composito
1605 5057 1978 5112 constitutum.
2008 5059 2120 5129 Age

531 5139 708 5210 enim,
740 5141 786 5198 si
822 5157 1138 5214 corpoream
1167 5145 1400 5216 speciem
1433 5148 1729 5215 aspexeris,
1766 5149 1880 5220 ipsa
1912 5149 2120 5220 species

2233 4518 2621 4572 irrationabilis
2665 4519 2970 4589 appetitus,
2999 4527 3060 4573 ut
3101 4528 3185 4573 est
3229 4518 3383 4573 furor
3422 4527 3478 4573 et
3520 4519 3806 4588 cupiditas,

2231 4608 2668 4678 considerantur,
2688 4610 2908 4663 omnino
2939 4609 3138 4662 animal
3160 4616 3273 4673 est;
3308 4609 3441 4662 haec
3463 4607 3602 4662 enim
3622 4605 3804 4659 omnia

2231 4699 2534 4754 communia
2567 4708 2691 4752 sunt
2738 4699 2811 4753 illi
2845 4715 2967 4753 cum
2997 4700 3193 4754 ceteris
3222 4698 3538 4753 animalibus
3574 4714 3586 4748 :
3621 4694 3804 4749 altiori

2231 4806 2358 4844 vero
2383 4792 2463 4845 sui
2493 4801 2665 4862 parte,
2697 4807 2800 4860 qua
2829 4793 2874 4823 ”
2901 4793 3110 4846 ratione
3133 4793 3393 4856 consistit,
3427 4799 3478 4845 et
3506 4789 3804 4856 intellectu,

2229 4891 2282 4937 et
2318 4882 2558 4937 interiori
2590 4899 2746 4939 sensu
2767 4925 2780 4948 ,
2811 4899 2934 4939 cum
2970 4886 3220 4939 omnibus
3245 4884 3355 4938 suis
3395 4881 3806 4938 rationabilibus

2223 4973 2481 5039 motibus,
2503 4989 2638 5045 quos
2660 4974 2707 5006 "‘
2733 4975 2962 5029 virtutes
2988 4974 3276 5045 appellant,
3303 4986 3533 5042 cumque
3559 4981 3806 5025 aeterna-

2226 5079 2343 5116 rum
2372 5064 2782 5132 divinarumque
2812 5077 2993 5117 rerum
3025 5062 3308 5128 memoria,
3353 5061 3576 5115 omnino
3606 5060 3804 5114 animal

2226 5167 2329 5206 non
2371 5162 2474 5207 est.
2520 5152 2798 5222 Siquidem
2846 5159 3038 5206 cuncta
3070 5153 3204 5204 haec
3229 5151 3418 5206 eadem
3449 5159 3572 5205 sunt
3599 5149 3799 5207 homini

1814 5281 2068 5337 VABIAE
2110 5280 2506 5337 LECTlO-NES.

605 5389 623 5421 ¹
669 5389 760 5444 Sic
821 5388 938 5458 CF;
973 5389 1015 5444 A
1070 5393 1283 5460 species.
1382 5390 1623 5454 ’SicA;
1674 5403 1746 5446 est
1798 5409 1906 5444 om.
1966 5392 2082 5450 CF.
2140 5392 2232 5446 sed
2289 5408 2448 5516 su‘pra
2498 5393 2676 5447 adscr.
2729 5392 2791 5447 F.

605 5457 690 5512 Sic
730 5459 846 5516 CF;
883 5478 998 5515 cum
1029 5478 1184 5516 sensu
1230 5478 1340 5516 om.
1366 5462 1432 5516 A.
1559 5463 1580 5494 ⁸
1608 5465 1698 5516 Sic
1727 5462 1841 5516 CF:
1875 5474 1947 5514 est
1979 5477 2084 5513 οιη.
2118 5460 2184 5514 Α.
2291 5463 2312 5492 ⁸
2411 5462 2696 5516 quoddam.

591 5460 690 5536 “sic
707 5460 998 5536 AQFiCum
1029 5478 1184 5516 sensu
1229 5478 1340 5536 pm.
1366 5462 1432 5518 A.
1559 5463 1580 5494 ⁸
1608 5465 1698 5516 Sic
1727 5462 1947 5536 CF;-cst
1979 5477 2084 5536 orn.
2118 5460 2184 5514 Α.

532 5529 552 5554 ε
585 5529 676 5581 {sic
701 5525 810 5592 CF;
843 5530 888 5581 A
917 5546 1096 5585 rerum
1127 5541 1201 5585 est
1229 5531 1331 5586 hoc
1359 5541 1431 5584 est
1475 5547 1540 5587 ex
1572 5541 1798 5601 quatuor
1823 5531 2086 5584 etententis
2130 5525 2488 5599 compositum.

532 5598 946 5654 quadrupedum.
1024 5601 1066 5632 ¹¹
1105 5611 1238 5654 recte
1276 5601 1727 5654 di.1:erisom.CF.
1809 5601 1852 5630 "
1889 5599 2167 5652 attributas
2188 5615 2296 5653 om.
2319 5600 2423 5654 CF.

1935 5670 1974 5698 "
2008 5669 2096 5722 Sic
2125 5668 2230 5735 CF;
2265 5671 2308 5723 A
2338 5680 2558 5723 tantum.

1842 5742 1886 5771 ²²
1929 5738 1970 5792 Α
2011 5753 2188 5805 supra.

530 5461 552 5488 ⁸
597 5457 690 5512 Sic
730 5459 846 5523 CF;
883 5457 998 5515 cum
1029 5457 1184 5516 sensu
1230 5478 1340 5516 om.
1366 5462 1432 5518 A.

529 5598 946 5663 ettitdrupedum.
1024 5601 1066 5632 ¹¹
1105 5611 1238 5654 recte
1276 5601 1471 5655 dixeris
1491 5598 1602 5656 om.
1624 5601 1727 5654 CF.

528 5684 638 5729 per.
718 5665 764 5699 "
792 5667 883 5721 Sic
912 5668 1018 5730 CF;
1043 5669 1087 5722 A
1111 5671 1300 5723 activa.
1376 5670 1418 5701 ”
1454 5672 1495 5724 A
1528 5671 1856 5724 constitutae.

530 5749 658 5788 ωιτν.
734 5737 778 5768 ’⁸
817 5736 1068 5803 Asupra.
1143 5738 1184 5769 ¹¹
1239 5739 1281 5792 Λ
1328 5738 1495 5805 {arma
1521 5741 1766 5808 quadam.

2912 5392 2932 5423 ³
2973 5390 3062 5445 Sic
3119 5390 3236 5455 CF;
3301 5400 3505 5444 terreno
3564 5405 3670 5444 om.
3736 5390 3802 5443 A.

2684 5501 2696 5543 ε
2765 5464 2845 5545 ﬁ:
2859 5460 2959 5545 Sic.
2985 5460 3103 5525 CF;
3136 5460 3181 5514 A
3217 5460 3311 5545 sub
3339 5461 3802 5545 ditique‘fatio‘nis‘.

2584 5534 2605 5564 ⁹
2641 5530 2731 5585 Sic
2762 5531 2877 5598 CF;
2931 5533 3071 5599 facta
3101 5546 3208 5584 om.
3252 5529 3319 5584 Α.
3428 5530 3469 5560 ¹⁰
3510 5529 3601 5584 Sic
3626 5529 3730 5594 CF;
3761 5529 3800 5584 A

2499 5601 2541 5632 ¹²
2573 5600 2664 5654 Sic
2687 5599 2794 5655 CF:
2821 5603 2862 5655 A
2905 5600 3226 5655 huiusmodi.
3307 5601 3350 5629 “
3385 5597 3474 5653 Sic
3500 5599 3606 5655 CF;
3637 5598 3678 5653 A
3709 5615 3799 5652 su-

2635 5639 2796 5724 ῖεὲίὲ
2821 5639 3474 5736 Er?X'iiTEé'éitbiubZii
3502 5639 3803 5735 ’Ἰοίἱῷἱῦ-

2669 5741 2712 5770 "
2752 5740 2792 5794 A
2825 5758 2974 5811 quas.

2291 5463 2312 5492 ⁸
2337 5462 2380 5516 Α
2411 5462 2696 5532 quoddam.

2264 5739 2310 5770 "
2357 5740 2398 5794 Α
2440 5756 2589 5795 euae.
