4212 6272
421 353 518 433 αξξ

1232 352 1321 408 DE
1359 347 1698 406 DlV'lSlONE
1737 344 2086 411 NATURAE.
2126 376 2195 387 —
2233 344 2431 401 LIBER
2472 345 2825 414 QUARTUS.
2905 362 2907 365 ‘

3580 344 3681 402 751

411 485 537 529 cum
560 467 884 537 caelestibus
912 465 1187 531 essentiis,
1234 479 1373 534 quae
1398 477 1582 537 omne,
1612 433 1755 531 quod
1779 436 1831 515 in
1873 459 1984 515 anis
2016 463 2063 523 Α
2094 460 2358 519 diliicilior
2404 458 2671 529 quaestio,
2717 464 2979 529 quantum
3031 457 3165 513 mihi
3211 455 3253 509 '.’
3293 456 3530 522 videtur,
3563 466 3683 513 orta

411 559 638 617 malium
662 571 854 615 natura
878 555 1372 628 comprehenditur,
1394 553 1713 609 excellentia
1742 552 1994 608 substan-

416 652 526 719 tiae
563 647 1178 718 inconiprehensihiliter
1205 652 1223 685 ί
1262 652 1541 714 superant.
1593 643 1761 709 Recte
1806 642 1995 713 igitur,

414 751 475 796 ut
501 739 763 804 diximus,
792 738 860 793 de
886 734 1376 792 homine‘dicitur:
1408 730 1607 788 animal
1631 738 1747 796 est,
1795 729 1991 784 animal

417 844 525 887 non
547 837 650 884 est.
677 827 830 895 Quod
859 825 1022 881 etiam
1058 838 1125 880 ex
1150 823 1475 895 auctoritate
1508 820 1724 875 divinae
1750 818 1996 887 Scriptu-

414 934 508 974 rae
534 932 819 988 possumus
849 916 1226 982 corroborare.
1273 911 1564 982 Apostolus
1588 910 1702 964 ait:
1737 907 1995 963 Animalia

410 1008 566 1064 homo
591 1024 695 1062 non
732 1007 946 1076 percipit
988 1022 1124 1074 quae
1171 1013 1292 1059 sunt
1321 1003 1415 1077 Dei
1444 1004 1490 1068 ’,
1528 1010 1582 1057 et
1608 1002 1800 1057 iterum
1830 1018 1844 1053 :
1876 998 1998 1069 Spi-

409 1097 618 1168 ritualis
646 1097 800 1163 homo
821 1095 1033 1165 judicat
1063 1093 1265 1155 omnia,
1295 1093 1406 1162 ipse
1427 1108 1548 1146 vero
1575 1107 1608 1144 a
1634 1091 1836 1144 nemine
1856 1088 1999 1157 diju-

411 1188 642 1242 dicatur.
670 1186 905 1249 Intuere,
937 1199 1101 1254 quam
1132 1183 1300 1247 clare,
1329 1197 1492 1251 quam
1522 1189 1708 1251 aperte
1726 1179 1997 1235 hominem

413 1275 560 1330 velut
587 1277 640 1331 in
667 1276 807 1330 duos
830 1274 1080 1330 homines
1098 1273 1310 1330 dividit.
1338 1272 1579 1339 Quorum
1608 1286 1747 1326 unus
1781 1269 1998 1340 quidem

417 1365 672 1420 animalis
716 1372 819 1429 est,
862 1364 1118 1433 quoniam
1179 1371 1407 1417 naturae
1456 1361 1767 1417 animalium
1810 1358 2001 1414 similis

416 1453 691 1518 consistit,
716 1467 855 1529 quae
883 1452 1020 1508 nihil
1054 1450 1415 1522 spiritualium
1442 1451 1493 1503 in
1522 1463 1581 1503 se
1606 1448 1838 1519 recipit;
1865 1446 2003 1501 alter

416 1560 571 1605 vero
594 1545 915 1616 spiritualis,
963 1543 1222 1614 quoniam
1257 1542 1497 1598 aeternis
1541 1548 1597 1597 et
1631 1538 2004 1610 spiritualibus

415 1634 721 1703 divinisque
748 1633 1115 1697 communicat
1153 1620 1542 1695 snbsistentiis,
1574 1630 1848 1698 totiusque
1888 1628 2004 1681 ani-

413 1721 673 1787 malitatis
697 1736 892 1793 expers
911 1728 1014 1776 est.
1056 1721 1124 1783 Et
1148 1735 1212 1776 ea
1234 1720 1454 1790 quidem
1496 1734 1643 1790 pars,
1666 1733 1771 1789 qua
1802 1714 2004 1771 animal

2084 562 2197 617 est.
2230 549 2371 605 MAG.
2402 547 2553 615 Quae
2593 547 2665 602 sit
2710 546 2821 612 illa,
2854 540 2965 611 die,
3006 559 3228 614 quaeso.
3270 545 3416 612 Disc.
3451 546 3684 610 Videris,

2079 638 2157 714 [ιιι
2182 643 2396 710 opinor,
2444 639 2581 692 duas
2629 636 2839 689 animas
2888 633 2942 688 in
2989 648 3097 687 uno
3140 633 3359 695 homine
3393 634 3687 694 subsistere

2096 729 2349 787 arbitrari
2376 746 2389 783 :
2425 742 2589 782 unam
2612 726 2852 797 quidem,
2881 738 3020 794 quae
3047 738 3245 793 corpus
3274 725 3314 756 ”
3346 724 3687 780 administrat

2080 810 2153 878 et
2198 818 2439 875 viviﬁcat
2485 825 2541 874 et
2585 817 2757 872 nutrit
2806 824 2862 871 et
2892 822 3082 885 auget,
3133 824 3189 869 et
3240 827 3339 884 per
3399 828 3690 885 corporeos

2097 926 2290 967 sensus
2340 894 2618 964 sensibilis
2671 907 2859 970 sentit,
2913 919 3209 973 eorumque
3263 903 3578 973 phantasias
3635 906 3687 959 in

2086 998 2361 1061 memoria
2401 1019 2497 1061 sua
2530 1003 2800 1066 recondit,
2845 1010 2902 1056 et
2927 1009 3133 1062 cetera,
3165 1014 3305 1068 quae
3331 999 3541 1055 animas
3574 1001 3689 1057 ani-

2098 1094 2318 1160 malium
2350 1100 2657 1149 ceterorum
2691 1090 2743 1144 in
2793 1088 3113 1158 corporibus
3159 1088 3271 1142 suis
3310 1103 3565 1158 peragere
3595 1105 3690 1143 no-

2103 1168 2369 1239 tissimum
2410 1189 2516 1247 εει,
2562 1180 2791 1249 alteram
2839 1192 2969 1240 vero
3003 1179 3055 1233 in
3101 1179 3311 1234 ratione
3336 1190 3389 1235 et
3416 1180 3689 1236 intellectu

2100 1273 2484 1329 subsistentem
2534 1269 2599 1334 “,
2644 1269 2714 1323 ad
2762 1270 3042 1339 imaginem
3074 1270 3170 1333 Dei
3204 1280 3250 1327 et
3294 1270 3690 1331 similitudinem

2103 1364 2317 1432 factam.
2357 1360 2511 1428 Quod
2542 1360 2698 1415 valde
2740 1360 3034 1415 absurdum
3080 1361 3311 1417 videtur.
3357 1360 3498 1417 MAG.
3546 1362 3691 1417 Duas

2101 1452 2311 1513 animas
2333 1451 2387 1504 in
2420 1464 2529 1503 uno
2563 1449 2790 1511 homine
2817 1463 2918 1504 nec
2946 1450 3111 1513 ratio,
3145 1465 3247 1506 nec
3287 1450 3469 1505 divina
3500 1459 3691 1506 aucto-

2102 1542 2238 1605 ritas
2257 1539 2386 1595 sinit
2409 1554 2497 1594 me
2527 1538 2804 1604 arbitrari;
2840 1539 2953 1593 imo
2977 1539 3140 1593 etiam
3167 1540 3418 1610 prohibet
3438 1582 3454 1607 ,
3474 1556 3576 1597 nec
3598 1541 3691 1604 ulli

2104 1640 2251 1688 recte
2276 1628 2773 1700 philosophantium
2806 1627 2886 1683 fas
2912 1637 2996 1682 est
3020 1628 3328 1697 aestimare.
3360 1629 3534 1686 Unam
3561 1645 3693 1686 vero

2101 1725 2437 1792 eandemque
2467 1719 2844 1777 rationabilem
2877 1720 3110 1775 animam
3136 1721 3375 1777 humano
3409 1722 3623 1793 corpori
3647 1721 3693 1754 “

412 1821 518 1880 est,
547 1812 836 1868 exterioris
881 1811 1141 1877 hominis,
1180 1825 1243 1867 ea
1278 1824 1427 1874 vero,
1458 1823 1564 1880 qua
1593 1813 1815 1877 superat
1864 1813 2008 1860 ccle°
2035 1815 2080 1875 B
2109 1812 2367 1878 inellabili
2417 1812 2578 1868 modo
2622 1809 2930 1880 adiunctam
2982 1811 3259 1866 hominem
3309 1827 3431 1868 esse
3481 1828 3690 1879 assero,

413 1918 474 1979 ra
536 1904 790 1959 animalia
827 1912 884 1959 et
932 1903 1192 1974 seipsum,
1238 1902 1292 1957 in
1335 1910 1594 1971 quantum
1622 1966 1627 1969 _
1654 1896 1855 1957 animal
1895 1905 2001 1961 est,

415 1992 693 2049 interioris
753 2006 994 2063 congrue
1045 1990 1460 2062 appellationem
1525 1988 1738 2059 recipit.
1799 1984 1856 2042 In
1920 1986 2005 2041 his

415 2083 582 2148 enim,
607 2084 697 2154 qui
724 2082 1085 2154 spiritualiter
1105 2080 1314 2145 vivunt,
1344 2088 1397 2133 ut
1417 2078 1559 2133 idem
1595 2078 1671 2131 ait
1690 2074 2001 2146 Apostolus,

412 2176 640 2246 exterior
679 2175 835 2241 homo
871 2172 1247 2243 corrumpitur,
1288 2170 1510 2224 interior
1551 2184 1670 2223 vero
1716 2167 1782 2221 de
1823 2166 1910 2223 die
1949 2166 2004 2218 in

414 2266 549 2335 diem
592 2275 892 2335 renovatur.
944 2263 1080 2318 Nam
1107 2262 1199 2334 qui
1233 2262 1255 2295 ³
1291 2260 1534 2337 perfecte
1562 2260 1733 2325 vivit,
1781 2257 2006 2321 omnino

416 2368 613 2424 corpus
640 2370 819 2420 suum,
843 2365 899 2415 et
919 2355 1109 2421 vitam,
1133 2369 1239 2424 qua
1266 2352 1396 2419 illud
1423 2350 1859 2415 administratur,
1886 2364 2006 2403 om-

417 2458 622 2512 nesque
637 2458 927 2514 corporeos
940 2458 1128 2500 sensus
1137 2458 1258 2498 cum
1270 2443 1378 2507 his,
1389 2458 1530 2513 quae
1546 2457 1641 2512 per
1653 2456 1746 2497 ωε
1754 2440 2005 2511 percipit,

416 2548 713 2602 omnesque
733 2534 1129 2591 irrationabiles
1146 2543 1346 2600 motus,
1367 2550 1505 2604 quos
1527 2536 1579 2589 in
1602 2549 1662 2590 se
1676 2535 1860 2598 sentit,
1885 2548 2006 2589 cum

416 2622 661 2689 omnium
707 2638 889 2678 rerum
936 2622 1275 2678 mutabili-um
1321 2623 1619 2687 memoria,
1672 2638 1778 2678 non
1833 2621 2004 2677 solum

414 2714 642 2783 spernit,
671 2728 856 2767 verum
882 2713 1069 2779 etiam,
1108 2723 1371 2784 quantum
1403 2721 1606 2783 potest,
1630 2722 1684 2768 et
1711 2712 2006 2782 corrumpit

415 2812 471 2858 ct
501 2802 750 2868 destruit,
786 2819 856 2859 ne
880 2802 990 2861 ullo
1019 2803 1180 2860 modo
1220 2805 1276 2859 in
1312 2820 1379 2860 eo
1402 2804 1769 2874 praevaleant,
1795 2812 1852 2860 et
1882 2817 2004 2858 om-

414 2892 544 2948 nino
561 2892 672 2962 peri
681 2894 830 2949 reeis
841 2903 897 2948 et
908 2909 972 2949 ea
988 2894 1087 2950 sibi
1104 2893 1331 2964 appetit,
1346 2894 1580 2965 seipsum
1597 2909 1746 2958 vero,
1765 2892 1817 2948 in
1833 2906 2006 2963 quan-

422 2991 535 3036 tum
565 2982 818 3038 caelestis
839 2970 1109 3040 essentiae
1131 2985 1407 3056 particeps
1431 2993 1538 3050 est,
1562 2984 1628 3040 de
1657 2983 1740 3038 die
1763 2985 1816 3037 in
1841 2984 1998 3049 diem,

421 3071 531 3145 hoc.
570 3081 676 3138 εει,
707 3074 773 3139 de
814 3074 1013 3136 virtute
1058 3075 1112 3129 in
1157 3075 1413 3131 virtutem
1451 3075 1768 3136 ascendens.
1820 3074 1999 3130 divina

420 3166 595 3238 gratia
642 3175 925 3232 movente,
972 3177 1312 3238 cooperante,
1367 3167 1599 3223 ducente
1625 3206 1642 3232 ,
1687 3165 2002 3236 perﬁciente
2029 3162 2073 3223 C

421 3264 666 3312 renovat.
700 3258 767 3311 Et
784 3273 848 3312 ea
869 3257 1084 3327 quidem
1116 3265 1329 3320 natura,
1355 3272 1461 3326 qua
1487 3254 1814 3311 animalibus
1840 3255 2003 3311 homo

415 3347 780 3409 communicat
800 3347 845 3418 ⁸,
867 3362 992 3403 caro
1027 3346 1253 3415 dicitur;
1288 3361 1351 3403 ea
1374 3362 1524 3412 vero,
1551 3361 1691 3417 quae
1711 3346 1734 3380 '
1754 3338 2005 3401 caelestis

416 3437 687 3507 essentiae
714 3438 989 3506 particeps
1009 3444 1111 3501 est,
1144 3450 1322 3500 mens,
1349 3436 1435 3493 vel
1463 3436 1700 3501 animus,
1735 3435 1819 3490 vel
1848 3433 2005 3489 intel-

413 3524 606 3586 lectus.
652 3525 791 3579 Audi
837 3524 1155 3596 Apostolum
1182 3544 1195 3580 :
1225 3524 1418 3590 Mente,
1452 3526 1663 3595 inquit,
1707 3521 1874 3581 serivio
1904 3524 2006 3595 legi

413 3616 533 3685 Dei,
567 3634 724 3672 carne
755 3626 931 3673 autent
973 3619 1074 3688 legi
1103 3609 1322 3688 peccati.
1365 3617 1435 3673 Et
1476 3616 1901 3673 innumerabiles
1924 3617 2005 3677 di:-

416 3711 575 3765 vinae
630 3709 946 3781 Scripturae
975 3710 1277 3765 sententiae
1306 3710 1410 3765 hoc
1458 3709 1634 3780 ipsum
1680 3709 2000 3779 approbant.

416 3799 556 3867 Quid
582 3800 746 3870 igitur
773 3800 991 3866 mirum,
1019 3798 1065 3858 si
1095 3799 1290 3870 duplex
1317 3799 1553 3856 hominis
1578 3788 1818 3854 Conditio
1848 3797 2004 3853 intel-

419 3888 640 3959 ligatur,
671 3903 791 3944 cum
822 3889 938 3958 ipse
969 3888 1366 3957 quodammodo
1394 3887 1591 3957 duplex
1620 3887 1731 3942 sit?
1766 3887 1835 3942 Et
1861 3885 2004 3956 quod

420 3977 744 4039 animalibus
773 3964 948 4033 simile
967 3987 1072 4044 est,
1099 3992 1221 4034 cum
1263 3977 1608 4043 animalibus,
1637 3978 1778 4047 quod
1823 3985 2002 4032 autem

418 4067 792 4137 spiritualibns
836 4084 933 4139 per
972 4083 1031 4124 se
1068 4077 1125 4125 et
1163 4068 1432 4134 absolute,
1474 4083 1597 4123 cum
1636 4068 2005 4139 spiritualibus

417 4159 616 4219 creari.
646 4162 727 4214 Ac
763 4175 861 4229 per
888 4161 995 4217 hoc.
1030 4175 1137 4216 non
1170 4169 1221 4216 te
1251 4161 1448 4225 turbet,
1486 4160 1628 4228 quod
1659 4159 1787 4221 dixi,
1828 4158 2004 4212 homi-

417 4263 539 4303 nem
562 4264 686 4304 cum
709 4250 905 4310 ceteris
925 4250 1249 4306 animalibus
1274 4252 1329 4307 in
1361 4265 1466 4314 uno
1495 4249 1792 4318 eodemque
1814 4263 2009 4318 genere

416 4339 484 4393 de
538 4347 681 4399 terra
735 4341 1081 4408 productum,
1119 4348 1177 4395 et
1227 4341 1367 4395 ultra
1414 4339 1653 4395 omnium
1694 4337 2003 4392 animalium

420 4435 672 4493 naturain
710 4428 778 4487 ad
806 4429 1085 4499 imaginem
1127 4438 1175 4482 et
1214 4427 1613 4493 similitudinem
1656 4427 1753 4494 Dei
1781 4426 2004 4492 factum.

420 4517 570 4572 DISC.
607 4517 723 4573 Non
769 4534 856 4575 me
897 4520 921 4574 ι
964 4518 1216 4576 fortassis
1266 4526 1531 4584 moveret,
1593 4518 1638 4574 si
1684 4532 1898 4587 possem
1940 4518 2006 4572 ad
2038 4500 2084 4561 Ι)

420 4622 617 4678 purum
661 4608 999 4680 dignoscere,
1031 4607 1316 4680 quomodo'
1330 4610 1430 4664 sub
1463 4623 1571 4663 uno
1596 4607 1891 4676 eodemque
1918 4620 2009 4676 ge—

418 4716 550 4757 nere
576 4695 899 4758 cunctornni
947 4702 1263 4757 animalium
1310 4704 1382 4757 ita
1414 4704 1577 4761 homo
1626 4703 1876 4757 conditus
1915 4701 2008 4765 sit,

419 4802 480 4845 ut
504 4792 711 4848 meliori
735 4793 817 4848 sui
841 4792 863 4825 ⁷
910 4802 1067 4863 parte
1106 4795 1312 4864 super8
1355 4808 1570 4849 omnem
1608 4799 1857 4846 naturam
1895 4790 2011 4847 ani-

423 4883 638 4938 malium
672 4885 953 4940 subsistat.
1001 4883 1145 4941 ΜΑε.
1194 4885 1384 4950 Miror,
1429 4901 1527 4940 cur
1554 4886 1742 4941 eadem
1790 4883 2009 4954 repetis.

425 4974 667 5033 Diximus
694 4979 864 5049 enim,
919 4980 1218 5047 hominem,
1254 4981 1308 5036 in
1357 4989 1618 5052 quantum
1658 4979 1857 5035 animal
1901 4988 2006 5045 est,

424 5062 575 5118 inter.
598 5067 850 5135 animalia
879 5070 980 5125 sub
1021 5085 1131 5125 uno
1151 5085 1349 5142 genere
1378 5088 1393 5136 ;
1426 5073 1479 5126 in
1508 5078 1766 5141 quantum
1809 5070 2008 5127 animal

422 5168 534 5217 non
579 5166 685 5220 est,
730 5166 881 5212 extra
923 5174 1083 5225 omne
1125 5174 1303 5230 genus
1340 5160 1579 5215 omnium
1648 5160 1959 5216 animalium
1984 5160 2006 5192 ’

420 5244 629 5302 factum
684 5246 869 5304 fuisse.
909 5250 1055 5306 Disc.
1106 5252 1297 5321 .Eheul
1348 5250 1468 5307 Jam
1521 5250 1694 5321 major
1747 5252 2009 5323 longeque

2106 1906 2388 1981 ipsumque
2424 1904 2698 1959 hominem
2732 1902 2967 1958 mirabili
3008 1884 3243 1973 quadam
3286 1912 3343 1958 et
3368 1902 3692 1974 intelligibili

2106 1980 2451 2053 divisione-ea
2477 2005 2653 2066 parte,
2677 2011 2781 2065 qua
2805 1995 2870 2049 ad
2899 1997 3184 2066 imaginem
3208 2005 3264 2051 et
3286 1995 3693 2050 similitudinem

2104 2087 2379 2144 Creatoris
2410 2085 2582 2141 factus
2607 2095 2712 2150 est,
2763 2085 2964 2140 nullius
2993 2085 3345 2141 animalitatis
3373 2086 3692 2156 participem

2105 2192 2250 2244 esse,
2285 2187 2342 2232 et
2367 2178 2434 2237 ab
2463 2192 2527 2232 ea
2549 2177 2772 2236 omnino
2797 2177 3128 2243 absolutum,
3156 2191 3221 2231 ea
3251 2191 3402 2242 vero,
3434 2191 3542 2246 qua
3574 2177 3692 2231 ani-

2106 2269 2332 2327 malitati
2359 2270 2743 2335 communicat,
2765 2271 2820 2324 in
2846 2269 3139 2326 universali
3165 2269 3476 2329 animalium
3499 2283 3696 2340 genere

2106 2360 2176 2415 de
2205 2367 2374 2426 terra,
2402 2360 2506 2415 hoc
2541 2368 2624 2415 est
2658 2360 2722 2415 de
2749 2361 3022 2417 communi
3060 2360 3298 2415 omnium
3329 2369 3534 2425 natura
3568 2373 3700 2430 pro-

2107 2451 2349 2507 ductum.
2403 2451 2550 2506 Disc.
2594 2452 2734 2518 Quid
2783 2467 2913 2522 ergo
2958 2453 3241 2519 dicemus?
3276 2451 3415 2507 Nam
3462 2452 3696 2508 humana

2107 2540 2285 2595 anima
2319 2541 2543 2610 simplex
2595 2541 2860 2610 quaedam
2903 2551 3095 2597 natura
3128 2543 3387 2612 omnique
3421 2542 3697 2612 composi-

2108 2629 2254 2685 tione
2275 2630 2538 2696 absoluta,
2567 2646 2635 2684 an
2665 2629 2709 2662 “
2732 2631 3052 2699 quibusdam
3083 2632 3328 2701 partibus
3353 2633 3406 2686 in
3434 2632 3696 2687 unitatem

2106 2721 2377 2793 quandam
2429 2721 2673 2791 copulata
2717 2723 2982 2777 credenda
3031 2724 3156 2778 est?
3194 2723 3336 2779 ΜΑσ.
3379 2723 3558 2779 Unum
3607 2722 3697 2778 lir-

2108 2810 2349 2867 missime
2392 2820 2571 2875 teneo,
2600 2811 2898 2882 simplicem
2927 2812 3171 2867 videlicet
3203 2814 3458 2883 omnique
3506 2811 3695 2882 copula

2107 2903 2338 2973 partium
2369 2911 2642 2959 carentem
2673 2918 2813 2965 esse.
2842 2904 3068 2959 alterum
3099 2918 3226 2959 vero
3250 2904 3471 2959 omnino
3494 2904 3696 2970 abnuo,

2109 2994 2210 3048 hoc
2239 3002 2345 3057 est,
2372 2993 2536 3048 ullam
2563 2992 3011 3062 compositionem
3032 2992 3396 3049 dill'ercntium
3419 3009 3449 3048 a
3481 3008 3540 3050 se
3563 2992 3699 3049 invi-

2107 3098 2225 3139 cem
2264 3084 2500 3153 partium
2544 3084 2806 3154 recipere.
2849 3083 2982 3140 Tota
3020 3086 3167 3139 enim
3201 3085 3256 3140 in
3292 3084 3467 3154 seipsa
3497 3083 3699 3155 ubique

2105 3185 2190 3232 est
2214 3191 2315 3247 per
2343 3184 2534 3232 totum.
2590 3179 2724 3234 Tota
2754 3180 3019 3250 siquidem
3064 3180 3175 3235 vita
3223 3188 3340 3245 est,
3393 3188 3505 3236 tota
3535 3178 3696 3237 intel-

2108 3264 2278 3322 lectus
2298 3305 2314 3332 ,
2342 3274 2452 3321 tota
2489 3266 2667 3331 ratio,
2699 3274 2810 3321 tota
2842 3282 3064 3335 sensus.
3099 3276 3208 3323 tota
3232 3268 3496 3324 memoria
3516 3311 3532 3337 ,
3585 3274 3695 3322 tota

2107 3370 2304 3425 corpus
2328 3355 2589 3423 viviﬁcat,
2612 3358 2806 3424 nutrit,
2832 3359 3097 3423 continet,
3119 3367 3310 3429 auget;
3346 3367 3455 3414 tota
3482 3358 3537 3413 in
3562 3357 3696 3413 totis

2107 3444 2359 3500 sensibus
2380 3445 2590 3513 species
2615 3461 2797 3502 rerum
2827 3447 3164 3502 sensibilium
3191 3443 3388 3513 sentit;
3418 3454 3530 3518 tota
3556 3447 3702 3516 ipsa-

2105 3552 2225 3592 rum
2256 3551 2462 3603 rerum,
2486 3537 2629 3593 ultra
2658 3553 2873 3595 omnem
2901 3552 3220 3611 corporeum
3244 3536 3293 3574 ¹⁸
3318 3552 3557 3603 sensum,
3604 3551 3701 3593 na-

2049 3684 2058 3693 ,
2108 3618 2289 3683 turam
2340 3636 2397 3684 et
2443 3629 2710 3686 rationem
2761 3637 2984 3696 tractat,
3040 3630 3330 3696 discernit,
3385 3627 3696 3697 coniungit,

2107 3713 2403 3785 diiudicat;
2444 3724 2554 3772 tota
2580 3725 2734 3773 extra
2759 3725 2814 3773 et
2840 3732 3003 3788 supra
3033 3732 3248 3774 omnem
3285 3724 3617 3781 creaturam,
3644 3722 3702 3769 et

2109 3805 2368 3874 seipsam,
2393 3806 2517 3878 quia
2546 3807 2598 3862 in
2630 3822 2856 3862 numero
2878 3816 3249 3863 creaturarum
3287 3804 3699 3877 comprehendi-

2110 3901 2215 3957 tur,
2242 3894 2387 3949 circa
2418 3910 2574 3948 suum
2623 3895 2935 3952 Creatorem
2986 3896 3304 3965 intelligibili
3340 3904 3489 3951 motu
3535 3904 3699 3964 atque

2108 3978 2351 4046 aeterno,
2381 3982 2506 4035 dum
2544 3984 2799 4038 omnibus
2824 3984 2971 4038 vitiis
2993 3983 3402 4053 phantasiisque
3430 3984 3473 4015 ⁸⁸
3502 3998 3700 4053 purga-

2110 4081 2215 4135 tur,
2242 4070 2703 4141 circumvolvitur.
2735 4074 2803 4126 Et
2836 4088 2956 4129 cum
2990 4073 3064 4127 ita
3110 4072 3338 4142 simplex
3377 4070 3701 4128 naturaliter

2109 4162 2390 4227 subsistat,
2439 4177 2656 4216 suarum
2692 4162 3109 4233 intelligibilium
3153 4171 3209 4215 et
3264 4160 3698 4217 substantialium

2111 4250 2561 4317 differentiarum,
2591 4251 2755 4306 veluti
2796 4252 2959 4306 totius
2981 4251 3035 4305 in
3066 4258 3249 4320 partes
3290 4248 3582 4304 divisiones
3611 4265 3701 4305 re-

2109 4344 2242 4415 cipit
2266 4344 2562 4400 secundum
2599 4354 2842 4399 motuum
2875 4360 3097 4400 suorum
3123 4343 3589 4399 numerositatem.
3619 4344 3703 4400 Ae

2109 4447 2208 4503 per
2234 4433 2340 4489 hoc
2367 4433 2551 4489 multis
2578 4433 2888 4488 nominibus
2909 4433 3289 4488 denominatur
3320 4433 3385 4487 η.
3418 4431 3698 4502 Siquidem

2111 4524 2238 4580 dum
2287 4524 2432 4579 circa
2463 4522 2702 4577 divinam
2733 4521 3293 4589 essentiam‘vehitur,
3339 4530 3395 4578 et
3427 4536 3599 4589 mens,
3645 4531 3701 4577 et

2111 4616 2418 4679 animus,et
2440 4614 2775 4677 intellectus;
2803 4614 2928 4668 dum
2953 4629 3134 4670 rerum
3149 4622 3455 4670 creatarum
3480 4622 3702 4669 naturas

2111 4717 2411 4772 causasque
2436 4702 2767 4768 considerat,
2803 4703 2976 4769 ratio;
3009 4705 3135 4758 dum
3162 4716 3260 4773 per
3291 4718 3485 4759 sensus
3513 4718 3703 4773 corpo-

2114 4808 2239 4851 reos
2261 4795 2473 4863 species
2492 4794 2826 4849 sensibilium
2852 4794 3064 4864 recipit,
3096 4809 3325 4861 sensus;
3354 4795 3480 4850 dum
3506 4794 3558 4848 in
3582 4808 3704 4848 cor-

2115 4900 2249 4956 pore
2273 4883 2517 4940 occultos
2543 4898 2672 4940 suos
2699 4894 2878 4940 motus
2919 4884 3072 4952 iuxta
3115 4885 3524 4941 similitudinem
3567 4883 3703 4936 irra-

2120 4974 2458 5031 tionabilium
2509 4974 2814 5030 animarum
2865 4976 3111 5045 peragit,
3166 4974 3455 5029 nutriendo
3490 4969 3620 5024 illud
3649 4979 3702 5023 et

2114 5066 2357 5137 augendo
2385 5064 2565 5121 vitalis
2611 5064 2830 5135 proprie
2876 5073 3054 5119 motus
3086 5062 3129 5094 ⁸⁸
3158 5063 3299 5118 solet
3332 5058 3611 5131 appellari.
3644 5058 3701 5113 in

2114 5158 2200 5214 his
2226 5166 2406 5215 autem
2433 5157 2686 5214 omnibus
2707 5166 2820 5214 tota
2843 5157 3044 5227 ubique
3065 5163 3169 5210 est.
3206 5154 3351 5209 Disc.
3381 5152 3517 5206 Tota
3538 5150 3704 5220 igitur

2114 5263 2169 5310 et
2195 5255 2248 5310 in
2278 5269 2476 5326 genere
2503 5253 2817 5309 animalium
2848 5253 2915 5308 de
2932 5260 3075 5307 terra
3104 5250 3363 5321 producta
3378 5253 3477 5311 est,
3509 5251 3564 5300 et
3587 5251 3700 5300 tota

1712 5359 1969 5429 VARIAE
2004 5362 2407 5420 LECTIONES.

489 5422 650 5506 ‘.Sic
687 5424 797 5496 CF;
831 5428 878 5484 Α
906 5431 1233 5489 excellentia
1258 5448 1386 5488 suae
1413 5440 1635 5499 naturae
1666 5424 2164 5502 incomparabiliter.
2239 5434 2263 5467 ⁸
2301 5432 2392 5488 Sic
2417 5431 2535 5500 CF;
2563 5433 2605 5488 A
2635 5434 2869 5506 spiritus.
2948 5433 2969 5465 ³
3004 5430 3098 5486 Sic
3144 5429 3270 5495 CF;
3307 5428 3351 5483 A

489 5491 573 5573 §tc
605 5495 724 5573 Cf;
766 5499 818 5573 ΔΑ
866 5504 1214 5557 communicat
1242 5504 1431 5565 homo.
1530 5499 1684 5573 {Sic
1710 5501 1851 5573 CF;
1880 5501 1920 5556 Α
1959 5519 2084 5573 qua.
2196 5502 2218 5535 °
2278 5501 2321 5573 Α
2370 5503 2582 5559 Nonne.
2693 5504 2714 5536 ⁷
2754 5503 2845 5557 Sic
2871 5502 2909 5555 A
2949 5519 2963 5568 ;
3011 5499 3266 5573 (Ἔζδρᾳ.
3332 5568 3341 5573 ⁸

422 5491 445 5565 ξ
479 5491 573 5565 §ic
605 5495 724 5562 CF;
774 5491 818 5553 Ᾰ
866 5504 1214 5557 communicat
1242 5504 1431 5565 homo.

421 5561 445 5601 ’
481 5562 574 5621 Sic
602 5566 719 5631 CF;
749 5569 791 5623 Α
836 5573 1151 5627 animalium
1199 5562 1452 5627 omnium.

1554 5568 1599 5603 ιο
1639 5571 1730 5603 ρει.
1770 5571 1884 5603 l‘li‘.
1936 5568 2064 5603 ..ζὸιὲ

421 5571 574 5645 '_Sic
602 5571 719 5631 CF;
749 5571 791 5623 Α
836 5573 1151 5627 animalium
1199 5572 1452 5627 omnium.
1554 5571 1599 5603 ¹⁰
1639 5571 1730 5627 Sic
1770 5571 1885 5636 CF;
1936 5571 2064 5627 iiii/ii
2099 5587 2210 5627 om.
2261 5571 2327 5627 Α.
2431 5572 2473 5607 ⁸⁸
2512 5574 2557 5627 Α
2607 5588 2793 5643 corpus
2838 5588 2992 5642 quae.
3096 5571 3138 5602 "
3178 5571 3272 5625 Sic
3317 5571 3394 5635 A;
3440 5571 3460 5622 l

420 5641 629 5711 ﬁgens.
708 5637 751 5669 ⁸³
775 5638 867 5711 Sic
886 5639 1006 5706 CF;
1031 5643 1263 5697 humano
1292 5643 1497 5708 corpori
1520 5656 1630 5695 om.
1657 5641 1719 5711 Α.
1797 5642 1841 5673 ⁸⁷⁵
1868 5642 1908 5695 Α
1939 5659 2011 5696 in.
2093 5642 2137 5674 ”'
2159 5641 2251 5697 Sic
2279 5643 2353 5703 A;
2384 5641 2470 5697 CF
2498 5643 2639 5697 ultra
2665 5655 2816 5696 omne
2831 5643 3196 5711 incorporeum
3219 5652 3460 5695 sensum.

3402 5426 3492 5498 qui
3538 5426 3694 5481 enim.

2196 5502 2218 5535 °
2278 5501 2321 5558 A
2370 5496 2582 5559 Nonne.
2661 5496 2714 5536 ’⁷
2754 5502 2909 5557 SicA
2949 5519 2963 5565 ;
3011 5499 3096 5555 CF
3151 5516 3266 5553 sua.
3379 5496 3479 5551 ’Ἀ
3511 5511 3689 5565 supra.

2693 5504 2714 5536 ⁷
2754 5503 2845 5557 Sic
2871 5502 2909 5555 A
2949 5519 2963 5568 ;
3011 5499 3096 5555 CF
3151 5516 3266 5553 sua.

2431 5572 2473 5643 ἒξ
2512 5574 2557 5627 Α
2607 5588 2793 5643 corpus
2838 5562 2992 5642 quae.
3096 5571 3138 5602 "
3178 5568 3272 5625 Sic
3317 5568 3394 5635 A;
3440 5562 3695 5643 CF}!!!-

3539 5633 3582 5665 ¹⁶
3601 5630 3694 5689 Sic

421 5702 962 5780 CF;.pliantasiisque
989 5702 1102 5769 oni.
1130 5711 1197 5765 Α.
1274 5712 1317 5747 ⁸⁷
1357 5702 1445 5767 Sic
1482 5711 1611 5778 CF;
1632 5702 1690 5767 A'
1721 5714 2015 5768 denotatur.
2095 5713 2139 5745 ’⁸
2169 5712 2261 5769 Sic
2289 5702 2405 5780 CF;
2456 5712 2499 5766 Α
2539 5713 2645 5768 vita
2684 5713 2893 5784 proprie
2923 5702 3113 5784 (motus
3142 5711 3296 5769 θηλὴ.
