4212 6272
543 361 651 418 755

1899 358 2179 416 JOANNIS
2222 359 2414 417 SCOTl

3696 367 3806 420 7.36

540 474 609 528 ad
639 473 926 543 imaginem
959 473 1050 528 Dei
1083 474 1244 531 facta.
1298 472 1594 529 Praedictis
1634 469 1777 525 enim
1827 473 2124 526 rationibus
2151 475 2200 534 Α
2229 474 2393 528 ritum
2423 472 2568 528 nullo
2615 474 2775 528 modo
2821 475 3032 530 suilicit.
3074 475 3336 529 Animalis
3366 476 3528 546 igitur
3551 477 3714 533 homo
3749 489 3804 535 et

539 562 900 623 concluditur,
942 562 1012 614 ita
1043 571 1098 616 et
1133 578 1239 616 non
1285 562 1442 616 aliter
1470 577 1610 616 esse.
1659 561 1796 616 MAG.
1831 561 2034 628 Etiam;
2072 572 2127 618 et

541 666 642 705 nec
665 651 755 703 ulli
779 659 926 704 recte
951 666 1015 703 ac
1040 652 1124 720 pie
1151 649 1637 719 philosophantium
1661 651 1726 704 de
1751 650 1850 704 hoc
1877 650 2128 704 dubitare

539 739 685 801 licet,
706 753 772 792 ne
788 739 1243 807 simplicis-simam
1263 749 1319 794 et
1351 741 1678 795 individuam
1703 749 1951 796 naturam
1983 742 2125 796 scin-

541 833 668 887 dere
689 829 953 894 videatur,
978 832 1122 900 quod
1142 831 1293 884 valde
1315 833 1536 899 impium
1557 841 1660 886 est.
1685 832 1827 886 Dtsc.
1847 833 2126 898 Quomodo

537 930 668 990 ergo
712 935 851 974 unus
881 929 1042 988 atque
1084 919 1225 973 idem
1262 920 1444 984 homo,
1468 921 1766 976 secundum
1793 923 2125 990 praedictam

538 1009 987 1072 controversiam,
1017 1017 1068 1060 et
1094 1007 1292 1060 animal
1323 1017 1406 1062 est
1433 1018 1487 1061 et
1524 1023 1628 1062 non
1668 1018 1751 1062 est
1779 1009 2000 1075 animal,
2041 1008 2126 1064 vel

540 1097 806 1165 quomodo
835 1106 888 1152 et
916 1097 1164 1152 animalis
1189 1105 1272 1152 est
1296 1105 1353 1150 et
1374 1097 1625 1152 animalis
1648 1113 1752 1150 non
1773 1107 1856 1152 est
1877 1137 1890 1161 ,
1920 1106 1975 1153 et
1999 1112 2127 1152 caro

540 1196 622 1242 est
653 1197 704 1240 et
731 1203 860 1244 caro
903 1203 1008 1241 non
1041 1195 1154 1249 est,
1188 1196 1243 1241 et
1285 1187 1583 1256 spiritualis
1626 1196 1711 1241 est
1751 1195 1804 1241 et
1834 1187 2127 1256 spiritualis

541 1269 666 1332 non‘
681 1287 791 1343 est,
823 1287 878 1331 et
918 1293 1116 1346 quomo
1141 1279 1188 1331 lo
1235 1278 1372 1332 haec
1411 1278 1512 1332 sibi
1544 1278 1773 1332 invicem
1799 1278 2044 1346 opposita
2073 1286 2128 1334 et

541 1366 964 1421 contradicentia
999 1365 1049 1418 in
1094 1382 1198 1419 una
1230 1365 1628 1435 simplicissima
1675 1374 1866 1420 natura
1902 1377 2128 1436 possunt

542 1457 790 1526 intelligi,
828 1473 933 1511 non
976 1455 1108 1510 satis
1136 1456 1312 1509 video.
1353 1455 1492 1509 Man.
1525 1455 1602 1510 Ex
1631 1455 1737 1519 his,
1783 1471 1922 1524 quae
1969 1472 2126 1525 prae-

542 1545 685 1600 dicta
730 1555 872 1610 sunt,
906 1563 1084 1612 omne,
1122 1547 1265 1616 quod
1309 1547 1402 1602 tibi
1452 1547 1663 1600 videtur
1694 1547 1746 1600 in
1783 1547 2128 1616 simplicitate

541 1633 810 1689 humanae
870 1644 1094 1690 naturae
1143 1636 1496 1694 contrarium,
1548 1635 1593 1687 si
1644 1634 1766 1702 quis
1801 1635 2059 1688 intentius
2103 1637 2121 1666 ¹

540 1724 897 1791 perspexerit,
950 1723 1071 1778 luce
1115 1724 1316 1778 clarius
1367 1724 1627 1788 inveniet,
1658 1741 1762 1780 non
1801 1725 1972 1780 solum
2019 1742 2123 1781 non

2227 564 2290 616 ﬁt
2312 573 2366 618 et
2387 563 2603 628 dicitur,
2621 566 2858 633 quando,
2878 565 3078 620 relictis
3093 565 3350 630 motibus,
3367 567 3455 634 qui
3469 564 3492 597 '
3505 571 3802 625 secundum

2227 651 2491 705 rationem
2550 660 2607 706 et
2678 652 3008 707 intellectum
3071 663 3196 708 sunt
3244 655 3386 708 circa
3439 656 3802 726 cognitionem

2225 737 2499 796 Creatoris
2528 750 2584 797 et
2610 753 2913 804 creaturae,
2943 743 2994 797 in
3024 753 3204 799 motus
3237 743 3655 814 irrationabiles,
3678 747 3800 816 qui-

2225 831 2326 885 bus
2355 831 2605 886 animalia
2651 834 2805 887 bruta
2839 835 2980 888 circa
3013 835 3253 903 corporis
3278 834 3537 889 desideria
3578 852 3794 891 moven-

2225 932 2333 987 tur,
2373 932 2668 994 spontaneo
2698 925 2936 994 appetitu
2988 925 3203 990 decidit,
3252 927 3323 979 ita
3354 935 3413 979 ut
3454 935 3619 982 totam
3644 944 3797 984 suam

2227 1016 2574 1069 intentionem
2600 1015 2621 1046 ⁸
2655 1017 3023 1085 temporalium
3047 1016 3425 1088 fragiliumque
3447 1035 3618 1074 rerum
3643 1031 3695 1076 et
3723 1023 3793 1076 ad

2225 1119 2333 1158 non
2380 1117 2500 1158 esse
2528 1103 2862 1158 tendentium
2898 1104 3125 1160 letiferis
3153 1107 3596 1164 delectationibus
3619 1110 3782 1179 inguro

2224 1193 2357 1264 gitet
2389 1211 2400 1246 :
2436 1192 2730 1262 spiritualis
2759 1209 2907 1255 vero,
2940 1196 3064 1249 dum
3098 1205 3305 1250 mutata
3336 1199 3482 1252 omni
3515 1213 3795 1256 conversa-

2226 1285 2371 1339 tione
2399 1284 2452 1338 in
2485 1283 2702 1349 melius,
2736 1284 2904 1339 divini
2959 1286 3158 1340 amoris
3204 1287 3452 1342 incendio
3495 1288 3794 1343 inﬂamma-

2227 1384 2334 1439 tus,
2365 1373 2568 1428 mundo
2596 1382 2650 1429 et
2689 1357 2852 1429 carn‘c
2890 1376 3033 1430 omni
3079 1379 3238 1432 modo
3273 1379 3487 1448 spretis,
3527 1378 3800 1434 omnibus-

2223 1482 2330 1534 que
2360 1465 2676 1518 animalium
2728 1466 2963 1519 motibus
3005 1466 3235 1530 relictis,
3283 1467 3348 1521 ad
3378 1466 3689 1522 caelestium
3715 1483 3798 1522 es-

2223 1555 2519 1608 sentiarum
2572 1553 2981 1608 similitudinem
3028 1564 3172 1610 totus
3225 1556 3658 1622 transformatur,
3707 1568 3792 1622 ut,

2223 1645 2364 1714 quod
2389 1645 2436 1698 ei
2462 1643 2700 1697 futurum
2727 1652 2810 1698 est
2840 1645 3134 1698 secundum
3171 1645 3636 1700 inconversibilem
3667 1647 3792 1699 sub-

2222 1734 2494 1796 stantiam,
2530 1734 2632 1788 hoc
2659 1734 2712 1788 in
2741 1749 2808 1788 eo
2830 1732 3156 1803 praecedat’
3187 1735 3478 1790 secundum
3520 1736 3659 1790 vitae
3695 1737 3794 1789 vir-

540 1823 662 1864 esse
691 1812 1049 1876 contrarium,
1081 1825 1270 1866 verum
1304 1813 1467 1866 etiam
1509 1813 1731 1868 omnino
1777 1814 2122 1870 conveniens.
2152 1813 2200 1873 B
2229 1822 2431 1876 tatibus
2459 1830 2685 1876 ornatae
2714 1822 3051 1890 qualitatem.
3086 1814 3162 1877 Ac
3186 1837 3286 1892 per
3308 1823 3412 1876 hoc
3454 1822 3659 1879 duobus
3686 1841 3795 1879 mo-

539 1901 767 1956 Constat
798 1905 942 1958 enim
979 1905 1123 1958 inter
1152 1905 1445 1974 sapientes,
1481 1905 1532 1958 iu
1563 1905 1781 1960 homine
1808 1906 2119 1961 universam

540 2001 844 2047 creaturam
895 1995 1159 2050 contineri
1191 1997 1232 2048 '.
1295 1995 1547 2064 intelligit
1569 1995 1714 2048 enim
1745 2002 1799 2048 et
1830 1994 2124 2048 ratiocina-

541 2091 650 2149 tur,
695 2095 753 2138 ut
799 2085 1048 2155 angelus;
1101 2087 1265 2140 sentit
1313 2097 1369 2141 et
1419 2101 1616 2155 corpus
1660 2085 2020 2152 administrat,
2063 2093 2123 2139 ut

540 2177 772 2242 animal;
822 2193 884 2232 ac
912 2194 1010 2248 per
1053 2179 1152 2232 hoc
1197 2178 1375 2232 omnis
1418 2186 1664 2240 creatura
1712 2178 1763 2231 in
1809 2193 1875 2232 eo
1927 2176 2123 2230 intelli-

538 2275 704 2334 gitur.
775 2265 960 2322 Totius
1023 2268 1286 2338 siquidem
1354 2278 1638 2324 creaturae
1689 2267 2122 2338 quinquepertita

539 2355 734 2410 divisio
789 2363 890 2410 est.
948 2356 1056 2410 Aut
1103 2357 1248 2411 enim
1292 2371 1554 2425 corporea
1607 2364 1714 2422 est,
1770 2364 1865 2409 aut
1917 2355 2121 2419 vitalis,

541 2452 636 2497 aut
693 2445 986 2507 sensitiva,
1051 2453 1144 2500 aut
1198 2445 1516 2510 rationalis,
1573 2454 1667 2499 aut
1728 2444 2120 2500 intellectualis.

540 2531 608 2585 Et
647 2533 779 2585 haec
824 2532 1003 2585 omnia
1038 2533 1181 2586 omni
1220 2533 1378 2588 modo
1415 2534 1466 2587 in
1502 2533 1717 2586 homine
1753 2532 2119 2588 continentur.

442 2683 449 2686 _
539 2623 852 2677 Extremum
881 2624 1096 2693 quidem
1146 2623 1529 2679 subsistentiae
1552 2625 1572 2655 ³
1598 2624 1765 2693 ipsius
1790 2639 1987 2694 corpus
2007 2631 2122 2689 est;

539 2696 733 2768 deinde
781 2713 1056 2769 seminalis
1104 2714 1212 2767 vita
1258 2714 1503 2783 corporis
1549 2713 2007 2778 administrativa,
2038 2713 2123 2768 cui

541 2813 759 2876 praeest
776 2819 996 2871 sensus;
1015 2806 1206 2861 deinde
1228 2806 1386 2872 ratio,
1413 2821 1551 2876 quae
1580 2803 1924 2859 inferioribus
1945 2819 2002 2860 se
2030 2820 2126 2860 na-

2225 1911 2308 1967 dis
2353 1911 2606 1966 animalis
2652 1912 2815 1966 homo
2842 1912 3186 1980 cognoscitur
3217 1925 3235 1963 :
3276 1926 3384 1964 uno
3419 1912 3655 1981 quidem,
3692 1927 3795 1980 quo

2225 2002 2518 2057 secundum
2551 2010 2796 2055 naturam
2835 2000 3103 2063 subsistit,
3149 1998 3338 2064 altero,
3368 2001 3458 2069 qui
3486 2002 3534 2054 ei
3562 2016 3625 2054 ex
3664 1999 3798 2054 irra-

2225 2090 2468 2146 tionabili
2504 2100 2654 2144 motu
2697 2089 2901 2144 liberae
2923 2087 3219 2142 voluntatis
3259 2088 3633 2157 proclivaeque
3657 2088 3698 2120 "
3725 2089 3793 2140 ad

2224 2181 2485 2235 malitiam
2510 2180 2723 2235 accidit.
2769 2179 3032 2234 Similiter
3069 2177 3364 2249 Spiritualis
3408 2187 3461 2232 et
3500 2169 3790 2232 secundum

2224 2277 2468 2325 naturam
2512 2269 2844 2332 subsistens,
2897 2275 2952 2322 et
3017 2267 3311 2322 secundum
3359 2266 3553 2322 bonam
3603 2267 3792 2320 volun-

2223 2366 2386 2413 tatem
2435 2358 2612 2413 divina
2661 2357 2834 2428 gratia
2877 2365 3248 2425 praeventam,
3274 2365 3396 2412 actu
3423 2364 3478 2410 et
3505 2355 3722 2410 scientia
3750 2355 3791 2385 “

2224 2457 2526 2519 purgatam,
2565 2447 2820 2500 virtutum
2869 2446 2910 2477 "
2961 2447 3295 2500 ornamentis
3353 2444 3653 2499 redimitam
3679 2483 3694 2507 ,
3732 2443 3798 2495 ad

2223 2541 2507 2612 pristinam
2547 2537 2760 2594 divinae
2804 2535 3050 2606 imaginis
3079 2535 3396 2605 dignitatem
3429 2538 3703 2588 revocatus
3729 2529 3793 2584 “.

2226 2632 2372 2685 DISC.
2404 2628 2550 2682 Haec
2576 2627 2809 2680 libenter
2832 2624 3069 2694 accipio;
3101 2623 3192 2678 sed
3222 2637 3326 2676 non
3352 2637 3580 2692 perpure
3599 2621 3638 2652 “
3668 2634 3794 2673 con-

2225 2717 2426 2788 spicor,
2480 2718 2771 2786 quomodo,
2828 2729 2948 2768 cum
3002 2725 3191 2766 omnes
3260 2711 3462 2782 species
3514 2711 3567 2765 in
3601 2722 3791 2780 genere

2224 2823 2390 2861 unum
2439 2814 2584 2870 sunt,
2632 2804 3065 2860 contradicentes
3111 2802 3250 2855 inter
3292 2816 3350 2854 se
3394 2799 3618 2853 invicem
3651 2799 3702 2851 in
3747 2797 3791 2830 ¹⁸

540 2905 698 2950 turae
727 2897 968 2965 partibus
1005 2896 1341 2961 dominatur;
1389 2910 1698 2965 supremum
1738 2895 1792 2948 in
1832 2895 1918 2950 bis
1952 2895 2132 2949 omni-
2227 2897 2318 2953 illo
2362 2911 2526 2952 unum
2572 2894 2891 2950 subsistunt.
2950 2891 3200 2946 Deﬁnitio
3252 2888 3512 2958 siquidem
3562 2886 3796 2941 hominis

540 2985 643 3040 bus
671 2987 885 3040 animus
916 2987 1122 3040 obtinet
1165 2987 1356 3042 locum.
1390 2987 1468 3040 Ac
1494 3001 1590 3055 per
1615 2985 1717 3038 hoc
1755 2993 1863 3039 tota
1892 2986 2125 3040 humana

542 3083 757 3141 natura,
789 3076 841 3129 in
879 3085 1137 3144 quantum
1168 3077 1531 3132 communicat
1560 3076 2127 3146 auimalibus,_merito

2228 2995 2536 3042 ceterorum
2569 2983 2881 3039 animalium
2907 2981 3312 3036 deﬁnitionibus
3334 2975 3700 3033 contradicere
3720 2976 3797 3029 vi-

2232 3079 2406 3133 detur.
2427 3077 2523 3131 Est
2536 3075 2679 3131 enim
2694 3075 2857 3128 homo
2874 3072 2916 3104 ¹⁸
2943 3070 3141 3126 animal
3170 3067 3453 3132 rationale,
3470 3076 3648 3122 cetera
3668 3080 3796 3120 vero

541 3166 738 3220 animal
767 3175 870 3222 est.
900 3168 1274 3223 Communicat
1294 3178 1472 3223 autem
1503 3169 1600 3233 eis,
1632 3169 1685 3222 in
1714 3177 1974 3238 quantum
1996 3181 2121 3223 cor-
2150 3159 2194 3221 C
2227 3168 2478 3224 animalia
2535 3165 2947 3221 irrationabilia.
2998 3163 3248 3226 Videsne,
3279 3160 3549 3230 quomodo
3611 3159 3797 3214 adver-

540 3271 644 3326 pus
671 3266 771 3322 est,
803 3266 857 3311 et
881 3259 985 3310 vita
1011 3274 1205 3328 corpus
1229 3259 1484 3330 regitans,
1512 3269 1565 3312 et
1593 3275 1806 3323 sensus,
1831 3267 1885 3311 et
1916 3273 2120 3312 memo-

543 3347 623 3400 ria
653 3361 832 3401 rerum
868 3348 1198 3401 sensibiliqu
1227 3349 1542 3416 phantasias
1567 3357 1806 3402 tractans
1835 3366 1847 3401 :
1877 3348 1929 3400 in
1959 3363 2126 3417 quan-

545 3446 657 3490 tum
712 3452 842 3489 vero
886 3438 1099 3490 divinae
1146 3438 1498 3506 caelestisque
1540 3437 1805 3491 essentiae
1855 3438 2124 3507 particeps

545 3527 694 3586 cst‘,
730 3541 834 3578 non
881 3535 963 3579 est
1011 3527 1226 3590 animal,
1262 3528 1469 3582 ratione
1521 3539 1700 3582 autem
1745 3538 1798 3583 et
1848 3529 2122 3593 intellectu

547 3623 997 3682 aeternorumque
1027 3619 1281 3670 memoria
1315 3617 1600 3671 caelestem
1631 3618 1923 3688 participat
1947 3634 2123 3674 essen-

549 3706 693 3760 tiam.
741 3705 814 3758 llli
847 3705 1010 3771 igitur
1033 3707 1252 3760 omnino
1298 3708 1646 3764 animalitatis
1681 3725 1876 3780 expers
1915 3720 2018 3765 est.
2066 3709 2122 3765 In

547 3795 636 3850 illa
668 3794 934 3863 siquidem
957 3805 1110 3864 parte
1139 3798 1220 3852 sui
1250 3799 1316 3853 ad
1341 3799 1627 3868 imaginem
1659 3801 1752 3856 Dei
1809 3799 1950 3856 facta
1975 3801 1998 3833 '
2019 3809 2123 3866 est,

546 3884 614 3938 ad
645 3898 809 3952 quam
838 3884 1006 3939 solam
1033 3887 1084 3940 in
1113 3887 1322 3943 idoneis
1355 3887 1664 3944 hominibus
1695 3888 1933 3958 loquitur
1966 3889 2122 3945 Deus.

545 3976 628 4029 Ad
652 3975 786 4030 illud
813 3978 950 4032 enim
981 3979 1229 4042 hominis,
1273 3988 1331 4034 ut
1359 3980 1435 4033 ait
1466 3979 1796 4050 Augustinus
1837 3981 2126 4035 undecimo

545 4067 612 4122 de
635 4066 864 4122 Civitate
889 4068 998 4131 Dei,
1031 4068 1276 4137 loquitur,
1305 4069 1444 4140 quod
1471 4068 1524 4122 in
1547 4069 1754 4123 homine
1791 4070 1991 4132 ceteris,
2017 4069 2129 4138 qui-

545 4155 639 4209 bus
663 4157 815 4210 homo
831 4167 1056 4221 constat,
1087 4167 1160 4210 est
1187 4158 1391 4219 melius,
1406 4167 1452 4211 et
1476 4175 1578 4227 quo
1600 4159 1708 4227 ipse
1725 4157 1863 4212 Deus
1887 4157 2030 4212 solus
2053 4167 2125 4211 est

543 4247 744 4302 melior.
786 4249 915 4303 Cum
945 4250 1081 4304 enim
1117 4250 1269 4303 homo
1293 4250 1360 4303 ad
1389 4250 1668 4319 imaginem
1703 4249 1798 4302 Dei
1827 4249 1998 4318 factus
2035 4248 2124 4312 sit,

544 4337 773 4405 profecto
802 4356 863 4392 ea
889 4341 971 4393 sui
995 4349 1142 4408 parte
1171 4350 1243 4393 est
1267 4341 1608 4408 propinquior
1627 4338 1886 4404 superiori
1912 4353 1966 4391 se
1992 4337 2122 4400 Deo,

544 4443 648 4491 qua
677 4439 888 4496 superat
916 4429 1190 4496 inferiores
1221 4445 1385 4491 suos;
1416 4445 1545 4496 quas
1586 4428 1741 4480 etiam
1777 4443 1891 4478 cum
1930 4427 2128 4493 pecori-

2224 3267 2412 3314 santur
2426 3258 2640 3312 sibimet
2661 3253 2922 3308 rationale
2959 3261 3014 3309 et
3061 3251 3408 3306 irrationale?
3435 3250 3572 3305 Msc.
3602 3248 3793 3303 Paulu-

2224 3350 2333 3404 lum
2357 3349 2564 3403 acutius
2585 3356 2808 3400 naturas
2833 3359 3012 3400 rerum
3042 3344 3264 3412 inspice,
3292 3353 3344 3397 et
3372 3343 3630 3406 invenies,
3658 3342 3796 3395 hanc

2223 3439 2666 3513 propositionem,
2701 3450 2842 3506 quae
2867 3443 2949 3490 est
2975 3435 3026 3490 in
3063 3434 3386 3496 diil‘erentia,
3429 3435 3527 3487 sub
3564 3447 3667 3486 uno
3705 3445 3795 3496 ge-

2225 3546 2354 3586 nere
2369 3528 2696 3583 diil'erentias
2711 3541 2850 3590 esse,
2870 3541 2973 3579 non
2991 3525 3403 3580 controversias.
3423 3521 3580 3577 Verbi
3596 3519 3793 3590 gratia:

2224 3620 2412 3676 Omnis
2425 3628 2671 3674 creatura
2686 3625 2780 3670 aut
2794 3614 3017 3669 visibilis
3029 3623 3111 3669 est
3127 3611 3530 3667 autinvisibilis.
3550 3611 3644 3664 llic
3655 3607 3800 3663 diﬂe-

2227 3712 2454 3766 rentiam
2497 3709 2646 3772 facit,
2685 3723 2790 3762 non
2837 3704 3277 3760 controversiam.
3317 3702 3608 3758 Visibilitas
3651 3697 3792 3752 enim

2227 3812 2284 3860 et
2324 3801 2669 3856 invisibilitas
2695 3799 2798 3853 duo
2823 3797 3083 3866 quaedam
3115 3804 3239 3849 sunt
3275 3810 3307 3847 a
3334 3807 3391 3846 se
3419 3793 3668 3853 discreta,
3689 3802 3796 3841 non

2226 3891 2326 3946 sibi
2357 3888 2724 3960 repugnantia.
2757 3885 3017 3940 Similiter
3046 3893 3139 3938 aut
3164 3882 3457 3953 corporalis
3490 3890 3584 3934 aut
3622 3879 3797 3933 incor-

2226 3981 2426 4054 poralis
2451 3990 2532 4035 est
2567 3979 2742 4033 omnis
2773 3985 3052 4032 creatura.
3086 3975 3393 4029 Divinarum
3424 3985 3638 4042 quoque
3675 3983 3796 4038 pcr-

2228 4085 2481 4127 sonarum
2511 4068 2854 4123 habitudines
2895 4065 3169 4121 discernit.
3225 4064 3384 4118 Pater
3424 4060 3686 4130 siquidem
3717 4059 3808 4111 ἰκμ-

2228 4162 2438 4232 genitus
2463 4169 2565 4224 est,
2593 4159 2763 4213 Filius
2789 4173 2915 4211 vero
2939 4157 3165 4227 genitus,
3196 4153 3427 4222 Spiritus
3456 4163 3628 4220 neque
3659 4149 3799 4217 inge-

2229 4253 2373 4306 nitus
2420 4264 2595 4318 neque
2641 4249 2852 4318 genitus
2879 4247 2954 4312 ";
2998 4255 3052 4299 et
3102 4241 3513 4296 innumerabilia
3558 4237 3798 4306 exempla

2231 4340 2531 4411 huiusmodi
2562 4346 2706 4392 sunt.
2746 4337 2810 4392 Et
2842 4345 2900 4390 ut
2928 4336 3127 4391 clarius
3149 4347 3465 4403 cognoscas,
3496 4331 3634 4393 vide,
3661 4328 3799 4398 quod

2230 4429 2406 4484 omnis
2456 4426 2823 4481 controversia
2889 4425 2941 4477 in
2981 4440 3081 4476 una
3133 4421 3429 4489 eademque
3481 4419 3660 4487 specie
3707 4431 3800 4470 seu

549 4490 642 4568 bus
686 4490 984 4575 communes
1026 4518 1195 4570 habet.
1233 4518 1299 4570 Et
1339 4490 1656 4579 notandum,
1689 4516 1831 4584 quod
1858 4490 2020 4569 etiam
2071 4515 2123 4567 in
2157 4490 2204 4548 D
2232 4527 2382 4588 parte
2411 4517 2745 4586 intelligitur,
2784 4512 3084 4568 differentia
3129 4526 3256 4564 vero
3279 4511 3340 4575 _in
3381 4507 3606 4563 diversis
3637 4523 3649 4557 :
3695 4503 3802 4556 vel-

548 4603 651 4654 hac
680 4604 809 4666 vita,
840 4605 1150 4672 priusquam
1181 4614 1372 4669 totum,
1396 4608 1536 4675 quod
1570 4607 1620 4658 in
1646 4597 1865 4659 homine
1897 4604 2128 4659 animale

547 4699 651 4750 est,
683 4699 926 4744 vertatur
949 4692 1000 4743 in
1029 4694 1328 4760 spirituale,
1359 4703 1412 4746 et
1438 4708 1614 4758 omne,
1643 4694 1783 4761 quod
1813 4694 1864 4747 in
1890 4709 1955 4748 eo
1975 4708 2124 4749 com-

546 4778 778 4846 positum
825 4789 928 4842 est,
979 4780 1030 4830 in
1087 4781 1406 4833 ineti‘abilem
1464 4781 1769 4834 adunetur'
1815 4783 2128 4852 simplicita-

550 4874 682 4928 tem,
711 4874 886 4934 potest
918 4875 1061 4920 totus
1089 4867 1247 4921 homo
1271 4877 1324 4922 et
1356 4868 1602 4921 animalis
1638 4868 1753 4921 ﬁeri
1796 4878 1850 4922 et
1875 4871 2128 4938 spiritua-

547 4955 654 5019 lis;
698 4956 790 5010 sed
838 4958 1084 5012 animalis
1133 4957 1244 5012 sola
1291 4957 1540 5012 libertate
1571 4959 1802 5023 arbitrii,
1833 4960 2127 5030 spiritualis

550 5057 680 5095 vero
707 5054 760 5097 et
797 5045 964 5100 libero
990 5047 1214 5101 arbitrio
1257 5046 1415 5100 simul
1441 5054 1494 5100 et
1523 5048 1714 5116 gratia,
1739 5034 1855 5102 sine
1881 5064 1985 5118 qua
2031 5065 2126 5102 na-

549 5132 738 5189 tttralis
768 5135 1007 5205 potentia
1036 5136 1325 5194 voluntatis
1354 5151 1571 5192 movere
1605 5137 1878 5194 hominem
1916 5138 1969 5193 in
2011 5139 2125 5208 spi-

2229 4611 2306 4666 uti
2342 4607 2388 4664 si
2415 4609 2534 4677 quis
2563 4609 2628 4660 de
2658 4607 2873 4660 homine
2914 4605 3126 4668 dixerit,
3151 4603 3313 4656 homo
3367 4609 3449 4655 est
3490 4593 3678 4651 animal
3709 4607 3798 4644 ra-

2231 4701 2445 4763 tionale,
2479 4700 2639 4752 homo
2665 4705 2746 4752 est
2786 4695 2986 4750 animal
3030 4691 3364 4754 irrationale,
3408 4691 3472 4743 de
3507 4686 3592 4740 illa
3623 4681 3799 4750 specie

2229 4800 2451 4846 naturae
2493 4790 2560 4853 “,
2609 4801 2747 4856 quae
2776 4783 3198 4840 substantialiter
3238 4781 3396 4835 homo
3423 4776 3636 4835 dicitur,
3674 4783 3801 4838 pro-

2229 4883 2485 4936 nuntians
2517 4920 2530 4946 ,
2599 4877 3010 4934 contradictoria
3074 4872 3351 4944 proloquia
3405 4869 3552 4930 ﬁent,
3603 4871 3657 4918 et
3704 4875 3799 4915 ne-

2233 4971 2468 5025 cessario
2519 4985 2682 5023 unum
2731 4967 2836 5022 erit
2869 4962 2912 4996 "
2964 4979 3183 5027 verum,
3233 4960 3455 5014 alterum
3506 4953 3699 5008 falsum
3735 4948 3797 5001 ὀ.

2235 5060 2349 5116 Νοη
2381 5061 2523 5115 enim
2559 5067 2651 5113 aut
2700 5056 2860 5112 simul
2904 5069 3028 5109 vera
3075 5060 3301 5124 possunt
3339 5063 3477 5112 esse,
3521 5055 3615 5100 aut
3649 5037 3806 5098 simul

2235 5152 2367 5208 falsa
2408 5148 2824 5206 contradictoria
2864 5144 3140 5216 proloquia
3191 5143 3258 5197 de
3313 5139 3556 5208 subjecto
3597 5133 3801 5193 eodem.

1842 5287 2094 5345 VABIAE
2134 5281 2532 5341 LECTIONES.

668 5398 758 5453 Sic
786 5399 899 5461 CF;
948 5400 991 5452 Α
1022 5400 1264 5453 intentus.
1339 5402 1358 5431 ’
1406 5399 1494 5454 Sic
1519 5399 1653 5461 CF;
1684 5400 1728 5452 Α
1777 5399 2020 5451 inveniri.

551 5468 666 5530 CF;
698 5470 735 5519 A
765 5468 951 5534 fartus.
1030 5468 1050 5497 ‘
1079 5469 1124 5522 A
1151 5469 1436 5522 adimatur.
1513 5469 1533 5500 '
1573 5467 1656 5521 CF

553 5541 594 5595 Α
614 5536 970 5605 proclirisque.
1051 5539 1088 5569 ”
1123 5537 1213 5591 Sic
1237 5537 1351 5604 CF;
1391 5538 1436 5592 A
1459 5556 1520 5591 ac
1543 5547 1646 5589 tant
1676 5536 1826 5589 vitiis.

555 5608 674 5669 CF;
713 5607 752 5658 Α
795 5606 1225 5661 contradicentes
1258 5609 1470 5660 invicem
1497 5607 1690 5673 species
1719 5605 1826 5657 illo.

560 5677 674 5736 Cl";
707 5684 925 5725 naturae
954 5689 1060 5726 om.
1089 5676 1151 5725 A.
1250 5679 1289 5708 "
1322 5677 1360 5727 Α
1391 5678 1547 5728 enim.

2099 5396 2117 5427 ³
2151 5394 2240 5449 Sic
2287 5393 2402 5456 CF;
2446 5393 2490 5446 A
2554 5403 2794 5445 naturae.
2871 5387 2894 5419 ⁸
2938 5386 3028 5442 Sic
3062 5386 3182 5450 CF;
3223 5396 3297 5439 est
3341 5400 3453 5456 om.
3486 5384 3550 5456 A_.
3577 5451 3625 5456 __
3652 5380 3807 5456 '_S_ic

1695 5449 1947 5546 riae-1:
1979 5465 2067 5546 Sic
2102 5467 2140 5520 Α
2161 5464 2292 5544 :ICF
2321 5449 2722 5546 ίοὸίταιίοιείξηξε.
2778 5457 2918 5546 ’.ἐξ
2938 5457 3058 5546 “ii
3089 5453 3549 5546 genere“:
3573 5449 3800 5546 δίῖδὲἐ

1908 5535 1948 5564 η
1979 5517 2203 5602 sinit—"ii
2225 5517 2519 5602 virtutium.
2575 5527 2758 5602 _"_S_ic
2787 5526 2940 5583 ACF.
3018 5517 3059 5558 ⁸⁵
3091 5517 3181 5579 Sit:
3208 5524 3326 5602 CF;
3353 5522 3395 5575 Α
3422 5539 3565 5602 Ραΐθ·

1925 5602 1967 5634 ⁸⁸
1990 5586 2143 5654 hoino
2169 5617 2276 5655 om.
2305 5602 2369 5653 A.
2482 5600 2520 5628 ¹⁷
2564 5597 2791 5665 Spiritus
2819 5613 2976 5665 neque
3003 5627 3072 5636 —
3112 5595 3311 5664 genitus
3341 5586 3448 5647 om.
3482 5593 3546 5645 A.
3648 5589 3689 5620 ιθ
3719 5586 3806 5641 Sic

1623 5676 1666 5705 ³ο
1701 5673 1788 5729 Sic
1817 5672 1930 5737 CF;
1958 5670 2002 5724 Λ
2027 5669 2253 5726 alterum
2285 5684 2399 5726 vero
2427 5667 2634 5721 falsum.
