4212 6272
437 375 539 433 757

1252 367 1339 421 DE
1384 365 1726 421 DIVISIONE
1765 361 2113 417 NATURAE.
2149 391 2222 403 —
2257 365 2456 422 LIBER
2495 368 2842 434 QUARTUS.

3588 371 3691 427 758

437 487 552 544 sive
575 481 948 540 universaliter
977 480 1107 554 sint,
1136 479 1250 534 sive
1275 479 1692 548 particulariter.
1732 478 1868 533 Dum
1909 475 2005 547 igi-
2031 476 2084 536 Δ
2101 492 2229 534 rem
2241 487 2539 548 “unper-
2557 479 2920 550 septimam,
2943 497 3083 548 quae
3101 486 3501 540 estsecundum
3513 486 3690 540 excel-

439 583 530 629 tur
550 571 713 627 dicis:
745 571 906 625 homo
932 578 1015 624 est
1042 566 1241 622 animal
1273 567 1554 634 rationale,
1579 583 1749 638 equus
1768 576 1851 623 est
1877 567 2014 621 irra-

441 663 641 720 tionale
681 659 899 724 animal,
941 659 1084 714 nulla
1125 657 1446 730 intelligitur
1479 659 1857 722 contradictio,
1888 673 2014 728 quo-

440 754 586 809 niam
617 749 954 804 rationabilis
995 756 1052 804 et
1078 748 1466 804 irrationabilis
1490 747 1736 803 animalis
1760 749 2014 802 substan-

441 841 621 897 tlalem
647 838 1004 895 diﬂ‘erentiarn
1031 838 1314 909 patetacis.
1355 839 1489 892 Dum
1519 839 1662 894 enim
1689 838 1706 868 ί
1750 836 2013 890 rationem

437 932 640 988 homini
671 931 790 994 das,
815 939 876 986 et
895 930 965 985 ab
990 943 1130 998 equo
1156 929 1358 994 aufers,
1385 929 1742 984 differentiam
1780 928 2014 984 hominis

435 1029 491 1074 et
517 1019 641 1088 equi
675 1018 981 1089 signiﬁcas.
1018 1017 1115 1072 Est
1163 1018 1306 1072 enim
1345 1017 1422 1072 sic
1451 1021 1471 1048 '
1509 1017 1808 1072 diﬁ‘erentia
1837 1015 2015 1070 homi-

435 1107 520 1164 nis
557 1122 588 1160 a
622 1107 820 1162 ceteris
867 1105 1255 1170 animantibus,
1302 1105 1500 1160 habere
1527 1105 1812 1168 rationem,
1835 1103 1975 1158 sicut
1997 1101 2018 1132 ³

435 1204 744 1253 ceterorum
775 1195 1130 1249 animantium
1164 1193 1233 1248 ab
1256 1193 1470 1248 homine
1499 1193 1822 1256 differentia,
1856 1191 2022 1246 ratio-

439 1301 566 1348 nem
593 1301 698 1340 non
721 1285 926 1340 habere
949 1325 964 1350 ,
995 1284 1120 1338 dum
1159 1298 1333 1352 neque
1361 1282 1413 1336 in
1447 1284 1548 1337 hoc
1577 1283 1790 1337 habitus
1820 1289 1874 1336 et
1911 1281 2020 1349 pri-

440 1376 589 1431 vatio
615 1375 966 1446 dignoscitur.
1003 1373 1227 1428 Habitus
1263 1374 1406 1428 enim
1451 1373 1683 1428 hominis
1711 1382 1796 1428 est
1822 1371 2021 1427 habere

443 1467 734 1531 rationem,
769 1466 982 1521 habitus
1005 1473 1184 1519 autem
1227 1465 1350 1532 equi
1383 1463 1610 1518 rationis
1635 1463 1896 1518 absentia.
1937 1461 2023 1516 Si-

443 1554 660 1626 quidem
689 1568 862 1623 equus
892 1567 996 1606 non
1037 1551 1282 1621 privatur
1322 1566 1387 1606 eo
1425 1552 1641 1616 habitu,
1674 1566 1832 1620 quem
1881 1564 2019 1602 nun-

444 1659 604 1714 quam
635 1644 811 1712 potuit
837 1643 1058 1697 habere.
1097 1642 1193 1698 Ubi
1226 1651 1404 1697 autem
1429 1642 1646 1697 habitus
1672 1657 1774 1696 non
1805 1655 2020 1710 praece-

440 1735 518 1790 dit
538 1735 582 1800 ⁸,
607 1734 676 1789 ibi
705 1733 935 1803 privatio
959 1745 1298 1801 consequens
1321 1733 1342 1763 '
1371 1749 1475 1787 non
1498 1733 1620 1788 erit.
1643 1732 1899 1797 Animali,
1925 1746 2018 1786 seu

2113 567 2353 632 lentiam,
2384 569 2507 636 quia
2527 567 2648 639 plus
2669 580 2753 623 est
2771 583 2934 636 quam
2960 571 3180 626 vetitas.
3201 573 3679 641 Asper-hocet“:-

2114 673 2231 712 rum
2257 668 2362 721 est,
2381 657 2522 712 Deus
2542 659 2742 712 veritas
2769 668 2874 722 est,
2909 658 3036 712 dum
3061 659 3142 714 sit
3185 659 3694 718 verm-amomum

2112 761 2298 818 causa,
2321 758 2374 803 et
2387 764 2573 803 verum
2592 759 2692 810 est,
2713 751 2852 806 Deus
2873 752 3072 806 veritas
3093 765 3200 806 non
3218 754 3699 822 est,qniavsupcrat

2113 855 2291 904 omne,
2307 841 2448 908 quod
2480 841 2697 905 dicitur,
2713 851 2768 895 et
2790 841 3123 912 intelligitur,
3145 850 3314 897 etest.
3340 840 3452 898 Nec
3466 857 3552 897 me
3563 842 3696 897 latet

2113 929 2256 997 quod
2283 929 2558 993 addidisti,
2581 945 2887 999 quanquam
2908 931 3067 988 ambo
3090 947 3195 987 non
3215 932 3460 1001 ejusdem
3482 932 3698 987 virtutis

2115 1019 2224 1096 sint
2249 1019 2312 1072 ‘7.
2341 1018 2515 1073 Minus
2543 1020 2686 1073 enim
2715 1020 2854 1074 valet
2880 1021 2948 1076 ad
2985 1020 3267 1076 inell‘abilis
3287 1021 3499 1077 divinae
3513 1033 3699 1078 essen--

2119 1109 2224 1165 tiae
2268 1108 2716 1178 signiﬁcationem
2751 1110 3036 1166 adﬁrmatio
3079 1126 3242 1180 quam
3280 1113 3511 1184 negatio,
3564 1127 3699 1183 quo-

2119 1200 2262 1255 niam
2319 1215 2424 1256 una
2473 1215 2539 1256 ex
2586 1203 2854 1257 creaturis
2898 1203 2964 1257 ad
2991 1202 3305 1260 Creatorem
3352 1204 3693 1271 transfertur,

2120 1290 2288 1344 altera
2314 1291 2453 1346 ultra
2481 1305 2696 1347 omnem
2733 1302 3036 1348 creaturam
3067 1295 3134 1349 de
3178 1294 3435 1351 Creatore
3467 1312 3567 1366 per
3609 1313 3696 1362 se-

2121 1378 2292 1446 ipsum
2323 1379 2683 1447 praedicatur.
2736 1379 2874 1436 Msa.
2921 1379 3062 1436 Bene
3109 1382 3259 1440 vides
3309 1384 3452 1452 quod
3493 1384 3694 1439 addidi.

2121 1467 2257 1535 Quid
2306 1467 2468 1537 igitur
2511 1468 2729 1532 mirum,
2775 1469 2819 1524 si
2865 1471 2932 1525 de
2979 1471 3214 1534 homine,
3247 1473 3338 1541 qui
3378 1473 3534 1528 solus
3559 1474 3700 1529 inter

2120 1566 2298 1611 cetera
2333 1557 2586 1612 animalia
2625 1559 2692 1612 ad
2731 1558 3013 1630 imaginem
3058 1559 3152 1617 Dei
3201 1561 3376 1618 factus
3419 1570 3524 1628 est,
3569 1577 3697 1617 vere

2121 1645 2282 1700 simul
2319 1647 2489 1715 possit
2533 1647 2868 1716 praedicari,
2899 1649 3060 1703 homo
3095 1648 3294 1708 animal
3323 1657 3440 1715 est,
3475 1665 3584 1706 non
3611 1658 3695 1706 est

2124 1733 2322 1788 animal
2353 1736 2513 1789 homo
2535 1775 2549 1800 ,
2583 1745 2642 1790 ut
2686 1751 2784 1805 per
2829 1738 2932 1792 hoc
2965 1737 3155 1793 saltem
3196 1739 3590 1810 intelligamus,
3629 1740 3699 1798 ad

438 1798 740 1894 cuicunque
766 1825 954 1878 vitam
1004 1798 1347 1894 participauti
1381 1841 1528 1880 mors
1573 1840 1674 1880 non
1730 1824 2019 1889 accideret,
2050 1798 2097 1855 Β
2127 1825 2412 1896 imaginem
2433 1798 2902 1882 Deiiillud-animal
2923 1826 3224 1897 specialiter
3243 1798 3696 1896 essevcondit'um,

440 1915 486 1969 si
523 1915 671 1986 prius
693 1915 740 1968 ei
763 1914 998 1969 habitus
1039 1915 1181 1969 vitae
1228 1930 1335 1969 non
1385 1916 1604 1970 inesset.
1635 1915 1865 1984 Ideoque
1904 1915 2024 1969 nul-

441 2002 550 2060 lum
581 2001 779 2056 animal
821 2003 1037 2071 proprie
1082 2003 1312 2058 dicimus
1341 2002 1587 2069 stultum,
1613 2012 1828 2072 praeter
1867 2000 2020 2067 illud,

444 2092 501 2147 in
522 2107 626 2160 quo
652 2093 918 2157 videmus,
951 2105 1106 2162 posse
1139 2091 1254 2148 ﬁeri
1288 2091 1514 2146 rationis
1549 2091 1820 2156 habitum;
1849 2106 2022 2159 neque

440 2183 712 2247 stolidum,
742 2184 844 2237 nisi
874 2183 960 2238 cui
992 2183 1312 2237 naturaliter
1348 2183 1525 2237 inesse
1551 2191 1728 2252 potest
1751 2180 2020 2237 sentiendi

446 2273 728 2330 habitudo.
759 2272 908 2327 DISC.
930 2271 1108 2338 Quare
1141 2271 1492 2343 ergodixisti,
1521 2271 1702 2324 inuno
1725 2270 2025 2338 eodemque

447 2362 690 2430 subjecto
737 2361 842 2416 duo
885 2361 1165 2429 proloquia
1220 2361 1437 2415 sibimet
1487 2359 1833 2414 adversantia
1887 2357 2021 2414 falsa

448 2450 609 2509 simul
636 2458 729 2504 aut
750 2456 879 2504 v‘era
906 2451 1059 2505 simul
1087 2465 1204 2505 esse
1230 2465 1334 2505 non
1359 2465 1538 2520 posse,
1573 2449 1664 2504 sed
1689 2451 1734 2505 si
1765 2465 1929 2504 unum
1957 2450 2028 2505 sit

448 2554 657 2600 verum,
692 2539 999 2594 necessario
1029 2538 1255 2593 alterum
1312 2539 1417 2593 erit
1465 2537 1682 2604 falsum,
1709 2540 1856 2594 verbi
1906 2555 2027 2610 gra-

448 2627 557 2694 tia,
587 2628 631 2682 si
657 2644 778 2697 quts
820 2628 1018 2683 dixerit
1065 2628 1131 2682 de
1174 2641 1280 2681 uno
1312 2627 1638 2697 eodemque,
1684 2627 1785 2683 hoc
1831 2627 2026 2682 animal

445 2734 616 2789 equus
651 2727 765 2783 est,
791 2734 960 2788 equus
1005 2733 1110 2774 non
1160 2730 1274 2785 est,
1317 2735 1444 2774 cum
1488 2720 1690 2775 videris
1719 2719 1738 2752 °
1763 2736 2025 2786 asserere,

443 2811 863 2866 contradictoria
910 2810 1188 2880 proloquia
1239 2824 1365 2864 vera
1427 2809 1587 2875 simul
1630 2825 1787 2880 posse
1849 2825 1967 2865 esse
2003 2811 2024 2842 ⁷

447 2900 502 2956 in
530 2901 780 2956 homine:
809 2900 982 2956 Homo
1007 2900 1206 2957 animal
1233 2910 1338 2968 est,
1375 2917 1480 2957 non
1509 2910 1594 2958 est
1619 2901 1814 2957 animal
1844 2903 2024 2970 homo,

448 3000 504 3046 et
544 2992 647 3046 hoc
691 2991 1006 3046 naturaliter
1057 2993 1234 3048 inesse
1272 2992 1294 3024 ⁸
1361 2992 1411 3046 ei
1456 2992 1649 3057 doces,
1683 2991 1852 3048 donec
1885 3001 2028 3048 totus

450 3089 733 3135 moveatur
763 3080 1010 3136 animalis
1035 3081 1089 3136 in
1118 3081 1485 3151 spiritualem?
1508 3081 1574 3136 Et
1597 3097 1695 3136 cur
1715 3081 1815 3137 hoc
1841 3081 1893 3135 in
1924 3082 2022 3137 ho-
2049 3076 2101 3151 ,ς

450 3172 597 3227 mine
625 3172 755 3239 solo,
786 3173 838 3226 in
869 3173 1062 3230 ceteris
1091 3188 1218 3228 vero
1242 3171 1558 3228 animalibus
1587 3172 1732 3227 nullo
1761 3174 1938 3239 modo,
1965 3175 2018 3229 in

448 3260 644 3330 quibus
671 3261 890 3315 omnino
911 3261 932 3290 ’
962 3275 1142 3316 verum
1170 3269 1274 3326 est,
1299 3259 1497 3315 animal
1526 3275 1668 3327 esse,
1697 3260 1894 3316 animal
1921 3277 2019 3316 au-

446 3361 554 3407 tem
600 3370 704 3408 non
749 3368 870 3408 esse
920 3354 1138 3408 omnino
1169 3353 1394 3409 falsum?
1441 3353 1581 3409 ΜΑε.
1617 3353 1850 3408 Putasne
1879 3353 2020 3408 aliud

445 3442 642 3498 animal
665 3453 878 3512 praeter
903 3444 944 3474 ⁸ο
967 3443 1236 3499 hominem
1258 3442 1323 3497 ad
1353 3443 1638 3515 imaginem
1668 3444 1760 3498 Dei
1789 3444 2022 3498 factum?

445 3531 588 3586 DISC.
615 3529 982 3602 Nequaquam.
1014 3531 1151 3588 MAG.
1188 3531 1439 3600 Negabis,
1465 3533 1568 3588 duo
1590 3532 1867 3602 proloquia
1895 3531 2021 3588 sibi:

443 3629 556 3677 met
599 3620 962 3684 colluctantia,
1010 3619 1138 3674 dum
1181 3619 1250 3676 de
1295 3619 1405 3675 Deo
1449 3621 1850 3690 praedicantur,
1893 3635 2018 3675 vera

444 3708 603 3764 simul
651 3725 787 3775 esse,
843 3718 899 3764 et
925 3708 1072 3764 nullo
1102 3711 1259 3766 modo
1310 3709 1466 3774 falsa,
1511 3727 1818 3780 quanquam
1863 3710 2021 3766 ambo

447 3797 683 3867 ejusdem
707 3800 923 3856 virtutis
949 3815 1053 3855 non
1086 3801 1213 3867 sint,
1246 3809 1304 3858 ut
1325 3811 1452 3873 puta
1478 3821 1491 3857 :
1522 3802 1665 3858 Deus
1691 3803 1888 3858 veritas
1916 3813 2018 3869 est,

449 3887 593 3942 Deus
623 3889 819 3942 veritas
847 3903 952 3943 non
979 3890 1096 3943 est?
1127 3890 1272 3946 DISC.
1302 3890 1508 3962 Negare
1532 3907 1638 3946 non
1667 3893 1862 3958 ausim,
1895 3893 2018 3946 dum

448 3977 563 4046 ipse
594 3977 660 4031 de
685 3978 860 4046 seipso
888 3979 1017 4033 dicit
1043 3997 1054 4031 :
1097 3978 1208 4050 Ego
1238 3996 1353 4034 sum
1381 3982 1484 4046 ria,
1508 3991 1555 4035 et
1585 3982 1788 4042 veritas,
1821 3990 1868 4034 et
1894 3981 2017 4034 vita.

449 4065 682 4120 Sanctus
721 4078 900 4122 autem
937 4068 1257 4139 Areopagita
1300 4071 1584 4142 Dionysius
1631 4071 1684 4126 in
1728 4070 2018 4143 symbol2ca

381 4222 391 4232 .
447 4158 733 4230 Theologia
765 4160 912 4227 dicit,
940 4163 1062 4230 quia
1090 4162 1226 4216 Deus
1254 4163 1297 4194 “
1338 4179 1498 4233 neque
1527 4163 1715 4216 veritas
1741 4173 1835 4226 est,
1862 4178 2021 4232 neque

383 4237 391 4245 ’
443 4253 551 4310 vita
581 4253 644 4305 ".
671 4253 761 4306 Ait
783 4253 962 4306 enim:
999 4253 1178 4324 Neque
1204 4254 1367 4308 virtus
1389 4264 1484 4318 est,
1519 4269 1679 4319 neque
1709 4253 1827 4317 lux,
1861 4269 2022 4323 neque

445 4340 587 4404 vita;
617 4349 672 4393 et
716 4342 874 4409 paulo
900 4352 1060 4412 post:
1095 4343 1274 4406 Neque
1309 4344 1526 4398 scientia
1566 4351 1672 4408 est,
1703 4359 1863 4412 neque
1887 4343 2022 4396 ueri-

2122 1915 2190 1969 de
2215 1928 2322 1984 quo
2346 1915 2636 1984 pugnantia
2657 1915 2870 1971 sibimet
2896 1916 2948 1970 in
2979 1916 3098 1972 aliis
3115 1917 3477 1973 animantibus
3497 1917 3542 1949 “‘
3568 1932 3698 1986 pro-

2124 2003 2303 2073 loquia
2343 2018 2469 2058 vere
2500 2003 2659 2058 simul
2690 2005 3107 2073 praedicantur?
3139 2006 3308 2062 Porro
3337 2007 3380 2062 si
3414 2015 3700 2076 propterea

2124 2093 2337 2150 divinae
2362 2094 2632 2147 essentiae
2661 2091 3044 2148 aﬂirmationes
3071 2103 3128 2150 et
3163 2097 3479 2164 negationes
3499 2109 3700 2151 conve-

2124 2183 2302 2248 niunt,
2329 2182 2582 2251 quoniam
2617 2192 2838 2253 superat
2877 2183 3074 2248 omnia,
3103 2198 3241 2254 quae
3283 2185 3352 2240 ab
3381 2197 3444 2238 ea
3473 2185 3515 2219 “
3560 2183 3701 2240 facta

2129 2282 2256 2328 sunt
2281 2281 2336 2328 et
2363 2287 2590 2341 quorum
2618 2287 2780 2327 causa
2807 2279 2910 2337 est,
2935 2273 3146 2327 cuinon
3179 2271 3699 2344 liceattprospicere,

2125 2362 2437 2432 negationes
2473 2370 2528 2416 et
2572 2360 2953 2418 aﬂirmationes
3001 2362 3220 2432 imagini
3259 2371 3314 2416 et
3359 2360 3698 2416 similitudini

2123 2451 2263 2520 ejus,
2313 2466 2450 2522 quae
2499 2452 2551 2506 in
2598 2452 2815 2506 homine
2849 2459 2962 2517 est,
3015 2452 3339 2507 unanimiter
3389 2449 3698 2516 convenire,

2123 2535 2554 2615 quandoquidem
2589 2555 2810 2613 superat
2848 2554 3024 2598 cetera
3063 2541 3340 2606 animalia,
3373 2542 3514 2596 inter
3559 2554 3700 2610 quae

2123 2635 2223 2691 sub
2239 2650 2346 2689 uno
2367 2648 2562 2704 genere
2585 2633 2832 2688 conditus
2845 2639 2927 2686 est
2950 2631 3016 2696 ³⁸,
3041 2640 3095 2685 ει
3120 2631 3273 2699 cujus
3296 2646 3457 2685 causa
3483 2630 3700 2684 condita

2125 2724 2290 2778 sunt?
2315 2723 2446 2790 Quis
2491 2723 2633 2776 enim
2679 2733 2823 2776 recte
2867 2721 3191 2792 sapientium
3234 2721 3525 2791 ignorarit,
3556 2720 3700 2775 hunc

2125 2812 2381 2867 mundum
2426 2811 2686 2866 visibilem
2730 2827 2851 2866 cum
2892 2811 3142 2865 omnibus
3191 2810 3302 2864 suis
3352 2809 3614 2878 partibus,
3664 2822 3696 2862 a

2125 2916 2338 2958 summo
2366 2915 2536 2970 usque
2569 2903 2841 2966 deorsum,
2873 2909 3089 2970 propter
3131 2899 3401 2956 hominem
3454 2911 3574 2952 esse
3611 2896 3695 2951 fa-

2125 2990 2435 3055 ctum,utei
2465 2992 2756 3061 praeesset,
2787 2999 2840 3044 et
2861 2991 3227 3045 dominaretur
3247 2989 3487 3046 omnium
3513 3002 3698 3042 rerum

2123 3081 2450 3138 visibilium?
2477 3081 2628 3146 Quod
2671 3088 2890 3134 sanctus
2931 3079 3224 3151 Gregorius
3259 3080 3312 3133 in
3354 3090 3604 3133 sermone
3631 3075 3699 3130 de

2120 3172 2356 3244 imagine
2403 3171 2488 3226 his
2536 3171 2712 3225 verbis
2756 3169 2980 3224 edocet:
3040 3168 3311 3234 Quomodo
3363 3169 3442 3232 “,
3491 3165 3721 3236 inquit,-

2118 3273 2226 3318 tota
2249 3263 2293 3293 “
2319 3273 2553 3315 creatura
2565 3269 2768 3330 praeter
2792 3261 3050 3314 hominem
3071 3260 3114 3291 ⁸³
3142 3260 3317 3314 divina
3337 3261 3521 3314 virtute
3543 3255 3700 3311 simul

2118 3369 2236 3408 cum
2255 3361 2526 3422 praecepto
2548 3350 2826 3404 constituta
2851 3351 2950 3416 sit,
2986 3349 3209 3404 hominis
3231 3365 3346 3403 vero
3376 3347 3700 3402 constitutio-

2120 3459 2235 3498 nem
2259 3442 2530 3496 consilium
2561 3441 2816 3511 praecedit
2844 3441 2913 3505 ",
2931 3450 2979 3495 et
2999 3439 3387 3510 praeformatur
3411 3438 3457 3469 "
3485 3437 3549 3490 ab
3571 3436 3701 3490 arti.

2119 3531 2215 3600 ﬁce
2254 3547 2346 3601 per
2388 3529 2596 3585 verbum
2643 3531 2952 3598 scripturae,
2997 3529 3123 3600 quid
3176 3529 3412 3597 futurum
3455 3535 3608 3591 esset,
3648 3533 3697 3579 et

2117 3619 2270 3691 quale
2296 3636 2406 3675 esse
2429 3620 2745 3682 conveniret,
2775 3628 2822 3673 et
2849 3619 2916 3672 ad
2945 3618 3098 3690 quale
3123 3616 3410 3688 principale
3436 3613 3700 3684 exemplar

2117 3711 2510 3766 similitudinem
2537 3710 2788 3780 ferret,“
2815 3710 2870 3764 in
2910 3726 3012 3780 quo
3036 3708 3202 3777 ﬁeret,
3235 3718 3281 3762 et
3306 3707 3431 3777 quid
3460 3719 3696 3776 operare-

2119 3812 2205 3858 tur
2226 3803 2444 3873 factum,
2472 3811 2519 3855 et
2545 3801 2728 3868 quibus
2749 3801 3138 3854 dominaretur:
3163 3798 3338 3851 omnia
3361 3797 3508 3865 prius
3529 3809 3698 3849 sermo

2119 3895 2490 3964 circumspicit,
2532 3901 2587 3946 ut
2627 3891 3049 3948 venerabiliorem
3089 3887 3437 3958 generationis
3471 3886 3699 3954 dignita-v

2120 3996 2244 4050 tem,
2285 3986 2588 4054 priusquam
2622 3982 2677 4034 in
2703 3982 2977 4034 essentiam
3007 3979 3218 4039 veniret,
3258 3978 3365 4044 ipse
3400 3975 3695 4035 sortiretur,

2119 4076 2208 4146 qui
2246 4074 2591 4144 principatum
2629 4086 2832 4132 eorum,
2857 4085 2991 4137 quae
3015 4078 3154 4128 sunt,
3183 4081 3513 4134 possessurus
3539 4065 3690 4132 foret.

2124 4165 2266 4218 Dixit
2288 4165 2445 4226 enim,
2473 4161 2638 4230 inquit
2677 4159 2814 4212 Deus
2838 4173 2855 4209 :
2885 4158 3164 4210 Faciamus
3187 4156 3444 4208 hominem
3471 4153 3540 4206 ad
3565 4155 3698 4205 ima-

2121 4255 2292 4325 ginem
2320 4263 2550 4306 nostram
2576 4260 2623 4304 et
2654 4248 3064 4311 similitudinem,
3087 4257 3135 4300 et
3160 4247 3455 4298 dominetur
3475 4243 3696 4312 piscium

2121 4345 2304 4410 maris,
2327 4352 2374 4398 et
2401 4343 2682 4397 bestiarum
2707 4335 2898 4404 terrae,
2920 4348 2966 4392 et
2987 4336 3274 4392 rolatilium
3302 4333 3451 4397 caeli,
3479 4343 3530 4388 et
3553 4347 3701 4402 peco~

446 4437 527 4482 tas
557 4429 621 4480 ⁸³.
651 4430 786 4484 MAG.
823 4411 1092 4488 Fortassis
1119 4432 1403 4504 Dionysius
1433 4431 1750 4487 contradicit
1774 4411 2018 4497 Christd,
2048 4465 2098 4524 Ι)
2125 4451 2261 4500 rum,
2288 4442 2335 4488 et
2366 4431 2531 4486 omnis
2559 4423 2753 4483 terrae.
2785 4426 2852 4481 Et
2873 4426 2976 4481 hoc
3005 4425 3052 4479 ei
3081 4424 3264 4478 datum
3293 4430 3421 4524 est,‘
3438 4420 3552 4475 sive
3574 4433 3696 4524 pec~

447 4515 538 4586 qui
561 4517 625 4571 de
645 4519 818 4587 seipso
832 4522 1122 4588 praedicat,
1151 4538 1208 4577 se
1229 4523 1400 4592 ipsum
1414 4523 1692 4578 veritatem
1709 4524 1860 4579 esse?
1875 4525 2015 4578 DISC.

445 4607 618 4662 Absit.
653 4609 790 4664 ΜΑο.
819 4611 1117 4681 Utrumque
1141 4613 1304 4682 igitur
1324 4628 1510 4668 verum
1532 4623 1633 4679 est,
1659 4614 1800 4670 Deus
1822 4615 2019 4670 veritas

441 4707 544 4763 est,
561 4699 701 4756 Deus
715 4703 916 4758 veritas
929 4718 1034 4758 non
1049 4712 1151 4758 est.
1174 4705 1316 4758 DISC.
1331 4704 1445 4759 Non
1459 4706 1627 4760 solum
1643 4722 1829 4763 verum
1844 4708 1910 4771 “,
1925 4708 2020 4762 sed

443 4790 602 4843 etiam
618 4792 977 4847 verissimum.
998 4792 1174 4848 Unum
1189 4794 1405 4863 quidem
1420 4795 1620 4851 dictum
1632 4806 1711 4851 est
1727 4798 2018 4852 secundum

447 4875 848 4934 allirmationem
881 4882 923 4912 ³⁸
947 4897 1045 4950 per
1065 4882 1454 4949 metaphoram,
1482 4883 1733 4952 quoniam
1761 4884 1872 4953 ipse
1893 4900 2022 4939 con—

448 4963 590 5016 ditor
600 4977 679 5018 est
693 4968 735 4997 ¹⁶
751 4977 803 5022 ει
815 4985 974 5026 causa
992 4969 1354 5038 primordialis
1369 4969 1628 5034 veritatis,
1644 4971 1795 5039 cujus
1807 4987 1872 5038 pa
1881 4972 2022 5026 rtici-

447 5055 664 5123 pationc
679 5073 796 5112 vera
816 5069 960 5127 sunt,
977 5075 1346 5130 quaecumque
1360 5077 1482 5115 vera
1499 5068 1644 5127 sunt,
1662 5063 1838 5116 omnia
1857 5080 1872 5128 ;
1896 5065 2020 5120 alte-

2125 4533 2306 4588 caret,
2337 4522 2451 4578 sive
2478 4536 2582 4574 non
2609 4524 2886 4586 peccaret,
2918 4513 3164 4585 quamvis
3192 4527 3296 4565 non
3323 4509 3512 4564 eodem
3540 4506 3699 4563 modo

2125 4620 2355 4683 regeret,
2377 4610 2421 4664 si
2452 4623 2556 4664 non
2585 4614 2853 4678 peccaret,
2879 4617 2986 4673 quo
3007 4601 3165 4670 regit,
3194 4608 3479 4670 postquam
3506 4608 3700 4666 pecca-

2124 4702 2201 4756 vit
2228 4700 2292 4754 “.
2326 4699 2393 4753 Et
2422 4705 2480 4752 ut
2522 4695 2625 4752 hoc
2653 4694 2856 4749 certius
2892 4705 3204 4763 cognoscas,
3233 4703 3360 4743 num
3395 4685 3692 4750 existimas,

2124 4791 2396 4848 hominem
2425 4804 2486 4844 ea
2526 4795 2678 4857 parte
2704 4787 2821 4852 sui,
2861 4799 2966 4855 qua
2992 4783 3060 4838 ad
3090 4783 3377 4854 imaginem
3403 4779 3494 4835 Dei
3525 4778 3700 4834 factus

2125 4891 2228 4947 est,
2256 4878 2454 4934 animal
2479 4892 2620 4940 esse,
2648 4885 2741 4931 aut
2762 4891 2847 4942 ea,
2877 4889 2982 4945 qua
3012 4874 3154 4928 inter
3177 4871 3428 4928 animalia
3453 4869 3520 4924 de
3555 4877 3697 4924 terra

2125 4975 2415 5043 productus
2442 4979 2544 5033 est,
2578 4969 2863 5039 imaginem
2897 4967 2992 5021 Dei
3019 4966 3336 5028 subsistere,
3368 4969 3461 5016 aut
3487 4970 3697 5014 utrum-

2124 5078 2249 5134 que,
2279 5063 2380 5116 hoc
2409 5068 2511 5126 est,
2541 5069 2596 5113 et
2633 5058 2918 5126 imaginem
2948 5064 3004 5111 et
3036 5053 3234 5109 animal
3265 5050 3530 5107 veraciter
3555 5048 3608 5102 in
3633 5062 3699 5102 eo

1710 5211 1965 5268 VARIAE
2023 5211 2419 5274 LECTIONES.

517 5343 532 5372 ‘
562 5343 699 5394 enim
727 5358 834 5396 om.
866 5343 971 5399 CF.
1037 5347 1056 5375 ¹
1089 5344 1180 5400 Sic
1212 5344 1288 5412 A;
1319 5344 1404 5400 CF
1437 5344 1506 5397 Et
1531 5343 1597 5397 sit
1619 5341 1939 5398 differentia.

2019 5346 2039 5376 ³
2071 5345 2159 5400 Sic
2182 5343 2296 5406 CF;
2316 5343 2355 5396 Α
2380 5343 2454 5395 sic
2475 5353 2542 5396 et.
2613 5342 2635 5372 ι
2660 5343 2704 5396 Α
2734 5341 2940 5394 recedit.
3009 5340 3030 5372 '
3058 5339 3148 5394 Sic
3175 5335 3258 5392 CF
3274 5351 3289 5400 ;
3320 5335 3364 5390 Α
3385 5347 3694 5406 consequen.

439 5412 729 5483 minutio;
764 5412 785 5442 ⁸
808 5412 901 5467 Sic
919 5412 1004 5468 CF
1023 5429 1037 5477 ;
1056 5415 1095 5466 Α
1121 5404 1368 5468 videaris.
1444 5413 1465 5447 τ
1497 5412 1585 5468 Sic
1606 5412 1721 5472 CF;
1751 5414 1796 5466 Α
1830 5430 1939 5468 esse
1957 5431 2124 5483 posse.
2198 5413 2222 5450 ⁸
2249 5404 2350 5483 Sic
2374 5411 2492 5483 CF;
2531 5411 2579 5465 A
2603 5426 2706 5464 non
2726 5425 2870 5483 esse._
2926 5408 2949 5439 ⁸
2978 5407 3069 5462 Sic
3100 5407 3216 5470 CF;
3255 5404 3462 5483 omnino
3487 5411 3596 5483 qui.
3629 5405 3698 5483 As

443 5483 487 5516 to
522 5480 619 5554 Δδίει
795 5484 839 5536 Α
865 5499 1044 5553 quant.
1123 5484 1164 5514 “
1189 5499 1286 5554 pl‘O
1319 5483 1454 5554 De?“
1483 5484 1524 5536 Α
1557 5484 1650 5554 “fit

1737 5483 1780 5515 “
1825 5483 1869 5536 Δ
1909 5470 2016 5537 vita
2046 5494 2142 5538 est.
2218 5482 2262 5514 ¹⁸
2291 5480 2336 5535 Α
2362 5470 2562 5535 veritas
2590 5489 2686 5534 est.
2765 5479 2808 5511 “
2843 5479 2885 5532 Α
2917 5492 3102 5533 verum
3136 5485 3230 5531 est.
3306 5472 3353 5505 ¹⁸
3381 5472 3472 5527 Sic
3502 5470 3616 5536 CF;
3657 5476 3700 5526 Α

440 5551 530 5620 sed
550 5552 604 5602 in
625 5542 986 5620 aﬂirinatione.
1064 5554 1108 5583 ”
1138 5542 1211 5606 est
1239 5568 1347 5607 om.
1378 5553 1443 5605 Α.
1520 5554 1560 5585 ³⁷
1585 5551 1676 5605 Sic
1697 5551 1801 5616 CF;
1839 5552 1879 5606 Α
1921 5564 2062 5607 sunt.
2141 5554 2184 5584 ³⁸
2214 5551 2306 5606 Sic
2341 5549 2426 5605 CF
2446 5566 2467 5620 :7
2498 5551 2538 5604 Α
2569 5547 2903 5620 aninmlibus.
2951 5547 3024 5620 _"
3051 5545 3144 5620 Sic
3167 5543 3284 5609 CF;
3314 5543 3358 5598 Α
3384 5558 3464 5620 ἕο·
3517 5542 3583 5620 ,τ’

441 5619 564 5680 CF;
599 5609 733 5674 Αἶα
773 5624 1035 5676 conditus.
1113 5624 1156 5654 "
1187 5621 1277 5677 Sic
1301 5621 1424 5686 CF;
1458 5623 1499 5676 Α
1533 5609 1812 5686 Quoniam.
1888 5625 2060 5675 “tota
2090 5638 2198 5675 om.
2232 5623 2295 5675 A.
2373 5620 2419 5652 “
2447 5609 2538 5674 Sic
2567 5617 2681 5682 CF;
2716 5617 3200 5686 praeterhamincm
3238 5629 3346 5671 om.
3376 5613 3440 5667 Α.
3517 5611 3563 5642 ³⁸
3609 5609 3699 5664 Sic

442 5687 526 5749 CF
553 5729 566 5751 ,
605 5690 640 5746 Α
667 5691 949 5759 praeludit.

1030 5694 1074 5723 ³⁵
1099 5693 1138 5744 Α
1175 5692 1544 5759 performatur.
1623 5691 1668 5724 "
1695 5690 1785 5746 Sic
1811 5692 1916 5758 CF;
1948 5693 1986 5745 Α
2024 5702 2282 5760 peccatur.
