4212 6272
551 367 655 423 159

1889 347 2170 409 JOANNIS
2212 349 2405 406 SCUTI

3706 353 3810 411 760

552 494 659 534 non
678 472 1115 534 esse?Drsc.lloc
1130 472 1377 526 ultimum
1394 469 1540 526 nullo
1558 468 1716 523 modo
1731 462 2129 528 aestimarim';
2162 463 2208 521 A
2237 480 2334 533 pro
2371 463 2740 533 experimento
2777 463 2912 518 solet
2950 463 3153 535 accipi,
3197 473 3251 519 et
3292 465 3433 535 quod
3479 474 3687 522 certum
3737 478 3818 524 est

555 574 691 627 haec
714 569 855 624 enim
880 565 1172 621 simulesse
1193 564 1244 616 in
1267 563 1484 617 homine
1505 575 1630 614 vera
1646 558 1784 612 ratio
1797 555 2130 626 comprobat.

553 662 686 717 Illud
715 672 861 720 vero,
889 656 989 709 hoc
1011 663 1093 709 cst
1116 655 1404 723 imaginem
1427 652 1478 705 in
1509 648 1725 704 animali
1755 656 1810 702 et
1836 645 2054 710 animal,
2081 644 2133 698 in

555 751 791 819 imagine
810 745 1030 800 omnino
1066 744 1309 812 negarim
1332 742 1376 805 ',
1409 741 1451 794 si
1478 755 1562 793 me
1592 753 1696 792 non
1728 744 1969 791 moveret
1992 731 2136 802 quod

554 841 608 894 in
626 835 997 907 superioribus
1017 834 1037 865 ³
1063 848 1093 885 a
1118 841 1168 885 te
1182 831 1460 886 deﬁnitum
1480 839 1582 891 est,
1601 829 1873 882 hominem
1889 825 2140 880 videlicet

555 931 608 984 in
633 928 809 999 seipse
831 925 1027 994 ubique
1051 931 1224 976 totum
1242 936 1392 984 esse;
1419 935 1482 973 ex
1507 935 1612 988 quo
1633 921 1790 972 datur
1816 917 2055 986 intelligi,
2080 922 2137 970 ut

553 1018 772 1088 opinor,
791 1006 845 1070 et
875 1023 1041 1068 totam
1068 1011 1354 1081 imaginem
1385 1007 1437 1060 in
1465 1017 1577 1060 toto
1597 1006 1849 1070 animali,
1883 1013 1938 1059 et
1966 1014 2137 1058 totum

557 1106 754 1162 animal
773 1107 824 1159 in
849 1114 958 1176 tota
979 1102 1209 1172 imagine
1228 1114 1322 1168 per
1349 1107 1518 1152 totum
1541 1097 1810 1150 hominem
1825 1096 2134 1150 subsistere.

557 1195 698 1251 Msc.
736 1193 922 1257 Miror,
959 1207 1056 1246 cur
1085 1199 1135 1244 te
1165 1189 1290 1242 talia
1323 1195 1598 1240 moverent
1619 1184 1660 1249 ⁵,
1690 1199 1811 1238 cum
1841 1185 2046 1248 videas,
2087 1185 2140 1237 in

558 1286 664 1339 hoc
730 1285 964 1342 maxime
1011 1280 1300 1349 imaginem
1366 1286 1421 1330 et
1463 1274 1867 1330 similitudinem
1927 1274 2022 1327 Dei
2086 1273 2138 1327 in

560 1375 795 1432 humana
861 1380 1052 1435 natura
1115 1380 1272 1437 posse
1336 1364 1610 1433 cognosci.
1673 1360 1739 1416 Ut
1795 1362 1938 1415 etiitn
2000 1361 2141 1413 Deus

561 1474 618 1519 et
660 1477 822 1532 supra
866 1461 1046 1518 omnia
1094 1467 1148 1513 et
1186 1459 1238 1512 in
1276 1456 1526 1510 omnibus
1569 1459 1682 1515 est,
1730 1452 1846 1520 ipse
1877 1449 2140 1518 siquidem

561 1555 794 1614 essentia
835 1553 1074 1608 omnium
1101 1557 1217 1613 est,
1254 1548 1344 1617 qui
1385 1560 1508 1600 vere
1541 1545 1688 1599 solus
1712 1553 1830 1607 est,
1861 1551 2060 1595 etcum
2089 1541 2140 1592 in

563 1642 815 1696 omnibus
847 1639 1088 1694 totus.sit
1123 1638 1165 1700 ³,
1195 1645 1346 1690 extra
1390 1634 1570 1688 omnia
1603 1640 1745 1696 totus
1770 1645 1891 1685 esse
1914 1645 2018 1684 non
2046 1629 2141 1682 de-

563 1732 722 1792 sinit,
757 1739 902 1783 totus
933 1729 983 1780 in
1013 1727 1230 1790 mundo,
1265 1734 1409 1780 totus
1432 1724 1573 1778 circa
1607 1723 1886 1786 mundum,
1916 1728 2060 1773 totus
2090 1719 2142 1771 in

2238 555 2562 624 quandoque
2594 554 2728 619 fore,
2749 569 2849 624 pro
2872 555 3148 625 praesenti
3175 556 3471 624 computari
3501 557 3668 610 etiam
3691 572 3818 627 per-

2237 654 2359 699 acto
2394 646 2461 698 't.
2498 645 2562 697 Et
2595 645 2723 713 quid
2755 644 2887 708 dixi,
2920 644 2972 697 in
3012 643 3214 698 mundo
3241 659 3357 709 suo,
3386 645 3438 698 in
3464 646 3820 702 universitate

2235 750 2355 799 sua,
2377 750 2498 788 cum
2525 734 2764 804 apertius
2782 734 3172 803 pronuntiarim
3199 735 3244 765 "
3269 734 3322 787 in
3345 735 3599 790 universo
3621 739 3821 793 mundo

2235 823 2432 878 visibili
2471 833 2524 878 et
2570 823 2876 877 invisibili?
2918 823 3161 877 Humana
3215 824 3476 898 siquidem
3523 834 3717 880 natura
3765 829 3818 898 in

2236 915 2587 970 universitate
2603 913 2764 968 totius
2778 913 3025 972 conditae
3036 923 3258 968 naturae
3276 896 3382 969 tota
3399 923 3502 978 est,
3518 894 3819 983 quoniam"

2238 1005 2292 1059 in
2333 1005 2447 1074 ipsa
2474 1005 2651 1060 omnis
2690 1013 2939 1058 creatura
2979 1003 3270 1056 constituta
3302 1011 3384 1057 est
3406 1043 3421 1069 ,
3451 1012 3514 1057 et
3538 1003 3583 1034 “
3609 1005 3658 1058 in
3698 1005 3814 1076 ipsa

2237 1094 2483 1164 copulata
2533 1102 2643 1157 est,
2685 1103 2737 1147 et
2776 1094 2827 1145 in
2869 1093 3041 1162 ipsum
3087 1107 3393 1158 reversura,
3426 1103 3480 1148 et
3515 1109 3612 1162 per
3645 1083 3812 1165 ipsum

2239 1184 2514 1238 salvanda.
2544 1183 2675 1236 Audi
2706 1182 3016 1237 Creatorem
3049 1182 3218 1251 ipsius
3245 1182 3510 1238 dicentem
3551 1201 3564 1236 :
3600 1183 3815 1238 Praedi-

2241 1285 2353 1330 cate
2392 1274 2729 1343 Evangelium
2777 1276 2916 1327 omni
2959 1284 3264 1339 creaturae;
3305 1275 3509 1330 homini
3558 1276 3817 1345 profecto.

2241 1365 2316 1419 lbi
2345 1364 2669 1427 intellectus,
2710 1364 2782 1418 ibi
2828 1364 2986 1428 ratio,
3023 1365 3094 1418 ibi
3132 1378 3325 1420 sensus
3353 1367 3420 1431 ’⁸,
3451 1366 3522 1436 ibi
3547 1368 3820 1424 seminalis

2241 1453 2370 1515 vita,
2396 1453 2468 1507 ibi
2495 1467 2712 1521 corpus,
2736 1467 2840 1507 non
2869 1454 2972 1507 hoc
2998 1454 3345 1522 corruptibile
3372 1465 3494 1523 post
3520 1467 3819 1525 peceatum,

2243 1543 2337 1596 sed
2373 1541 2500 1594 illud
2526 1551 2651 1595 ante
2689 1542 2967 1606 delictum;
3000 1557 3105 1596 non
3145 1543 3248 1597 hoc
3276 1546 3632 1613 compositum
3662 1555 3820 1616 atque

2245 1632 2505 1696 solubile,
2536 1634 2630 1687 sed
2660 1632 2787 1686 illud
2825 1633 3050 1701 simplex
3097 1643 3150 1688 et
3190 1634 3554 1701 individuum;
3588 1651 3690 1690 non
3721 1639 3820 1692 hoc

2246 1722 2480 1776 animale
2506 1731 2561 1776 et
2589 1729 2882 1786 terrenum,
2913 1722 3005 1775 sed
3035 1723 3159 1776 illud
3191 1723 3468 1791 spirituale
3493 1733 3546 1778 et
3575 1725 3817 1791 caeleste;

563 1826 809 1873 creatura
840 1815 1100 1880 sensibili,
1133 1815 1184 1868 in
1216 1812 1534 1884 intelligibili
1561 1820 1737 1876 totus,
1761 1818 1904 1866 totus
1929 1809 2144 1869 univer-
2173 1797 2222 1858 Β
2251 1833 2354 1873 non
2393 1819 2495 1872 hoc
2530 1831 2596 1871 ρχ
2633 1816 2828 1885 duplici
2873 1829 3004 1871 sexu
3049 1815 3095 1848 ιο
3123 1830 3220 1884 ρετ
3271 1815 3517 1871 carnales
3553 1831 3822 1885 connexus

564 1909 778 1964 sitatcm
829 1906 954 1961 facit
982 1905 1036 1969 ',
1076 1906 1128 1959 in
1155 1904 1505 1958 universitate
1551 1910 1693 1957 lotus
1721 1901 1741 1931 "
1793 1899 1887 1962 lit,
1931 1898 1984 1950 in
2033 1906 2146 1950 toto

565 1997 936 2060 universitatis
991 2005 1173 2058 totus,
1230 1995 1283 2048 in
1330 1993 1572 2060 partibus
1621 1991 1738 2057 ejus
1791 1997 1966 2051 totus,
2020 1987 2144 2056 quia

569 2087 682 2156 ipse
730 2094 813 2140 est
866 2093 921 2138 et
971 2093 1137 2138 totum
1189 2094 1245 2137 et
1295 2097 1458 2152 pars,
1507 2089 1563 2135 et
1603 2095 1777 2148 neque
1831 2087 2002 2134 totum
2057 2089 2149 2130 ne-

569 2189 675 2244 que
717 2188 880 2244 pars:
930 2171 1002 2226 ita
1047 2172 1277 2225 humana
1318 2179 1507 2224 natura
1561 2169 1612 2223 iu
1662 2167 1862 2221 mundo
1911 2181 2042 2229 suo,
2096 2165 2148 2218 in

571 2264 926 2320 universitate
952 2276 1047 2314 sua
1067 2301 1082 2326 ,
1111 2262 1163 2314 in
1201 2261 1444 2329 partibus
1471 2259 1582 2314 suis
1610 2258 1632 2290 ⁸
1661 2257 1961 2312 visibilibus
1991 2264 2046 2311 et
2073 2257 2152 2310 in-

568 2354 869 2410 visibilibus
893 2362 1000 2407 tota
1033 2354 1086 2407 in
1117 2353 1291 2422 seipsa
1321 2361 1434 2416 est,
1466 2363 1519 2406 et
1548 2352 1600 2405 in
1637 2359 1750 2404 toto
1777 2363 1876 2406 suo
1907 2357 2019 2404 tota
2045 2356 2149 2413 est,

570 2454 625 2500 et
653 2446 704 2499 in
731 2444 970 2513 partibus
1010 2445 1122 2498 suis
1164 2450 1278 2498 tota
1301 2483 1315 2507 ,
1355 2451 1645 2512 partesque
1672 2439 1692 2470 ’
1721 2439 1839 2508 ejus
1878 2438 1932 2492 in
1962 2437 2154 2506 seipsis

571 2543 748 2599 totae,
773 2543 831 2588 ct
855 2535 908 2588 in
939 2541 1048 2587 toto
1075 2541 1234 2587 totae.
1271 2531 1404 2586 Nam
1438 2539 1490 2586 et
1532 2539 1772 2584 extrema
1808 2542 1936 2597 pars
1962 2526 2077 2594 ejus
2102 2535 2158 2590 et

571 2625 852 2689 vilissima,
883 2639 1078 2694 corpus
1107 2624 1251 2688 dico,
1283 2623 1572 2678 secundum
1609 2621 1848 2676 rationes
1889 2635 2015 2674 suas
2047 2627 2154 2673 tota

571 2722 656 2770 cst
697 2714 750 2768 in
795 2721 907 2770 toto
947 2714 1194 2778 homine,
1237 2713 1489 2781 quoniam
1535 2725 1761 2780 corpus,
1808 2709 1860 2762 in
1897 2718 2156 2778 quantum

571 2818 700 2859 vere
727 2820 924 2875 corpus
946 2814 1028 2860 est
1049 2845 1063 2870 ,
1093 2806 1144 2858 in
1174 2805 1476 2860 rationibus
1505 2804 1617 2858 suis
1643 2801 1908 2864 subsistit,
1939 2815 2078 2869 quae
2105 2801 2156 2854 in

571 2897 745 2966 prima
776 2897 1086 2952 conditione
1131 2896 1302 2951 factae
1337 2904 1496 2960 sunt,
1538 2902 1591 2950 et
1629 2909 1750 2948 cum
1788 2893 1840 2948 in
1879 2892 2054 2960 seipsa
2085 2892 2156 2945 ita

573 2987 665 3049 sit,
693 2986 926 3041 humana
957 2986 1206 3041 videlicet
1233 2995 1424 3040 natura
1451 2986 1516 3049 ¹ο,
1549 2991 1716 3038 totum
1745 2997 1900 3038 suum
1925 2980 2154 3036 excedit.

574 3075 692 3132 Non
719 3078 861 3131 etiim
901 3077 1055 3131 aliter
1089 3076 1352 3131 conditori
1394 3089 1492 3131 suo
1526 3075 1822 3129 adhaerere
1862 3080 2071 3142 posset,
2112 3063 2186 3125 si'

575 3166 791 3231 omnia,
819 3181 955 3236 quae
982 3166 1082 3220 sub
1111 3167 1225 3234 ipsa
1256 3167 1295 3197 “
1325 3174 1476 3230 sunt,
1516 3173 1570 3218 et
1607 3165 1836 3234 seipsam
1868 3178 1972 3217 non
2001 3176 2158 3218 excew

580 3256 749 3320 deret,
775 3257 1030 3325 quoniam
1054 3257 1190 3309 inter
1210 3267 1428 3309 mentem
1456 3264 1708 3317 nostram,
1733 3261 1792 3305 ut
1815 3253 1893 3306 ait
1915 3252 2160 3322 Augusti-

578 3358 704 3407 nus,
730 3361 832 3413 qua
865 3343 1078 3396 Patrem
1102 3343 1457 3411 intelligimus,
1490 3352 1537 3395 et
1565 3343 1848 3406 veritatem,
1888 3359 1979 3412 per
2004 3360 2159 3414 quam

578 3433 745 3500 ipsum
792 3430 1162 3499 intelligimus,
1216 3430 1362 3484 nulla
1410 3432 1715 3500 interposita
1767 3444 2007 3486 creatura
2063 3444 2157 3488 est.

580 3519 734 3582 Quod
763 3519 925 3571 etiam
957 3519 1069 3585 ipse
1109 3519 1461 3588 AreOpagita,
1493 3520 1802 3589 Dionysium
1846 3522 1966 3577 dico
1995 3523 2069 3588 ¹²,
2106 3524 2159 3577 in

581 3605 877 3676 symbolica
908 3606 1172 3678 theologia
1207 3609 1431 3677 pulchre
1468 3607 1626 3662 docet
1654 3609 1840 3666 dicens
1871 3626 1886 3664 :
1918 3611 1963 3665 0
1998 3615 2162 3669 amice

586 3695 886 3760 Timothee,
931 3696 1071 3749 circa
1123 3698 1367 3766 mysticus
1410 3697 1783 3768 speculationes
1833 3702 2162 3755 corroborata

583 3784 769 3837 itinere
796 3784 840 3814 ⁸³
863 3794 910 3838 et
937 3800 1118 3840 sensus
1147 3786 1323 3840 desere
1357 3786 1422 3852 ”,
1445 3797 1490 3840 et
1521 3787 1892 3843 intellectuales
1909 3793 2164 3860 operatio-

585 3890 698 3941 nes,
723 3883 770 3927 et
797 3875 1061 3929 sensibilia
1088 3887 1136 3930 et
1163 3876 1464 3943 invisibilia,
1488 3887 1534 3930 et
1564 3894 1712 3932 omne
1734 3893 1836 3932 non
1868 3897 1958 3934 ens
1985 3891 2032 3934 et
2052 3899 2163 3948 ens,

586 3972 635 4019 et
659 3963 727 4016 ad
749 3965 999 4017 unitatem
1019 4003 1035 4030 ,
1076 3975 1130 4019 ut
1154 3967 1431 4036 possibile,
1462 3969 1657 4021 inscius
1688 3971 1956 4026 restituere
1982 3973 2164 4042 ipsius,

583 4055 672 4124 qui
694 4063 767 4108 est
792 4071 947 4124 super
973 4054 1015 4085 ¹¹¹
1039 4072 1236 4110 omnem
1260 4058 1534 4110 essentiam
1556 4068 1602 4110 et
1622 4059 1928 4125 scientiam;
1949 4077 2010 4115 ea
2029 4064 2166 4116 enim

585 4146 750 4215 teipse.
781 4156 830 4200 et
867 4147 1104 4200 omnibus
1149 4149 1561 4202 immensurabili
1606 4161 1654 4204 et
1700 4151 1936 4208 absoluto
1982 4157 2167 4209 utentis

585 4253 834 4303 excessu,
876 4240 947 4291 ad
984 4239 1467 4307 superessentialem
1508 4241 1802 4296 divinarum
1841 4246 2168 4302 tenebrarum

587 4326 827 4390 radium,
859 4327 1034 4384 omnia
1074 4327 1314 4384 deserens
1342 4338 1390 4383 et
1432 4333 1496 4382 ab
1520 4331 1756 4385 omnibus
1789 4334 2056 4388 absolutus
2084 4352 2169 4388 as-

586 4415 790 4468 cendes.
845 4413 912 4474 Et
969 4415 1022 4468 iu
1067 4415 1360 4487 Evangelia
1403 4419 1659 4473 Dominus
1689 4422 1765 4474 ait
1803 4422 1888 4474 ‘°:
1935 4421 2033 4475 Ubi
2074 4441 2166 4494 ego

2249 1907 2547 1964 seminibus
2571 1906 2832 1975 genitmn,
2861 1906 2955 1960 sed
2986 1904 3113 1959 illud
3143 1920 3208 1959 ex
3234 1904 3576 1974 simplicitate
3604 1915 3822 1975 naturae

2249 2008 2374 2054 ante
2397 1996 2910 2066 praevaricationem
2933 1995 3252 2066 productum
3277 2002 3331 2048 et
3350 1993 3401 2048 in
3431 1995 3822 2049 resurrectione

2250 2091 2509 2155 futurum;
2533 2104 2641 2143 non
2663 2089 2767 2143 hoc
2786 2100 3046 2161 corporeo
3069 2084 3248 2140 sensui
3266 2084 3556 2155 cognitum,
3579 2085 3670 2138 sed
3692 2083 3822 2137 illud

2252 2182 2303 2235 in
2335 2188 2546 2236 secreto
2574 2187 2800 2232 naturae
2835 2177 3010 2230 adhuc
3050 2173 3354 2247 occultum;
3389 2189 3488 2227 non
3516 2173 3647 2238 hoc,
3677 2171 3818 2244 quod

2252 2269 2446 2325 merito
2475 2267 2684 2337 peccati
2715 2265 3140 2335 superadditum,
3173 2261 3266 2317 sed
3301 2262 3450 2326 illud,
3477 2261 3614 2331 quod
3642 2262 3822 2315 incor-

2253 2369 2443 2431 ruptae
2473 2359 2648 2413 adhuc
2679 2365 2902 2410 naturae
2929 2362 3045 2409 erat
3086 2352 3306 2410 insitum
3329 2393 3343 2416 ,
3385 2360 3440 2405 et
3473 2353 3527 2404 in
3558 2350 3697 2420 quod
3723 2350 3825 2405 hoc

2255 2447 2603 2518 corruptibile
2634 2455 2688 2500 et
2715 2443 2942 2498 mortale
2980 2457 3348 2498 reversurum.
3390 2439 3711 2506 Seminatur,
3743 2441 3823 2494 iu-

2253 2538 2370 2610 quit
2400 2536 2710 2607 Apostolus,
2744 2535 2846 2588 hoc
2881 2541 2982 2598 est,
3017 2533 3082 2586 de
3120 2531 3326 2586 semine
3354 2531 3593 2585 nascitur
3632 2532 3684 2584 in
3715 2547 3830 2583 cor-

2255 2628 2510 2697 raptione,
2553 2635 2724 2695 surget
2766 2625 2819 2678 in
2862 2624 3064 2677 virtute.
3115 2623 3169 2676 lu
3211 2622 3352 2690 quali
3392 2623 3628 2674 virtute?
3663 2620 3831 2690 ipsius

2256 2717 2503 2773 videlicet
2525 2714 2802 2783 corporis,
2831 2712 2972 2782 quod
3011 2712 3161 2781 prius
3187 2709 3500 2765 naturaliter
3523 2719 3603 2764 est
3637 2709 3824 2764 condi-

2257 2815 2389 2861 tum.
2417 2804 2722 2860 Seminatur
2742 2803 2796 2854 in
2822 2799 3150 2862 contumelia,
3177 2809 3350 2868 surget
3365 2801 3418 2851 in
3445 2798 3644 2869 gloria;
3675 2797 3828 2851 semi-

2258 2906 2416 2950 natur
2441 2909 2627 2963 corpus
2655 2890 2900 2954 animale,
2932 2898 3106 2959 surget
3133 2905 3318 2958 corpus
3343 2885 3630 2957 spirituale.
3659 2884 3832 2939 Omne

2258 2987 2554 3058 siquidem,
2587 2985 2729 3055 quod
2770 2982 3088 3037 naturaliter
3127 2983 3178 3036 in
3219 2981 3437 3037 homine
3461 2987 3542 3034 est
3568 2986 3830 3040 creatum,

2259 3077 2568 3133 necessario
2599 3074 2944 3130 aeternaliter
2969 3081 3151 3127 manet
3177 3073 3440 3142 integrum
3471 3077 3631 3138 atque
3653 3068 3830 3122 incor—

2185 3140 2230 3201 C
2263 3177 2498 3238 ruptum.
2524 3166 2639 3220 Non
2663 3164 2805 3219 enim
2829 3164 3042 3218 divinae
3065 3140 3310 3232 iustitiae
3329 3171 3410 3216 est
3432 3161 3627 3226 visum,
3656 3175 3720 3216 ex
3749 3173 3830 3222 eo,

2260 3259 2400 3329 quod
2427 3257 2573 3322 fecit,
2593 3256 2882 3324 quidquam
2903 3256 3101 3325 perire,
3125 3255 3440 3324 praesertim
3457 3269 3578 3308 cum
3596 3268 3698 3306 non
3722 3252 3831 3320 ipsa

2259 3359 2452 3406 natura
2473 3345 2796 3418 peccaverit,
2814 3344 2905 3399 sed
2929 3359 3178 3414 perversa
3201 3344 3468 3408 voluntas,
3492 3356 3630 3412 quae
3651 3350 3832 3396 contra

2260 3448 2513 3495 naturam
2533 3433 2908 3490 rationabilem
2932 3433 3376 3488 irrationabiliter
3395 3440 3655 3486 movetur.
3674 3429 3836 3499 Cujus

2261 3529 2340 3585 rei
2370 3527 2662 3582 maximum
2701 3531 2785 3581 est
2822 3530 3217 3594 argumentum.
3252 3523 3308 3577 Si
3350 3521 3668 3577 naturaliter
3701 3521 3837 3574 inest

2263 3617 2464 3674 homini
2499 3616 2687 3670 mortis
2711 3614 2918 3679 odium,
2948 3614 3215 3682 quomodo
3251 3612 3303 3666 in
3333 3612 3456 3667 odio
3485 3627 3588 3665 non
3619 3611 3838 3684 haberet

2263 3706 2580 3764 naturaliter
2617 3704 2807 3763 mortis
2846 3718 3064 3759 causam
3085 3743 3099 3766 ,
3130 3710 3407 3772 peccatum
3435 3701 3598 3756 dico?
3634 3699 3698 3752 Et
3732 3698 3834 3752 hoc

2265 3811 2549 3853 connnuue
2575 3794 2822 3849 omnibus
2865 3791 3184 3846 animalibus
3209 3801 3324 3856 est,
3357 3798 3581 3845 mortem
3619 3787 3834 3842 mortis-

2266 3902 2369 3957 que
2389 3900 2580 3941 causas
2601 3883 2839 3938 devitare
2863 3892 2918 3936 et
2943 3882 3149 3936 timere.
3176 3881 3248 3937 Ut
3267 3897 3395 3954 ergo
3421 3880 3596 3934 nullus
3625 3878 3838 3948 sapiens

2265 3978 2380 4030 vult
2423 3990 2665 4032 errorem
2708 3974 3014 4036 incurrere,
3051 3971 3125 4024 ita
3167 3971 3399 4024 humana
3443 3979 3632 4023 natura
3671 3966 3838 4022 noluit

2265 4081 2514 4138 peccare,
2540 4080 2602 4118 ac
2629 4079 2726 4133 per
2754 4063 2855 4117 hoc
2889 4063 3134 4116 conditor
3178 4062 3362 4130 ipsius,
3393 4062 3519 4114 dum
3550 4061 3618 4116 sit
3641 4059 3838 4128 justus,

2268 4155 2442 4212 noluit
2468 4169 2585 4208 eam
2621 4153 2845 4222 punire,
2874 4150 3040 4205 voluit
3066 4159 3242 4205 autem
3286 4151 3334 4204 ei
3377 4150 3758 4219 superaddere,
3788 4148 3839 4200 in

2269 4261 2377 4316 quo
2403 4251 2584 4315 posset
2613 4241 2888 4304 delictum,
2929 4242 3070 4310 quod
3112 4257 3176 4294 ex
3209 4254 3459 4310 perversa
3487 4239 3760 4293 voluntate
3789 4247 3844 4291 et

2271 4335 2529 4390 suadente
2558 4340 2809 4401 serpente
2838 4330 3126 4392 acciderat,
3159 4345 3226 4384 ne
3259 4343 3471 4398 semper
3499 4329 3546 4386 ei
3579 4329 3842 4383 adhaere-

2272 4432 2376 4488 ret,
2411 4420 2648 4492 purgari.
2689 4418 2888 4473 Natura
2932 4419 3194 4488 siquidem
3234 4419 3514 4474 rationalis
3550 4426 3604 4472 et
3633 4417 3844 4473 intelle-

586 4519 730 4562 sum,
776 4504 884 4555 illic
925 4515 971 4557 et
1010 4507 1242 4560 minister
1279 4526 1454 4574 meus;
1496 4520 1579 4564 est
1607 4519 1786 4566 autem
1816 4512 1905 4568 iUe
1931 4490 2162 4583 super"?
2193 4490 2244 4550 Β
2271 4490 2498 4574 etualis,
2521 4490 2787 4579 quamvis
2829 4508 3000 4563 noluit
3038 4508 3168 4573 falli,
3209 4509 3382 4577 potuit
3427 4517 3604 4562 tamen
3647 4508 3840 4576 decipi,

587 4589 791 4642 omnia.
819 4588 912 4642 Est
943 4591 1104 4658 igitur
1123 4593 1197 4646 illi
1221 4596 1522 4651 adhaerens
1546 4600 1706 4655 homo
1731 4613 1895 4671 super
1919 4603 1964 4636 ¹⁸
1985 4605 2166 4659 omnia

589 4685 645 4732 et
686 4692 846 4745 super
889 4679 931 4709 ¹⁹
977 4681 1242 4750 seipsum,
1281 4698 1542 4755 quantum
1585 4691 1638 4744 in
1672 4693 1923 4749 omnibus
1962 4705 2063 4751 est.
2103 4697 2169 4750 Et

591 4767 838 4834 quamvis
874 4769 1107 4822 humana
1147 4783 1372 4840 natura,
1409 4777 1534 4831 dum
1575 4781 1628 4833 in
1675 4782 1778 4836 hac
1812 4784 1918 4836 vita
1952 4788 2165 4842 mortali

589 4865 876 4922 versatur,
914 4858 1211 4915 adhaerere
1254 4863 1362 4916 Deo
1404 4866 1576 4933 reipsa
1609 4869 1653 4900 ¹⁰
1694 4885 1800 4923 non
1841 4875 2039 4939 possit,
2079 4892 2166 4930 ve-

591 4956 915 5014 rumtamen,
937 4949 1186 5018 quoniam
1211 4953 1460 5022 possibile
1481 4965 1564 5009 est
1585 4957 1633 5012 ei
1653 4966 1708 5012 et
1723 4960 1982 5025 naturale,
2005 4963 2170 5018 Crea-

593 5043 694 5096 tori
723 5056 822 5097 suo
847 5043 1161 5110 adhaerere,
1183 5046 1298 5115 ejus
1324 5049 1516 5118 gratia,
1543 5052 1628 5105 cui
1662 5051 1940 5120 adhaeret,
1973 5057 2169 5112 adhae-

590 5147 714 5190 rere
749 5151 854 5190 non
891 5136 1187 5208 incongrue
1217 5140 1432 5195 dicitur.
1465 5138 1636 5212 Saepe
1672 5143 1814 5200 enim
1841 5147 2167 5215 possibilitas

2270 4602 2588 4670 praesertim
2614 4616 2738 4655 cum
2775 4601 3008 4655 nondum
3040 4599 3378 4654 formationis
3404 4614 3530 4654 suae
3557 4596 3842 4666 perfectio-

2270 4707 2393 4748 nem
2424 4691 2709 4759 acceperit,
2742 4705 2903 4759 quam
2933 4691 3126 4744 merito
3154 4689 3487 4744 obedientiae
3512 4695 3653 4742 esset
3679 4699 3840 4740 acce-

2269 4794 2427 4854 ptura
2459 4784 2513 4837 in
2543 4782 2780 4844 theosin,
2804 4782 3200 4836 deitieationcm
3227 4782 3364 4845 dico,
3393 4777 3840 4834 transformanda.

2271 4875 2387 4930 Non
2416 4887 2546 4944 ergo
2574 4871 2832 4926 debemus
2871 4872 2937 4924 de
2973 4872 3203 4925 humana
3235 4881 3419 4925 natura
3450 4868 3717 4938 judicare,
3752 4881 3841 4921 se—

2273 4966 2508 5022 cundum
2536 4963 2677 5033 quod
2709 4962 2983 5030 corporeis
3012 4963 3256 5016 sensibus
3283 4967 3522 5029 apparet,
3553 4968 3607 5013 et
3648 4959 3845 5012 merito

2271 5054 2753 5127 praevaricationis
2778 5053 3078 5122 poenaliter
3102 5053 3167 5106 ad
3198 5051 3600 5107 similitudinem
3631 5049 3846 5103 irratio-

2273 5149 2535 5206 nabilium
2583 5145 2898 5202 animalium
2926 5160 3022 5215 per
3062 5145 3307 5214 copulam
3366 5159 3590 5198 sexuum
3646 5143 3698 5196 in
3747 5142 3848 5196 hoc

1883 5278 1964 5336 VA
1974 5282 2134 5338 RIAE
2169 5279 2570 5340 LECTIONES.

663 5385 683 5458 ξ
731 5383 823 5458 Sic
876 5382 1496 5458 LB;_A_nullo__modo_
1507 5386 1766 5458 _dubiumi
1791 5399 1987 5458 oportet
2041 5393 2332 5446 aestimari.

593 5451 680 5507 CF
704 5469 738 5516 ς·
771 5453 814 5505 Α
853 5454 1132 5522 superiori.
1225 5454 1247 5484 ‘
1280 5453 1370 5509 Sic
1411 5453 1563 5508 ACF.

594 5530 704 5594 qm.
728 5521 812 5594 A._
882 5521 1026 5594 'Sic
1054 5523 1170 5589 CF;
1197 5524 1237 5577 A
1268 5537 1460 5594 partes.

596 5591 904 5661 Dionysium
931 5593 1046 5645 dico
1076 5608 1183 5647 oni.
1213 5591 1277 5648 A.
1357 5594 1399 5625 "
1430 5593 1473 5647 A
1505 5611 1708 5648 canere.

593 5662 768 5736 dicens
792 5663 942 5736 ait.__
960 5661 1087 5736 ":1
1114 5663 1226 5736 "_A
1256 5680 1434 5736 supra.

597 5728 748 5790 ipsa.’
804 5730 851 5769 ³⁵
890 5730 978 5784 Sic
1004 5728 1120 5793 CF;
1157 5733 1193 5782 Α
1223 5728 1487 5798 quoniam.

1674 5457 1694 5487 ⁸
1743 5457 1783 5510 Α
1825 5457 1932 5512 sic.

2055 5461 2075 5490 ⁸
2115 5463 2499 5516 universitatem

1567 5525 1608 5554 ¹⁰
1652 5525 1741 5579 Sic
1787 5526 1906 5588 CF;
1961 5530 2192 5583 humana
2240 5531 2471 5585 videlicet
2525 5525 2716 5583 natura
2767 5544 2878 5582 om.
2930 5529 2993 5581 A.

1787 5595 1830 5626 “’
1861 5597 1901 5649 A
1921 5597 2173 5668 deserere.
2193 5667 2215 5668 ᾧ
2251 5601 2294 5632 ¹⁸
2333 5601 2375 5654 Α
2403 5615 2581 5668 supra.

1529 5663 1718 5748 “HAnse
1739 5665 1870 5748 ipsa.
1913 5669 1987 5748 Μ’]
2021 5666 2104 5720 Sit
2139 5665 2223 5722 CF
2247 5687 2263 5734 ',
2293 5671 2336 5723 Α
2360 5663 2617 5748 prurigo:
2686 5666 2857 5748 1'"Sic
2887 5667 2992 5748 Cf;
3020 5669 3057 5720 A
3089 5669 3502 5736 pronuntiarem.

1565 5734 1610 5764 ’⁸
1640 5733 1726 5788 Sic
1758 5733 1874 5802 CF;
1908 5737 1977 5790 ibi
2004 5753 2184 5792 sensus
2217 5733 2325 5796 om.
2348 5733 2411 5792 Δ.

3713 5389 3734 5419 ³
3759 5387 3847 5442 Sic

2442 5393 2464 5424 ’
2508 5391 2606 5446 Sic
2661 5389 2775 5455 CF;
2835 5391 2877 5443 A
2931 5388 3153 5444 omnino
3202 5405 3304 5443 non
3353 5404 3616 5460 negarem.
3713 5388 3847 5442 'Sic

2442 5478 2499 5510 rm
2560 5460 2684 5510 facit
2733 5475 2843 5510 om.
2878 5460 2943 5510 Δ.
3070 5459 3091 5490 ⁷
3137 5468 3275 5510 totus
3327 5475 3436 5510 om.
3491 5460 3554 5510 A.
3683 5457 3705 5489 ⁸
3741 5458 3847 5510 suis

2559 5460 2684 5529 facit
2733 5475 2843 5514 om.
2878 5460 2943 5513 Δ.
3070 5459 3091 5490 ⁷
3137 5468 3275 5512 totus
3327 5459 3436 5513 om.
3491 5460 3554 5512 A.

2565 5539 2716 5559 ne“...
2768 5544 2855 5559 nm
2938 5529 2964 5559 Δ
3125 5529 3164 5558 11
3223 5529 3248 5559 Α
3300 5533 3413 5559 in...
3544 5528 3584 5559 ll
3615 5527 3671 5559 Ci

2678 5545 2716 5580 'a
2767 5544 2878 5582 om.
2930 5529 2993 5581 Α.
3125 5529 3164 5558 ¹¹
3214 5529 3255 5582 Α
3300 5533 3432 5592 ipso.
3544 5528 3584 5559 “
3615 5527 3705 5581 Sic
3733 5526 3846 5588 CF;

2678 5597 2738 5699 '.‘.
2763 5598 2855 5699 E22
2879 5598 2996 5699 9.5.2
3022 5597 3061 5699 i
3086 5597 3485 5699 21323335213111
3491 5615 3520 5651 η
3566 5595 3850 5699 fieri:

2489 5678 2617 5721 acto”.
2693 5668 2738 5700 "
2766 5666 2857 5722 Sic
2887 5667 2992 5730 CF;
3020 5669 3057 5720 A
3089 5669 3502 5736 pronuntiarem.
3581 5666 3626 5724 ”_
3654 5666 3697 5719 Α
3720 5676 3766 5719 el
3795 5666 3847 5718 in

2489 5738 2533 5768 ²⁶
2563 5737 2651 5794 Sic
2681 5736 2792 5794 CF'
2836 5738 2868 5789 Α
2906 5737 3074 5803 ﬂuxu.
