4212 6272
413 293 508 364 vet

1221 302 1309 357 DE
1345 299 1684 358 DIVISIONE
1721 297 2070 356 NA'IURAE.
2109 331 2177 340 -——
2213 301 2410 356 LIBER
2451 298 2803 368 QUARTUS.

3579 297 3688 354 τω

413 417 614 476 mundo
632 410 1255 483 nasciturtemporaliter
1275 411 1822 481 corruptibiliterque,
1839 409 1991 480 cuius
2019 415 2066 473 Λ
2095 411 2186 474 cit,
2227 411 2370 478 quod
2392 411 2442 464 in
2465 411 2568 464 hoc
2598 410 2762 463 homo
2805 409 3039 464 maxime
3063 409 3492 479 reprehenditur,
3531 410 3683 479 quia,

417 509 539 564 linis
567 523 714 564 mors
739 515 848 569 est,
887 520 1070 558 verum
1107 503 1400 558 secundum
1440 502 1584 571 quod
1610 501 1676 554 ad
1707 500 1994 570 imaginem

415 601 534 664 Dei,
574 599 888 669 priusquam
927 603 1196 664 peccaret,
1241 593 1453 646 condita
1498 603 1599 645 est.
1653 592 1802 656 Quod
1833 592 1996 644 etiam

415 705 630 744 omnem
679 701 897 742 sensum
950 698 1303 752 eorporemu,
1351 695 1676 749 omnemque
1714 680 1996 735 mortalem

417 777 795 849 cogitationem
831 789 930 843 pro
958 771 1215 830 inell‘abili
1247 780 1474 825 naturae
1504 770 1763 840 dignitate
1792 769 1998 824 incom-

417 865 852 938 prehensibiliter
895 863 1066 934 fugit,
1115 863 1211 918 sed
1245 862 1470 931 decepta
1509 869 1564 915 et
1590 859 1771 928 lapsa,
1799 872 2000 929 pravae

414 979 544 1019 suae
587 961 883 1017 voluntatis
931 957 1166 1014 tenebris
1213 958 1542 1019 obcaecata,
1582 965 1637 1009 et
1675 954 1907 1022 seipsam
1945 960 2002 1007 et

413 1052 728 1108 Creatorem
780 1051 866 1105 sui
895 1051 911 1080 ¹
944 1047 1202 1104 oblivioni
1242 1047 1485 1100 tradidit.
1520 1045 1587 1098 Et
1621 1045 1755 1098 haec
1779 1051 1864 1096 est
1893 1041 1998 1095 mi-

415 1143 644 1197 serrima
683 1155 833 1196 mors
869 1140 1066 1209 ipsius,
1108 1136 1634 1206 profundissimaque
1665 1135 1718 1187 in
1773 1132 2000 1200 caligine

418 1232 759 1301 ignorantiae
784 1228 1110 1290 submersio,
1142 1237 1196 1280 et
1223 1242 1253 1280 a
1278 1226 1454 1294 seipsa
1487 1233 1542 1279 et
1569 1240 1598 1277 a
1623 1223 1880 1278 Creatore
1904 1236 2001 1276 suo

420 1308 733 1392 longissima
774 1320 1064 1382 distantia,
1095 1315 1556 1371 irrationabilibus
1593 1330 1722 1369 vero
1764 1314 2004 1369 mortali-

421 1413 631 1481 busque
666 1409 1032 1465 animantibus
1067 1407 1312 1476 proxima
1357 1405 1774 1474 turpissimaque
1819 1403 2004 1458 simili-

425 1503 586 1567 tudo;
632 1516 698 1555 ex
747 1515 854 1568 qua
902 1499 1093 1551 iterum
1141 1510 1300 1549 nemo
1336 1510 1455 1548 eam
1503 1494 1678 1562 potuit
1718 1493 2002 1557 redimere,

424 1603 703 1654 revocare,
734 1587 1010 1650 reducere,
1048 1594 1105 1639 et
1137 1586 1204 1638 ad
1229 1593 1430 1638 statum
1468 1584 1776 1653 pristinum,
1806 1584 1872 1638 de
1899 1599 2007 1652 quo

422 1682 723 1743 ceciderat,
757 1687 1094 1740 restaurare,
1129 1677 1225 1731 sed
1255 1677 1349 1731 Dei
1386 1676 1650 1745 sapientia
1670 1715 1685 1740 ,
1718 1691 1856 1744 quae
1883 1690 2004 1730 eam

2099 500 2225 554 dum
2261 486 2405 553 esset
2427 497 2710 568 spirituale
2738 497 2937 550 animal
2964 506 3019 551 et
3047 513 3282 566 sapiens,
3325 500 3376 552 in
3403 499 3574 566 prima
3601 499 3684 553 sui

2097 591 2402 645 conditione
2425 591 2492 644 ad
2541 589 2830 658 imaginem
2864 589 2957 643 Dei
2987 598 3043 643 et
3089 590 3518 652 similittulinem,
3573 591 3688 659 ipse

2098 683 2417 752 insipienter
2440 691 2496 738 et
2527 681 2976 736 irrationabiliter
3025 695 3086 734 se
3127 696 3353 736 movens
3383 688 3573 737 contra
3603 685 3685 738 sui

2098 773 2392 828 conditoris
2415 772 2436 803 '
2467 773 2799 837 mandatum,
2833 771 3221 840 insipientium,
3256 772 3358 826 hoc
3385 785 3469 826 est
3500 772 3684 827 bruto-
3715 840 3738 850 _

2099 877 2220 915 rum
2238 861 2279 893 ‘°
2295 861 2606 916 animalium
2622 861 3023 916 similitudinem
3040 861 3283 924 attraxit,
3301 875 3597 930 eorumque
3612 864 3688 917 in‘

2100 950 2546 1004 convenientibus
2560 949 2663 1003 sibi
2680 951 2914 1004 motibus
2931 949 2970 980 “
2989 949 3285 1004 naturalem
3311 959 3539 1005 naturae
3559 966 3689 1007 suae

2099 1039 2438 1094 honestatem
2471 1041 2867 1095 dehonestavit.
2897 1040 3012 1094 Non
3054 1041 3197 1094 enim
3228 1041 3280 1094 in
3320 1056 3384 1096 eo
3416 1041 3687 1108 laudatur,

2101 1131 2245 1199 quod
2271 1131 2468 1184 animal
2496 1140 2599 1194 est,
2626 1133 2719 1185 sed
2758 1133 2901 1199 quod
2933 1133 3109 1201 imago
3134 1132 3228 1186 Dei
3253 1142 3336 1188 est
3363 1133 3426 1198 ⁸³,
3455 1134 3595 1188 sicut
3636 1137 3690 1189 in

2100 1232 2166 1271 eo
2188 1233 2294 1271 non
2317 1218 2672 1288 vituperatur,
2705 1220 2850 1287 quod
2871 1220 3094 1284 animal,
3121 1221 3214 1274 sed
3235 1221 3377 1289 quod
3399 1221 3690 1292 imaginem

2103 1305 2408 1361 deformare
2431 1309 2618 1371 voluit,
2664 1324 2826 1377 quam
2865 1310 3088 1377 perdere
3113 1326 3218 1364 non
3253 1313 3446 1379 potuit.
3474 1311 3607 1366 Nam
3637 1315 3690 1369 in

2103 1399 2300 1453 ceteris
2347 1399 2669 1452 animalibus
2698 1400 3098 1456 irrationabiles
3147 1412 3326 1458 motus
3359 1413 3541 1474 turpes
3583 1421 3688 1460 non

2105 1497 2248 1549 sunt,
2273 1487 2397 1542 dum
2426 1489 2748 1543 naturaliter
2786 1492 2865 1544 eis
2890 1491 3096 1555 insunt,
3130 1502 3182 1546 et
3205 1493 3322 1548 sine
3355 1494 3551 1562 quibus
3573 1497 3692 1549 ani~

2105 1580 2265 1634 malia
2281 1594 2400 1634 esse
2423 1595 2527 1633 non
2551 1582 2854 1649 possunt“.
2878 1581 3324 1650 Reprehensibile
3345 1596 3428 1640 est
3448 1595 3628 1639 autem
3649 1586 3691 1616 “

2106 1679 2268 1738 atque
2292 1667 2535 1724 deforme
2574 1669 2626 1723 in
2657 1672 2878 1726 animali
2912 1673 3238 1738 rationabili,
3263 1673 3314 1727 in
3345 1683 3524 1729 motus
3553 1675 3693 1729 irra-

421 1771 648 1835 creavit,
679 1783 909 1837 eamque
945 1769 997 1821 in
1041 1768 1301 1821 unitatem
1333 1766 1436 1821 sibi
1471 1767 1490 1796 ²
1528 1766 1862 1820 substantiae
1909 1780 2000 1820 ac—
2032 1757 2079 1814 B
2111 1759 2464 1825 tionabilium,
2493 1761 2742 1829 quamvis
2765 1763 3038 1817 naturales
3059 1763 3164 1816 illis
3191 1763 3318 1830 sint,
3359 1764 3544 1819 illicito
3571 1782 3696 1834 per-

420 1859 584 1928 cepit,
603 1865 661 1912 ut
680 1858 760 1912 sic
780 1872 902 1911 eam
925 1856 1181 1921 salvaret,
1203 1865 1396 1910 cuncta
1421 1855 1666 1909 liberavit
1693 1855 1714 1886 ³
1764 1855 2003 1909 miseria.

420 1949 538 2005 Non
581 1957 634 2003 te
679 1948 844 2018 igitur
883 1955 1126 2010 moveat,
1153 1947 1297 2016 quod
1341 1947 1408 2000 de
1446 1947 1679 2001 humana
1712 1955 1902 2000 natura
1927 1945 2008 2000 di-

423 2048 569 2094 ctum
598 2047 712 2103 est,
743 2047 912 2094 totam
943 2039 995 2092 in
1024 2038 1198 2103 seipsa
1232 2038 1431 2106 ubique
1455 2052 1604 2100 esse,
1637 2046 1694 2091 et
1719 2037 2006 2105 imaginem

423 2128 478 2182 in
507 2127 726 2182 animali
767 2135 954 2192 totam,
985 2135 1040 2180 et
1063 2126 1263 2180 animal
1291 2126 1343 2180 in
1372 2127 1606 2196 imagine
1635 2135 1825 2182 totum.

493 2218 546 2272 6.
571 2217 740 2274 Omne
754 2217 1036 2286 siquidem,
1057 2218 1196 2286 quod
1219 2216 1272 2270 in
1287 2231 1350 2269 ea
1367 2217 1612 2272 conditor
1628 2231 1757 2270 suus
1779 2216 2010 2284 primor—

425 2311 636 2366 dialiter
659 2311 880 2373 creavit,
900 2318 1070 2364 totum
1097 2309 1473 2380 integrumque
1500 2319 1704 2375 manet,
1729 2311 1902 2366 adhuc
1924 2319 2004 2365 ta-

428 2416 551 2456 men
573 2401 726 2464 latet,
749 2399 1127 2454 revclationem
1150 2399 1380 2454 liliorum
1407 2401 1502 2454 Dei
1522 2413 1839 2469 expectans.
1865 2401 2006 2456 Dtsc.

429 2489 547 2546 Non
576 2505 661 2545 me
676 2489 922 2545 fortassis
937 2498 1194 2554 moveret,
1214 2490 1259 2544 si
1277 2489 1411 2543 mihi
1423 2489 1570 2544 clare
1583 2491 1858 2555 suaderes,
1873 2491 2014 2559 quod

429 2595 528 2651 per
549 2580 814 2650 meipsum
841 2579 1146 2649 perspicere
1171 2594 1276 2632 non
1296 2579 1466 2634 valeo.
1495 2579 1742 2634 Delibero
1765 2595 2013 2648 namque,

427 2678 610 2725 utrum
654 2670 837 2733 homo,
869 2664 916 2723 Si
945 2683 1052 2723 non
1096 2679 1366 2738 peccaret,
1419 2669 1621 2723 animal
1651 2679 1798 2725 esset
1829 2687 1841 2722 :
1875 2671 2016 2739 quod

425 2759 591 2814 etiam
642 2759 750 2813 alio
798 2758 958 2812 modo
996 2772 1214 2826 possum
1260 2758 1462 2822 dicere,
1486 2774 1614 2812 num
1641 2759 1663 2789 δ
1686 2758 1848 2813 homo
1894 2767 2018 2812 ante

429 2859 708 2921 peceatum
738 2849 942 2904 animal
967 2849 1119 2904 erat?
1153 2848 1212 2904 Si
1251 2865 1356 2904 non
1381 2857 1518 2915 erat,
1546 2863 1643 2903 cur
1693 2856 1896 2902 tantum
1940 2848 2018 2903 la—

431 2944 738 2999 boravimus
761 2950 1105 3011 quaerentes,
1130 2951 1209 3006 et,
1246 2951 1305 2995 ut
1327 2951 1414 2996 est
1435 2941 1629 3006 visum,
1662 2940 2015 3006 invenientes,

435 3035 486 3088 iu
516 3031 804 3088 universali
834 3046 1028 3100 genere
1041 3030 1386 3090 animalium'
1408 3031 1680 3086 hominem
1707 3029 2018 3085 conditum‘

2109 1869 2299 1909 versae
2357 1854 2646 1909 voluntatis
2676 1856 2914 1924 appetitu
2967 1857 3181 1919 cadere,
3218 1857 3270 1910 iu
3323 1857 3508 1926 eisque
3557 1859 3694 1912 velle

2109 1960 2348 2009 manere,
2382 1946 2570 2000 relicta
2601 1948 2863 2016 superiori
2894 1947 3292 2017 pulchritudine
3321 1949 3534 2003 divinae
3561 1950 3694 2002 ima-

2111 2038 2270 2106 ginis.
2303 2037 2445 2093 Dtsc.
2479 2037 2608 2093 Jure
2655 2039 2872 2107 quidem
2927 2040 3176 2109 culpatur
3232 2041 3570 2095 rationabilis
3625 2042 3696 2096 ob

2110 2128 2421 2181 animalium
2475 2129 2920 2184 irrationabilium
2959 2139 3137 2185 motus
3167 2129 3228 2183 ⁸⁸.
3267 2130 3400 2185 Nam
3429 2130 3478 2186 si
3503 2131 3699 2201 aliquis

2113 2219 2275 2272 humo
2300 2220 2560 2274 honestae
2593 2219 3094 2274 formaebestialem
3125 2219 3350 2290 cliigiem
3377 2230 3572 2290 sponte
3600 2237 3694 2276 sua

2111 2327 2172 2366 se
2193 2311 2458 2374 indueret,
2497 2327 2601 2366 non
2637 2313 2910 2367 immerito
2945 2312 3446 2382 reprehenderetur,
3496 2313 3563 2366 ab
3608 2329 3696 2378 eo,

2111 2399 2253 2468 quod
2291 2398 2485 2453 melius
2510 2408 2614 2465 est,
2647 2401 2699 2454 in
2730 2399 2804 2466 id,
2849 2401 2990 2470 quod
3043 2399 3211 2455 multo
3236 2401 3277 2432 “
3312 2402 3568 2467 deterius,
3609 2417 3697 2456 se-

2116 2489 2291 2558 ipsum
2323 2488 2706 2556 praecipitans.

2185 2576 2236 2628 7.
2277 2575 2382 2631 Sed
2408 2577 2586 2632 adhuc
2609 2593 2831 2648 quaero,
2859 2593 2958 2632 cur
2982 2578 3121 2635 Deus
3148 2579 3423 2636 hominem
3454 2581 3506 2634 in
3534 2596 3699 2652 gene-

2117 2684 2174 2723 re
2212 2667 2520 2722 auimalium
2551 2671 2776 2733 creavit,
2803 2685 2962 2738 quem
3017 2672 3082 2724 ad
3117 2672 3407 2741 imaginem
3438 2687 3591 2726 suam
3645 2682 3702 2726 et

2115 2760 2524 2814 similitudinem
2554 2759 2734 2815 facere
2771 2761 2976 2815 voluit?
3019 2761 3316 2816 Gloriosius
3333 2763 3530 2831 quippe
3557 2762 3703 2816 vide-

2118 2858 2288 2914 retur,
2313 2849 2461 2904 omni
2478 2849 2814 2904 animalitate
2845 2852 2960 2906 tieri
2990 2851 3320 2914 absolutum,
3343 2850 3486 2920 quod
3509 2867 3702 2922 super-

2120 2942 2173 2995 ni
2207 2943 2542 2996 characteris
2586 2943 2860 3012 particeps
2894 2957 3015 2997 esse
3053 2942 3193 2995 ultra
3220 2941 3403 2995 omnia
3448 2942 3703 2996 animalia

2122 3029 2299 3084 fuerat
2317 3031 2570 3096 electum,
2623 3032 3044 3101 caelestiumque
3072 3031 3430 3087 essentiurum
3457 3047 3700 3093 consors.

434 3126 593 3181 esse?
640 3124 698 3179 Si
747 3125 890 3180 enim
928 3123 980 3178 in
1009 3139 1074 3178 eo
1121 3137 1319 3194 genere
1366 3137 1472 3176 non
1517 3131 1600 3177 est
1647 3133 1882 3186 creatus,
1925 3131 2014 3176 aut
2044 3119 2089 3180 C
2120 3121 2315 3190 quibus
2356 3130 2694 3176 terrenorum
2736 3122 3050 3196 animalium
3091 3122 3235 3177 nulla
3277 3122 3706 3177 consubstantia-

433 3214 654 3270 omnino
678 3223 804 3268 ante
828 3223 1110 3284 peceatum
1141 3212 1342 3266 animal
1369 3228 1476 3267 non
1502 3221 1641 3278 erat,
1666 3222 1760 3268 aut
1798 3213 1843 3268 si
1875 3221 2014 3280 erat,

432 3305 486 3358 in
515 3304 622 3358 alio
661 3294 1212 3374 genere'amimalium
1257 3302 1507 3357 conditus
1551 3311 1691 3358 erat.
1721 3301 1874 3369 Quod
1919 3317 2020 3358 nec

428 3392 611 3446 divina
651 3391 930 3460 Scriptura
959 3389 1273 3455 introducit,
1302 3405 1402 3445 nec
1431 3390 1658 3460 diligens
1690 3393 1916 3446 rationis
1936 3391 2018 3446 in-

426 3479 646 3548 quisitio
664 3479 720 3533 in
751 3487 942 3533 natura
969 3492 1148 3533 rerum
1175 3477 1396 3547 reperit.
1425 3477 1617 3533 Omnia
1639 3479 1783 3534 enim
1808 3479 2016 3534 anima-

425 3568 498 3623 lia
548 3569 605 3624 in
651 3584 758 3624 uno
807 3583 1005 3637 genere
1046 3568 1368 3634 subsistunt,
1403 3583 1434 3622 a
1474 3583 1582 3638 quo
1603 3583 1699 3638 per
1726 3569 2019 3624 divisiones

425 3662 743 3732 procedunt.
772 3661 841 3715 At
873 3661 921 3717 si
950 3661 1004 3716 in
1047 3676 1114 3718 eo
1139 3662 1281 3731 quod
1310 3662 1572 3730 scriptum
1599 3668 1684 3716 est
1707 3662 1726 3692 ⁷
1759 3677 1772 3715 :
1815 3659 2020 3715 Produ-

425 3761 510 3808 σαι
533 3763 675 3806 terra
714 3752 945 3806 animum
980 3753 1172 3818 uiuam,
1217 3752 1362 3806 inter
1386 3750 1638 3805 animalia
1679 3759 1859 3806 cetera
1888 3765 2021 3805 con-

429 3844 564 3898 ditio
591 3844 826 3898 hominis
849 3845 1154 3899 introducta
1189 3853 1270 3899 est
1292 3855 1416 3899 ante
1457 3855 1758 3913 peccatum,
1787 3859 2018 3914 quomo-

437 3933 501 3988 1ο
553 3931 838 3987 Psalmista
871 3933 1032 3990 veluti
1065 3950 1317 4005 magnum
1365 3935 1714 4004 opprobrium
1755 3935 2021 3988 humanae

429 4031 661 4078 naturae
690 4033 812 4093 post
832 4024 1038 4093 lapsum
1088 4025 1285 4096 ingerit
1313 4027 1499 4082 dicens
1531 4043 1542 4078 :
1577 4025 1771 4090 Homo,
1800 4043 1919 4079 cum
1964 4027 2021 4079 in

427 4117 630 4167 honore
659 4123 812 4179 esset,
847 4131 948 4168 non
980 4114 1254 4180 intellexit,
1284 4126 1617 4184 comparatus
1661 4126 1735 4169 est
1765 4116 2020 4184 jumentis

429 4205 816 4274 insipientibus,
843 4215 890 4259 et
917 4206 1101 4258 similis
1131 4206 1302 4274 {actus
1331 4217 1406 4260 est
1434 4205 1582 4258 illis?
1614 4205 1714 4262 Ubi
1749 4205 2020 4274 Propheta

430 4301 618 4361 aperte
645 4292 858 4348 videtur
881 4295 1250 4362 pronuntiare,
1309 4294 1582 4348 hominem
1632 4302 1760 4347 ante
1810 4294 2019 4363 lapsum

432 4385 486 4437 in
515 4384 722 4438 honore
765 4385 1060 4454 spiritualis
1106 4385 1441 4440 substantiae
1471 4385 1608 4440 ultra
1634 4385 1876 4440 omnium
1905 4387 2023 4442 ani-

2118 3213 2242 3267 litas
2285 3213 2482 3270 sinitur
2522 3215 2715 3269 inesse.
2772 3214 2887 3269 Non
2933 3215 3076 3270 enim
3119 3215 3350 3270 terrenis
3391 3215 3706 3283 corporibus

2117 3313 2431 3376 gravantur,
2459 3322 2560 3362 nec
2588 3308 2866 3377 corporeis
2891 3308 3138 3362 sensibus
3159 3315 3384 3360 utuntur
3411 3306 3450 3336 ‘7
3499 3303 3571 3372 ad.
3617 3319 3706 3358 re-

2118 3409 2237 3448 rum
2280 3395 2612 3450 sensibilium
2663 3397 2932 3450 notitiam.
2965 3395 3078 3449 Non
3115 3396 3259 3450 enim
3302 3394 3344 3425 ⁸⁸
3371 3395 3709 3447 extrinsecus

2119 3485 2436 3554 phantasias
2458 3486 2750 3555 accipiunt,
2799 3486 2892 3538 sed
2921 3485 3245 3538 intrinsecus
3279 3483 3331 3536 in
3383 3481 3576 3550 seipsis
3621 3493 3710 3533 ra-

2119 3574 2292 3629 tiones
2313 3589 2526 3639 eorum,
2554 3591 2692 3643 quae
2720 3575 2922 3638 vident,
2961 3581 3313 3645 cognoscunt.
3345 3571 3479 3624 Nam
3517 3580 3570 3626 et
3593 3571 3713 3624 ani-

2119 3679 2205 3719 ma
2236 3681 2341 3720 non
2376 3674 2529 3719 extra
2556 3681 2615 3719 se
2635 3666 2796 3727 videt,
2815 3679 2955 3734 quae
2968 3665 3152 3728 sentit,
3173 3663 3266 3720 sed
3281 3677 3378 3734 per
3398 3662 3711 3733 phantasias

2120 3755 2173 3809 in
2199 3755 2402 3825 seipsa,
2433 3757 2577 3823 quod
2607 3755 2782 3826 angeli
2811 3771 2915 3810 non
2947 3755 3246 3824 patiuntur.
3276 3753 3532 3818 Quamvis
3560 3751 3712 3806 Plato

2118 3846 2366 3915 angelum
2404 3845 2630 3899 deﬁrniat
2679 3843 2880 3898 animal
2939 3843 3206 3898 rationale
3254 3851 3309 3896 et
3359 3840 3710 3896 immortale:

2119 3939 2211 3993 sed
2260 3938 2402 4006 quod
2449 3937 2775 3991 auctoritate
2825 3933 2883 3989 S.
2946 3933 3264 4002 Scripturae
3293 3942 3714 4000 sanctorumque

2119 4028 2340 4082 Patrum
2364 4026 2594 4096 probare
2619 4039 2725 4079 non
2756 4037 3067 4092 possumus,
3091 4022 3232 4075 inter
3275 4030 3452 4074 certas
3494 4028 3714 4074 natura-

2119 4133 2238 4173 rum
2251 4116 2664 4185 speculationes,
2691 4113 2947 4183 quoniam
2967 4112 3311 4169 temerarium
3340 4119 3444 4175 est,
3468 4110 3715 4178 accipere

2120 4223 2227 4262 non
2268 4205 2548 4260 debemus.
2606 4203 2760 4271 Quod
2810 4210 2992 4258 autem
3034 4204 3077 4236 "
3116 4209 3337 4256 sanctus
3381 4200 3715 4270 Augustinus

2121 4310 2361 4352 summos
2401 4293 2622 4364 angelos
2665 4291 2968 4363 spiritualia
3000 4306 3096 4346 sua
3135 4305 3384 4359 corpora,
3435 4289 3488 4342 in
3521 4289 3717 4358 quibus

2123 4400 2284 4456 saepe
2307 4391 2592 4454 apparent,
2621 4400 2727 4438 non
2767 4381 2942 4438 solum
2978 4381 3179 4436 habere
3207 4395 3312 4434 non
3343 4380 3590 4450 denegat,
3619 4395 3714 4434 ve-

433 4472 654 4525 malium
681 4481 927 4527 naturam
962 4474 1271 4529 substitisse
1297 4491 1310 4539 ;
1338 4490 1404 4530 eo
1434 4489 1562 4531 vero
1584 4475 1818 4541 labente,
1849 4477 2021 4548 digni-
2049 4479 2100 4539 D
2127 4491 2246 4530 rum
2269 4477 2435 4530 etim
2462 4475 2771 4539 conﬁrmat,
2801 4471 2946 4528 nullo
2976 4471 3137 4526 modo
3164 4469 3571 4538 compellitnos,
3595 4483 3718 4523 cae-

428 4569 707 4630 tatemque
729 4577 859 4616 suae
882 4571 1106 4617 naturae
1133 4579 1237 4618 non
1267 4564 1616 4634 intelligente,
1650 4566 1702 4620 in
1733 4575 2014 4621 contume-

429 4649 561 4704 liam
593 4649 966 4718 iumentorum
1005 4651 1374 4709 similitudinis
1419 4655 1698 4712 cecidisse.
1733 4655 1791 4710 Si
1834 4665 2014 4710 autem

429 4751 556 4793 ante
581 4738 791 4807 lapsum
817 4741 1020 4796 animal
1041 4753 1184 4808 erat,
1207 4759 1305 4798 cur
1331 4755 1452 4814 post
1471 4746 1680 4816 lapsum
1706 4746 1760 4801 in
1784 4761 1850 4801 eo
1870 4745 2015 4815 iuste

431 4829 870 4897 reprehenditur,
908 4831 1222 4886 animalium
1257 4834 1663 4890 similitudinem
1693 4837 2008 4900 incurrisse,

432 4916 632 4982 quibus
656 4919 979 4975 naturaliter
1015 4919 1118 4976 sub
1140 4937 1248 4976 uno
1272 4938 1467 4994 genere
1493 4937 1812 4980 concreatus
1840 4927 1862 4958 ⁸
1888 4926 2013 4982 est?

434 5003 579 5061 MAG.
634 5007 826 5066 Merito
881 5011 1249 5080 deliberares,
1298 5015 1343 5069 si
1383 5015 1645 5085 propheta
1699 5016 2016 5085 simpliciter

435 5093 682 5161 dixisset,
705 5111 1047 5172 comparatus
1071 5112 1156 5161 est
1170 5104 1520 5175 iumentis,et
1542 5103 1734 5160 similis
1748 5104 1922 5162 factus
1936 5115 2021 5162 est

433 5179 568 5243 illis.
593 5183 813 5244 Addens
836 5204 965 5248 vero
987 5189 1251 5261 iumentis
1273 5193 1636 5263 insipientibus
1665 5195 1796 5251 satis
1818 5196 2022 5265 patefe-

2121 4569 2285 4624 lestes
2310 4567 2640 4623 substantias
2667 4564 2922 4620 animalia
2971 4577 3093 4618 esse
3121 4562 3363 4625 credere,
3392 4559 3715 4630 praesertim

2121 4674 2243 4714 cum
2279 4674 2386 4711 non
2433 4655 2749 4712 caelestium
2795 4664 2850 4709 et
2886 4651 3394 4722 incorruptibilium
3425 4664 3716 4720 corporum

2121 4763 2244 4802 cum
2274 4747 2533 4817 angelicis
2585 4746 2866 4816 spiritibus
2917 4744 3198 4800 harmonia
3234 4741 3720 4811 inseparabilisque

2113 4831 2389 4904 iunctura,
2417 4839 2510 4893 sed
2541 4839 2880 4893 terrestrium
2907 4846 2964 4891 et
2979 4835 3411 4905 corruptibilium
3449 4848 3574 4888 cum
3602 4833 3722 4886 ani-

2109 4931 2315 4986 .mabus
2330 4930 2444 4986 sive
2471 4930 2884 4984 rationabilibus
2907 4929 3022 4983 sive
3050 4925 3537 4988 irrationabilibus,
3553 4938 3716 4978 sensu

2101 5020 2420 5086 .mediante,
2441 5022 2707 5076 connexio
2727 5019 2929 5074 animal
2951 5017 3166 5072 efficiat.
3187 5016 3322 5070 Nam
3344 5016 3389 5070 si
3409 5029 3604 5070 sensus
3627 5029 3721 5069 ex-

2126 5112 2294 5168 terior
2318 5112 2581 5182 angelicis
2608 5111 2926 5180 corporibus
2955 5116 3118 5175 atque
3147 5104 3508 5159 intellectibus
3555 5104 3718 5166 inest,

2128 5203 2256 5270 quid
2299 5202 2571 5269 prohibet,
2621 5218 2688 5256 ne
2745 5201 2862 5254 illos
2907 5196 3160 5252 animalia
3205 5209 3430 5262 corpore
3456 5201 3510 5248 et
3539 5193 3719 5248 anima

1713 5305 1968 5361 VARIAE
2006 5307 2411 5367 LECTIONES.

504 5389 652 5463 {Sic
692 5391 768 5450 CF
797 5436 814 5461 ,
841 5395 890 5452 Α
923 5413 1097 5452 suum.
1172 5401 1192 5430 '
1223 5396 1318 5454 Sic
1354 5395 1478 5463 CF;
1518 5395 1564 5451 A
1607 5413 1752 5452 suae.

431 5461 454 5537 ξ
605 5464 693 5537 CF
872 5468 1183 5523 animalium
1213 5484 1418 5537 genere.
1463 5459 1473 5463 ’
1528 5467 1550 5498 ⁸
1573 5469 1620 5522 Α
1659 5468 1876 5521 editum.

440 5598 484 5629 ιι
511 5600 600 5656 Sic
627 5598 745 5666 (2F;
776 5607 820 5660 Α
841 5619 1069 5676 possent.
1146 5609 1189 5640 ιε
1220 5608 1312 5663 Sic
1341 5608 1426 5663 CF
1449 5598 1536 5673 ;'A
1563 5617 1737 5662 autem
1765 5618 1858 5662 εει-

437 5682 626 5725 motus.
706 5677 748 5706 ¹⁶
773 5677 816 5730 Α
846 5678 1088 5732 multant.
1165 5681 1206 5724 t7
1234 5681 1322 5734 Sic
1346 5679 1461 5744 CF;
1489 5687 1706 5734 uttmtur
1730 5694 1837 5734 om.
1867 5679 1929 5732 Α.

1883 5395 1904 5428 ³
1954 5397 2046 5451 Sic
2099 5400 2217 5463 CF;
2276 5401 2320 5454 Α
2374 5411 2420 5456 et
2483 5409 2671 5454 ctmcta
2717 5399 2979 5456 liberaret.

2006 5470 2024 5500 ⁷
2072 5470 2164 5524 Sic
2204 5469 2326 5524 CF:
2372 5479 2446 5524 est
2495 5485 2606 5521 om.
2652 5469 2717 5522 A.
2850 5469 2871 5497 ⁸
2919 5463 2974 5518 Si

432 5485 451 5491 '
488 5485 582 5517 DIC
605 5485 723 5528 bl';
771 5485 819 5519 ﬁ.
872 5485 1183 5523 ammauum
1213 5485 1418 5538 genere.
1528 5485 1620 5522 'A
1659 5485 1876 5521 cauum.
2010 5485 2021 5500 '
2072 5485 2164 5524 διε
2204 5485 2326 5535 LF;
2372 5485 2446 5524 est
2495 5485 2606 5521 Olli.
2652 5485 2717 5522 Α.

432 5533 452 5564 ο
487 5529 577 5566 ςίη
610 5536 638 5566 Δ
672 5552 684 5562 α
727 5534 814 5566 {‘D
838 5539 1086 5566 μηκας-
1185 5539 1229 5566 ιο
1257 5540 1346 5566 ρει.
1375 5537 1489 5566 nn.
1525 5537 1617 5566 ιη.-
1647 5547 1716 5566 ...ο
1743 5539 2008 5566 s...............
2036 5554 2118 5566 ﬁ...
2177 5542 2199 5566 Α
2339 5547 2375 5566 n
2409 5539 2499 5566 ρει.
2533 5538 2647 5566 [ειη.
2706 5537 2717 5566 .4

487 5529 579 5586 Sic
601 5536 685 5599 A;
727 5534 814 5590 CF
833 5539 1108 5594 creatoris.
1183 5529 1235 5575 ιδ
1257 5540 1348 5595 Sic
1375 5537 1490 5604 CF;
1521 5537 1617 5592 hoc
1642 5547 1717 5592 est
1741 5539 2010 5591 brutornm
2034 5554 2141 5594 om.
2166 5542 2232 5594 Α.
2314 5529 2377 5575 ἰι
2409 5539 2501 5594 Sic
2533 5538 2650 5602 CF;
2695 5537 2737 5590 A
2783 5535 3006 5588 motibus
3029 5533 3167 5593 sibi;
3247 5537 3292 5570 ’⁸
3337 5543 3413 5586 est
3456 5547 3565 5587 om.
3615 5530 3720 5606 CF.

511 5600 600 5656 Sic
627 5603 745 5678 CF;
776 5607 820 5678 Α
841 5619 1069 5676 possent.
1146 5609 1189 5640 “
1220 5608 1312 5663 Sic
1341 5608 1463 5673 CF;
1491 5609 1536 5663 A
1563 5617 1737 5662 autem
1765 5618 1858 5662 est.
1940 5609 1980 5638 “’
2027 5609 2118 5664 Sic
2147 5611 2190 5662 A
2215 5627 2229 5673 ;
2269 5608 2354 5664 CF
2387 5609 2650 5678 culpatur
2679 5604 3010 5660 rationabilis
3045 5602 3289 5659 “uinculis
3344 5601 3723 5658 irrationabiles

2011 5681 2052 5712 ”
2081 5682 2212 5734 enim
2236 5696 2343 5736 om.
2376 5678 2479 5734 CF.

3087 5395 3109 5426 ‘
3156 5393 3245 5447 Sic
3296 5394 3374 5456 A;
3427 5391 3512 5448 CF
3575 5409 3718 5448 viain.

2850 5469 2871 5497 ⁸
2919 5463 3009 5519 Sic
3063 5465 3138 5526 A;
3169 5461 3253 5517 CF
3301 5473 3573 5518 concretus
3623 5472 3719 5516 est.

2339 5547 2377 5575 ιι
2409 5539 2501 5594 Sic
2533 5538 2650 5602 CF;
2695 5537 2737 5590 A
2783 5535 3006 5588 motibus
3029 5533 3129 5587 sibi
3153 5549 3167 5593 ;
3247 5537 3292 5570 ’⁸
3337 5543 3413 5586 est
3456 5547 3565 5587 om.
3615 5530 3720 5602 CF.

2561 5679 2599 5707 ‘9
2631 5677 2672 5728 ,Χ
2722 5686 2832 5728 (tul.
