4212 6272
552 297 652 353 765

1931 304 2205 375 JOANNIS
2243 307 2436 365 scen

3694 305 3758 358 π.
3767 306 3797 355 ι

549 422 817 478 sensuque
852 407 869 441 ³
921 410 1189 464 mediante
1228 418 1282 465 et
1322 411 1592 468 intellectu
1640 415 1945 469 viviﬁcante
1976 432 2121 469 com-
2149 423 2197 482 Α
2225 416 2583 471 essentialiter
2627 430 2733 470 non
2761 415 3017 471 subsistat
3046 415 3087 469 ‘.
3126 413 3221 470 Est
3245 415 3390 470 enim
3417 405 3720 473 intellectus
3751 424 3808 472 et

547 497 911 568 posita,~sieut
935 497 1142 552 Platoni
1176 499 1370 570 placet,
1405 503 1684 558 dicamus?
1707 503 1768 558 Et
1795 505 1838 557 si
1869 506 1969 568 sic,
1993 522 2123 574 qua-

527 603 612 643 ϊε
637 589 690 642 in
720 602 914 658 genere
943 589 1250 644 animalium
1281 605 1386 646 non
1409 596 1822 663 computantur?
1846 595 2124 664 Siquidem

554 686 608 734 et
645 679 825 743 homo,
863 679 908 733 si
938 695 1042 733 non
1073 691 1340 749 peccaret,
1378 685 1578 738 animal
1606 676 1767 740 esset.
1814 686 1927 740 Non
1979 689 2122 741 enim

475 836 498 846 _
537 776 830 840 peccatum
864 767 932 820 de
968 767 1182 822 homine
1233 769 1359 823 fecit
1410 771 1606 825 animal
1653 775 1695 838 ’,
1749 777 1844 829 sed
1909 783 2121 828 natura.

489 889 492 892 «
531 857 686 912 Nam
709 866 762 912 et
801 858 1017 927 angelos
1065 861 1527 926 praevaricatores
1567 865 1816 920 animalia
1843 882 1962 923 esse
1982 868 2125 922 nulla

554 948 717 1002 tradit
787 949 1105 1004 auctoritas.
1181 949 1330 1016 Quod
1417 954 1652 1008 maxime
1727 957 1822 1010 tali
1905 951 2126 1014 docetur

555 1045 888 1103 argumento.
937 1035 1216 1105 Siquidem
1269 1038 1355 1091 illa
1414 1040 1593 1095 futura
1654 1040 1882 1099 felicitas
1915 1085 1928 1112 ,
1989 1063 2126 1117 quae

553 1125 753 1179 sanctis
820 1125 1126 1180 hominibus
1197 1128 1571 1196 promittitur,
1643 1145 1748 1184 non
1831 1133 1932 1186 alia
2009 1150 2126 1190 esse

553 1213 917 1284 praedicatur,
983 1228 1143 1291 quam
1190 1214 1466 1282 angelicae
1512 1227 1736 1272 naturae
1789 1218 2029 1288 perfecta
2075 1231 2130 1276 et

554 1304 608 1356 in
665 1303 811 1356 nullo
849 1302 1104 1357 deﬁciens
1163 1303 1479 1372 aequalitas.
1533 1305 1664 1372 Quis
1712 1317 1890 1362 autem
1937 1326 2126 1365 sanum

536 1392 766 1460 sapiens
813 1391 1048 1446 futuram
1077 1391 1310 1446 hominis
1353 1397 1856 1452 transmutationem
1887 1401 2129 1456 credide-

532 1483 625 1536 .rit
646 1482 809 1536 veluti
837 1497 902 1536 ex
934 1482 1152 1536 animali
1181 1481 1420 1537 inferiori
1451 1484 1504 1537 in
1535 1486 1736 1540 animal
1765 1489 2031 1556 superius,
2060 1499 2127 1543 ex

555 1581 768 1627 terreno
802 1573 854 1626 in
889 1572 1120 1627 caeleste
1146 1612 1160 1636 ,
1199 1588 1264 1627 ex
1301 1573 1578 1642 temporali
1624 1575 1675 1628 in
1710 1585 1984 1631 aeternum
2012 1617 2026 1643 ,
2060 1593 2127 1632 ex

551 1664 765 1718 mortali
795 1663 848 1717 in
877 1663 1289 1728 immortale,~ex
1321 1665 1521 1719 misero
1551 1665 1600 1718 in
1633 1667 1871 1733 beatum,
1905 1669 1996 1723 sed
2027 1683 2126 1738 po-

551 1753 658 1808 tius
685 1753 886 1817 omnia,
918 1767 1055 1822 quae
1101 1753 1151 1806 in
1186 1754 1287 1808 hac
1315 1755 1422 1808 vita
1473 1755 1527 1808 in
1579 1756 1884 1813 hominibus
1921 1757 2126 1813 sanctis

550 1843 748 1897 ceteris
775 1843 1087 1921 communia.
1122 1845 1442 1900 animalibus
1491 1861 1582 1900 seu
1637 1848 2005 1918 intelliguntur
2033 1867 2124 1907 seu

557 1929 862 1988 sentiuntur
885 1930 925 1994 ³,
955 1931 1010 1985 in
1033 1930 1180 1984 illam
1209 1931 1496 1986 essentiam
1527 1933 1810 1989 caelestem
1837 1945 1891 1989 et
1922 1936 2127 1991 incom-

551 2019 928 2074 municabilem
971 2020 1224 2087 omnique
1261 2020 1591 2075 animalitate
1634 2032 1906 2078 carentem
1945 2025 2126 2080 ineffa-

552 2107 643 2162 bili
658 2108 886 2176 quadam
913 2109 1210 2163 mutatione
1233 2109 1531 2174 transferri,
1553 2113 1696 2179 quod
1725 2113 1884 2166 etiam
1902 2115 2125 2180 homini,

551 2200 598 2255 si
623 2216 728 2255 non
755 2209 1024 2270 peccaret,
1048 2199 1284 2254 futurum
1311 2200 1463 2255 erat?
1491 2201 1668 2268 Quare
1694 2203 1856 2274 igitur
1881 2205 2042 2260 homo
2073 2207 2126 2261 in

551 2304 748 2362 genere
795 2290 1126 2353 animalium,
1178 2305 1314 2359 quae
1364 2291 1430 2346 de
1477 2300 1618 2346 terra
1665 2295 1922 2363 producta
1981 2305 2124 2361 sunt,

551 2391 767 2438 creatus
794 2383 892 2445 sit,
931 2383 983 2435 in
1015 2397 1120 2451 quo
1148 2397 1357 2452 semper
1386 2399 1496 2438 non
1528 2385 1800 2440 manebit?
1847 2386 2124 2456 Siquidem

551 2487 673 2527 cum
701 2472 931 2527 mundus
957 2472 1076 2537 iste,
1109 2471 1259 2540 cujus
1287 2488 1411 2543 pars
1447 2475 1695 2529 animalis
1723 2475 1881 2531 homo
1909 2486 2012 2544 est,
2041 2478 2125 2533 in-

552 2566 796 2631 terierit,
840 2579 1018 2630 omne,
1048 2565 1188 2633 quod
1235 2567 1287 2620 in
1331 2567 1550 2622 homine
1593 2568 1824 2623 animale
1869 2576 1970 2634 est,
2004 2584 2125 2623 cum

550 2654 668 2722 ipso
695 2653 827 2708 etin
858 2655 989 2722 ipso
1015 2654 1229 2722 peribit.
1275 2653 1391 2710 Non
1429 2656 1570 2710 enim
1599 2655 1621 2687 ⁸
1653 2657 1781 2711 sinit
1809 2673 1934 2712 vera
1967 2659 2123 2725 ratio,

527 2753 719 2800 totum
749 2745 858 2813 pati
909 2745 1182 2799 interitum
1207 2786 1220 2808 .
1269 2756 1449 2816 partes
1481 2762 1610 2802 vero
1639 2745 1780 2802 illius
1809 2750 1878 2804 ab
1908 2750 2125 2805 interitu

551 2834 768 2889 salvari.
818 2834 988 2890 Porro
1031 2835 1076 2890 si
1130 2845 1273 2891 totus
1303 2838 1532 2893 mundus
1577 2853 1698 2893 cum
1735 2840 1985 2895 omnibus
2014 2841 2125 2896 suis

549 2925 792 2994 partibus
837 2925 1154 2982 interiturus
1183 2926 1315 2991 erit,
1349 2928 1614 2996 quomodo
1643 2929 1833 2992 homo,
1864 2929 1918 2981 in
1947 2945 2122 3000 quan-

552 3024 661 3070 tum
688 3029 814 3083 pars
839 3016 1022 3070 mundi
1051 3016 1291 3085 est,'post
1320 3019 1574 3072 mundum
1601 3019 1859 3082 manebit,
1891 3027 1981 3072 aut
2009 3020 2119 3085 ubi,

549 3116 644 3162 aut
687 3109 992 3177 quomodo,
1045 3084 1331 3164 nonsatis
1375 3111 1548 3165 video.
1597 3110 1676 3164 Ac
1702 3125 1799 3180 per
1837 3112 1937 3166 hoc
1965 3103 2122 3178 hujus
2149 3084 2194 3146 δ

549 3199 880 3268 quaestionis
926 3199 1153 3254 nodulos
1214 3201 1390 3254 solvas
1419 3241 1433 3262 ,
1479 3202 1674 3256 obnixe
1721 3201 1916 3271 flagito.
1984 3202 2120 3258 MAG.

548 3291 724 3345 Altam
750 3290 906 3344 valde
929 3291 1192 3346 humanae
1209 3291 1533 3345 conditionis
1556 3291 1831 3361 physicam
1860 3293 2123 3347 theoriam

550 3379 809 3448 postulas,
839 3389 1185 3449 nostramque
1212 3383 1232 3412 ⁵
1262 3383 1677 3450 disputationem
1711 3382 1732 3412 ⁸
1763 3383 1973 3454 longius
2001 3398 2125 3451 pro-

521 3469 700 3538 gredi
723 3470 1019 3538 compellis.
1070 3469 1137 3524 Et
1166 3470 1296 3524 mihi
1323 3469 1589 3524 sutlieeret
1619 3470 1967 3539 interroganti
2003 3471 2122 3536 tibi,

550 3572 720 3626 quare
746 3559 885 3614 Deus
909 3560 1180 3614 hominem
1208 3560 1262 3613 in
1283 3573 1478 3630 genere
1504 3559 1813 3615 animalium
1837 3563 2124 3628 creaverit,

551 3663 712 3718 quem
747 3650 815 3704 ad
855 3665 1004 3710 suam
1045 3650 1326 3719 imaginem
1360 3649 1536 3706 facere
1563 3652 1857 3722 proposuit,
1893 3654 2128 3710 breviter

552 3744 877 3815 respondere
901 3784 915 3808 ,
963 3745 1086 3813 quia
1125 3745 1199 3799 ita
1241 3745 1410 3799 voluit
1436 3759 1557 3800 eum
1585 3747 1835 3814 condere,
1868 3758 1926 3803 ut
1951 3750 2124 3821 quod-

553 3834 674 3888 dam
703 3834 900 3888 animal
925 3841 1089 3899 esset,
1117 3835 1170 3888 in
1199 3850 1305 3904 quo
1331 3836 1614 3906 imaginem
1637 3852 1789 3892 suam
1813 3853 2124 3909 expressam

554 3919 942 3977 manifestaret.
985 3921 1093 3978 Cur
1116 3932 1292 3978 autem
1325 3925 1397 3978 ita
1427 3925 1594 3980 voluit
1621 3927 1866 3997 quisquis
1891 3933 2124 3998 quaerit,

551 4012 769 4068 divinae
795 4014 1087 4071 voluntatis
1112 4029 1301 4070 causas
1339 4017 1570 4086 quaerit,
1599 4032 1733 4087 quas
1758 4034 2020 4089 quaerere
2047 4021 2127 4077 ni-

552 4103 656 4157 mis
680 4105 1136 4174 praesumptivum
1161 4105 1182 4139 ’
1212 4114 1296 4161 est
1323 4116 1484 4176 atque
1512 4109 1822 4178 superbum.
1849 4108 1979 4175 Quis
1992 4111 2126 4165 enim

549 4195 784 4263 cognovit
805 4195 826 4227 ⁸
852 4211 1060 4250 sensum
1088 4194 1340 4250 Domini?
1369 4197 1472 4253 Sed
1501 4198 1544 4252 si
1575 4200 1676 4253 hoc
1701 4199 1913 4264 dixero,
1942 4201 2125 4271 ingra-

554 4293 639 4340 tus
667 4285 910 4344 fortassis
937 4289 1120 4344 silebis
1138 4329 1151 4354 ,
1191 4300 1246 4345 et
1275 4306 1372 4346 nos
1400 4292 1711 4348 aestimabis
1742 4294 1816 4348 nil
1841 4295 1908 4348 ad
1933 4310 2126 4365 purum

2225 506 2386 569 ratio,
2416 515 2498 559 est
2538 505 2785 559 caelestis
2811 504 3146 574 angelicique
3174 503 3417 572 corporis
3444 503 3677 558 habendi
3708 519 3776 559 na

2229 595 2469 650 turaliter
2495 595 2652 649 insita
2684 594 2840 658 ratio,
2873 608 3010 662 quae
3039 584 3160 661 post
3185 594 3640 650 resurrectionem
3687 594 3808 649 luce

2224 681 2424 736 clarius
2453 691 2506 734 et
2537 682 2588 736 in
2623 682 2776 735 bonis
2803 679 3082 748 apparebit
3109 687 3166 733 et
3190 679 3242 733 in
3269 679 3442 733 malis.
3469 679 3807 736 Hoc-enim“

2225 762 2510 827 commune
2530 773 2927 828 erituniversae
2951 770 3214 823 humanae
3239 779 3482 836 naturae,
3499 771 3550 823 in
3572 773 3808 842 aeternis

2225 861 2827 931 incorruptibilibusquc
2853 874 2915 913 ac
2957 857 3328 927 spiritualihus
3355 859 3672 926 corporibus
3721 874 3804 913 πει

2225 963 2464 1018 surgere.
2505 949 2825 1012 Seminatur,
2857 947 3049 1016 inquit,
3074 963 3262 1015 corpus
3287 947 3326 976 “
3361 947 3607 1014 animale,
3627 959 3803 1018 surget

2226 1052 2412 1105 corpus
2458 1035 2747 1106 spirituale.
2796 1035 2961 1088 Totus
3006 1034 3107 1088 iste
3156 1025 3388 1089 mundus
3431 1035 3694 1090 sensibilis
3743 1037 3799 1090 in

2227 1123 2340 1193 ipso
2370 1125 2617 1178 conditus
2648 1133 2748 1177 est.
2805 1121 2958 1175 Nulla
3006 1123 3148 1176 enim
3196 1138 3322 1192 pars
3359 1123 3476 1191 ejus
3513 1125 3796 1191 invenitur,

2227 1215 2340 1269 sive
2373 1228 2632 1283 corporea
2663 1213 2776 1267 sive
2806 1212 3150 1281 incorporea,
3191 1225 3331 1282 quae
3361 1228 3467 1268 non
3497 1214 3553 1286 in
3585 1215 3804 1270 homine

2227 1314 2407 1360 creata
2455 1304 2735 1368 subsistat,
2782 1303 2978 1368 sentit,
3031 1301 3189 1367 vivit,
3241 1303 3636 1371 incorporatur.
3687 1303 3802 1358 Noli

2226 1395 2395 1450 moles
2424 1408 2712 1463 corporeas
2743 1393 2795 1446 in
2823 1391 3038 1446 homine
3065 1406 3326 1463 pensare;
3353 1393 3608 1448 virtutem.
3634 1395 3802 1464 magis

2227 1485 2508 1540 considera
2542 1483 2864 1549 naturalem,
2896 1483 3216 1552 praesertim
3241 1499 3362 1537 cum
3395 1483 3577 1539 videas
3605 1485 3658 1537 in
3690 1485 3801 1553 ipso

2202 1577 2461 1631 humano
2493 1590 2717 1644 corpore
2755 1574 3010 1645 pupillam
3050 1575 3221 1639 oculi,
3265 1589 3402 1643 quae
3430 1591 3552 1632 cum
3597 1577 3666 1632 sit
3695 1575 3799 1630 mi-

2225 1665 2371 1719 nima
2401 1665 2636 1720 omnium
2665 1663 3025 1719 membrorum
3056 1666 3377 1734 quantitate,
3407 1667 3640 1720 maxima
3669 1668 3767 1720 sub

2155 1742 2200 1802 Β
2231 1755 2370 1811 sistit
2399 1755 2657 1825 potentia.
2696 1754 2753 1810 Si
2781 1769 2910 1826 ergo
2940 1755 2981 1786 "
3002 1753 3142 1807 Deus
3188 1754 3458 1809 hominem
3509 1755 3561 1809 in
3608 1770 3800 1826 genere

2227 1845 2534 1898 animalium
2564 1860 2668 1899 non
2700 1853 2932 1908 crearet,
2955 1842 3053 1898 'vel
3079 1854 3225 1898 certe
3255 1845 3297 1897 si
3326 1845 3567 1919 omnium
3599 1847 3799 1900 animao

2226 1935 2354 1988 lium
2403 1944 2567 1989 totam
2601 1943 2848 1988 naturam
2894 1934 2946 1988 in
2978 1934 3194 1989 homine
3223 1933 3265 1964 ¹³
3294 1949 3399 1988 non
3432 1925 3795 1998 substitueret,

2225 2026 2493 2094 quomodo
2523 2027 2773 2079 universa
2803 2031 3052 2079 creatura
3093 2023 3319 2078 visibilis
3356 2034 3407 2077 et
3438 2023 3717 2078 invisibilis
3744 2024 3797 2078 in

2226 2129 2291 2168 eo
2317 2114 2884 2184 comprehenderetur,
2913 2128 2975 2168 ac
3000 2127 3096 2183 per
3126 2114 3228 2167 hoc
3258 2112 3646 2166 rationabiliter
3666 2127 3794 2181 pos-

2225 2206 2394 2260 simus
2439 2205 2637 2269 dicere,
2674 2214 2955 2274 propterea
2995 2205 3137 2259 Deus
3179 2204 3444 2258 hominem
3494 2205 3548 2258 in
3595 2219 3794 2275 genere

2227 2293 2537 2349 animalium
2569 2294 2735 2348 voluit
2764 2294 3091 2349 substituere
3115 2331 3130 2359 ,
3177 2292 3430 2361 quoniam
3456 2291 3508 2346 in
3538 2292 3652 2361 ipso
3679 2306 3796 2346 om-

2227 2401 2348 2442 nem
2378 2396 2684 2441 creaturam
2715 2386 2758 2419 “
2781 2387 2947 2442 voluit
2988 2401 3194 2441 creare.
3240 2386 3348 2441 Cur
3393 2397 3571 2441 autem
3602 2386 3656 2440 in
3683 2387 3799 2455 ipso

2225 2491 2440 2532 omnem
2468 2487 2771 2533 creaturam
2801 2477 2970 2532 voluit
2992 2477 3262 2543 creare“,
3307 2477 3352 2532 si
3397 2493 3426 2531 a
3455 2493 3542 2533 me
3562 2477 3796 2548 quaeris,

2229 2569 2546 2638 respondeo,
2574 2569 2698 2638 quia
2725 2569 2794 2622 ad
2821 2569 3107 2640 imaginem
3129 2577 3182 2624 et
3213 2569 3619 2625 similitudinem
3645 2584 3797 2624 suam

2227 2658 2394 2714 voluit
2444 2673 2566 2714 eum
2624 2659 2840 2724 facere,
2892 2669 2950 2713 nt
3001 2659 3450 2730 quemadmodum
3501 2661 3795 2730 principale

2226 2747 2528 2816 exemplum
2559 2756 2778 2817 supcrat
2805 2733 2983 2802 omnia
3021 2749 3286 2803 essentiae
3325 2749 3667 2812 excellentia,
3716 2749 3791 2802 ita

2227 2837 2406 2908 imago
2431 2837 2546 2906 ejus
2576 2845 2855 2908 superaret
2898 2852 3080 2892 omnia
3127 2839 3409 2893 creationis
3457 2839 3715 2908 dignitate
3739 2847 3797 2893 et

2225 2927 2418 2996 gratia.
2451 2926 2560 2982 Cur
2585 2935 2763 2982 autem
2796 2926 3100 2997 specialiter
3123 2942 3252 2997 prae
3279 2929 3471 2982 ceteris
3496 2928 3797 2983 visibilibus

2227 3029 2282 3074 et
2319 3018 2678 3074 invisibilibus
2706 3018 2974 3074 creaturis
3013 3019 3080 3073 ad
3111 3019 3395 3088 imaginem
3440 3035 3589 3075 suam
3622 3017 3799 3074 homi-

2225 3121 2346 3160 nem
2371 3107 2536 3160 voluit
2561 3107 2761 3172 facere,
2784 3105 2957 3161 fateor
2989 3121 3073 3161 me
3103 3109 3322 3162 omnino
3352 3109 3620 3180 ignorare.
3653 3109 3794 3163 DISC.

2223 3198 2351 3252 Mihi
2377 3199 2746 3270 interroganti,
2767 3215 2865 3254 cur
2893 3199 3034 3254 Deus
3061 3199 3114 3254 in
3140 3215 3335 3270 genere
3362 3201 3672 3255 animalium
3703 3201 3799 3256 ho-

2224 3288 2422 3342 minem
2446 3288 2616 3342 voluit
2647 3287 2845 3352 facere,
2878 3289 3031 3354 satis,
3054 3298 3113 3343 ut
3147 3291 3395 3354 aestimo,
3429 3299 3484 3344 et
3508 3290 3798 3344 rationabi-

2226 3379 2348 3433 liter
2373 3392 2711 3446 responsum.
2763 3378 3146 3434 Verumtamen
3194 3381 3371 3433 adhuc
3414 3394 3637 3448 quaero,
3665 3393 3799 3449 quo-

2226 3469 2382 3524 modo
2414 3470 2466 3522 in
2496 3469 2715 3523 homine
2757 3468 2937 3523 omnia
2981 3477 3160 3524 creata
3194 3479 3320 3524 sunt
3353 3479 3409 3524 et
3437 3470 3490 3530 in
3522 3470 3638 3542 ipso
3665 3471 3795 3525 sub-

2224 3561 2441 3624 sistunt,
2473 3575 2599 3613 num
2636 3558 2929 3614 secundum
2967 3559 3134 3614 solam
3165 3561 3471 3622 essentiam,
3507 3575 3573 3614 an
3604 3574 3796 3614 secun-

2224 3650 2350 3704 dum
2376 3651 2486 3706 sola
2516 3651 2837 3716 accidentia,
2870 3666 2937 3704 an
2970 3659 3160 3704 cuncta
3188 3651 3250 3716 ιθ,
3283 3666 3422 3720 quae
3451 3652 3798 3706 consideran-

2227 3749 2312 3794 tur
2339 3742 2392 3795 in
2429 3742 2678 3796 universa
2709 3750 2976 3807 creatura,
3010 3742 3110 3797 hoc
3152 3749 3255 3805 est,
3285 3742 3580 3797 secundum
3614 3753 3792 3796 essen-

2216 3831 2387 3898 tiam,
2441 3833 2703 3902 speciem,
2738 3830 3092 3887 diﬂerentiam
3122 3832 3165 3864 "
3187 3840 3242 3887 et
3283 3833 3700 3902 proprietatem,
3745 3844 3799 3886 e.

2224 3925 2426 3989 omnia,
2450 3940 2589 3993 quae
2608 3925 2755 3979 circa
2783 3939 2846 3979 ea
2875 3924 2944 3989 ⁸³³,
2967 3923 3368 3994 intelliguntur?

2296 4016 2434 4072 MAG.
2454 4017 2604 4071 Hanc
2632 4017 3004 4086 quaestionem
3031 4017 3074 4050 η
3100 4031 3204 4072 non
3235 4017 3364 4070 mihi
3395 4015 3552 4072 facile
3569 4016 3802 4071 occurrit

2225 4106 2492 4178 quomodo
2548 4105 2943 4161 rationabiliter
2990 4104 3281 4160 absolvam.
3342 4103 3474 4158 Nam
3523 4105 3568 4159 si
3619 4105 3800 4158 dixero

2225 4200 2520 4254 secundum
2575 4198 2743 4253 solam
2807 4197 3140 4260 essentiam,
3190 4197 3384 4250 merito
3433 4197 3798 4266 respondebis,

2226 4289 2404 4342 omnia
2432 4289 2595 4358 igitur
2616 4287 2668 4340 in
2698 4295 2902 4341 tantum
2933 4286 3266 4342 solummodo
3293 4295 3436 4351 sunt,
3461 4287 3514 4339 in
3541 4294 3801 4356 quantmu

551 4375 914 4448 perfectumve
937 4378 1132 4434 ducere
1161 4395 1334 4449 posse.
1363 4381 1477 4436 Non
1500 4383 1674 4437 dicam
1707 4384 1890 4456 igitur,
1914 4399 2013 4439 cur
2036 4399 2129 4440 vo-
2157 4416 2205 4477 Β
2229 4379 2590 4435 essentialiter
2616 4378 2935 4443 subsistunt,
2971 4387 3151 4433 cetera
3193 4393 3341 4439 vero,
3374 4392 3515 4448 quae
3545 4377 3687 4432 circa
3716 4392 3804 4430 es-

551 4466 673 4530 luit,
700 4469 827 4536 quia
869 4482 1082 4523 omnem
1135 4468 1464 4526 intellectum
1506 4480 1756 4542 superat,
1792 4473 1886 4528 sed
1929 4473 2124 4542 dicam,

551 4565 712 4625 prout
745 4557 860 4626 ipse
891 4544 1124 4620 dederit,
1165 4560 1293 4626 quid
1325 4559 1500 4617 facere
1527 4563 1710 4617 voluit.
1750 4561 1975 4620 Omnem
2005 4565 2126 4634 qui-

552 4645 674 4698 dem
702 4655 1004 4699 creaturam
1052 4647 1416 4705 visibilem'et
1460 4653 1778 4711 invisibilem
1829 4657 1880 4711 in
1912 4657 2128 4713 homine

555 4731 724 4796 fecit,
768 4733 1022 4806 quoniam
1085 4734 1184 4804 ipsi
1244 4739 1564 4796 universitas
1609 4745 1856 4800 conditae
1901 4757 2128 4802 naturae

554 4824 734 4878 inesse
789 4823 1122 4893 intelligitur.
1199 4827 1455 4894 Quamvis
1519 4835 1661 4887 enim
1713 4838 1889 4891 adhuc
1939 4837 2124 4904 lateat,

553 4922 753 4982 quanta
787 4914 854 4969 sit
883 4915 1056 4984 prima
1085 4916 1317 4974 hominis
1345 4922 1582 4977 conditio
1623 4934 1744 4991 post
1789 4927 2128 4995 praevarica-

554 5003 756 5058 tionem
787 5004 1002 5074 superni
1035 5004 1250 5062 luminis
1279 5009 1510 5074 delectu,
1543 5012 1674 5066 nihil
1715 5021 1891 5066 tamen
1924 5012 1975 5065 in
2008 5026 2134 5067 eae-

553 5093 778 5151 lestibus
806 5096 1052 5153 essentiis
1081 5100 1395 5153 naturaliter
1422 5101 1559 5154 inest
1586 5141 1600 5165 ,
1648 5105 1789 5170 quod
1819 5102 1872 5156 in
1913 5103 2132 5159 homine

2229 4469 2459 4523 sentiam
2509 4467 2592 4522 vel
2640 4467 2995 4523 substantiam
3049 4466 3440 4537 intelliguntur,
3477 4467 3532 4520 in
3582 4479 3803 4520 numero

2231 4557 2598 4612 universitatis
2646 4571 2828 4611 rerum
2874 4571 2974 4612 nec
3019 4555 3376 4625 computanda
3433 4570 3531 4610 nec
3589 4554 3800 4623 penitus

2229 4653 2374 4701 sunt.
2431 4643 2495 4698 Et
2543 4646 2586 4699 si
2635 4645 2706 4699 ita
2736 4655 2839 4709 est,
2865 4659 3094 4714 quaeres
3120 4659 3149 4698 a
3186 4659 3293 4706 me,
3324 4644 3463 4698 unde
3486 4657 3612 4712 ergo
3651 4651 3800 4704 sunt,

2228 4750 2367 4808 quae
2393 4737 2534 4790 circa
2561 4736 2850 4790 essentiam
2876 4750 3054 4790 rerum
3092 4733 3474 4804 intelliguntur.
3508 4729 3563 4785 Si
3589 4730 3800 4794 dixero,

2227 4844 2296 4884 ex
2323 4827 2432 4881 Deo
2459 4824 2603 4879 facta
2629 4833 2772 4889 sunt,
2803 4824 3049 4878 dicturus
3091 4824 3222 4888 eris,
3253 4835 3418 4890 quare
3446 4833 3573 4888 ergo
3600 4818 3652 4872 in
3702 4834 3804 4872 nu-

2227 4933 2378 4975 mero
2408 4915 2797 4981 universitatis,
2825 4931 2963 4987 quae
3010 4915 3063 4968 in
3112 4914 3327 4969 homine
3373 4910 3513 4966 facta
3559 4919 3668 4974 est,
3696 4924 3805 4964 non

2228 5007 2607 5065 includuntur?
2632 5007 2692 5061 Si
2717 5006 2905 5060 dixero
2925 5019 2952 5058 a
2981 5004 3090 5059 Deo
3113 5003 3256 5059 facta
3283 5016 3387 5055 non
3410 5007 3560 5065 sunt,
3583 5013 3806 5070 respon-

2231 5098 2382 5154 debis
2401 5139 2416 5163 ,
2454 5114 2559 5153 non
2588 5107 2712 5153 sunt
2738 5097 2929 5167 igitur;
2977 5108 3102 5150 nam
3123 5094 3177 5149 si
3206 5099 3419 5156 essent,
3458 5105 3564 5146 non
3595 5088 3806 5144 aliunde

1837 5217 2088 5274 VARIAE
2127 5213 2527 5274 LECTIONES.

626 5326 642 5357 ¹
679 5323 763 5378 CF
791 5341 965 5380 sensu.
1042 5324 1060 5352 ²
1091 5322 1180 5376 Sic
1217 5324 1332 5387 CF;
1365 5327 1405 5377 A
1439 5328 1708 5380 animalia.

552 5405 915 5465 naturamque.
1003 5391 1130 5465 _'__A
1176 5393 1544 5462 disputatione.

554 5465 772 5520 homine
811 5462 1174 5518 essentialiter
1227 5480 1327 5517 non
1386 5466 1657 5522 subsistat.

553 5535 626 5600 F;
659 5534 700 5589 C
740 5535 967 5588 frontiue.
1075 5533 1118 5563 ¹⁴⁵
1155 5533 1246 5587 Sic
1289 5534 1408 5598 (1F;
1464 5537 1506 5588 Α
1551 5551 1811 5592 naturam.

557 5613 741 5659 cuncta
772 5603 812 5655 A
844 5609 1142 5667 cunctaque.

560 5674 939 5741 inquisitionem

1806 5331 1826 5361 ³
1863 5331 1950 5384 Sic
1983 5330 2099 5396 CF;
2150 5327 2196 5385 Α
2225 5329 2517 5399 intelligunt
2549 5345 2636 5381 seu
2676 5329 2920 5399 sentiunt.

1649 5400 1666 5429 ⁷
1709 5398 1798 5453 Sic
1837 5401 1951 5462 CF;
2002 5401 2045 5454 A
2083 5398 2592 5469 'praesmnptuosum.

1764 5471 1804 5500 ¹⁰
1838 5471 1922 5526 CF
1950 5470 2059 5525 Hoc
2086 5484 2226 5522 nam.

1919 5541 1963 5573 ¹⁸
2000 5539 2090 5594 Sic
2124 5537 2244 5604 CF;
2277 5536 2386 5591 Cur
2434 5546 2604 5588 autem
2629 5563 2698 5574 —-
2741 5551 2914 5588 creare
2940 5550 3048 5588 om.
3079 5536 3141 5586 A.

1246 5605 1284 5634 ’⁷
1325 5604 1413 5658 Sic
1439 5605 1553 5672 Cl";
1595 5609 1636 5662 Δ
1677 5610 1962 5662 essentiam
1992 5621 2037 5662 et
2070 5608 2305 5678 speciem
2334 5617 2379 5659 et
2412 5605 2786 5659 tlilliireutiam.

3020 5326 3039 5355 ⁸
3080 5324 3169 5380 Sic
3194 5323 3308 5387 CF;
3341 5324 3382 5376 A
3416 5337 3607 5376 autem.
3705 5323 3727 5353 ⁸
3763 5320 3803 5373 Α

2695 5397 2717 5429 ⁸
2754 5399 2792 5449 Α
2826 5395 3104 5462 cognoscit.
3234 5393 3255 5424 ⁹
3285 5391 3378 5450 ,CF
3416 5390 3556 5461 quod
3607 5406 3708 5441 non
3755 5389 3804 5441 in

2695 5466 2837 5518 .(llt‘.
2917 5465 2961 5495 “
2999 5465 3090 5518 Sic
3113 5463 3233 5518 CF.
3265 5464 3311 5516 Α
3338 5463 3514 5518 iaitur.
3635 5457 3680 5490 ’³
3720 5457 3809 5510 Sic

3042 5480 3090 5518 lc
3113 5479 3196 5518 bl“
3217 5504 3233 5526 ,
3265 5479 3311 5516 Α
3338 5479 3514 5528 tgtmr.
3639 5479 3680 5490 ···
3723 5479 3809 5510 3w.

3042 5536 3141 5586 .A.
3262 5533 3303 5563 “
3459 5527 3572 5591 CF;
3613 5541 3712 5594 pro
3741 5541 3810 5577 an

3387 5605 3427 5632 ιν
3469 5599 3558 5649 Sir.
3603 5595 3714 5666 CF;
3764 5595 3803 5648 A

2303 5469 2344 5500 ¹¹
2385 5484 2570 5535 corpus
2598 5481 2704 5520 om.
2733 5466 2837 5518 (ηε.

2893 5605 2933 5635 ¹⁸
2970 5621 3027 5655 ea
3078 5618 3184 5656 om.
3221 5603 3282 5653 Α.
