2106 3136
408 104 464 111 ..ς-φ

199 114 254 142 vos
408 104 464 111 ”“’
610 114 654 142 ns
672 92 840 143 mwsionn
867 114 991 155 narunt

1039 134 1041 141 ν
1059 128 1095 136 -
1112 113 1214 142 LIBER
1233 113 1408 147 QUARTUS.
1779 116 1836 145 766

202 171 294 195 essent
309 167 317 183 ι
335 166 385 194 nisi
400 173 432 194 ex
449 173 528 195 causa
541 167 671 200 omnium,
686 175 755 202 quae
771 168 839 195 Deus
853 172 904 195 est.
921 168 954 195 Et
967 167 990 195 si
1005 171 1029 201 Α
1043 172 1106 196 sunt
1125 167 1201 195 fieri?
1219 167 1289 195 Mm.
1306 168 1333 195 Si
1351 175 1415 202 ergo
1430 169 1542 197 alterius
1556 171 1662 204 generis
1683 179 1728 199 seu
1755 179 1835 201 uatu-

202 218 378 244 eonsensero,
396 219 438 243 ea,
457 219 526 246 quae
547 212 618 238 circa
642 212 775 239 essentias
796 211 990 246 intelliguntur,

204 257 231 283 in
247 263 359 283 numero
381 263 470 283 rerum
495 262 546 283 non
570 263 639 288 esse,
659 256 722 290 quia
737 263 752 282 a
769 256 824 283 Deo
840 264 898 283 non
919 261 991 289 sunt,

204 300 331 327 continuo
343 299 424 330 dices,
439 298 573 334 quomodo
593 306 657 334 ergo
678 298 884 334 intelliguntur?
907 299 992 327 Omne

204 343 287 375 enim,
301 343 371 379 quod
395 351 427 370 ex
455 343 510 370 Deo
531 351 584 383 non
612 347 675 376 est,
700 343 773 370 nullo
786 343 865 370 modo
880 343 993 378 intelligi

205 388 389 423 potest,‘quia
418 388 472 414 ullo
500 386 578 415 modo
607 396 658 416 non
686 393 737 415 est.
766 387 794 415 Si
818 388 922 420 dixero,
939 396 992 415 non

205 433 290 459 solum
315 432 464 465 essentias,
479 440 572 459 verum
597 433 679 460 etiam
703 433 808 465 omnia,
823 440 891 467 quae
916 437 994 460 natu-

205 476 296 504 raliter
311 477 382 503 circa
399 484 444 504 eas
461 476 656 512 intelliguntur,
671 483 699 505 et
713 485 747 505 ex
769 479 822 505 Deo
835 485 904 509 esse,
919 482 947 505 et
966 478 991 505 in

204 521 324 556 partibus
347 521 531 549 univcrsitatis
552 523 712 557 computari,
733 530 786 551 non
808 527 849 550 est
871 523 992 555 dubium,

205 566 270 601 quin
283 567 293 581 ’
307 574 398 602 cogar,
412 575 493 594 unum
505 575 538 594 ex
554 567 658 594 duobus
667 568 775 604 eligere,
787 573 834 595 aut
847 576 899 596 non
911 573 992 596 totam

206 610 408 638 universitatem
421 611 447 638 in
459 611 566 638 homine
577 612 724 644 conditam,
738 613 761 639 si
773 612 939 640 solummodo
951 621 993 641 es-

207 655 312 682 scntiae
325 655 350 681 in
367 655 423 689 ipso
438 655 524 683 factae
538 661 610 688 sunt,
625 662 672 683 aut
685 661 766 684 totam
781 658 992 692 universitatem,

210 700 261 728 hoc
276 705 317 727 est
330 702 471 733 cssentias,
485 705 511 728 et
525 709 702 736 quaecunque
714 702 785 730 circa
800 711 856 736 eas,
874 708 901 731 et
915 703 942 730 in
954 704 994 731 eis

209 745 424 779 perspiciuntur,
449 746 475 772 in
501 746 609 773 homine
634 747 769 774 conditam
785 747 795 763 ³
824 756 892 776 esse.
917 748 950 776 Et
971 749 994 776 si

208 788 310 819 dixero,
319 796 370 815 non
384 794 486 823 partem
500 789 693 823 universitatis,
706 791 757 819 hoc
764 796 805 819 est
819 793 992 827 substantias,

207 835 253 860 sed
267 837 350 860 totum
365 833 390 860 in
407 833 515 861 homine
529 835 715 869 constitutum,
728 837 886 872 gravissima
909 846 992 873 quae-
1008 833 1030 862 Β

204 877 293 905 stionc
311 879 482 913 persequeris
501 879 623 913 dicendo,
647 881 868 910 irrationabilitas
887 891 952 918 ergo
966 883 993 910 in

205 930 238 950 eo
252 923 320 950 facta
335 928 385 954 est,
400 929 426 951 et
444 924 592 952 bestialitas
602 945 609 957 ,
634 927 877 962 quadrupedalitas,
899 928 995 955 volati-

205 968 281 998 litas.
296 971 442 1003 omnesque
462 968 628 997 ditliirentiae
652 971 818 999 diversorum
838 973 994 1001 animalium

203 1013 371 1048 aliarumque
394 1021 496 1047 rerum,
510 1015 612 1049 species
627 1024 743 1052 quoque,
758 1023 786 1045 et
804 1019 992 1053 proprietates,

204 1061 230 1083 et
258 1057 423 1089 accidentia,
458 1063 486 1085 et
504 1063 592 1086 cetera
621 1059 837 1095 innumerabilia,
862 1069 931 1097 quae
959 1063 993 1090 ab

204 1100 319 1127 humana
339 1106 432 1128 natura
450 1102 527 1136 longe
545 1102 644 1131 distare
657 1103 798 1138 videntur,
822 1106 848 1133 in
877 1111 990 1141 tantum,

204 1149 235 1170 ut
247 1144 269 1172 si
284 1144 384 1172 homini
408 1145 495 1173 inesse
509 1147 670 1180 constiterit,
685 1156 737 1176 non
759 1157 821 1178 esse
843 1151 991 1186 hominem,

203 1188 251 1215 sed
272 1189 454 1223 turpissimum
477 1194 625 1218 monstrum
644 1197 718 1220 recte
746 1193 891 1229 iudicetur.
917 1196 990 1225 Disc.

204 1232 389 1261 Difﬁcultatem
404 1235 568 1268 quaestionis
581 1236 722 1265 cumulasti
733 1257 740 1270 ,
756 1239 926 1275 quadamque
945 1241 991 1268 de—

203 1278 374 1311 liberatione,
390 1279 515 1314 quicquid
536 1280 570 1307 ab
584 1281 636 1308 alio
660 1287 856 1317 opponeretur,
870 1284 916 1312 tibi
935 1285 992 1320 ipse

200 1325 361 1358 opposuisti,
377 1333 409 1352 ac
423 1332 471 1360 per
488 1324 538 1353 hoc
555 1332 599 1353 aut
617 1335 677 1354 eam
699 1329 843 1362 reserabis,
862 1334 907 1357 aut
929 1330 991 1359 abs-

201 1372 303 1395 trusam
318 1370 476 1404 praeteribis
498 1370 519 1402 ⁸,
545 1376 572 1398 et
590 1371 623 1398 ad
646 1372 696 1399 alia
720 1373 731 1389 ⁸
757 1375 893 1408 transibis,
918 1376 989 1411 quod

200 1412 278 1439 valde
292 1413 464 1448 incongruum
480 1415 621 1442 videbitur.
636 1415 704 1444 Mm.
724 1417 859 1446 Conemur
875 1419 964 1454 itaque
977 1420 990 1437 ⁸

200 1456 274 1483 illam
287 1459 482 1491 quodammodo
506 1460 666 1495 conspicari,
688 1469 724 1489 ne
750 1464 859 1492 omnino
885 1464 986 1493 intacta

200 1502 311 1529 interim
341 1504 519 1540 relinquatur.
550 1508 622 1537 Dlsc.
647 1510 711 1538 Mihi
742 1512 986 1541 alitersatisfaccre

201 1556 255 1576 non
273 1549 383 1577 valebis.
398 1551 467 1580 MAG.
488 1553 583 1587 Omne,
603 1556 674 1591 quod
693 1558 863 1593 cognoscitur
885 1559 988 1587 intelle-

201 1598 245 1620 ctu
259 1595 270 1609 "
284 1598 311 1621 et
322 1595 437 1628 ratione,
457 1604 504 1625 seu
516 1605 644 1633 corporeo
659 1608 738 1628 sensu
754 1602 926 1638 imaginatur,
942 1612 988 1638 pu-

200 1642 287 1671 tasne,
299 1639 324 1666 in
340 1640 408 1675 ipso,
427 1642 471 1676 qui
496 1642 619 1680 intelligit
639 1650 666 1673 et
679 1647 773 1679 sentit,
789 1648 987 1683 quodammodo

198 1690 275 1717 posse
291 1686 376 1713 creari
394 1690 421 1713 et
449 1688 534 1715 elﬁci?
562 1689 633 1718 DISC.
663 1691 776 1720 Videtur
803 1694 868 1721 mihi
896 1701 984 1730 posse.

198 1727 298 1756 Rerum
313 1730 444 1764 siquidem
461 1733 625 1762 sensibilium
645 1737 748 1771 species
771 1741 798 1764 et
821 1727 986 1773 quantitates

197 1778 225 1800 et
239 1774 392 1808 qualitates,
407 1784 475 1811 quas
490 1785 620 1814 corporeo
632 1788 713 1809 sensu
726 1783 838 1818 attingo,
854 1784 986 1818 quodam-

197 1817 277 1844 modo
295 1817 321 1844 in
336 1825 380 1845 me
399 1820 485 1847 creari
500 1826 580 1856 puto;
595 1829 687 1850 carum
701 1832 817 1860 namque
829 1825 986 1861 phantasias

197 1861 262 1887 dum
282 1863 427 1891 memoriae
447 1864 537 1900 infigo,
553 1868 733 1902 easqueinter
743 1870 872 1905 meipsum
888 1875 985 1903 tracto,

198 1905 299 1939 divido,
327 1914 461 1944 comparo,
482 1917 515 1938 ac
540 1911 620 1940 veluti
646 1914 672 1940 in
702 1915 831 1942 unitatem
851 1917 986 1951 quandam

197 1951 305 1986 colligo,
319 1954 451 1988 quandam
467 1956 589 1984 notitiam
618 1966 721 1992 rerum,
747 1968 815 1995 quae
843 1966 916 1989 extra
942 1969 986 1990 me

197 2001 271 2028 sunt,
287 1997 313 2024 in
329 2005 372 2025 me
385 1998 451 2026 effici
470 2002 612 2036 perspicio.
624 2002 754 2032 Similiter
770 2006 851 2033 etiam
873 2007 986 2034 interius

198 2041 410 2076 intelligibitium,
430 2051 498 2079 quae
519 2046 576 2074 solo
600 2048 690 2076 animo
713 2051 986 2085 contemplor,‘verbi

196 2086 280 2119 gratia
293 2086 443 2116 liberalium
466 2089 677 2127 disciplinarum,
690 2095 819 2129 quasdam
843 2097 986 2125 notiones“

198 2129 278 2157 veluti
294 2131 476 2167 lntelligibites
487 2136 601 2169 species,
624 2136 687 2164 dum
713 2138 833 2166 studiose
856 2147 904 2168 eas
922 2148 985 2176 per—

196 2175 285 2209 quiro,
297 2176 324 2203 in
340 2185 383 2205 me
395 2180 467 2207 nasci
481 2184 510 2207 et
521 2181 579 2209 ﬁeri
595 2182 724 2219 intelligo.
746 2183 814 2217 Quid
834 2175 930 2214 autem
946 2187 985 2214 in-

198 2224 281 2248 terest
295 2221 365 2249 inter
377 2224 497 2252 notitiam
510 2230 538 2253 et
548 2234 592 2254 res
607 2227 687 2262 ipsas,
698 2237 811 2264 quarum
821 2231 914 2258 notitia
929 2235 982 2265 est,

195 2265 274 2299 plane
284 2274 337 2294 non
351 2268 438 2296 video.
454 2270 522 2298 MAG.
543 2272 611 2305 Quid
627 2273 673 2300 tibi
687 2274 808 2302 videtur?
822 2276 891 2303 Num
901 2278 983 2305 unius

195 2314 318 2344 naturae,
335 2319 370 2339 an
393 2313 504 2341 alterius
526 2321 589 2343 sunt
611 2324 654 2345 res
678 2325 824 2354 earumque
848 2321 981 2355 notitiae,

194 2360 264 2388 quae
282 2354 309 2382 in
334 2357 424 2384 anima
443 2359 454 2375 ο
477 2358 563 2386 nunt?
590 2361 660 2389 Oisc.
685 2362 813 2392 Alterius.
841 2354 982 2398 Quomodo

195 2398 268 2425 enim
286 2399 367 2428 unius
393 2406 507 2430 naturae
537 2405 590 2432 erit
614 2406 717 2440 species
743 2415 883 2443 corporea,
909 2411 984 2438 verbi

196 2444 282 2478 gratia
295 2445 432 2480 cujusdam
447 2449 583 2482 animalis,
603 2459 649 2478 seu
668 2452 779 2484 herbae,
794 2460 841 2480 seu
867 2452 984 2488 arboris,

196 2491 224 2513 et
235 2488 326 2516 notltta
339 2489 408 2524 ejus,
419 2499 488 2527 quae
505 2494 531 2520 in
553 2500 649 2523 natura
669 2497 826 2531 incorporea
852 2498 986 2527 cilicitur?

196 2530 298 2558 Eadem
315 2534 417 2563 ratione
427 2538 561 2571 quomodo
573 2540 720 2575 cuiuspiam
732 2530 892 2577 disciplinae
902 2544 981 2572 intel-

195 2577 306 2612 ligi‘bilis
317 2581 419 2614 species
432 2587 459 2610 et
471 2585 565 2612 notitia
578 2586 662 2620 ipsius
680 2588 759 2614 unius
783 2593 898 2617 naturae
921 2598 981 2625 pos-

1043 219 1101 243 rae,
1115 217 1142 239 et
1155 219 1208 238 non
1222 212 1352 247 ejusdem,
1367 213 1419 244 dic,
1434 220 1550 247 quaeso,
1562 215 1625 249 quid
1641 216 1737 243 horum
1751 225 1832 251 prae-

1043 257 1158 284 stantius
1171 258 1324 290 ponendum
1344 258 1499 291 arbitraris,
1523 267 1586 286 num
1605 261 1762 289 execlsioris
1785 271 1835 290 na-

1044 305 1119 328 turae
1132 306 1194 328 sunt
1209 308 1253 328 res
1268 302 1383 336 propriis
1400 303 1562 335 nationibus,
1579 312 1611 330 an
1624 305 1697 339 ipsae
1712 306 1836 335 notiones

1044 345 1144 373 rebus?
1163 345 1235 374 Dtsc.
1253 345 1380 374 Visibiles
1397 348 1500 382 species
1513 348 1631 376 melioris
1651 358 1711 378 esse
1722 356 1834 380 naturae

1043 391 1198 418 nationibus
1211 399 1303 418 earum
1327 392 1452 428 dixerim,
1465 393 1486 420 si
1501 398 1610 420 sanctus
1628 395 1792 430 Augustinus
1808 397 1835 424 in

1043 442 1114 462 nono
1132 436 1165 462 de
1185 435 1317 463 Trinitatc
1333 437 1475 464 undecimo
1488 438 1606 472 capitulo
1623 439 1700 466 talem
1726 446 1833 469 senten-

1044 479 1108 506 tiam
1128 488 1180 507 non
1196 482 1383 515 pronuntiaret
1399 490 1405 507 :
1424 482 1488 508 Cum
1502 482 1522 498 ¹⁰
1537 491 1583 518 per
1605 492 1717 518 seruum,
1737 486 1833 521 inquit,

1043 525 1159 558 corporis
1173 525 1298 551 discimus
1310 534 1430 561 corpora,
1439 527 1470 560 ﬁt
1483 527 1571 562 aliqua
1587 537 1675 556 eorum
1689 531 1832 561 similitudo

1043 569 1070 595 in
1083 570 1171 596 animo
1183 576 1360 606 nostro,quae
1373 573 1513 606 phantasia
1541 574 1567 600 in
1592 577 1716 603 memoria
1742 578 1761 594 “
1784 584 1832 606 eu.

1044 614 1107 642 Non
1119 616 1187 642 enim
1198 617 1303 643 omnino
1315 617 1370 651 ipsa
1382 626 1492 652 corpora
1507 619 1533 645 in
1547 621 1634 647 animo
1647 627 1718 654 sunt,
1732 631 1789 650 nam
1802 633 1832 652 ea

1043 661 1198 696 cogitamus,
1208 661 1253 688 sed
1264 670 1355 689 eorum
1370 662 1563 691 similitudines.
1585 665 1680 692 Melior
1689 672 1726 694 est
1747 675 1832 697 tamen

1043 706 1196 742 imaginatio
1207 708 1322 741 corporis
1334 708 1360 734 in
1376 708 1474 741 animo,
1489 718 1567 744 quam
1578 711 1623 737 illa
1634 714 1730 746 species
1743 722 1834 748 corpo—

1044 751 1128 784 ris,in
1142 757 1269 786 quantum
1285 753 1348 779 haec
1361 753 1388 780 in
1404 754 1511 781 meliore
1531 761 1626 783 natura
1641 763 1678 784 ut
1689 778 1696 788 ,
1711 759 1738 785 id
1751 765 1787 786 est
1807 761 1833 787 in

1044 795 1189 822 substantia
1207 797 1288 828 vitali,
1303 798 1380 824 sicuti
1395 803 1432 825 est
1451 799 1564 826 animus.
1578 800 1640 828 Non
1657 807 1742 830 autem
1757 812 1795 831 res
1813 805 1834 821 "

1044 840 1217 876 intelligibilen
1231 842 1335 869 notione
1349 851 1408 875 sua,
1420 852 1486 878 quae
1500 849 1536 871 est
1551 846 1578 871 in
1599 846 1698 879 anima,
1715 842 1833 876 nietiores

1044 893 1099 912 esse
1117 887 1202 913 audeo
1214 886 1309 913 dicere.-
1326 886 1402 921 Quod
1416 888 1487 915 enim
1504 889 1638 926 intelligit,
1655 892 1749 920 melius
1764 901 1832 927 esse,

1044 938 1123 965 quam
1137 931 1208 966 quod
1220 931 1385 967 intelligitur,
1395 934 1463 961 ratio
1475 934 1609 962 edocet”.
1624 935 1690 963 Nam
1706 937 1727 964 si
1742 945 1832 966 rerum

1045 974 1164 1001 omnium
1179 975 1297 1011 cognitio
1312 976 1339 1004 in
1354 976 1445 1004 divina
1469 979 1599 1012 sapientia
1623 981 1754 1013 subsistit,
1774 990 1831 1010 me-

1044 1017 1137 1045 liorem
1163 1027 1222 1046 esse
1245 1020 1490 1055 incomparabiliter
1518 1031 1576 1050 eam
1598 1024 1678 1052 rebus
1693 1026 1830 1060 omnibus,

1043 1071 1156 1098 quarum
1168 1064 1285 1099 cognitio
1299 1070 1351 1098 est,
1362 1074 1413 1093 non
1426 1071 1526 1094 temere
1542 1069 1734 1102 pronuntiarim
1760 1071 1793 1098 Et
1809 1072 1831 1099 si

1044 1107 1079 1133 ita
1092 1112 1143 1140 est,
1158 1108 1218 1136 talis
1234 1109 1310 1142 ordo,
1324 1115 1353 1137 ut
1371 1118 1443 1143 reor,
1459 1120 1491 1138 ex
1504 1113 1593 1140 divina
1605 1114 1771 1148 providentia
1783 1123 1831 1150 per

1043 1151 1195 1180 universam
1223 1159 1373 1182 creaturam
1398 1157 1533 1190 procedit,
1559 1162 1585 1185 ut
1609 1159 1696 1186 omnis
1721 1164 1827 1192 natura,

1041 1205 1111 1231 quae
1126 1199 1263 1232 sequentis
1273 1207 1302 1226 se
1312 1200 1435 1227 notitiam
1450 1202 1663 1237 comprehendit,
1678 1212 1729 1231 non
1743 1205 1828 1233 solum

1042 1243 1137 1270 melior
1162 1248 1189 1271 et
1209 1244 1331 1279 superior
1349 1245 1395 1278 sit,
1411 1253 1503 1273 verum
1521 1248 1601 1274 etiam
1617 1253 1644 1276 et
1659 1249 1717 1284 ipsa
1735 1251 1828 1278 notitia

1041 1287 1170 1322 dignitate
1188 1293 1313 1322 naturae,
1329 1290 1356 1316 in
1374 1298 1426 1325 qua
1442 1295 1493 1322 est,
1507 1293 1646 1326 praecedit
1660 1302 1718 1321 eam
1743 1295 1829 1330 longe,

1041 1332 1116 1366 cujus
1130 1334 1224 1361 notitia
1237 1339 1288 1362 est.
1304 1335 1342 1362 Ac
1356 1343 1404 1370 per
1422 1336 1473 1363 hoc
1494 1336 1600 1364 facilius
1619 1337 1730 1366 dixerim
1740 1360 1747 1371 ,
1762 1341 1830 1367 noti-

1041 1377 1106 1404 tiam
1125 1378 1332 1415 intelligibilium
1351 1388 1440 1408 rerum
1470 1382 1648 1416 antiquiorem
1678 1391 1737 1411 csse
1765 1385 1830 1419 ipsis

1040 1421 1250 1457 intelligibilibus
1267 1424 1356 1451 rebus.
1371 1424 1438 1452 MAG.
1454 1425 1519 1453 Illud
1537 1426 1658 1454 fortassis
1671 1433 1742 1455 recte
1755 1430 1829 1457 dice-

1039 1471 1092 1497 res,
1109 1467 1130 1492 si
1145 1467 1326 1500 praestantius
1345 1469 1389 1497 sit,
1414 1470 1484 1503 quod
1511 1469 1651 1502 formatur,
1675 1470 1730 1504 illo,
1759 1473 1830 1507 quod

1041 1508 1146 1536 format.
1163 1510 1235 1537 Dtsc.
1250 1511 1339 1543 Quare
1353 1511 1404 1539 hoc
1417 1513 1550 1547 opponis?
1564 1513 1633 1541 lilio.
1649 1514 1716 1547 Quia
1732 1516 1828 1544 notitia

1039 1555 1147 1587 artium,
1161 1563 1230 1589 quae
1242 1556 1268 1582 in
1284 1557 1373 1583 anima
1388 1562 1439 1590 est,
1451 1559 1484 1585 ab
1502 1559 1566 1593 ipsis
1587 1560 1692 1587 artibus
1716 1560 1827 1588 formari

1039 1601 1152 1628 videtur.
1170 1601 1222 1629 Sed
1251 1604 1273 1630 si
1298 1605 1449 1632 certissima
1479 1607 1582 1634 ratione
1609 1608 1746 1642 maderes,
1774 1618 1828 1637 non

1038 1645 1162 1672 notitiam
1181 1653 1214 1674 ex
1227 1647 1339 1681 artibus,
1352 1656 1444 1676 verum
1456 1655 1527 1678 artes
1541 1659 1573 1678 ex
1593 1653 1686 1680 notitia
1700 1653 1826 1687 formari,

1039 1693 1083 1716 tua
1106 1689 1219 1718 forsitan
1244 1693 1412 1721 ratiocinatio
1437 1700 1508 1723 recte
1531 1696 1727 1732 ingrederetur.
1754 1699 1826 1728 Disc.

1038 1732 1131 1761 Nonne
1146 1734 1217 1762 inter
1231 1743 1280 1763 nos
1290 1737 1441 1765 confectum
1450 1738 1517 1772 jam,
1533 1747 1623 1774 omne,
1636 1743 1706 1776 quod
1728 1742 1827 1771 intelli-

1037 1779 1084 1814 git,
1102 1780 1156 1813 illo,
1171 1781 1242 1815 quod
1265 1782 1432 1823 intelligitur,
1445 1787 1629 1819 praestantius
1654 1788 1734 1816 esse?
1757 1788 1827 1817 MAG.

1037 1825 1205 1854 Confectum.
1222 1827 1292 1854 DISC.
1311 1828 1358 1856 Dic
1371 1837 1446 1865 ergo,
1463 1834 1552 1858 utrum
1566 1833 1660 1866 peritia
1676 1835 1774 1862 mentis
1788 1835 1829 1862 in-

1038 1871 1131 1906 telligit
1151 1872 1331 1907 disciplinam,
1352 1882 1384 1901 an
1412 1875 1553 1911 disciplina
1579 1879 1725 1912 peritiam?
1756 1879 1826 1908 MAG.

1037 1915 1124 1943 Mente
1158 1917 1268 1952 intelligi
1301 1919 1470 1953 disciplinam
1498 1929 1550 1949 non
1578 1922 1680 1951 dubito.
1708 1923 1736 1951 Si
1763 1933 1828 1954 vero

1037 1960 1140 1993 dixero,
1155 1969 1187 1988 ex
1212 1962 1267 1997 ipsa
1293 1971 1399 1998 quoque
1425 1966 1522 1999 peritia
1546 1967 1680 2000 similiter,
1705 1970 1774 1996 sicut
1800 1976 1827 1998 et

1037 2009 1135 2037 mente,
1149 2005 1224 2040 cujus
1239 2007 1333 2042 peritia
1347 2013 1396 2039 est,
1413 2010 1526 2038 eandem
1541 2012 1710 2046 disciplinam
1728 2022 1827 2049 cogno-

1036 2051 1085 2083 sci,
1101 2059 1206 2084 vereor,
1219 2059 1252 2080 ne
1265 2053 1358 2080 videar
1372 2061 1504 2089 asserere,
1519 2061 1635 2083 mentem
1651 2058 1828 2093 peritiamque

1036 2095 1078 2122 sui
1088 2095 1140 2123 duo
1151 2097 1280 2131 quaedam
1294 2105 1354 2125 esse
1365 2099 1520 2135 disciplinae
1531 2101 1686 2129 notionibus
1698 2102 1826 2136 vigentia,

1036 2143 1064 2166 et
1076 2148 1128 2166 non
1143 2148 1224 2167 unam
1239 2142 1407 2178 eandemque
1430 2144 1586 2177 essentiam,
1602 2146 1644 2172 cui
1667 2146 1827 2174 naturaliter

1038 2185 1108 2212 inest
1123 2185 1280 2221 disciplinae
1294 2189 1422 2224 cognitio.
1435 2189 1463 2216 Si
1478 2194 1566 2216 autem
1590 2195 1706 2218 mentem
1731 2192 1827 2227 suique

1037 2231 1161 2264 peritiam
1175 2239 1227 2259 non
1240 2232 1294 2260 duo
1309 2235 1449 2268 quaedam,
1474 2235 1521 2263 sed
1543 2243 1624 2263 unum
1652 2241 1733 2272 atque
1756 2238 1826 2265 idem

1036 2283 1098 2303 vera
1113 2277 1191 2305 docet
1204 2278 1282 2309 ratio,
1294 2286 1375 2314 cogor
1388 2279 1476 2313 fateri,
1490 2288 1580 2315 omne,
1596 2282 1668 2316 quod
1681 2287 1770 2311 mente
1785 2283 1828 2310 in-

1037 2322 1178 2358 telligitur,
1189 2323 1287 2358 peritia
1301 2332 1407 2360 quoque
1434 2326 1475 2353 sui
1501 2326 1623 2363 intelligi,
1649 2332 1676 2355 et
1700 2329 1826 2357 continuo

1035 2373 1173 2401 sequetur,
1189 2373 1306 2396 mentem
1330 2375 1357 2397 et
1379 2371 1514 2406 peritiam,
1542 2372 1582 2400 vel
1607 2378 1680 2402 certe
1707 2379 1826 2402 mentem

1035 2413 1161 2451 peritum,
1177 2416 1382 2448 praestantioris
1395 2421 1508 2444 naturae
1523 2425 1583 2445 esse
1607 2426 1641 2446 ea
1666 2418 1803 2454 disciplina
1815 2440 1823 2453 ,

1035 2464 1115 2492 quam
1130 2457 1263 2494 intelligit,
1279 2460 1301 2486 si
1327 2461 1479 2495 antiquiora
1499 2466 1562 2488 sunt
1588 2463 1731 2491 intellectis
1745 2464 1825 2492 intel-

1034 2502 1154 2537 ligentia.
1175 2503 1202 2530 Si
1219 2509 1308 2531 autem
1323 2505 1427 2538 dixero,
1442 2506 1526 2541 ipsam
1541 2506 1710 2541 disciplinam
1722 2509 1825 2543 peritae

1035 2549 1132 2577 mentis
1147 2550 1269 2584 peritiam
1285 2551 1307 2566 “
1322 2559 1392 2585 esse,
1407 2559 1574 2586 consequens
1597 2553 1658 2583 erit,
1681 2558 1728 2580 aut
1748 2561 1824 2580 men-

1035 2597 1087 2620 tem
1101 2595 1215 2628 peritam
1227 2595 1250 2613 ¹¹¹
1261 2595 1482 2630 disciplinamque
1496 2595 1610 2630 peritam
1626 2596 1678 2623 duo
1692 2596 1823 2631 quaedam

829 2643 958 2672 VARIAE
979 2646 1175 2675 LECTIONES.

230 2679 238 2694 '
258 2686 342 2721 essent
355 2689 409 2721 om.
507 2720 511 2721 γ
527 2687 537 2701 ¹
558 2687 621 2721 quin
638 2694 692 2714 om.
705 2688 756 2714 CF.

193 2713 283 2755 aliam:
306 2749 323 2755 η
332 2716 342 2732 ⁶
356 2716 411 2755 Sic_
499 2720 521 2746 Α
534 2713 604 2755 ergo.

192 2747 235 2774 CF
243 2749 288 2781 ;‘A
303 2749 366 2777 Cur.
404 2753 425 2768 “
440 2747 485 2781 Sic
496 2755 539 2781 CF
549 2747 592 2787 ς”Α
609 2747 750 2790 phantasia
757 2747 921 2792 'Bténiérib'.‘

796 2689 806 2704 ⁸
826 2689 870 2716 Sic
885 2689 942 2723 C‘F';
960 2691 982 2717 Δ
1006 2693 1120 2718 condito.

665 2723 675 2738 ⁷
696 2722 741 2750 Sic
753 2723 810 2755 CF;
830 2724 852 2750 A
867 2724 897 2752 in
910 2726 1046 2753 ntelleetu.
1097 2728 1107 2742 ³
1121 2727 1162 2754 CF
1183 2737 1206 2754 m

665 2758 750 2784 ntasia
770 2760 921 2789 memoriae.
974 2762 995 2777 “
1011 2770 1050 2788 res
1076 2769 1129 2788 om.
1154 2763 1206 2789 CF.

1183 2693 1194 2709 ⁸
1205 2694 1256 2734 CF.
1270 2695 1578 2734 abstrusam-proﬁteri“:

1097 2728 1107 2742 ³
1121 2727 1162 2754 CF
1183 2729 1329 2755 notiliones.
1367 2730 1377 2746 ⁸
1397 2727 1442 2756 Sic
1454 2729 1495 2756 CF

1097 2769 1129 2788 m.
1154 2763 1206 2789 CF.
1259 2763 1280 2778 ¹³
1305 2763 1347 2791 CF
1360 2764 1442 2790 daret.

1628 2695 1695 2722 “Sic
1719 2695 1777 2730 CF;
1803 2698 1825 2724 Α

1528 2730 1596 2756 A-in
1608 2732 1704 2757 animo.
1745 2732 1766 2747 ¹¹³
1781 2733 1826 2760 Sic

1495 2763 1516 2779 “
1533 2763 1574 2791 CF
1595 2766 1714 2799 perilam.
1767 2767 1824 2792 "A
