4212 6272
536 272 695 328 767,

1923 234 2205 322 JOANNIS
2242 267 2438 325 scen

3716 276 3823 332 768

532 396 656 441 esse
710 395 771 438 se
838 380 1071 436 invicem
1134 379 1507 452 intelligentia,
1567 387 1623 434 et
1679 376 1710 432 a
1772 392 1832 434 se
1894 378 2124 435 invicem
2154 386 2201 442 Α
2229 380 2462 449 quadam
2490 377 2829 449 superiorise
2859 390 3051 437 natura
3079 380 3826 456 lormantur.Dtsc.Sisupe-

532 473 844 537 intellecta,
913 486 978 526 ac
1041 485 1141 542 per
1197 471 1301 526 hoc
1360 469 1571 541 aequali
1638 470 1901 542 dignitate
1960 481 2122 525 natu-

535 582 628 623 rae
682 564 934 638 pollentia
965 603 980 628 ,
1026 572 1121 616 aut
1166 571 1403 619 mentem
1473 564 1831 635 peritiamquc
1885 564 1967 618 sui
2037 564 2121 619 di-

536 654 963 726 sciplinamque,
1019 667 1183 722 quam
1250 652 1539 721 intelligit,
1596 661 1653 708 et
1717 670 1748 708 a
1805 669 1912 724 qua
1970 653 2126 710 intel-

535 745 737 812 ligitur,
768 741 928 796 unius
953 740 1304 811 ejusdemque
1329 743 1600 798 essentiae
1634 742 1814 799 fateri.
1848 743 1957 799 Sed
1996 743 2126 814 quid

534 836 725 891 horum
742 832 1030 888 tenendum
1047 833 1139 897 sit,
1158 834 1393 887 nondum
1412 833 1556 889 clare
1573 844 1740 903 patet.
1762 836 1905 889 DlSC.
1921 832 2125 889 Forsan

534 926 761 995 patebit,
777 923 1067 978 dummodo
1087 931 1290 977 rectam
1318 922 1675 978 ratiocinandi
1699 925 1841 978 viam
1867 925 1975 979 Deo
1990 924 2128 980 duce

536 1014 919 1085 ingrediamur.
944 1010 1085 1067 Msa.
1116 1012 1452 1078 Quaeramus
1486 1012 1671 1080 itaque
1698 1012 2030 1083 diligentius,
2063 1029 2128 1067 ac

534 1106 767 1175 primum
798 1104 967 1169 dicas,
994 1102 1135 1167 volo,
1169 1101 1366 1156 mentis
1398 1110 1670 1164 naturam,
1693 1103 1778 1155 cui
1804 1102 1943 1156 inest
1967 1102 2128 1157 disci-

537 1196 715 1266 plinae
738 1195 950 1265 peritia,
980 1193 1278 1264 simplicem
1303 1207 1446 1259 esse,
1474 1209 1542 1246 an
1571 1192 1712 1247 nou?
1735 1194 1879 1247 DISC.
1904 1192 2125 1262 Simpli-

536 1301 655 1341 ccm
686 1301 808 1343 esse
837 1285 1073 1339 arbitror
1109 1284 1149 1338 ⁸.
1196 1283 1293 1338 Est
1328 1283 1472 1338 enim
1525 1283 1880 1351 incorporea,
1923 1282 2129 1338 intelle-

540 1377 750 1439 ctualis,
781 1391 846 1431 ac
871 1391 966 1445 per
991 1376 1094 1431 hoc
1122 1375 1266 1429 onmi
1284 1373 1675 1443 compositione
1698 1389 1887 1428 carere
1909 1388 2128 1430 necesse

537 1477 641 1524 est.
673 1467 814 1525 Mtte.
846 1468 1021 1525 [lecte
1039 1467 1343 1521 arbitraris.
1368 1464 1604 1520 Putasne
1628 1466 1807 1535 igitur,
1833 1465 2035 1536 aliquid
2078 1465 2128 1521 ei

539 1560 807 1625 accidere,
838 1559 982 1628 quod
1010 1559 1128 1629 ejus
1156 1557 1426 1613 essentiae
1462 1557 1781 1612 naturaliter
1807 1573 1915 1613 non
1949 1556 2131 1612 inest?

538 1649 689 1704 DISC.
731 1647 868 1702 Puto
899 1648 1141 1717 quidem.
1173 1645 1340 1702 Multa
1368 1646 1512 1701 enim
1536 1647 1850 1719 contingere
1871 1647 1919 1701 ei
1952 1647 2128 1702 video.

2226 471 2426 526 riorem
2449 480 2716 536 naturam,
2740 486 2805 526 ex
2835 487 2939 542 qua
2964 473 3101 527 haec
3123 471 3364 527 Trinitas
3388 481 3445 526 et
3474 473 3827 530 substituitur

2226 569 2281 615 et
2314 560 2578 616 formatur
2609 569 2663 615 et
2695 560 3035 633 intelligitur,
3068 562 3203 617 ﬁdes
3231 560 3512 625 Catholica
3548 578 3659 617 non
3696 579 3827 619 sua-

2227 652 2401 715 deret,
2430 660 2615 706 etnon
2640 652 2969 723 approbaret
2994 651 3217 718 veritas,
3263 652 3514 709 fortassis
3543 668 3574 707 a
3598 655 3621 688 '
3649 654 3827 725 seipsa

2229 739 2487 805 formari,
2522 740 2609 795 vel
2656 750 2806 795 certe
2849 741 3205 813 principalem
3254 741 3487 797 formam
3531 757 3669 808 esse,
3718 760 3827 802 nou

2229 827 2444 883 incaute
2496 828 2898 898 responderim;
2940 825 3055 901 jam
3102 834 3229 886 vero
3272 830 3532 900 quoniam
3580 836 3830 902 superior

2230 926 2315 972 est
2337 917 2402 983 ιο,
2427 917 2567 986 ipsa,
2606 932 2673 971 ex
2699 933 2806 986 qua
2847 916 3028 972 omnia
3055 916 3383 984 formantur,
3410 917 3674 989 incipiunt
3712 921 3830 978 for-

2230 1010 2388 1074 mari,
2420 1018 2478 1063 et
2501 1009 2568 1063 ad
2600 1024 2761 1078 quam
2784 1024 3045 1064 conversa
3068 1008 3395 1076 formantur,
3427 1026 3568 1080 quae
3605 1012 3670 1066 ad
3697 1028 3825 1069 eam

2230 1104 2621 1154 convertuntur
2647 1100 2742 1153 aut
2781 1109 3007 1168 possunt
3049 1100 3315 1166 converti,
3347 1099 3416 1153 ab
3441 1101 3627 1155 eadem
3657 1102 3824 1156 etiam

2232 1190 2430 1246 mentis
2477 1190 2802 1245 Trinitatem
2853 1190 3079 1246 formari
3113 1206 3222 1245 non
3257 1180 3640 1247 dubitoflltc.
3688 1193 3827 1249 llinc

2192 1272 2510 1351 ambigere
2557 1280 2957 1336 stultissimum.
3007 1280 3133 1337 Sola
3189 1282 3373 1351 itaque
3433 1282 3619 1337 divina
3668 1300 3826 1339 meus

2233 1372 2479 1427 notitiam
2510 1371 2778 1425 humanae
2807 1370 3024 1437 mentis,
3055 1366 3264 1441 peritae
3292 1370 3752 1441 diseiplinalisque
3780 1372 3822 1404 “

2233 1480 2262 1519 a
2292 1478 2351 1518 se
2386 1463 2654 1518 formatae
2677 1470 2733 1517 ct
2762 1463 2827 1517 ad
2855 1476 2914 1517 se
2940 1463 3005 1528 η,
3035 1477 3219 1517 veram
3255 1463 3493 1532 possidet
3517 1463 3572 1517 iu
3602 1480 3660 1518 se
3688 1463 3823 1532 ipsa.

2234 1545 2379 1610 Dtsc.
2396 1552 2676 1626 Nilverius
2687 1552 3102 1608 aestimandum.
3119 1552 3259 1607 Msa.
3274 1550 3536 1619 Putasne,
3549 1543 3825 1609 aliudesse

2237 1645 2529 1699 humanam
2557 1651 2816 1708 mentem,
2846 1652 2902 1696 et
2922 1640 3070 1696 aliud
3092 1641 3369 1697 notionem
3399 1641 3517 1712 ejus
3558 1642 3614 1695 in
3644 1651 3825 1698 mente

538 1739 699 1796 Verbi
735 1738 942 1810 gratia,
988 1736 1360 1807 temporaliter
1406 1732 1673 1803 movetur,
1723 1738 1848 1792 dum
1880 1738 1993 1807 ipsa
2020 1753 2127 1791 non
2162 1729 2201 1788 B
2232 1732 3394 1791 formantisetnoscentis?Disc.Absit.lmo
3410 1748 3538 1788 vero
3564 1732 3821 1804 intelligo,

537 1829 611 1888 sit
633 1838 883 1899 tempus;
933 1828 1130 1899 peritia
1177 1815 1605 1896 disciplinarum.
1635 1828 1684 1883 ei
1727 1827 1953 1895 accidit,
1984 1843 2129 1883 nunc

537 1920 686 1976 enim
723 1920 922 1991 perita,
951 1932 1096 1973 nunc
1126 1918 1566 1988 imperitamunc
1606 1918 2132 1989 disciplinata,nunc

539 2009 938 2081 indisciplinata
988 2011 1010 2041 '
1067 2009 1432 2079 dignoscitur,
1492 2025 1636 2065 nunc
1698 2008 1932 2079 sapiens,
1987 2024 2131 2064 nunc

540 2101 822 2172 insipiens,
854 2112 1000 2154 nunc
1036 2113 1248 2165 errans,
1277 2099 1495 2169 quando
1533 2098 1975 2155 irrationabiliter
2014 2099 2128 2153 vol-

536 2190 704 2255 vitur,
736 2203 881 2243 nunc
912 2187 1136 2242 rationis
1165 2187 1303 2241 viam
1332 2196 1478 2242 recte
1506 2187 1826 2258 ingreditur,
1863 2196 1918 2242 ct
1962 2187 2132 2241 multa

540 2282 593 2336 id
620 2296 810 2353 genus.
832 2279 975 2333 Mss.
1006 2276 1121 2332 Non
1149 2292 1279 2348 ergo
1302 2278 1492 2348 peritia
1521 2270 1835 2349 disciplinae
1866 2276 1950 2332 vel
1969 2276 1989 2308 ³
2015 2278 2130 2347 ipsa

540 2370 824 2441 disciplina
869 2367 1190 2424 naturaliter
1217 2368 1267 2423 ei
1302 2369 1473 2435 inest,
1519 2369 1611 2423 sed
1654 2384 1720 2423 ex
1763 2368 2132 2423 accidentibus

539 2460 593 2515 ei
618 2460 640 2491 "
667 2458 1010 2514 extrinsecus
1024 2457 1366 2528 proveniunt.
1397 2457 1544 2512 Dtsc.
1571 2456 1687 2512 Non
1717 2457 1892 2512 ausim
1920 2457 2024 2512 hoc
2052 2456 2132 2511 di-

539 2563 686 2603 cere.
703 2546 889 2618 Neque
903 2548 1048 2602 enim
1065 2545 1088 2577 '
1114 2545 1407 2600 verisimile
1427 2554 1532 2612 est,
1560 2545 1722 2599 Deum
1746 2546 1814 2600 ad
1844 2544 2131 2616 imaginem

537 2644 598 2691 et
620 2635 1031 2691 similitudinem
1058 2648 1212 2689 suam
1246 2649 1463 2689 creasse
1506 2643 1766 2698 mentem,
1793 2634 1880 2690 cui
1908 2644 2132 2689 natura-

540 2723 668 2780 liter
691 2725 882 2796 pcritia
922 2733 1089 2794 atque
1113 2722 1397 2793 disciplina
1439 2737 1546 2778 non
1586 2723 1824 2795 ingenita
1855 2723 1957 2792 sit;
2002 2723 2133 2781 alio-

540 2816 675 2887 quin
704 2829 812 2870 non
837 2823 982 2870 esset
1003 2827 1178 2879 mens,
1220 2813 1315 2868 sed
1355 2812 1514 2868 bruta
1544 2814 1809 2884 quaedam
1846 2813 2133 2870 irrationa-

539 2904 772 2975 hilisque
811 2904 921 2959 vita
949 2903 992 2957 ⁸.
1030 2902 1209 2959 Νειωτ
1250 2918 1357 2959 non
1406 2913 1554 2959 recte
1594 2904 1717 2974 quis
1779 2904 2014 2972 dixerit,
2074 2912 2134 2961 ut

541 2997 797 3062 arbitror,
833 2996 1107 3052 hominem
1136 2994 1203 3049 ad
1240 2993 1533 3065 imaginem
1562 2995 1658 3051 Dei
1693 2996 1896 3053 factum
1935 3010 2131 3053 secun-

2231 1840 2340 1880 non
2382 1820 2549 1879 aliam
2598 1837 2720 1878 esse
2769 1821 3130 1878 substantiam
3186 1821 3354 1876 totius
3400 1821 3679 1890 hominis,
3720 1823 3824 1880 nisi

2231 1930 2385 1971 suam
2452 1913 2727 1968 notionem
2796 1913 2849 1966 in
2906 1920 3088 1967 mente
3146 1911 3409 1977 artificis,
3455 1912 3551 1983 qui
3600 1914 3822 1979 omnia,

2231 2005 2547 2075 priusquam
2597 2001 2834 2069 ﬁerent,
2882 2002 2939 2056 in
2989 2002 3169 2072 seipso
3210 2003 3494 2074 cognovit;
3544 2003 3826 2075 ipsamque

2230 2092 2594 2162 cognitionem
2629 2092 2990 2147 substantiam
3021 2103 3140 2146 esse
3174 2105 3392 2156 veram,
3419 2106 3486 2146 ac
3513 2091 3685 2147 solam
3723 2108 3823 2148 eo-

2232 2198 2373 2246 rum,
2413 2196 2553 2250 quae
2576 2181 2789 2252 cognita
2821 2190 2968 2246 sunt,
3012 2180 3270 2251 quoniam
3297 2180 3351 2237 in
3386 2181 3500 2251 ipsa
3530 2175 3821 2252 perfectis-

2230 2271 2368 2326 sime
2411 2269 2557 2345 facta
2599 2279 2654 2324 et
2699 2269 3047 2325 aeternaliter
3091 2277 3148 2325 et
3189 2269 3591 2325 immutabiliter
3642 2269 3824 2327 subsi-

2230 2375 2383 2422 stunt
2409 2366 2475 2416 ¹³.
2508 2365 2649 2421 MAG.
2681 2365 2975 2421 Possumus
2996 2380 3128 2435 ergo
3157 2365 3430 2445 hominem
3450 2366 3677 2421 delinire
3696 2367 3777 2421 sic
3806 2384 3820 2419 ε

2231 2457 2405 2513 Homo
2456 2467 2543 2513 est
2595 2458 2746 2512 notio
2791 2457 3054 2531 quaedam
3104 2455 3488 2512 intellectualis
3532 2457 3587 2511 in
3648 2465 3827 2510 mente

2230 2549 2413 2605 divina
2437 2549 2784 2603 aeternaliter
2802 2546 2967 2603 facta.
2991 2544 3134 2602 Dtsc.
3172 2545 3467 2604 Verissima
3488 2554 3545 2602 et
3563 2546 3827 2616 prehatis-

2230 2640 2370 2697 sima
2402 2637 2648 2694 definitio
2674 2638 2909 2694 hominis
2937 2647 3018 2693 est
3046 2638 3182 2703 ista;
3214 2645 3268 2692 et
3296 2651 3402 2691 non
3439 2636 3613 2691 solum
3650 2637 3829 2690 homin

2231 2731 2342 2793 nis,
2372 2743 2562 2784 verum
2589 2728 2751 2782 etiam
2778 2726 3048 2792 omnium,
3095 2742 3235 2797 quae
3263 2726 3317 2782 in
3357 2726 3536 2781 divina
3560 2726 3826 2796 sapientia

2231 2818 2375 2874 facta
2405 2828 2551 2873 sunt.
2577 2804 2687 2870 Nec
2718 2831 2925 2881 vereor,
2961 2831 3088 2881 eos,
3119 2816 3213 2886 qui
3237 2815 3496 2871 definiunt
3523 2816 3825 2882 hominem,

2233 2921 2339 2962 non
2362 2898 2657 2963 secundum
2680 2906 2823 2975 quod
2851 2904 3170 2976 intelligitur
3184 2920 3328 2970 esse,
3346 2904 3440 2960 sed
3466 2920 3535 2959 ex
3563 2905 3667 2968 his,
3686 2920 3830 2974 quae

2233 2995 2379 3051 circa
2405 3010 2530 3051 eum
2556 2994 2949 3064 intelliguntur,
2979 2994 3224 3049 dicentes
3251 3035 3267 3060 ,
3311 2995 3474 3050 homo
3502 3005 3586 3049 est
3627 2991 3829 3048 animal

543 3085 673 3142 dum
698 3083 974 3152 accidens,
1000 3094 1056 3139 et
1085 3098 1192 3138 non
1235 3084 1529 3139 secundum
1560 3085 1941 3152 substantiam,
1971 3100 2131 3156 prae-
2161 3090 2208 3153 C
2241 3087 2523 3154 rationale,
2548 3086 2797 3153 mortale,
2843 3102 3037 3142 sensus
3076 3094 3132 3142 ct
3177 3086 3493 3157 disciplinae
3538 3100 3732 3156 capax,
3772 3093 3828 3141 et

541 3173 733 3232 sertim
769 3189 894 3229 cum
941 3172 1272 3228 intellectum
1302 3182 1357 3227 et
1399 3173 1664 3229 rationem
1708 3174 2138 3231 substantialiter

543 3265 725 3322 inesse
746 3264 798 3320 ei
816 3266 1111 3321 videamus.
1126 3263 1266 3322 Mss.
1282 3263 1397 3321 Non
1420 3281 1549 3336 ergo
1563 3268 1896 3334 aceiduntei,
1919 3268 2015 3325 sed
2037 3283 2136 3322 ua-

544 3356 795 3411 turaliter
822 3355 1023 3411 insunt.
1039 3355 1185 3410 DlSC.
1214 3355 1328 3410 Non
1360 3365 1564 3411 temere
1579 3354 1827 3422 dixerim,
1851 3367 1910 3413 ut
1923 3359 2133 3429 opinor.

544 3447 804 3516 Quamvis
825 3449 969 3503 enim
1002 3446 1254 3516 imperita
1299 3457 1355 3502 et
1384 3448 1647 3517 insipiens
1678 3451 1825 3505 nasci
1868 3450 2135 3516 videatur,

538 3537 691 3607 quod
724 3538 774 3591 ei
802 3537 1000 3592 accidit
1047 3536 1215 3593 divini
1265 3539 1697 3609 transgressione
1741 3541 2001 3607 mandati,
2030 3558 2136 3613 qua

545 3635 602 3681 ct
624 3625 825 3681 suimet
850 3632 906 3679 et
947 3622 1224 3682 Creatoris
1271 3626 1354 3682 sui
1386 3626 1553 3683 oblita
1601 3639 1702 3693 est,
1751 3629 2030 3686 doctrinae
2058 3641 2137 3686 ta-

548 3733 672 3774 men
699 3716 900 3789 regulis
928 3717 1220 3773 reformata
1253 3713 1421 3775 Deum
1458 3736 1616 3775 suum
1658 3731 1714 3776 et
1739 3722 1994 3793 seipsam,
2026 3723 2138 3779 sui-

548 3824 655 3880 que
681 3806 933 3879 peritiam
956 3816 1014 3864 et
1039 3806 1404 3879 disciplinam,
1425 3819 1481 3866 et
1505 3812 1709 3879 omnia,
1741 3825 1883 3881 quae
1912 3821 2136 3870 natura—

548 3898 673 3955 liter
698 3899 752 3952 in
780 3894 853 3954 ea
872 3898 1190 3967 subsistunt,
1227 3899 1281 3956 in
1325 3900 1501 3971 seipsa
1530 3910 1709 3971 potest
1744 3903 2003 3972 reperire,
2033 3902 2139 3959 Re-

548 3986 846 4057 demptoris
888 3986 971 4043 sui
1022 3983 1196 4058 gratia
1239 3987 1557 4067 illuminata.
1590 3989 1729 4045 MAG.
1757 3990 1949 4047 Restat
1974 3991 2139 4061 igitur

548 4078 917 4146 considerare,
944 4080 1215 4150 quomodo
1236 4080 1287 4136 ei
1313 4078 1497 4141 insunt
1524 4083 1719 4153 peritia
1748 4094 1803 4139 et
1827 4085 2133 4156 disciplina,

548 4186 679 4226 num
702 4171 867 4226 veluti
894 4170 1170 4228 naturales
1194 4172 1504 4241 qualitates,
1532 4189 1668 4244 quas
1697 4174 1926 4230 virtutes
1954 4175 2137 4245 appel-

548 4260 697 4326 lant,
745 4271 803 4315 ut
842 4256 970 4317 sunt
1013 4263 1222 4332 species
1268 4261 1564 4336 sapientiae
1608 4271 1662 4317 et
1696 4262 1977 4329 scientiae,
2001 4278 2136 4335 quas

548 4349 717 4405 divini
754 4349 893 4404 radii
931 4348 1345 4420 repercussione
1391 4350 1640 4421 percipit,
1688 4367 1759 4405 an
1799 4352 1964 4408 veluti
2009 4356 2136 4409 sub-

2242 3180 2386 3250 quod
2412 3188 2497 3234 est
2526 3178 2850 3244 mirabilius,
2879 3178 3020 3233 hanc
3047 3177 3418 3234 definitionem
3449 3178 3688 3234 usiadem
3736 3193 3829 3229 vn-

2241 3277 2389 3334 cant,
2418 3268 2544 3323 dum
2575 3283 2684 3323 non
2713 3269 2781 3323 sit
2826 3268 3232 3335 substantialis,
3264 3268 3359 3325 sed
3385 3269 3533 3324 circa
3578 3270 3828 3345 substan-

2242 3360 2393 3424 tiam,
2441 3375 2509 3415 ex
2553 3360 2659 3425 his,
2712 3375 2850 3430 quae
2897 3375 2993 3431 per
3038 3361 3443 3433 generationem
3492 3360 3829 3417 substantiae

2240 3446 2520 3514 accidunt,
2547 3451 2889 3506 extrinsecus
2918 3459 3215 3522 assumpta.
3259 3450 3418 3507 Notio
3461 3467 3693 3522 namque
3729 3453 3829 3507 ho-

2241 3539 2402 3593 minis
2432 3539 2483 3593 in
2512 3548 2692 3595 mente
2720 3541 2901 3596 divina
2927 3541 3063 3597 nihil
3090 3543 3283 3597 horum
3309 3553 3414 3598 est.
3453 3544 3530 3599 lbi
3563 3544 3830 3615 siquidem

2241 3627 2468 3698 simplex
2497 3637 2600 3695 est,
2634 3645 2735 3687 nec
2779 3631 2883 3687 hoc
2921 3646 3023 3689 nec
3066 3631 3196 3689 illud
3236 3633 3343 3689 dici
3391 3643 3588 3705 potest,
3608 3649 3827 3689 omnem

2241 3717 2609 3781 deﬁnitionem
2640 3728 2696 3774 et
2722 3719 3100 3778 collectionem
3127 3723 3364 3794 partium
3387 3738 3668 3794 superans,
3698 3724 3830 3779 dum

2240 3807 2307 3863 de
2331 3821 2393 3861 ea
2420 3822 2543 3864 esse
2589 3818 2798 3865 tantum
2839 3812 3205 3881 praedicatur,
3250 3831 3356 3870 non
3408 3825 3588 3887 autem
3633 3814 3764 3885 quid
3780 3808 3830 3850 ⁸³

2239 3893 2472 3971 sit.|S_ola
2487 3898 2686 3954 etenim
2701 3915 2767 3954 ac
2785 3914 2910 3955 vera
2926 3901 3129 3957 usiadis
3145 3903 3187 3941 ¹⁸
3209 3901 3450 3961 deﬁnitio
3462 3914 3564 3971 est,
3585 3920 3725 3975 quae
3742 3919 3833 3961 so.

2239 3983 2514 4042 lummodo
2533 3985 2764 4043 allirmat
2779 4005 2921 4055 esse,
2944 4002 2998 4046 et
3022 4000 3184 4063 negat
3203 3994 3333 4062 quid
3353 4009 3494 4065 esse.
3525 3995 3666 4050 Msa.
3692 3994 3831 4051 Num

2241 4078 2338 4133 tibi
2364 4079 2582 4135 videtur
2607 4097 2786 4136 rerum
2808 4084 3050 4137 onmium
3081 4085 3417 4140 sensibilium
3443 4095 3501 4142 et
3523 4086 3834 4156 intelligibi-

2240 4168 2389 4234 lium,
2415 4184 2554 4240 quae
2577 4180 2755 4241 potest
2779 4173 3012 4228 huntana
3037 4191 3190 4231 mens
3212 4176 3532 4249 intelligere,
3555 4164 3831 4243 notionem

2238 4262 2512 4331 quandam
2554 4261 2611 4317 iu
2659 4261 2877 4319 homine
2912 4266 3075 4321 esse!
3127 4269 3274 4322 Dtsc.
3304 4267 3529 4325 Videtur
3557 4271 3751 4340 plane;
3777 4281 3834 4326 et

2238 4351 2454 4420 quidem
2483 4368 2580 4423 per
2603 4354 2707 4410 hoc
2733 4355 2967 4412 maxime
2997 4356 3313 4427 intelligitur
3330 4358 3493 4417 homo
3513 4376 3661 4428 esse,
3689 4363 3833 4430 quod

547 4438 836 4494 stantiales
863 4453 988 4493 suas
1014 4448 1219 4509 partes,
1250 4439 1447 4508 quibus
1473 4440 1744 4507 consistit,
1774 4442 1850 4496 ita
1879 4451 1938 4498 ut
1963 4458 2132 4514 quae-
2163 4466 2213 4527 ο
2237 4454 2556 4500 cunctorum
2577 4486 2593 4512 ,
2641 4463 2781 4517 quae
2817 4447 2933 4504 sive
2967 4449 3268 4518 aequaliter
3315 4451 3418 4507 sibi
3452 4462 3636 4509 creata
3663 4463 3829 4518 sunt,

547 4529 675 4583 dam
706 4528 944 4583 Trinitas
972 4527 1044 4583 sit
1068 4530 1227 4584 unius
1248 4533 1546 4596 cssentiae,
1578 4548 1760 4600 mens,
1785 4535 1997 4605 peritia,
2051 4536 2135 4590 di-

549 4620 798 4690 sciplina.
821 4619 970 4674 DISC.
1000 4620 1153 4686 Quod
1179 4630 1455 4691 postremo
1485 4625 1733 4694 posuisti,
1770 4629 2091 4687 crediderim
2115 4645 2131 4694 ;

547 4711 762 4766 videtur
789 4710 936 4766 enim
961 4711 1093 4766 mihi
1136 4712 1507 4771 substantialis
1545 4720 1808 4788 quaedam
1841 4730 1897 4776 et
1927 4737 2136 4777 conua-

555 4800 745 4856 turalis
762 4800 1023 4858 Trinitas.
1049 4797 1190 4858 MAG.
1211 4801 1362 4861 Mens
1376 4805 1557 4879 itaque
1577 4819 1632 4865 et
1646 4812 1892 4881 peritiam
1909 4820 1965 4869 et
1978 4813 2138 4870 disci-

551 4892 753 4964 plinam
809 4908 963 4950 suam
1020 4895 1311 4969 intelligit,
1354 4908 1410 4955 et
1459 4917 1491 4957 a
1536 4917 1633 4959 sua
1681 4906 1877 4976 peritia
1929 4921 2136 4975 suaque

552 4982 837 5054 disciplina
865 4984 1206 5058 intelligitur,
1230 5005 1338 5046 non
1365 4992 1517 5063 quid,
1545 4994 1639 5050 sed
1668 4995 1795 5066 quia
1821 5005 1936 5063 est;
1978 4995 2136 5055 aliter

551 5071 695 5127 enim
734 5076 1102 5132 coessentialis
1141 5087 1196 5134 et
1239 5082 1547 5151 coaequalis
1589 5083 1828 5139 Trinitas
1869 5102 1975 5141 non
2011 5087 2134 5144 erit.

555 5166 701 5223 Disc.
729 5166 839 5224 Nec
860 5168 1240 5241 hocnegarim,
1266 5173 1391 5242 quia
1417 5173 1492 5227 ita
1525 5175 1666 5230 ratio
1687 5176 1709 5207 ⁸
1732 5192 1820 5232 me
1841 5176 1995 5234 fateri
2024 5181 2138 5235 cxi—

552 5256 650 5326 git.
684 5255 822 5314 Mss.
846 5259 980 5315 Vide
1006 5261 1189 5332 igitur,
1213 5272 1392 5318 utrum
1420 5279 1450 5318 a
1473 5279 1533 5320 se
1563 5265 1813 5333 invicem,
1841 5285 1910 5322 an
1938 5271 2004 5326 ab
2032 5271 2136 5324 alia

2240 4536 2358 4592 sive
2382 4538 2576 4607 quibus
2604 4539 2871 4593 dominari
2900 4540 3233 4610 praecipitur
3255 4580 3272 4607 ,
3322 4541 3506 4609 datum
3533 4551 3618 4597 est
3650 4543 3699 4597 ei
3732 4543 3837 4596 ha-

2242 4625 2372 4681 bere
2417 4629 2713 4684 notionem.
2766 4629 3048 4696 Quomodo
3094 4631 3241 4687 enim
3286 4632 3591 4687 donnnatus
3635 4645 3833 4686 eorum

2242 4712 2448 4773 homini
2475 4718 2700 4773 daretur
2718 4758 2735 4784 ,
2757 4735 2990 4789 quorum
3023 4722 3298 4778 notionem
3324 4737 3431 4778 non
3460 4721 3717 4779 haberet?
3741 4720 3835 4775 Si-

2242 4809 2463 4883 quidem
2494 4808 2801 4865 dominatus
2818 4810 2966 4867 illius
2993 4811 3299 4875 erraret,rsi
3321 4826 3407 4876 ea,
3426 4826 3564 4879 quae
3585 4820 3831 4881 regeret,

2244 4903 2498 4959 nesciret.
2563 4901 2716 4970 Quod
2774 4905 3118 4975 apertissime
3166 4904 3347 4959 divina
3400 4903 3560 4958 nobis
3623 4903 3835 4958 indicat

2236 4993 2523 5064 Scriptura
2570 4994 2802 5050 dicens:
2850 4993 3121 5048 Formatis
3169 4993 3328 5064 igitur
3383 4992 3643 5049 Dominus
3688 4993 3831 5048 Deus

2241 5088 2306 5141 de
2364 5088 2523 5141 Immo
2583 5088 2782 5141 cunctis
2845 5086 3198 5141 animantibus
3252 5095 3421 5141 terrae
3476 5094 3523 5140 et
3567 5084 3830 5140 universis

2243 5179 2537 5235 volatilibus
2610 5179 2654 5211 ‘°
2724 5179 2886 5245 caeli,
2952 5178 3176 5233 adduxit
3246 5195 3310 5233 ea
3380 5179 3450 5234 ad
3503 5179 3712 5239 Adam,
3772 5185 3829 5228 ut

2244 5270 2467 5334 videret,
2530 5271 2656 5341 quid
2716 5280 2917 5324 vocaret
2978 5287 3081 5324 ea:
3136 5286 3290 5325 omne
3344 5279 3521 5324 autem
3562 5269 3701 5338 quod
3747 5281 3833 5321 νος

1836 5378 2097 5433 νΑιυΑΕ
2136 5374 2545 5437 LECTIONES.

630 5459 648 5489 ⁸
682 5456 1082 5529 ϐξῌείηιριὸεεηι
1109 5460 1336 5515 arbitror
1360 5477 1489 5517 esse.

554 5543 667 5585 om.
721 5526 828 5583 CF.
897 5526 927 5561 ’⁸
954 5529 1044 5585 Sic
1093 5530 1213 5594 CF;
1240 5530 1286 5585 A
1317 5529 1441 5585 Non
1470 5534 1634 5589 enim.

555 5600 652 5654 ita.
727 5597 749 5629 '
779 5615 812 5652 a
843 5614 952 5654 om.
980 5599 1086 5654 CF.

1595 5465 1616 5495 ³
1649 5463 1879 5539 Sic_Cl_i_‘;
1907 5467 2242 5539 disciplinam
2271 5484 2409 5524 nunc
2453 5459 2849 5539 indisciplinala
2875 5487 2984 5526 om.
3029 5472 3091 5526 Α.

1741 5535 1761 5566 ⁶
1811 5536 1903 5590 Sic
1927 5536 2043 5598 CF;
2075 5537 2119 5590 Α
2152 5548 2363 5593 natura.

1182 5601 1225 5634 ¹⁹
1252 5601 1345 5680 Sic
1373 5599 1563 5680 CF;_A
1589 5621 1696 5680 per
1720 5607 2058 5680 superiorem.
2099 5624 2119 5657 ο
2139 5609 2180 5680 ff
2208 5608 2299 5680 Sic
2341 5610 2458 5675 CF;
2499 5612 2542 5664 A
2585 5599 2948 5680 dlscipiinalis.
3028 5615 3068 5644 "
3097 5612 3188 5668 Sic
3213 5612 3330 5678 CF;
3361 5622 3409 5667 et
3438 5612 3507 5665 ad
3535 5599 3590 5666 se
3619 5624 3729 5665 om.
3762 5609 3829 5665 Α.

3196 5472 3217 5503 ³
3245 5471 3337 5526 Sic
3366 5472 3482 5535 CF;
3509 5470 3643 5525 Aul.
3718 5471 3742 5501 δ
3784 5487 3834 5524 et

2465 5540 2487 5572 ’
2518 5531 2609 5594 Sic
2640 5531 2762 5604 CF;
2803 5541 2945 5594 Nam
2970 5558 3077 5597 om.
3115 5541 3180 5596 A.
3285 5543 3308 5573 ⁸
3338 5542 3428 5596 Sic
3455 5531 3574 5608 CF;
3623 5540 3667 5594 A
3695 5543 3835 5594 ratio

563 5664 607 5698 “
632 5669 674 5721 Δ
706 5669 955 5721 subsistit.
1036 5668 1077 5698 “
1106 5670 1151 5723 A
1179 5672 1339 5740 quod.
1418 5673 1460 5704 "
1480 5664 1640 5746 130.33.
1671 5664 1802 5733 ACF‘
1836 5677 2064 5733 naiades.
2140 5678 2184 5710 “
2212 5678 2256 5733 A
2288 5664 2600 5733 t'olmtiibtts.
