4212 6272
325 257 430 312 769

1167 245 1256 301 DE
1292 242 1634 302 DlVlSlONE
1668 237 2021 299 NATURAE.
2067 269 2138 282 --
2169 237 2373 296 LIBER
2406 237 2738 306 QUARTUS

3519 225 3630 308 πο

323 369 463 422 cat-it
494 365 664 418 Adam
694 377 906 419 annuae
947 360 1182 424 viventis,
1229 361 1400 428 ipsum
1445 367 1518 412 est
1563 371 1750 411 nomen
1785 355 1920 426 ejus.
1950 361 2002 420 Α
2029 352 2164 406 tium
2212 349 2520 417 multitudo,
2573 349 2741 404 veluti
2799 365 2868 406 ex
2921 353 3156 423 quodam
3211 355 3426 414 inﬁnito
3479 357 3632 418 fonte

328 457 403 514 Ut
439 457 689 520 videret,
727 454 902 524 inquit
927 495 941 516 ,
987 453 1088 507 hoc
1139 459 1221 506 est
1247 491 1262 516 ,
1293 453 1352 504 ιη
1391 449 1744 521 intelligeret,
1797 449 1925 518 quid

326 555 572 603 vocaret.
616 545 670 599 Si
713 545 857 600 enim
908 559 1012 598 non
1077 542 1421 612 intelligeret,
1465 543 1736 610 quomodo
1781 551 1930 610 recte

325 654 527 696 vocare
576 639 790 710 posset?
823 639 992 694 Omne
1037 647 1217 690 autem
1249 636 1393 708 quod
1414 636 1644 720 .vocavit
1675 645 1716 702 ί,
1751 637 1926 707 ipsum

327 737 630 786 estnomen
657 728 777 798 ejus
801 729 852 792 ⁸,
887 727 988 782 hoc
1015 736 1116 790 est,
1175 726 1285 795 ipsa
1317 735 1398 781 est
1424 728 1570 781 notio
1603 727 1817 781 animae
1849 729 1928 781 vi-

327 819 527 874 ventis.
559 817 696 871 Mtte.
721 817 862 885 Quid
881 832 1010 888 ergo
1037 817 1258 881 mirmu,
1289 817 1332 872 si
1364 831 1542 871 rerum
1567 818 1738 882 nctio,
1760 833 1924 888 quam

327 925 480 967 mens
503 911 736 966 humana
763 911 1028 980 possidet,
1049 909 1176 962 dum
1207 909 1259 962 iu
1281 923 1341 963 ca
1363 920 1542 964 creata
1566 917 1668 975 est,
1687 910 1924 980 ipsarum

326 1017 532 1067 rerum,
565 1017 796 1072 quarum
830 1001 980 1056 notio
1008 1012 1109 1066 est,
1137 1001 1436 1054 substantia
1471 1000 1818 1072 intelligatur,
1858 1002 1924 1056 ad

325 1091 736 1148 similitudinem
765 1091 1018 1146 videlicet
1057 1091 1254 1145 mentis
1284 1091 1520 1154 divinae,
1555 1091 1606 1144 in
1639 1107 1744 1162 qua
1779 1092 1924 1147 notio

326 1181 696 1238 universitatis
724 1181 995 1246 conditae,
1025 1181 1196 1251 ipsius
1225 1181 1589 1235 universitatis
1629 1183 1926 1236 incommu-

327 1273 578 1329 nicabilis
603 1273 904 1328 substantia
937 1281 1050 1338 est;
1093 1281 1148 1326 et
1174 1274 1924 1343 quemadmodumnotionem

329 1365 598 1430 omnium,
646 1381 787 1436 quae
832 1366 886 1420 in
935 1367 1286 1421 universitate
1335 1375 1391 1421 et
1421 1367 1819 1440 intelliguntur,
1873 1379 1928 1423 et

330 1471 596 1527 corporeo
638 1471 798 1513 sensu
837 1458 1233 1528 percipiuntur,
1286 1458 1643 1513 substantiam
1695 1459 1928 1516 dicimus

329 1561 543 1614 eorum,
584 1564 726 1620 quae
755 1550 1051 1604 intellectui
1094 1550 1174 1602 vel
1206 1551 1390 1606 sensui
1432 1553 1807 1618 succumbunt,
1853 1555 1928 1608 ita

328 1641 496 1695 etiam
523 1641 796 1696 notionem
819 1639 1248 1696 dill'erentiarum
1274 1659 1336 1696 ac
1359 1644 1748 1714 proprietatum
1772 1656 1927 1700 natu-

2031 459 2256 499 manare
2281 460 2386 500 non
2417 443 2638 505 desinit,
2670 449 2728 496 ut
2759 457 2863 498 non
2897 443 3169 502 immerito
3198 449 3528 507 assimiletur
3569 456 3627 510 ei

2031 531 2328 588 Herculeae
2375 532 2579 603 hydrae
2605 531 2940 602 ﬁgmentum,
2966 532 3118 601 cujus
3143 538 3318 606 capita
3363 539 3417 594 in
3446 555 3623 610 quan-

2031 633 2143 677 tum
2180 632 2527 689 truncantur,
2553 623 2606 677 in
2635 631 2843 678 tantum
2866 633 3137 689 crescunt,
3166 625 3242 681 ita
3272 637 3330 683 ut
3367 645 3466 701 pro
3511 646 3624 688 uno

2031 724 2310 782 amputato
2351 723 2568 768 centum
2619 713 2901 780 ebulliant,
2957 716 3251 772 lnunanam
3296 735 3461 790 porro
3491 722 3626 781 insi-

2029 820 2206 860 nuans
2227 814 2501 872 naturam,
2527 821 2664 876 quae
2685 807 2879 878 hydra,
2903 807 3080 873 idest,
3104 806 3224 863 fons
3249 811 3466 879 quidam
3485 817 3630 872 mul-

2031 896 2193 966 tiplex
2221 907 2324 963 est,
2357 907 2412 953 et
2459 898 2703 954 infinitae
2741 899 3163 970 profunditatis:
3201 917 3364 973 quam
3409 918 3628 976 praeter

2029 987 2202 1041 solum
2249 989 2554 1055 Herculem,
2614 990 2764 1045 hoc‘r
2798 1001 2903 1056 est,
2944 991 3220 1058 virtutem,
3273 997 3396 1064 quis
3449 1007 3630 1069 potest

2029 1080 2378 1149 perspicere?
2409 1079 2577 1135 Nemo
2609 1081 2751 1136 enim
2783 1083 2878 1138 scit
2923 1084 2948 1117 ⁸
2973 1101 3108 1155 quae
3147 1097 3266 1141 sunt
3307 1090 3364 1144 in
3390 1091 3626 1162 homine,

2031 1170 2133 1223 nisi
2165 1171 2380 1238 spiritus
2409 1172 2652 1236 hominis,
2687 1174 2776 1243 qui
2813 1175 2866 1228 in
2893 1175 3002 1244 ipso
3028 1187 3125 1232 est.
3167 1177 3354 1249 Itaque
3401 1183 3445 1238 si
3475 1187 3628 1242 notio

2031 1260 2118 1314 illa
2149 1261 2395 1328 interior,
2419 1279 2557 1334 quae
2590 1266 2754 1320 menti
2784 1267 2923 1323 inest
2945 1269 3233 1338 humanae,
3259 1288 3464 1343 rerum,
3493 1293 3626 1349 qua-

2032 1366 2149 1404 rum
2189 1353 2337 1406 notio
2372 1364 2472 1419 est,
2520 1357 2819 1412 substantia
2850 1361 3216 1428 constituitur,
3263 1356 3625 1439 consequens,

2033 1451 2168 1498 utet
2199 1444 2308 1513 ipsa
2341 1446 2510 1512 notio,
2554 1462 2658 1516 qua
2696 1449 2929 1518 seipsam
2977 1451 3136 1508 homo
3179 1459 3476 1526 cognoscit,
3529 1477 3626 1517 sua

2032 1535 2335 1591 substantia
2411 1537 2684 1592 credatur.
2751 1539 2888 1596 Man.
2948 1541 3300 1614 Corrscquens
3357 1549 3624 1618 profecto.

2033 1626 2275 1683 Diximus
2303 1631 2466 1695 enim,
2497 1641 2730 1686 mentem
2755 1633 3042 1689 humanam
3068 1639 3107 1702 ',
3139 1638 3329 1710 suique
3354 1643 3621 1710 notitiam,
3661 1653 3666 1658 '

327 1731 632 1803 taliumque
655 1734 1016 1790 accidentium
1042 1735 1186 1806 ipsas
1210 1734 1563 1802 diﬁ‘erentias,
1597 1745 1652 1792 et
1683 1739 1925 1810 [πορνίδ-

2031 1735 2134 1788 qua
2166 1737 2224 1776 se
2249 1723 2416 1784 novit,
2451 1731 2504 1777 et
2542 1723 2904 1796 disciplinam,
2955 1743 3058 1798 qua
3089 1731 3321 1800 seipsam
3353 1733 3534 1802 discit,
3563 1746 3624 1791 ut

328 1833 488 1891 tates,
518 1835 572 1882 et
601 1827 906 1883 accidentia
933 1845 1052 1884 esse
1081 1831 1364 1885 dicamus?
1385 1830 1530 1886 Disc.
1559 1831 1674 1887 Non
1705 1834 1922 1887 mirum.

326 1914 468 1971 Msa.
497 1915 692 1973 Creata
716 1928 800 1973 est
828 1920 990 1990 igitur
1021 1921 1072 1974 in
1100 1937 1165 1976 eo
1189 1921 1655 1990 irrationabilitas,
1678 1925 1926 1979 etomnis

327 2005 557 2074 species,
611 2008 896 2078 omnisque
942 2007 1265 2076 dichrentia,
1319 2019 1376 2066 et
1421 2015 1722 2084 proprietas
1759 2015 1926 2087 ipsius

327 2093 831 2161 lrrationabilitatis,
863 2109 918 2154 et
943 2101 1124 2156 omnia
1149 2117 1290 2171 quae
1316 2101 1335 2134 ³
1362 2103 1508 2158 circa
1555 2119 1676 2160 eam
1700 2117 1928 2162 natura-

328 2185 452 2242 liter
473 2202 896 2260 cognoscuntur,
919 2193 1174 2262 quoniam
1199 2195 1391 2248 hormn
1422 2197 1663 2250 omnium
1695 2208 1746 2252 ct
1775 2200 1920 2253 simi-

329 2273 460 2329 lium
487 2279 676 2333 notitia
711 2279 762 2334 in
787 2281 906 2350 ipso
935 2283 1149 2336 condita
1171 2293 1276 2338 est.
1310 2283 1577 2339 Similium
1607 2297 1788 2342 autem
1813 2289 1924 2344 dixi

331 2374 554 2436 propter
583 2367 693 2434 illa,
727 2385 866 2437 quae
895 2382 1048 2424 extra
1082 2373 1335 2426 animalia
1363 2385 1554 2429 natura
1584 2391 1764 2431 rerum
1791 2393 1923 2432 con-

332 2457 490 2524 tinet,
541 2467 601 2512 ut
644 2469 768 2514 sunt
823 2461 1003 2517 nutudi
1058 2464 1352 2531 elementa,
1389 2467 1678 2522 herbarum
1712 2486 1928 2541 quoque

331 2549 709 2621 lignorumque
737 2567 933 2624 genera
966 2561 1021 2608 et
1056 2555 1290 2625 species,
1315 2558 1649 2626 quantitates
1674 2571 1729 2614 et
1755 2561 1929 2631 quali-

331 2650 495 2708 tates,
524 2651 814 2714 ceteraque
840 2661 938 2715 per
967 2646 1392 2704 innumerabiles
1431 2647 1761 2707 diﬂ'erentias
1792 2653 1928 2708 mul-

331 2733 588 2803 tiplicata,
633 2751 863 2806 quorum
914 2739 1155 2793 omnium
1206 2756 1335 2794 vera
1371 2744 1605 2814 cognitio
1656 2744 1928 2802 humanae

329 2832 556 2881 naturae
595 2828 755 2882 insita
782 2839 890 2894 est,
936 2831 1186 2900 quamvis
1216 2835 1393 2889 adhuc
1441 2829 1617 2891 inesse
1659 2839 1706 2890 ei
1761 2838 1926 2894 lateat

333 2915 587 2984 seipsam,
610 2917 780 2972 donec
802 2920 867 2972 ad
888 2921 1173 2990 pristinam
1199 2923 1560 2994 integritatem
1587 2928 1920 2997 restituatur,

335 3003 390 3058 in
424 3020 532 3075 qua
557 3007 982 3079 magnitudinem
1023 3019 1080 3065 et
1101 3011 1554 3082 pulchritudinem
1581 3017 1832 3090 imaginis
1864 3021 1919 3074 in

335 3109 395 3149 se
421 3093 668 3152 conditae
707 3098 997 3167 purissime
1022 3100 1356 3157 intellectura
1386 3115 1487 3168 est,
1537 3111 1592 3159 et
1633 3108 1765 3162 nihil
1797 3125 1918 3165 eam

333 3185 530 3241 latebit
552 3201 620 3242 ex
643 3187 752 3256 his,
774 3204 915 3260 quae
937 3191 990 3244 in
1013 3207 1072 3246 se
1093 3193 1306 3248 condita
1329 3203 1474 3262 sunt,
1502 3197 1682 3253 divino
1716 3199 1922 3256 lumine

329 3277 536 3340 ambita
587 3276 628 3343 ⁸,
669 3287 725 3333 et
753 3279 808 3333 in
836 3280 1003 3336 Deum
1028 3296 1311 3350 conversa,
1352 3285 1406 3339 in
1438 3303 1547 3358 quo
1591 3291 1772 3344 omnia
1801 3307 1923 3362 per-

328 3367 518 3437 spicue
557 3371 1027 3440 contemplabitur.
1083 3375 1166 3427 An
1214 3375 1354 3431 aliud
1400 3379 1573 3433 voluit
1606 3383 1924 3453 magnilicus

325 3461 587 3516 Boethius
613 3461 862 3534 intelligi,
896 3464 985 3520 ubi
1014 3465 1092 3519 ait
1117 3483 1131 3518 :
1168 3463 1439 3538 Sapientia
1467 3481 1540 3524 est
1565 3487 1760 3537 rerum,
1790 3490 1924 3544 quae

321 3564 472 3622 sunt,
490 3557 673 3623 suique
691 3555 1068 3612 immutabilem
1083 3559 1430 3614 substantiam
1452 3565 1765 3629 sortiuntur,
1785 3583 1925 3619 com-

320 3646 648 3718 prehensio'
671 3645 941 3701 veritatis?
983 3645 1116 3704 Esse
1147 3659 1322 3703 autent
1362 3651 1456 3705 illa
1505 3653 1752 3720 dicimus,
1789 3673 1924 3726 quae

321 3753 425 3792 nec
453 3738 738 3793 intentione
783 3747 1053 3806 crescunt,
1105 3757 1196 3795 nec
1251 3745 1562 3799 retractione
1595 3747 1922 3815 minuuntur,

320 3845 428 3884 nec
453 3830 832 3886 variationibus
857 3843 1242 3903 permutantur,
1271 3837 1362 3890 sed
1397 3839 1450 3892 in
1483 3840 1696 3908 propria
1726 3857 1928 3911 semper

317 3924 373 3976 vi
425 3936 558 3975 suae
594 3935 650 3976 se
693 3931 913 3979 naturae
952 3927 1198 3980 subsidiis
1243 3931 1369 3983 nixa
1409 3931 1729 3985 custodiunt.
1781 3929 1926 3986 Haec

314 4023 509 4068 autent
539 4023 660 4067 sunt
685 4014 984 4084 qualitates,
1021 4019 1360 4088 quantitates,
1399 4021 1618 4090 formae,
1665 4025 1928 4093 magnitu-

315 4107 513 4172 dines,
565 4109 1294 4179 paruitates,aequalitates,
1337 4113 1702 4176 habitudines,
1754 4124 1922 4180 actus,

313 4199 718 4270 dispositiones,
769 4199 907 4268 loca,
953 4211 1210 4272 tempora,
1257 4215 1306 4260 et
1350 4205 1596 4276 quicquid
1635 4205 1926 4258 adunatum

313 4293 718 4365 quodammodo
748 4296 1051 4366 corporibus
1085 4297 1346 4352 invenitur
1369 4311 1385 4349 :
1408 4315 1542 4369 quae
1574 4299 1686 4368 ipsa
1718 4297 1926 4370 qudem

315 4393 528 4440 natura
577 4385 884 4456 incorporea
927 4399 1082 4456 sunt,
1125 4385 1178 4445 et
1222 4391 1564 4445 immutabilis
1603 4391 1926 4447 substantiae

317 4475 542 4530 ratione
569 4473 812 4546 uigentia,
837 4480 1238 4550 participatione
1272 4498 1392 4535 vero
1437 4483 1670 4552 corporis
1711 4498 1922 4554 permu-

319 4575 536 4632 tantur,
567 4575 616 4621 et
642 4577 786 4621 tactu
813 4569 1085 4624 uariabilis
1113 4571 1187 4624 rei
1227 4574 1280 4626 in
1314 4573 1595 4627 eertibt'lem
1619 4575 1924 4629 inconstan-

319 4659 460 4712 tiam
491 4667 786 4712 transeunt.
829 4659 897 4714 Et
919 4660 1008 4714 ubi
1033 4661 1166 4716 haec
1193 4660 1487 4718 subsistere
1518 4665 1794 4737 intelligis,
1821 4665 1926 4720 nisi

323 4751 384 4804 in
430 4749 741 4806 notioniltus
765 4751 882 4806 suis
917 4751 972 4806 in
1007 4753 1186 4807 anima
1212 4755 1506 4823 sapientis?
1537 4756 1638 4813 Ubi
1664 4760 1808 4812 enim
1840 4758 1926 4810 in-

324 4838 672 4909 telliguntur,
716 4841 790 4897 ibi
819 4851 970 4910 sunt,
998 4845 1108 4898 imo
1130 4860 1257 4900 vero
1283 4845 1587 4903 intellectus
1625 4849 1708 4904 sui
1732 4857 1859 4905 sunt
1882 4849 1925 4904 ⁸.

327 4930 486 4984 ῡιεε.
537 4931 844 4990 Praesentis
888 4937 1225 5006 quaestionis
1267 4941 1526 4995 reseratio
1578 4941 1925 5010 multiplicem

323 5022 509 5092 exigit
563 5027 989 5096 expositionem,
1025 5037 1082 5085 et
1125 5031 1254 5085 dum
1290 5039 1591 5096 reseratur,
1621 5031 1926 5090 innumera-

321 5111 466 5174 bilis
495 5115 834 5174 diversarum
879 5121 1254 5192 quaestionum
1299 5123 1534 5193 undique
1570 5123 1928 5179 circumstan-

1645 5225 1901 5320 vamaa
1937 5262 2364 5321 LECTIONES-

1839 5378 1861 5409 ⁸
1892 5379 1982 5448 Sic
2007 5379 2123 5440 CF;
2171 5379 2216 5432 Α
2245 5378 2468 5448 objecta.

1887 5452 1908 5484 ⁹
1945 5447 2034 5504 Sic
2060 5449 2178 5514 CF;
2209 5450 2254 5501 Α
2290 5447 2340 5500 in
2367 5457 2536 5502 mente
2563 5447 2816 5500 humana.

407 5379 437 5450 ’7
461 5377 504 5432 A
534 5385 770 5450 uocaret.
836 5385 868 5450 θ’
889 5377 1002 5450 ejus
1031 5394 1139 5436 om.
1169 5380 1236 5435 A.
1315 5379 1336 5410 ⁸
1361 5395 1499 5450 quae
1542 5395 1652 5434 om.
1695 5379 1762 5434 A.

321 5449 485 5509 sinit.
559 5448 580 5479 "
603 5446 650 5502 A
674 5447 750 5502 id.
828 5449 850 5481 ⁸
883 5446 975 5505 Sic
1001 5451 1074 5518 F;
1104 5451 1151 5506 Α
1172 5451 1264 5505 scit
1288 5446 1458 5517 enim;
1488 5452 1584 5504 scit
1610 5467 1719 5504 υιη.
1748 5451 1810 5504 C.

321 5519 621 5592 cognoscit.
646 5520 746 5592 __“
772 5520 866 5592 iSic
884 5519 968 5592 CF
987 5539 1002 5586 ;
1031 5524 1078 5576 Α
1101 5531 1304 5576 statuta
1331 5521 1419 5592 sit.

321 5589 488 5648 deus.
563 5589 608 5621 ¹⁵
641 5589 732 5646 Sic
755 5591 840 5646 CF
863 5609 878 5658 ;
929 5591 978 5646 A
1017 5593 1301 5646 hominem.

321 5660 420 5721 CF
441 5676 460 5726 ;
489 5659 528 5716 A
563 5674 610 5717 et
633 5663 946 5718 Causaliter.

765 5781 1044 5840 ΡΑτειοι..
1087 5774 1348 5840 CXXII.

1501 5522 1541 5551 "
1565 5521 1706 5589 facta
1732 5531 1854 5575 sunt
1885 5535 1995 5576 om.
2023 5519 2129 5574 CF.
2211 5519 2370 5597 ξδ’-δίο
2395 5519 2512 5581 CF;
2559 5527 2677 5597 sunt
2706 5519 2913 5597 CIII..A'.
2998 5519 3040 5543 ”
3068 5519 3175 5597 sic
3195 5519 3313 5597 Cr";
3341 5519 3383 5569 A
3409 5530 3590 5597 praecl;

1382 5591 1423 5623 ¹⁸
1449 5591 1540 5648 Sic
1560 5585 1682 5655 CF;
1733 5592 1780 5646 A
1831 5589 2372 5662 superressentialcm
2427 5585 2982 5658 supersubstantialem
3020 5585 3406 5641 substantiam.
3453 5587 3494 5618 ¹⁷
3535 5585 3629 5646 Sic

2030 1812 2263 1881 seipsam
2310 1823 2600 1884 cognoscat
2629 1815 2693 1880 ιθ,
2744 1833 2904 1871 unam
2933 1820 3288 1891 eanulemque
3327 1827 3622 1883 essentiam

2029 1903 2346 1958 subsistere.
2377 1903 2522 1959 Disc.
2549 1903 2688 1973 Quid
2717 1923 2844 1978 ergo
2865 1909 3141 1965 dicemus?
3163 1911 3434 1983 Numquid
3461 1917 3624 1985 paulo

2030 1997 2280 2064 superius
2309 1999 2374 2050 ad
2398 2014 2589 2067 purum
2615 2001 2934 2057 deduximus
2957 2003 3190 2060 hominis
3225 2007 3617 2080 definitionem,

2029 2089 2288 2156 dicentes,
2330 2093 2491 2148 homo
2531 2103 2614 2150 est
2646 2098 2792 2154 notio
2817 2101 3083 2168 quaedam
3124 2103 3527 2174 intellectualis,
3563 2109 3618 2164 in

2029 2191 2211 2236 mente
2242 2184 2420 2238 divina
2462 2189 2808 2243 aeternalitrr
2853 2190 3028 2246 facta?
3057 2192 3124 2246 Et
3157 2194 3202 2248 si
3235 2195 3305 2249 ita
3344 2205 3447 2264 est,
3479 2216 3619 2269 quo-

2029 2276 2190 2328 modo
2215 2275 2304 2330 illa
2336 2279 2502 2344 notio,
2537 2297 2638 2349 qua
2670 2283 2833 2338 homo
2863 2281 3097 2355 seipsum
3139 2291 3440 2360 cognoscit,
3491 2295 3617 2349 Sith-

2028 2365 2225 2419 stantia
2253 2381 2348 2420 sua
2375 2369 2466 2433 sit,
2498 2371 2540 2423 si
2571 2373 2848 2440 praedicta
2871 2376 3112 2432 deﬁnitio
3149 2395 3253 2434 non
3288 2389 3494 2441 temere
3513 2393 3621 2442 sta-

1997 2518 2000 2522 .
2031 2463 2142 2507 tuta
2178 2463 2260 2536 est
2283 2456 2364 2511 “?
2394 2459 2531 2514 MAG.
2569 2460 2683 2516 Non
2727 2471 2929 2520 temere
2979 2469 3226 2538 quidem;
3280 2488 3402 2528 nam
3435 2485 3492 2530 et
3528 2477 3618 2534 illa

2029 2545 2287 2612 dciinitio,
2341 2565 2478 2618 quae
2522 2551 2674 2619 dicit,
2725 2555 2998 2611 notionem
3031 2560 3303 2630 quandam
3350 2563 3401 2618 in
3439 2576 3620 2622 mente

2027 2635 2207 2690 divina
2234 2641 2582 2696 aeternaliter
2602 2642 2800 2700 factam
2829 2648 3188 2706 substantiam
3215 2653 3448 2712 hominis
3475 2673 3615 2727 esse,

2027 2741 2190 2781 vemx
2217 2740 2319 2783 est.
2365 2732 2428 2786 Et
2457 2735 2599 2802 quod
2628 2752 2770 2792 llllllc
2795 2738 3044 2806 dicimus,
3073 2743 3320 2799 notitiam
3343 2747 3619 2817 videlicet,

2024 2835 2130 2888 qua
2169 2837 2408 2896 semens
2435 2825 2669 2882 lnnnana
2712 2831 3011 2900 cognoscit,
3045 2833 3476 2894 substantialiter
3514 2841 3616 2898 ho~
3657 2837 3662 2840 ”

2025 2913 2153 2967 mini
2183 2913 2378 2980 inesse,
2404 2933 2508 2973 non
2535 2919 2976 2979 irrationabiliter
3003 2926 3245 2982 docetur.
3271 2929 3446 2986 Aliter
3471 2935 3620 2993 enim

2023 3006 2203 3060 omnis
2240 3017 2492 3064 creatura
2538 3011 2590 3065 in
2637 3009 2814 3074 Verbo
2855 3015 2975 3082 Dei,
3023 3017 3075 3072 in
3120 3034 3226 3089 quo
3254 3023 3435 3078 omnia
3471 3025 3618 3085 facta

2025 3105 2151 3148 sunt
2183 3095 2248 3160 ¹¹,
2279 3098 2678 3166 consideratur,
2712 3101 2870 3158 aliter
2899 3105 2952 3159 in
2981 3107 3176 3176 seipsa.
3223 3109 3362 3168 Hinc
3399 3127 3622 3176 sanctus

2023 3188 2357 3259 Augustinus
2391 3191 2443 3246 in
2476 3191 2744 3250 Exemero
2775 3212 2872 3252 suo
2902 3215 2915 3251 :
2949 3199 3137 3267 Aliter,
3163 3202 3357 3274 inquit,
3387 3210 3482 3262 sub
3506 3212 3620 3282 ipso

2025 3291 2144 3335 sunt
2167 3297 2249 3348 ea,
2275 3300 2408 3354 quae
2429 3302 2522 3355 per
2545 3288 2717 3358 ipsum
2733 3289 2876 3357 facta
2896 3306 3042 3358 sunt,
3058 3292 3214 3349 aliter
3232 3297 3286 3352 in
3301 3299 3413 3368 ipso
3434 3313 3554 3358 sunt
3577 3306 3622 3337 ³⁸

2025 3389 2108 3439 ea,
2143 3385 2278 3445 quae
2300 3377 2408 3445 ipse
2437 3385 2532 3431 est.
2564 3376 2833 3450 Siquidem
2859 3381 3154 3439 intellectus
3187 3390 3421 3444 omnium
3445 3392 3500 3447 in
3537 3395 3620 3449 di-

2026 3467 2148 3519 vina
2197 3468 2456 3537 sapientia
2497 3471 2793 3526 substantia
2836 3483 2911 3529 est
2959 3477 3210 3545 omnium,
3255 3481 3359 3536 into
3407 3485 3622 3555 omnia;

2027 3559 2254 3629 cognitio
2275 3575 2413 3624 vero,
2461 3581 2567 3634 qua
2616 3567 2841 3636 seipsam
2883 3569 2938 3623 in
2978 3571 3148 3642 seipsa
3179 3573 3438 3646 intelligit,
3471 3579 3628 3636 intel-

2026 3647 2262 3706 lectualis
2288 3664 2332 3708 et
2358 3656 2632 3712 rationalis
2651 3669 2920 3726 creatura,
2941 3662 3096 3718 veluti
3115 3668 3344 3722 secunda
3364 3673 3627 3741 quaedam

2028 3745 2324 3798 substantia
2347 3745 2460 3814 ejus
2489 3755 2582 3814 est,
2612 3766 2716 3820 qna
2746 3767 2800 3804 se
2843 3752 2978 3806 nouit
3003 3757 3352 3823 solummodo,
3388 3776 3443 3814 se
3476 3779 3627 3820 nosse

2028 3839 2076 3884 et
2101 3847 2210 3885 esse
2234 3843 2282 3886 et
2307 3835 2452 3900 velle,
2479 3853 2580 3890 non
2608 3849 2782 3893 autent
2801 3841 2927 3910 quid
2949 3843 3036 3895 sit.
3059 3841 3130 3899 Et
3149 3844 3242 3898 illa
3269 3849 3478 3915 quidem
3501 3853 3626 3906 sub-

2027 3923 2222 3976 stantia
2254 3923 2309 3976 in
2348 3926 2606 3993 sapientia
2640 3927 2738 3980 Dei
2766 3935 3066 3995 constituta,
3105 3943 3317 3988 aeterna
3349 3947 3398 3990 et
3425 3939 3625 3994 incont-

2030 4013 2295 4068 mulabilis
2334 4025 2432 4082 est,
2481 4018 2579 4070 ista
2619 4035 2738 4074 vero
2787 4022 3086 4092 temporalis
3119 4035 3164 4077 et
3208 4031 3627 4096 commutabilis;

2029 4105 2123 4160 illa
2147 4107 2428 4176 praecedit,
2459 4110 2560 4162 ista
2586 4112 2853 4180 sequitur;
2902 4111 2994 4165 illa
3033 4115 3392 4182 primordialis
3413 4129 3460 4172 et
3493 4137 3624 4176 cau-

2030 4200 2178 4268 salis,
2210 4202 2308 4256 ista
2334 4203 2617 4272 procedens
2643 4201 2688 4234 ¹’⁵
2715 4215 2762 4258 et
2804 4205 3111 4272 causatiua;
3139 4207 3233 4260 illa
3262 4209 3627 4270 uniuersaliter

2030 4295 2208 4348 omnia
2233 4294 2278 4324 "’
2299 4295 2546 4360 continet,
2577 4295 2678 4348 ista
2701 4295 3112 4364 particulariter,
3135 4307 3389 4368 quantum
3416 4317 3448 4355 a
3469 4319 3626 4374 supe-

2031 4386 2161 4438 riori
2174 4385 2526 4452 distribuitur,
2552 4386 2784 4456 subjecta
2802 4385 2900 4440 sibi
2920 4403 3013 4457 per
3035 4389 3270 4441 notitiam
3289 4395 3623 4462 comprehen-

1955 4442 2004 4501 D
2031 4475 2131 4541 dit;
2164 4475 2227 4529 ab
2253 4475 2344 4530 illa
2374 4477 2631 4546 producta
2654 4487 2727 4530 est
2755 4478 2876 4543 ista,
2904 4477 3004 4531 ista
3035 4495 3151 4533 vero
3177 4492 3446 4538 reversuro
3469 4497 3543 4538 est
3569 4487 3629 4542 in

2025 4568 2192 4622 illam.
2215 4569 2278 4623 Et
2291 4584 2394 4623 non
2411 4569 2531 4625 dico
2547 4587 2688 4624 nunc
2705 4569 2847 4624 illam
2864 4573 3367 4640 superessentialem
3381 4577 3632 4636 substan-

2033 4660 2160 4714 tiam
2184 4659 2250 4724 ",
2275 4674 2413 4729 qiiae
2432 4673 2530 4730 per
2551 4662 2782 4731 seipsam
2811 4663 2954 4718 Deus
2975 4673 3078 4728 est,
3111 4673 3166 4718 et
3191 4665 3348 4721 unica
3375 4671 3623 4728 onmium

2032 4765 2218 4815 causa,
2245 4749 2337 4804 sed
2366 4749 2530 4817 illam,
2561 4767 2699 4821 quae
2725 4751 3219 4823 primordialiteriu
3240 4757 3504 4826 sapientia
3527 4761 3628 4819 Dei

2031 4843 2175 4898 facta
2198 4852 2282 4896 est
2308 4842 2597 4898 causaliter
2613 4844 2678 4911 ιτ,
2698 4845 2852 4915 cujus
2867 4843 3087 4900 elfectus
3102 4846 3347 4913 esthaec,
3365 4865 3523 4918 quant
3543 4865 3630 4905 se-

2034 4935 2213 4992 cundo
2242 4933 2359 4990 loco
2386 4935 2690 5001 statuimus,
2722 4937 3044 5002 substantia,
3073 4937 3180 4991 imo
3203 4939 3465 4995 naturalis
3493 4941 3630 4996 ordo

2035 5047 2214 5087 rerum
2230 5031 2526 5087 constituit.
2555 5031 2698 5087 DlSC.
2715 5032 2863 5088 Duas
2878 5033 3038 5104 igitur
3052 5031 3380 5086 substantias
3393 5034 3630 5091 hominis

2037 5123 2334 5193 intelligere
2367 5125 2623 5180 debemus
2677 5139 2836 5178 uitam
2867 5123 3083 5194 quidem
3111 5123 3164 5176 in
3187 5121 3630 5192 primordialibus

2547 5377 2630 5430 Ἀ
2681 5374 3166 5444 comprehensione.
3232 5375 3252 5402 "
3286 5371 3376 5427 Sic
3417 5372 3542 5438 CF;
3579 5374 3628 5431 Α

2893 5443 2936 5476 ¹⁰
2967 5443 3056 5516 Sic
3075 5443 3277 5516 βιτξρ
3302 5453 3365 5516 et
3389 5459 3628 5516 seipsam

2211 5519 2252 5549 ¹³
2282 5517 2370 5572 bic
2395 5518 2512 5581 CF;
2559 5527 2677 5571 sunt
2706 5531 2816 5568 om.
2849 5515 2913 5568 A.
2998 5513 3040 5543 ¹’⁶
3068 5513 3158 5568 Sic
3195 5512 3313 5580 CF;
3341 5515 3383 5569 Α
3409 5512 3627 5584 praece-
