4212 6272
563 250 663 315 771

1968 222 2257 291 ιοΑΝΝιε
2287 222 2486 303 εεοτι

3768 220 3897 281 771

560 363 742 437 causis
793 338 1123 433 generalem,
1152 352 1381 425 alteram
1409 351 1465 409 in
1494 328 1688 421 earum
1710 340 1997 423 .ell‘ectibus
2028 355 2153 413 spe-
2182 345 2239 415 Α
2262 338 2407 417 nulla
2423 337 2577 393 tlnita
2594 335 2894 400 substantia
2906 332 3386 394 circumcluditur?
3411 331 3552 390 Msa.
3581 332 3696 390 lmo
3711 341 3882 393 etiam

557 432 776 511 clalem.
799 430 958 505 illae.
984 447 1126 502 Duas
1150 459 1257 502 non
1288 441 1516 499 dixerim
1536 480 1552 509 ,
1576 437 1670 495 sed
1692 449 1854 491 unam
1881 430 2164 503 dupliciter

559 544 910 611 intellectam.
977 537 1149 592 Aliter
1211 535 1354 591 enim
1418 533 1651 587 humana
1714 524 2014 583 substantia
2065 538 2166 595 per

560 634 925 711 conditionem
982 629 1034 683 in
1079 623 1535 683 intellectualibus
1588 617 1914 691 perspicitur
1963 614 2164 680 causis,

560 709 717 795 aliter
762 743 859 798 per
904 722 1307 799 generationem
1359 718 1411 772 in
1455 714 1759 771 ell‘ectihus.
1819 711 1894 766 lbi
1946 709 2163 796 quidem

558 792 706 889 omni
737 791 1094 872 mutabilitate
1140 812 1328 874 libera,
1368 809 1456 863 hic
1507 803 1852 861 mutabilitati
1885 791 2119 859 obnoxia
2148 815 2163 865 ;
2192 837 2197 843 .

559 912 638 970 ibi
675 909 901 981 simplex
945 903 1304 971 omnibusque
1355 897 1723 973 accidentibus
1759 893 2003 949 absoluta
2049 906 2166 946 om-

558 1017 685 1059 nem
712 997 898 1073 ell'ugit
947 992 1245 1048 contuitum
1274 998 1328 1043 et
1368 986 1697 1061 intellectum
1745 984 1785 1048 ³,
1822 983 1909 1038 hic
1948 994 2169 1051 compo-

562 1091 816 1161 sitionem
838 1070 1131 1158 quandam
1155 1098 1223 1138 ex
1248 1075 1644 1149 quantitatibus
1690 1083 1743 1127 et
1793 1070 2163 1151 qualitatibus,

565 1172 888 1261 ceterisque,
923 1191 1061 1249 quae
1085 1174 1230 1253 circa
1260 1185 1377 1226 eam
1412 1165 1804 1236 intelliguntur,
1828 1161 2042 1233 accipit,
2073 1174 2169 1230 per

564 1252 728 1345 quam
754 1252 1001 1326 “mentis
1033 1252 1222 1335 reeipit
1254 1261 1529 1317 intuitum.
1575 1257 1688 1312 Una
1741 1256 1924 1325 itaque
1955 1252 2173 1331 eadem-

565 1344 672 1434 que
698 1362 863 1417 veluti
889 1357 1080 1428 duplex
1111 1355 1307 1411 dicitur
1333 1359 1552 1422 propter
1573 1346 1842 1433 duplicem
1867 1344 1951 1398 sui
1979 1358 2171 1413 specu-

566 1452 850 1518 lationem,
887 1452 1082 1520 ubique
1128 1458 1306 1503 tamen
1352 1459 1505 1499 suam
1557 1428 2172 1511 incomprehensibilita-

567 1557 679 1604 tem
723 1544 974 1607 custodit,
1011 1542 1063 1596 in
1091 1540 1270 1595 causis
1299 1538 1419 1590 dico
1444 1544 1497 1589 et
1520 1534 1573 1611 in
1603 1531 1900 1597 ell‘ectibus,
1936 1532 2041 1607 hoc
2064 1538 2171 1595 est,

568 1638 685 1694 sive
721 1636 862 1691 nuda
905 1634 957 1687 in
999 1647 1095 1685 sua
1140 1627 1483 1697 simplicitate
1505 1667 1517 1690 ,
1549 1625 1662 1679 sive
1692 1623 2061 1678 accidentibus
2091 1623 2174 1676 in-

2271 429 2374 485 hoc
2407 429 2645 484 maximo
2681 434 3002 499 argumento
3041 426 3331 499 colligitur,
3379 422 3525 495 quod
3559 424 3617 480 in
3658 424 3883 483 homine

2269 522 2449 578 omnis
2478 530 2731 603 creatura
2779 520 3212 578 substantialiter
3262 528 3446 576 creata
3486 502 3878 597 sit.ﬁ0mnium

2269 614 2560 699 siquidem,
2592 596 2731 685 quae
2773 622 2919 680 sunt,
2954 611 3257 669 substantia
3289 609 3437 665 nullo
3466 594 3630 667 modo
3658 610 3875 669 deliniri

2270 715 2448 776 potest
2477 706 2605 777 quid
2641 707 2731 773 sit,
2771 715 2907 762 teste
2939 704 3200 777 Gregorio
3232 703 3502 775 theologo,
3541 704 3632 775 qui
3663 705 3731 760 de
3760 707 3879 763 tali-

2270 799 2373 854 bus
2400 797 2658 867 disputat,
2687 812 2851 867 agcns
2876 796 3162 850 adiersum
3202 809 3317 861 eos,
3345 794 3439 868 qui
3482 780 3702 866 negant,
3744 795 3877 853 Ver-

2269 888 2398 944 bum
2428 885 2522 942 Dei
2554 885 3006 965 snperessentiale
3047 886 3091 919 ³ο
3134 899 3273 959 εεεε,
3315 885 3707 942 contendentes
3749 887 3880 957 illud

2271 969 2329 1032 in
2371 976 2551 1046 aliqua
2589 975 2892 1031 substantia
2935 975 3278 1041 concludere,
3312 990 3376 1031 ac
3403 990 3502 1046 per
3526 976 3628 1032 hoc
3659 992 3764 1032 non
3789 994 3880 1037 su-

2270 1082 2371 1153 per
2401 1067 2582 1122 omnia
2612 1060 2757 1133 esse,
2803 1065 2900 1121 sed
2939 1066 2992 1120 in
3035 1079 3263 1121 numero
3289 1065 3532 1121 omnium
3589 1068 3877 1139 contineri,

2274 1156 2521 1213 volentes
2565 1156 2922 1212 substantiam
2951 1155 3072 1237 Filii
3098 1170 3129 1209 a
3154 1156 3451 1211 substantia
3478 1155 3660 1213 Patris
3690 1173 3876 1235 segre-

2274 1261 2422 1317 gare.
2462 1244 2650 1316 Itaque
2687 1245 2825 1300 sicut
2854 1230 3334 1310 diviua'essentia,
3384 1245 3454 1301 ad
3498 1244 3653 1316 cujus
3697 1230 3880 1320 imagi-

2275 1354 2396 1393 nem
2439 1337 2580 1391 facta
2610 1348 2714 1403 est,
2745 1332 2953 1392 inﬁnita
2983 1347 3094 1403 est,
3121 1337 3194 1391 ita
3224 1336 3313 1392 illa
3344 1337 3581 1394 humana
3614 1340 3876 1397 substitu-

2274 1433 2353 1490 tio
2378 1433 2523 1488 nullo
2553 1441 2700 1487 certo
2725 1432 2830 1486 line
2871 1432 3195 1503 terminatur
3220 1448 3236 1499 ;
3265 1447 3335 1486 ex
3367 1432 3452 1488 bis
3496 1418 3699 1501 autem,
3743 1450 3880 1504 quae

2277 1514 2421 1580 circa
2463 1516 2584 1579 eam
2617 1514 3015 1593 intelliguntur,
3045 1522 3147 1595 hoc
3186 1530 3271 1577 est
3319 1523 3679 1593 temporibus,
3725 1523 3879 1597 locis,

2279 1610 2619 1679 diﬂ'erentiis,
2652 1610 3093 1687 pmprietatibus,
3145 1613 3564 1683 quantitatibus,
3611 1615 3881 1698 qualitati:

570 1730 721 1785 duta.
760 1726 821 1780 In
865 1724 948 1777 his
993 1721 1136 1776 enim
1184 1696 1434 1773 omnibus
1477 1715 1604 1769 nulli
1656 1713 1950 1769 intellectui
1992 1723 2179 1768 creato
2209 1701 2259 1761 B
2290 1707 2411 1772 bllS,
2440 1704 2808 1769 relationibuS,
2839 1696 3265 1768 habiludinibu‘s,
3300 1703 3681 1774 positionibus,

567 1815 788 1887 neque’
819 1812 1001 1869 sensui
1048 1809 1374 1871 succumbit,
1417 1823 1518 1862 nec
1561 1823 1591 1865 a
1636 1806 1812 1875 seipsa
1862 1804 2180 1883 intelligitur

569 1878 700 1977 quid
724 1905 814 1960 sit.
861 1904 1005 1958 Disc.
1039 1899 1175 1969 Quid
1203 1907 1450 1968 estergo,
1471 1896 1955 1968 quodjampridem
1970 1878 2177 1957 dixisti,

568 1984 813 2055 mentem
839 1995 1054 2066 quidem
1084 1993 1372 2046 humanam
1406 1989 1699 2050 notionem,
1730 2004 1834 2057 qua
1872 2001 1928 2040 se
1974 2000 2176 2054 cogno-

570 2087 697 2157 scit,
725 2098 779 2145 et
806 2085 1164 2157 disciplinam,
1202 2097 1307 2149 qua
1348 2080 1578 2149 seipsam
1632 2078 1812 2142 discit,
1860 2076 2080 2137 habere,
2125 2082 2179 2128 et

571 2196 718 2239 nunc
745 2181 941 2234 iterum
972 2190 1146 2247 neque
1169 2191 1199 2228 a
1230 2173 1429 2243 seipsa,
1463 2186 1640 2239 neque
1670 2169 1735 2222 ab
1773 2168 1876 2221 alia
1925 2175 2175 2221 creatura

571 2260 813 2345 dignosci
853 2286 1012 2341 posse
1051 2266 1295 2322 asseris?
1345 2262 1485 2318 illac.
1517 2261 1816 2329 Utrumque
1843 2276 2027 2313 verum
2056 2273 2179 2311 esse

570 2356 711 2420 ratio
732 2362 987 2432 perdocet
1003 2376 1015 2412 :
1034 2360 1269 2412 humana
1291 2353 1557 2424 siquidem
1582 2368 1735 2406 utens
1755 2360 1806 2403 ct
1829 2352 2059 2419 seipsam
2085 2364 2179 2401 no-

572 2456 745 2522 vit,et
767 2452 1001 2521 seipsam
1036 2464 1140 2503 non
1174 2446 1339 2501 novit.
1364 2438 1522 2500 Novit
1548 2444 1764 2513 quidem
1795 2444 1919 2511 quia
1943 2453 2047 2504 est,
2072 2455 2178 2495 non

575 2558 754 2606 autem
771 2543 1061 2614 novitquid
1079 2552 1181 2597 est.
1201 2542 1277 2595 Ac
1305 2556 1400 2610 per
1426 2539 1550 2603 hoc,
1571 2548 1630 2591 ut
1654 2538 1705 2590 in
1733 2536 2002 2605 prioribus
2027 2534 2178 2588 libris

575 2622 880 2705 docuimus,
898 2635 1128 2690 maxime
1144 2633 1320 2703 imago
1338 2631 1429 2684 Dei
1448 2645 1567 2684 esse
1591 2630 1640 2683 in
1666 2628 1881 2695 liciuine
1896 2625 2175 2678 "docetur.

574 2731 648 2791 Ut
677 2730 823 2786 enim
847 2727 988 2783 Deus
1009 2721 1511 2795 comprehensibilis
1542 2729 1646 2783 cst,
1676 2719 1801 2773 dum
1831 2732 1897 2770 ex
1928 2723 2178 2770 creatura

576 2822 845 2895 colligitur
870 2821 997 2890 quia
1020 2810 1207 2883 est,’et
1231 2811 1794 2884 incomprehensibilis
1830 2817 1934 2873 est,
1978 2807 2103 2876 quia
2147 2821 2179 2859 a

574 2918 725 2975 nullo
760 2914 1034 2971 intellectu
1082 2912 1321 2966 humano
1366 2905 1452 2961 vel
1500 2903 1743 2975 angelico
1792 2897 2177 2971 comprehendi

575 3015 755 3080 potest
804 3002 932 3076 quid
964 3004 1033 3057 sit
1061 3000 1105 3067 ⁸,
1135 3015 1232 3054 nec
1273 3014 1303 3052 a
1344 2996 1543 3067 seipso,
1577 2994 1705 3065 quia
1744 3007 1849 3046 non
1898 2998 1982 3044 est.
2024 2987 2172 3060 quid,

578 3060 776 3168 quippe
800 3060 1270 3164 siuperessentialis
1297 3106 1309 3141 :
1339 3089 1412 3142 ita
1450 3086 1721 3141 humanae
1750 3082 1915 3137 menti
1946 3081 2052 3137 hoc
2089 3093 2175 3134 so-
2204 3060 2251 3123 C

578 3191 691 3247 lum
732 3188 889 3244 datur
941 3184 1122 3247 nesse,
1177 3196 1237 3236 se
1287 3192 1429 3245 esse,
1485 3174 1613 3249 quid
1663 3186 1842 3230 autem
1891 3173 1983 3238 sit,
2032 3169 2179 3224 nullo

580 3274 743 3361 niodo
769 3278 819 3336 ei
838 3273 1195 3341 conceditur;
1219 3272 1273 3345 et
1302 3263 1444 3343 quad
1471 3279 1555 3324 est
1582 3267 1900 3330 mirabilius,
1925 3273 1979 3318 et
2004 3264 2179 3318 consi-

583 3354 901 3431 derantibus
949 3369 1157 3441 seipsos
1192 3362 1249 3420 et
1288 3364 1456 3417 Deum
1488 3362 1508 3392 ⁸
1540 3375 1697 3415 suum
1736 3354 2031 3431 pulchrius,
2063 3356 2183 3426 plus

582 3453 837 3519 laudatur
884 3475 1036 3513 mens
1076 3450 1327 3510 humana
1356 3453 1410 3508 in
1447 3467 1542 3506 sua
1574 3448 1894 3518 ignorantia,
1926 3462 2086 3517 quam
2126 3446 2181 3499 in

586 3560 685 3611 sua
724 3550 968 3606 scientia.
1007 3542 1352 3617 Laudabilius
1393 3556 1625 3610 namque
1651 3540 1704 3592 in
1734 3554 1797 3593 ea
1837 3547 1936 3601 est,
1985 3552 2044 3592 se
2088 3553 2183 3591 nc-

586 3638 729 3702 séire
765 3641 1011 3712 quidsit,
1058 3652 1217 3708 quam
1261 3632 1423 3691 scire
1452 3632 1577 3702 quia
1620 3637 1720 3697 est,
1771 3630 1913 3684 sicut
1956 3629 2076 3700 plus
2128 3637 2182 3684 et

587 3726 994 3795 conveniendus
1034 3728 1268 3804 pertinet
1300 3728 1319 3759 ’¹
1350 3727 1417 3781 ad
1443 3724 1656 3779 divinae
1691 3731 1918 3777 naturae
1967 3721 2183 3775 laudem

587 3812 968 3906 negatio'ejus
1016 3802 1051 3859 δή
1088 3839 1247 3894 quam
1298 3810 1603 3885 allirmatio,
1651 3828 1707 3874 et
1747 3802 2043 3888 sapientius
2102 3826 2185 3872 es;

589 3927 839 3998 ignorare
870 3921 1011 3975 illam
1034 3932 1195 3988 quam
1225 3931 1403 3978 nosse,
1434 3912 1584 3982 cujus
1613 3909 1916 3983 ignorantia
1945 3925 2071 3963 vera
2103 3918 2187 3964 est

590 4002 874 4090 sapientia,
924 4026 1062 4083 quae
1111 4007 1302 4063 melius
1350 4005 1641 4062 nesciendo
1689 4004 1895 4069 scitur;
1939 4002 2183 4072 Aper-tis-

591 4108 728 4166 sime
761 4120 890 4176 ergo
920 4104 1100 4159 divina
1150 4100 1445 4155 similitudo
1498 4099 1552 4153 in
1602 4098 1837 4152 humana
1876 4104 2055 4150 mente
2106 4092 2185 4147 di-

591 4199 889 4273 gnoscitur,
918 4196 1042 4251 dum
1074 4192 1409 4247 solummodo
1438 4204 1559 4245 esse
1599 4188 1797 4253 scitur;
1842 4186 1972 4258 quid
2003 4195 2186 4239 autem

591 4302 697 4359 est,
730 4290 1002 4362 nescitur;
1032 4296 1101 4351 et,
1131 4295 1191 4340 ut
1229 4285 1302 4339 ita
1342 4283 1537 4347 dicam,
1572 4291 1797 4352 negatur
1843 4279 1896 4332 in
1948 4291 2013 4333 ea
2059 4276 2185 4345 quid

591 4372 732 4448 esse,
761 4368 1060 4435 afﬁrmatur
1099 4374 1434 4429 solummodo
1475 4387 1616 4426 esse.
1667 4368 1777 4422 Nec
1830 4367 1931 4422 hoc
1977 4367 2185 4422 ratione

590 4462 772 4529 vacat.
825 4469 881 4526 Si
932 4470 1077 4523 enim
1125 4473 1542 4537 cognosceretur
1589 4460 1843 4533 quiddam
1887 4475 2026 4526 esse,
2080 4460 2184 4514 cir-

594 4558 923 4630 cumscripta
949 4558 1191 4629 profecto
1212 4558 1264 4611 in
1297 4558 1475 4626 aliquo
1500 4565 1680 4620 esset,
1710 4568 1773 4608 ac
1799 4566 1897 4622 per
1920 4551 2022 4606 hoc
2047 4552 2184 4605 ima-

595 4641 777 4726 ginem
807 4650 890 4704 sui
925 4646 1197 4720 creatoris
1233 4662 1338 4701 non
1370 4646 1591 4701 omnino
1636 4644 1691 4699 in
1732 4661 1792 4700 se
1832 4641 2186 4713 exprimeret,

597 4743 692 4810 qui
735 4737 955 4796 omnino
992 4735 1487 4806 incircumscriptus
1516 4745 1629 4799 est,
1660 4734 1798 4788 etin
1836 4730 1982 4787 nullo
2028 4726 2186 4787 intel-

598 4832 800 4906 ligitur,
832 4827 960 4898 quia
991 4822 1231 4879 inﬁnitus
1252 4832 1335 4877 est
1356 4823 1399 4888 ³,
1428 4839 1591 4893 super
1619 4838 1800 4888 omne,
1829 4823 1971 4892 quod
1994 4822 2191 4905 dicitur

598 4892 669 4981 et
683 4892 1533 4991 intelligitur,superessentialis.
1556 4912 1701 4969 DISC.
1732 4913 2012 4981 Quomodo
2032 4892 2194 4984 igitur

599 5000 779 5072 omnis
820 5020 1071 5068 creatura
1120 5010 1174 5065 in
1225 5008 1414 5064 notitia
1467 5008 1702 5069 hominis
1741 5009 1884 5063 facta
1922 5017 2024 5074 est,
2054 5024 2193 5080 quae

600 5096 701 5163 nec
739 5103 970 5176 seipsam
1016 5098 1291 5174 cognoscit
1319 5099 1447 5170 quid
1483 5099 1573 5167 sit,
1622 5108 1677 5154 et
1714 5099 1817 5155 hoc
1860 5114 1958 5171 pro
1998 5116 2193 5171 magna

598 5188 757 5260 laude
771 5199 941 5273 ipsius
961 5196 1245 5267 accipitur,
1269 5210 1399 5266 prae
1424 5195 1586 5251 nimia
1603 5193 1683 5250 sui
1700 5193 2038 5261 excellentia,
2062 5197 2188 5250 dum

564 5356 571 5401 ἰ

2285 1797 2464 1861 nibus,
2496 1794 2838 1866 passionihus
2866 1790 3203 1847 Solummodo
3233 1790 3557 1865 intelligitur
3576 1784 3725 1862 esse,
3749 1776 3878 1871 quid

2284 1896 2463 1941 autem
2513 1888 2604 1951 sit,
2651 1900 3013 1961 nequaquam.
3055 1884 3403 1960 Atqueqhinc
3433 1886 3595 1939 datur
3637 1876 3877 1958 intelligi:

2283 1978 2483 2052 nullius
2531 1976 3014 2033 creaturae'aliam
3046 1975 3456 2031 subsistentiam
3494 1991 3635 2045 esse,
3668 1968 3879 2047 praeter

2283 2072 2429 2129 illam
2462 2074 2746 2138 rationem,
2793 2058 3090 2127 secundum
3140 2085 3302 2140 quam
3346 2071 3397 2125 in
3437 2071 3878 2142 primordialibus

2284 2163 2462 2219 causis
2490 2164 2544 2217 in
2584 2160 2679 2216 Dei
2713 2160 2888 2216 Verbo
2929 2159 3221 2216 sulstituta
3252 2171 3373 2227 est,
3406 2175 3469 2214 ac
3496 2176 3593 2232 per
3621 2161 3723 2216 hoc
3749 2162 3879 2218 deli-

2281 2251 2390 2311 niri
2420 2270 2523 2311 non
2549 2269 2707 2325 posse
2732 2253 2861 2324 quid
2882 2254 2971 2318 sit,
2993 2252 3118 2323 quia
3144 2260 3364 2324 superat
3389 2236 3600 2316 omnem
3630 2255 3881 2311 substan-

2286 2350 2463 2404 tialem
2500 2347 2890 2402 deﬁnitionem.
2929 2344 3195 2399 Delinitur
3232 2355 3415 2402 autem
3462 2363 3556 2417 per
3600 2362 3729 2403 suas
3770 2349 3877 2404 cir-

2282 2444 2657 2521 cumslantias,
2711 2456 2850 2512 quae
2903 2441 3004 2496 sibi
3039 2422 3313 2509 accidunt,
3370 2443 3424 2499 in
3475 2445 3712 2517 speciem
3758 2461 3878 2518 prce

2282 2537 2456 2617 priam
2514 2534 2557 2566 “
2608 2547 2706 2604 per
2741 2531 3144 2613 generationem
3191 2547 3287 2588 seu
3350 2532 3740 2606 intelligibilem
3787 2551 3880 2609 seu

2281 2612 2588 2682 sensibilem
2643 2622 2987 2694 proveniens.
3494 2612 3497 2617 ’
3614 2624 3622 2629 ’

2350 2721 2402 2774 8.
2440 2718 2588 2773 Disc.
2622 2715 2927 2771 Humanam
2949 2715 3353 2789 angelicamque
3370 2727 3612 2773 naturam
3633 2728 3729 2774 aut
3746 2734 3881 2775 ean-

2281 2813 2402 2867 dem
2447 2819 2541 2865 aut
2585 2809 2888 2864 simillimas
2918 2796 3075 2874 esse,
3132 2817 3183 2864 et
3234 2798 3411 2885 divina
3462 2807 3764 2883 Scriptura,
3815 2820 3874 2881 et

2280 2902 2395 2971 ipsa
2435 2901 2574 2954 ratio
2610 2897 2875 2970 perhibet.
2917 2894 3051 2950 Nam
3077 2907 3133 2953 et
3158 2899 3319 2954 homo
3346 2890 3399 2953 et
3425 2898 3647 2969 angelus
3674 2898 3855 2955 intelle

2280 2990 2475 3046 ctualis
2512 2998 2568 3043 et
2611 2986 2892 3055 rationalis
2921 2996 3174 3059 creatura
3223 2976 3441 3053 dicitur,
3478 2998 3535 3057 et
3579 2997 3684 3045 est.
3724 2976 3881 3046 Etsi

2282 3082 2355 3139 ita
2402 3083 2622 3138 sibimet
2650 3073 3002 3146 conveniunt,
3039 3095 3147 3135 non
3191 3066 3467 3136 immerito
3492 3083 3879 3152 quaerendum,

2283 3192 2451 3250 quare
2478 3175 2658 3230 omnis
2683 3183 2933 3229 creatura
2964 3173 3019 3228 in
3050 3173 3268 3229 homine
3302 3185 3485 3231 creata
3516 3156 3734 3250 legitur,
3775 3190 3879 3234 nua

2282 3246 2465 3321 autem
2493 3265 2546 3319 in
2576 3262 2788 3334 angelo.
2810 3260 2951 3319 MAG.
2980 3259 3097 3317 Non
3120 3250 3236 3318 sine
3259 3248 3443 3327 causa,
3466 3248 3537 3319 ‘ut
3556 3246 3764 3333 opinor.
3792 3264 3878 3321 Si-

2282 3354 2498 3426 quidem
2526 3355 2771 3408 videmus
2824 3354 2879 3406 in
2908 3352 3128 3435 homine
3170 3338 3607 3437 non-perpauca,
3653 3370 3789 3429 quae
3829 3356 3881 3412 in

2285 3444 2472 3518 angelo
2521 3445 2840 3527 subsistere,
2881 3459 2982 3515 nec
3008 3432 3327 3500 auctoritas
3365 3432 3550 3511 tradit,
3598 3460 3699 3501 nec
3744 3442 3881 3503 ratio

2285 3538 2549 3608 intelligit,
2580 3522 2639 3592 ut
2670 3540 2772 3591 hoc
2815 3552 3011 3607 corpus
3054 3527 3307 3603 animale,
3354 3537 3500 3623 quod
3542 3522 3707 3617 etiam
3756 3548 3880 3603 ante

2285 3635 2566 3698 peccatum
2595 3626 2865 3681 humanae
2892 3624 3107 3680 animae
3131 3612 3443 3696 adjunelum
3492 3612 3659 3689 fuisse
3702 3628 3877 3684 divina

2289 3718 2570 3789 Scriptura
2626 3725 2878 3783 testatur,
2926 3711 3222 3787 corporeus
3267 3702 3881 3807 quoquequinqueper—

2288 3814 2418 3868 titus
2449 3827 2641 3867 sensus
2670 3798 2910 3866 exterior
2930 3853 2944 3877 ,
2973 3800 3266 3883 rerumque
3292 3798 3628 3891 sensibilium
3654 3815 3880 3885 phanta-

2287 3906 2419 3981 siae,
2460 3919 2599 3974 quae
2648 3917 2744 3972 per
2793 3916 2916 3955 eum
2966 3900 3235 3975 humanae
3281 3888 3511 3960 animae!
3546 3904 3876 3987 ingeruntur,

2288 3978 2723 4049 ratiocinationis
2763 3990 2977 4061 quoque
3001 3980 3061 4045 in.
3088 3991 3426 4062 inquirendis
3462 3978 3644 4047 rerum
3675 3978 3881 4052 naturis

2286 4085 2562 4157 perplexio
2592 4060 2917 4153 morosaqne
2942 4060 3246 4153 dillicultas,
3275 4083 3329 4137 iu
3350 4083 3726 4141 discernendis
3752 4060 3880 4155 item

2287 4152 2578 4235 virtutibus
2614 4185 2669 4232 et
2699 4152 2841 4231 vitiis
2875 4176 3149 4231 laboriosa
3184 4175 3426 4243 solertia,
3456 4178 3797 4250 plurimaque
3827 4152 3883 4235 id

2290 4286 2476 4341 genus.
2503 4266 2596 4323 llis
2626 4267 2769 4322 enim
2806 4267 3056 4322 omnibus
3078 4264 3376 4337 angelicam
3398 4260 3693 4341 essentiam
3720 4271 3762 4302 “
3788 4285 3878 4326 ca-

2290 4377 2412 4418 rere
2434 4362 2795 4434 perspicuum,
2822 4369 2876 4413 et
2898 4368 3078 4414 tamen
3094 4367 3321 4413 naturae
3337 4374 3518 4415 rerum
3534 4360 3714 4418 inesse
3727 4377 3882 4419 nemo

2289 4444 2438 4509 recte
2469 4450 2791 4521 sapientium
2831 4449 3135 4520 abnegarit.
3161 4448 3419 4516 Quamvis
3442 4449 3689 4507 videatur
3707 4452 3887 4526 Augu-

2288 4545 2463 4598 stinus
2490 4542 2693 4596 sentire
2720 4538 2940 4610 angelos
2978 4538 3022 4570 ⁸³
3056 4538 3307 4617 docuisse
3336 4541 3390 4593 in
3414 4551 3606 4596 octavo
3633 4528 3678 4572 ι’*
3704 4542 3772 4598 de
3797 4543 3888 4599 Ci-

2289 4628 2593 4698 vitateDei,
2623 4634 2853 4704 septimo
2886 4630 2929 4663 ¹¹⁵
2955 4633 3215 4704 capitulo,
3244 4631 3334 4687 ubi
3367 4648 3682 4705 magnorum
3709 4634 3891 4710 philo-

2292 4728 2584 4804 sophorum
2617 4730 3088 4799 contemplationis
3135 4727 3393 4783 virtutem
3441 4729 3644 4795 laudat,
3672 4730 3766 4800 qui
3808 4731 3890 4783 vi-

2294 4829 2482 4883 derunt
2516 4839 2719 4879 onmem
2747 4822 2968 4888 speciem
2999 4822 3051 4876 in
3082 4839 3136 4876 re
3156 4837 3463 4894 quacunque
3484 4820 3748 4888 mutabili,
3781 4840 3889 4894 qua

2292 4914 2671 4990 est,'quicquid
2694 4913 2828 4969 illud
2855 4923 2930 4968 est
2964 4906 3415 4993 1“,‘quoquomado
3437 4922 3485 4966 et
3507 4912 3889 4993 qualiscunque

2291 5008 2485 5065 natura
2520 5017 2629 5075 est,
2668 5023 2772 5061 non
2802 5000 2911 5060 esse
2946 5020 3120 5076 posse,
3163 5002 3264 5059 nisi
3311 5002 3373 5056 ab
3415 5001 3507 5075 illo
3533 5004 3623 5075 qui
3656 4980 3769 5060 tere
3790 5016 3887 5071 εει,

2289 5086 2415 5183 quia
2446 5099 2945 5158 incommutabiliter
2973 5098 3014 5130 ³⁷
3044 5108 3139 5153 εει.
3166 5099 3241 5153 Ac
3262 5114 3356 5169 per
3400 5082 3496 5153 lio}:
3526 5100 3632 5173 siue
3665 5098 3888 5161 universi

2289 5178 2474 5250 mundi
2500 5190 2707 5264 Corpus,
2741 5184 2965 5261 ﬁguras,
2999 5178 3317 5261 qualitates,
3348 5180 3754 5262 ordinatumque
3782 5206 3885 5244 τηου

1854 5306 2110 5365 VARIAE
2147 5291 2552 5371 LECTIONES.
2588 5289 2603 5333 η’

644 5428 697 5471 ’⁸
730 5430 824 5515 CF:
853 5430 1039 5513 eﬂugit
1065 5426 1329 5511 conditum
1363 5425 1698 5508 intellectum.
1774 5424 1911 5481 ’Sic
1937 5425 2056 5493 CF;
2089 5444 2187 5497 pro
2230 5428 2415 5498 accipit
2453 5440 2560 5550 Xer
2592 5439 2750 5505 quam
2797 5419 2849 5474 Ai
2872 5420 3093 5500 patiens.
3170 5419 3193 5451 '
3234 5400 3326 5474 Sic
3354 5418 3473 5493 CF;
3514 5418 3555 5473 Α
3594 5428 3887 5500 erectaque.

663 5503 755 5550 Sir.
785 5499 901 5550 LF:
935 5501 979 5550 A
1006 5520 1060 5550 ιη
1083 5501 1289 5550 homine
1317 5515 1444 5550 esse.
1542 5498 1565 5528 ⁵
1604 5498 1693 5550 Sic
1717 5494 1908 5550 CFz‘A
1939 5509 2030 5550 est.
2110 5498 2129 5529 ⁶
2170 5498 2260 5550 Sic
2299 5498 2413 5550 CF:
2526 5496 2834 5547 domintum.
2910 5491 2929 5522 "
2973 5489 3075 5545 Sic‘
3103 5489 3219 5550 CF;
3274 5490 3317 5543 A
3359 5491 3633 5550 pertineat.
3707 5491 3730 5522 ⁸
3778 5505 3887 5550 ejus

601 5505 627 5539 ⁵
663 5503 755 5558 Sic
785 5499 902 5568 CF;
935 5494 1060 5556 Kin
1083 5500 1289 5554 homine
1317 5515 1444 5557 esse.
1542 5498 1565 5528 ⁵
1604 5497 1693 5568 Sic
1717 5494 1908 5568 CF;‘A
1939 5509 2030 5550 est.

600 5591 708 5632 om.
744 5574 809 5628 A.
886 5571 909 5604 '
943 5570 1033 5625 Sic
1067 5570 1183 5635 CF;
1228 5580 1303 5624 est
1347 5585 1454 5625 om.
1495 5568 1559 5621 A.

599 5646 842 5699 essentia.
919 5643 963 5675 ’³
995 5639 1087 5694 Sic
1110 5640 1223 5708 CF;
1256 5640 1300 5693 Α
1331 5638 1608 5708 angelicas.

2110 5498 2129 5529 ⁶
2170 5498 2260 5554 Sic
2299 5498 2413 5562 CF;

1650 5567 1692 5598 “
1731 5567 1774 5619 Α
1819 5568 2318 5636 superessentialem.

1710 5637 1752 5667 ”
1781 5636 1872 5690 Sic
1894 5636 2019 5700 CF;
2051 5638 2095 5689 Α
2119 5639 2170 5691 in
2200 5638 2331 5693 libro
2362 5647 2571 5693 octavo.

2526 5484 2834 5547 dominium.
2872 5484 2929 5522 ’⁷
2973 5489 3075 5545 Sic‘
3103 5489 3219 5555 CF;
3274 5490 3317 5543 A
3358 5484 3633 5558 pertineat.
3707 5491 3730 5522 ⁸
3778 5484 3891 5558 ejus

2397 5560 2438 5599 “
2476 5566 2566 5621 Sic
2601 5563 2721 5628 CF;
2783 5565 2825 5617 A
2872 5561 2928 5614 in
2968 5562 3135 5630 specie
3168 5561 3402 5631 propria.
3482 5560 3524 5590 "
3561 5560 3606 5613 A
3656 5576 3727 5613 an
3762 5560 3891 5615 alica

2398 5647 2571 5693 ctavo.
2652 5633 2698 5664 ⁸⁵
2731 5631 2822 5687 Sic
2859 5630 2942 5685 CF
2963 5648 2977 5696 ;
3010 5631 3247 5701 Ανεεκιο.
3323 5628 3368 5662 ¹⁹
3392 5628 3501 5687 Pro
3521 5629 3613 5701 qui
3656 5576 3895 5687 vidqerunt

598 5682 1114 5783 δῖἦῖεἵερεοίεηι...
1160 5682 1291 5763 illud
1325 5682 1511 5765 estJCF
1534 5708 1623 5787 qui
1648 5718 1883 5765 asserunt
1905 5682 2481 5778 quaquémoﬁé'cé’t'."
2498 5682 2613 5759 “HA
2640 5682 3211 5758 incommuuieabiliter.
