4212 6272
376 246 486 304 7πὸ
509 257 512 260 ’

1267 227 1354 284 DE
1392 225 1735 285 DIVISIONE
1771 213 2128 284 NATURAE.
2165 246 2238 260 —
2273 214 2476 292 LiBER
2515 213 2867 285 QUARTUS.

3557 216 3660 286 πι

372 371 508 424 tum,
533 365 580 414 et
605 354 864 412 elementa
885 347 1144 421 disposita
1165 363 1200 404 α
1223 346 1370 406 caelo
1397 359 1562 416 usque
1581 345 1652 400 ad
1673 353 1890 406 terram,
1911 349 1958 396 et
1987 343 2038 402 Α
2065 336 2140 392 tia
2177 347 2382 398 rerum,
2419 345 2557 404 quae
2585 331 2728 386 intra
2757 345 2817 384 se
2845 329 3210 398 continentur,
3233 330 3288 386 in
3314 338 3522 388 tantum
3549 347 3662 388 me-

369 463 712 524 quaecunque
735 459 960 514 corpora
991 441 1044 496 in
1071 441 1146 496 eis
1183 447 1326 500 sunt,
1361 437 1470 490 sive
1505 451 1710 489 onmem
1741 435 1758 464 ¹
1783 433 1962 494 vitam,

369 523 452 600 uel
493 557 626 614 quae
661 539 824 594 nutrit
853 545 904 590 et
932 533 1180 594 continet,
1229 527 1404 600 qualis
1453 535 1528 580 est
1569 527 1620 580 in
1667 523 1966 586 arboribus,

375 633 454 690 uel
477 613 612 704 quae
639 639 686 700 et
705 629 833 684 haec
860 625 1078 680 habetat
1102 621 1280 684 sentit,
1301 616 1474 689 qualis
1496 625 1570 670 est
1595 614 1648 668 in
1670 613 1966 682 pecoribus,
2001 673 2004 676 _

376 725 454 780 vel
489 703 624 794 quae
662 729 710 776 et
753 717 880 774 haec
910 713 1062 774 habet
1095 721 1144 766 et
1175 707 1446 778 intelligit,
1495 703 1666 774 qualis
1691 712 1764 770 est
1793 703 1846 770 in
1877 703 1970 755 lto-
2003 749 2008 752 .

377 789 624 874 minibus,
655 805 730 864 vel
758 820 894 876 quae
924 801 1202 864 nutritorio
1235 795 1468 852 subsidio
1501 811 1604 862 non
1635 791 1850 862 indiget,
1879 789 1969 844 scil
1999 851 2006 859 ⁸

377 913 580 958 tantum
621 897 878 962 continet,
919 893 1096 958 sentit,
1131 890 1406 958 intelligit,
1436 887 1606 958 qualis
1633 896 1706 940 est
1733 885 1788 938 in
1821 898 1974 952 ange-

376 993 464 1057 lis,
507 989 609 1044 nisi
650 987 713 1054 ab
757 983 848 1052 illa
886 999 996 1050 esse
1040 997 1144 1042 non
1187 969 1488 1052 p'ossepqui
1536 974 1840 1044 simpliciter
1873 981 1970 1026 est.

379 1083 456 1138 De
479 1095 642 1136 sensu
669 1086 852 1144 tamen
877 1071 1126 1128 interiori
1148 1069 1352 1124 dixisse
1375 1066 1717 1124 crediderim.
1741 1064 1975 1120 Proinde

381 1173 674 1230 caelestem
719 1165 1014 1222 essentiam
1065 1161 1422 1232 plurimarum
1467 1169 1692 1212 naturae
1743 1155 1976 1226 partium

385 1262 818 1328 motionnrnque,
848 1267 986 1326 quae
1011 1249 1331 1308 naturaliter
1361 1249 1630 1302 humanae
1663 1246 1846 1300 insunt
1877 1258 1975 1296 na-

390 1365 566 1416 turae,
595 1355 870 1418 expertem
890 1343 1012 1414 quis
1039 1341 1284 1412 ignorat?
1313 1339 1513 1416 Eorum
1539 1337 1701 1392 etiam
1733 1333 1980 1388 notitiam

393 1457 536 1516 quae
559 1439 634 1510 ei,
678 1435 898 1494 caelesti
924 1431 1042 1488 dico
1073 1430 1412 1500 substantiae
1444 1429 1500 1492 ’,
1543 1435 1638 1480 aut
1685 1424 1980 1480 secundum

394 1531 750 1588 substantiam
779 1542 884 1584 non
907 1525 1124 1588 insunt,
1153 1530 1248 1588 aut
1271 1519 1567 1580 secundum
1592 1517 1844 1596 accidens
1877 1529 1982 1596 non

393 1623 730 1692 contingunt,
755 1633 860 1674 non
893 1614 1096 1670 trahere
1123 1628 1250 1668 vera
1283 1618 1510 1678 testatur
1537 1591 1692 1664 ratio.
1721 1589 1985 1686 Quamvis

2070 427 2173 486 lior
2199 433 2284 482 est
2323 424 2408 480 his
2429 465 2448 488 ,
2485 437 2718 492 quorum
2749 423 2942 480 notitia
2967 433 3066 490 est,
3095 427 3152 480 in
3181 435 3444 498 quantum
3471 427 3664 486 melior

2072 527 2156 572 est
2185 523 2402 579 natura,
2429 514 2482 570 in
2511 528 2618 584 qua
2644 514 2936 568 constituta
2959 523 3060 570 est.
3084 513 3273 572 Omnis
3294 524 3476 590 autem
3497 517 3664 570 ratio-

2074 609 2268 678 nabilis
2297 617 2490 664 natura
2517 608 2664 664 omni
2693 608 3052 664 irrationabili
3081 619 3136 664 et
3159 589 3404 678 sensibili
3436 619 3662 666 naturae

2077 708 2224 770 recta
2253 698 2465 770 ratione
2493 699 2868 768 praeponitur,
2892 699 3147 770 quoniam
3179 699 3292 754 Deo
3317 701 3665 772 propinquior

2077 799 2182 864 est.
2214 790 2553 860 Quapropter
2591 800 2646 856 et
2677 806 2784 861 res,
2816 806 3045 862 quarum
3076 789 3096 822 ’
3129 790 3355 846 notitiae
3400 791 3668 848 humanae

2077 893 2304 952 naturae
2335 883 2540 948 insunt,
2577 882 2630 936 in
2663 882 2776 938 suis
2797 881 3108 938 notionibus
3129 881 3424 938 subsistere
3451 898 3558 938 non
3587 885 3670 938 itt-

2080 989 2318 1046 congrue
2349 973 2738 1045 intelliguntur.
2775 973 2877 1030 Ubi
2911 975 3054 1030 enim
3085 974 3274 1030 melius
3299 974 3666 1046 cognitionem

2082 1082 2236 1122 suam
2260 1066 2560 1134 patiuntur,
2593 1065 2664 1120 ibi
2703 1066 2883 1122 verius
2912 1067 3144 1136 existere
3165 1065 3494 1136 judicandae
3524 1077 3668 1124 sunt.

2082 1158 2254 1214 Porro
2303 1159 2346 1212 si
2396 1173 2482 1212 res
2525 1159 2672 1228 ipsae
2706 1160 2756 1212 in
2789 1159 3100 1212 notionibus
3149 1160 3261 1214 suis
3289 1159 3469 1214 verius
3507 1175 3669 1230 quam

2085 1251 2138 1304 in
2170 1250 2362 1320 seipsis
2388 1249 2714 1314 subsistunt,
2749 1251 2972 1304 notitiae
3007 1259 3189 1304 autem
3234 1266 3420 1308 earum
3463 1253 3674 1308 homini

2088 1340 2411 1394 naturaliter
2461 1340 2670 1406 insunt,
2716 1341 2768 1394 in
2817 1341 3034 1396 homine
3087 1343 3249 1412 igitur
3299 1343 3678 1398 universaliter

2090 1439 2306 1494 creatae
2333 1439 2480 1486 sunt.
2506 1431 2660 1504 Quod
2689 1432 2894 1504 reditus
2927 1435 3167 1494 omnium
3201 1435 3252 1490 itt
3275 1434 3550 1504 hominem
3579 1451 3676 1490 suo

2095 1532 2336 1596 tempore
2370 1521 2740 1578 indubitanter
2771 1525 3036 1596 probabit.
3059 1525 3182 1592 Qua
3207 1526 3350 1584 enim
3382 1526 3592 1582 ratione
3625 1525 3678 1596 in

2094 1629 2217 1668 eum
2249 1628 2532 1668 reversuro
2557 1623 2703 1680 sunt,
2734 1615 2776 1670 si
2811 1615 2862 1672 in
2889 1631 2953 1670 eo
2974 1599 3382 1672 connaturalem
3407 1617 3678 1686 quandam

394 1713 538 1768 enim
563 1707 736 1782 angeli
766 1705 1022 1784 mundum
1077 1703 1240 1758 istum
1274 1711 1598 1776 omnemque
1621 1697 1640 1726 ³
1664 1681 1984 1776 corpoream
2005 1683 2062 1764 ’Β
2091 1707 2464 1782 cqgnalionem
2497 1706 2540 1738 ιο
2569 1723 2676 1762 non
2707 1707 3061 1780 possiderem,
3104 1719 3156 1764 οι
3196 1709 3264 1764 ab
3309 1726 3374 1766 eo
3414 1681 3678 1780 ίμωιιὶηη-

395 1793 704 1862 ereaturam
743 1777 1128 1854 administrare
1175 1773 1594 1874 perhibeantur,
1637 1771 1990 1842 nulloinodo

397 1907 578 1952 tamen
623 1892 844 1964 putandi
890 1899 1018 1944 sunt
1046 1887 1114 1958 ad
1159 1888 1262 1942 hoc
1301 1883 1668 1958 peragendum
1715 1879 1991 1948 corporeis

397 1987 668 2050 sensibus,
693 1999 788 2050 seu
811 1965 1044 2036 motibus
1075 1978 1331 2032 localibus
1357 1976 1436 2032 vel
1470 1973 1874 2044 temporalibus,
1901 1979 1992 2024 aut

401 2077 704 2140 visibilibus
729 2071 1157 2146 apparitionibus
1185 2069 1449 2137 indigere.
1495 2066 1640 2120 llaec
1665 2075 1848 2120 autem
1878 2079 1994 2116 om-

403 2169 514 2234 uia,
555 2180 694 2236 quae
729 2164 888 2220 nobis
921 2161 1174 2216 accidunt
1215 2173 1312 2228 pro
1345 2165 1564 2212 nostrae
1597 2165 1822 2208 naturae
1851 2152 1992 2208 indi-

405 2260 617 2336 gentia,
663 2257 906 2318 locorum
955 2261 1363 2322 temporumque
1419 2246 1777 2302 varietatibus
1819 2247 1998 2300 adhuc

409 2347 702 2416 subjectae,
754 2363 859 2400 non
901 2343 1112 2398 illorum
1153 2339 1438 2410 potestatis
1478 2339 1692 2394 defectu
1729 2337 1808 2392 eis
1856 2337 1998 2390 acci-

411 2441 542 2496 dere
588 2448 730 2494 recte
773 2419 1082 2504 judicantur
1112 2433 1153 2485 δ.
1191 2432 1328 2484 Dum
1372 2430 1516 2484 enim
1566 2429 1866 2500 spiritualia
1903 2444 2000 2482 sua

412 2546 640 2602 corpora
667 2538 720 2583 et
742 2525 1030 2584 invisibilia
1055 2523 1108 2577 in
1133 2522 1334 2576 formas
1356 2520 1592 2576 visibiles
1617 2526 2000 2592 transmutaut,

413 2629 486 2682 ita
513 2636 570 2680 ut
597 2605 906 2680 mortalium
933 2618 1181 2674 sensibus
1206 2615 1522 2678 visibiliter,
1557 2613 1830 2680 let-aliter,
1867 2621 2000 2666 tctu-

414 2715 668 2794 poraliter
703 2713 1220 2786 possintapparcre,
1263 2721 1368 2762 non
1413 2705 1516 2760 hoc
1543 2706 1622 2760 eis
1661 2703 1854 2758 accidit
1883 2719 2005 2780 pro:

415 2822 533 2884 pter
555 2807 908 2876 semetipsos,
942 2801 1036 2858 sed
1065 2807 1288 2878 prepter
1325 2797 1592 2862 homines,
1625 2796 1818 2864 quibus
1855 2809 2006 2862 prae-

419 2883 574 2963 sunt,
599 2907 654 2954 et
682 2897 862 2952 divina
887 2892 1140 2966 mysteria
1164 2889 1457 2944 declarant.
1481 2885 1614 2940 Nam
1639 2883 1878 2938 localiter
1901 2899 2004 2936 non

421 2995 606 3048 vident
633 3005 729 3064 per
767 3002 1012 3050 sensum,
1059 2996 1234 3054 neque
1281 2977 1649 3050 temporaliter
1689 2976 1766 3030 eis
1812 2973 2006 3028 accidit

2098 1799 2258 1870 modo
2285 1813 2390 1854 non
2419 1801 2812 1870 procederent?
2857 1800 2932 1854 De
2978 1817 3083 1870 quo
3126 1802 3298 1868 reditu
3331 1817 3429 1856 suo
3458 1802 3574 1856 loco
3599 1806 3682 1858 di-

2097 1887 2330 1942 cendum
2361 1890 2728 1958 promisimus.
2760 1891 2904 1950 Disc.
2937 1891 3102 1954 llaec,
3127 1893 3378 1962 quamvis
3401 1893 3556 1948 valde
3577 1895 3682 1948 dif-

2099 1978 2260 2060 ﬁcilia
2278 1979 2581 2044 videantur,
2606 1982 2858 2050 quoniam
2883 1983 3144 2054 simplicis
3165 1983 3444 2038 doctrinae
3463 1984 3682 2040 modum

2098 2071 2398 2138 excedunt,
2455 2061 2808 2158 speculatricc
2862 2081 3040 2128 tamen
3067 2075 3404 2130 considerata
3455 2075 3686 2142 ratione,

2101 2163 2442 2232 amplitudini
2475 2163 2744 2218 humanae
2787 2164 3116 2218 conditionis
3163 2164 3538 2236 intelligentiae
3585 2165 3682 2220 ad-

2101 2254 2318 2308 modum
2367 2255 2730 2322 couveniunt,
2785 2255 3180 2326 utilissimeth
3239 2257 3568 2326 proﬁciunt,
3627 2263 3688 2310 ttt

2102 2362 2206 2416 non
2233 2347 2504 2416 immerito
2533 2347 2796 2412 dicau‘ms,
2823 2365 2928 2402 non
2957 2348 3228 2404 hominem
3263 2348 3314 2402 in
3335 2363 3536 2418 genere
3565 2347 3686 2410 ani-

2104 2438 2346 2508 malium,
2378 2439 2468 2492 sed
2493 2439 2661 2508 magis
2687 2454 2846 2492 omne
2867 2429 3034 2507 genus
3059 2438 3372 2508 animalium
3398 2439 3448 2492 in
3471 2439 3692 2492 homine

2105 2528 2170 2586 de
2203 2540 2371 2592 terra,
2403 2530 2504 2584 hoc
2539 2539 2642 2596 est,
2675 2529 2944 2584 soliditate
2989 2541 3214 2584 naturae
3265 2531 3607 2600 productum,
3636 2539 3692 2584 et

2106 2633 2212 2690 non
2243 2619 2416 2688 solum
2443 2635 2601 2686 mune
2629 2635 2798 2688 genus
2825 2619 3159 2682 animalium,
3185 2636 3372 2674 verum
3394 2619 3550 2674 etiam
3580 2619 3693 2672 uni-

2110 2713 2416 2765 versitatem
2441 2711 2708 2766 conditam
2739 2711 2791 2763 in
2819 2712 3033 2764 homine
3057 2709 3272 2774 fat-tant,
3301 2711 3372 2764 ita
3405 2717 3462 2764 ut
3489 2714 3694 2766 veraci-

2111 2815 2191 2864 ter
2221 2805 2286 2858 tle
2309 2804 2526 2860 homine
2556 2802 2884 2870 intelligatur
2907 2803 3050 2872 quod
3091 2801 3298 2856 Vctilas
3325 2803 3492 2872 dixit:
3531 2801 3694 2856 Prae-

2110 2897 2280 2950 (licate
2323 2894 2660 2964 Eranyelinn
2701 2894 2842 2947 omni
2869 2903 3170 2958 creaturae;
3201 2894 3328 2948 item
3355 2871 3643 2963 Apostolus
3675 2907 3691 2946 :

2114 2987 2297 3042 Omnis
2323 2999 2564 3042 m-eatura
2603 2987 2932 3056 congemiscit
2973 2997 3020 3040 ct
3053 2987 3276 3055 parturit
3311 3003 3468 3055 usque
3499 2985 3694 3040 adhuc.

424 3099 602 3146 nosse,
646 3080 776 3152 quid
824 3079 876 3132 itt
921 3091 1096 3132 rerum
1147 3071 1610 3128 administratione
1655 3067 1827 3122 acturi
1855 3075 2000 3130 sunt,
2034 3059 2076 3118 C
2111 3081 2206 3135 Cui
2235 3091 2414 3134 ειυιριη
2461 3080 2594 3134 haec
2623 3079 2706 3132 νρι
2743 3078 2966 3132 "imm",
2995 3079 3243 3134 abstrusa
3273 3078 3312 3110 ιι
3337 3118 3352 3142 ’
3381 3078 3460 3132 νει
3487 3079 3698 3146 penitus

427 3179 626 3248 quippe
653 3174 782 3227 dum
819 3179 944 3226 sunt
972 3169 992 3198 ⁵
1024 3164 1371 3220 aeternaliter
1395 3177 1556 3230 super
1591 3175 1750 3214 omne
1798 3171 2009 3236 tempus

424 3275 476 3321 et
505 3266 679 3318 locum
717 3263 770 3316 in
806 3255 1260 3328 contemplatione
1303 3252 1568 3316 veritatis,
1603 3251 1654 3304 in
1681 3265 1786 3318 qua
1825 3249 2011 3300 vident

425 3355 584 3412 Slttllll
615 3348 1102 3406 administrationis
1130 3361 1260 3402 sUae
1280 3359 1490 3398 causas.
1527 3343 1586 3395 lit
1623 3355 1688 3394 ne
1713 3355 1798 3394 me
1828 3339 2012 3392 t‘XlSli-

421 3467 536 3506 mes
583 3449 649 3502 de
694 3445 946 3500 onmibus
975 3440 1296 3496 caelestibus
1334 3435 1586 3491 essentiis
1619 3434 1743 3486 talia
1775 3447 2012 3500 pronun—

427 3544 581 3610 tiare,
629 3539 723 3594 sed
766 3539 832 3604 de
878 3531 1394 3590 execllentioribus“
1441 3527 1778 3582 solummodo
1810 3524 2013 3578 ordini-

425 3638 544 3702 btts,
582 3634 674 3706 qui
706 3615 924 3704 semper
962 3629 1106 3684 circa
1161 3629 1324 3680 l'etttlt
1357 3632 1500 3684 sunt,
1537 3631 1591 3674 et
1637 3619 1828 3688 quibus
1869 3615 2012 3670 nulla

433 3727 734 3798 ignorantia
783 3725 923 3778 inest
967 3730 1181 3792 praeter
1223 3719 1367 3771 illaut
1416 3715 1716 3784 divinarum
1767 3711 2018 3764 tenebra-

433 3837 574 3886 rum,
611 3824 1014 3888 quaesuperat
1039 3827 1254 3868 omnem
1295 3809 1644 3864 intellectum.
1675 3803 1820 3860 Ordo
1851 3802 2017 3872 siqui-

435 3915 556 3966 tlcm
605 3920 910 3978 extremus,
959 3906 1048 3978 qui
1097 3904 1310 3976 proprie
1358 3901 1553 3956 dicitur
1591 3897 1888 3965 angelicas,
1925 3909 2019 3964 per

437 4021 597 4074 quem
631 4001 936 4072 superiores
963 3997 1180 4052 ordines
1221 3994 1626 4054 administrant,
1667 3986 1922 4058 quicquid
1965 3986 2018 4038 in

435 4095 690 4154 humanis
721 4091 990 4150 mentibus
1018 4090 1036 4120 '
1065 4105 1160 4160 per
1179 4087 1391 4142 divinas
1423 4081 1804 4144 revelationes,
1837 4077 1916 4132 vel
1965 4077 2019 4130 in

437 4191 633 4248 ceteris
653 4187 838 4248 mundi
865 4184 1023 4254 hujus
1047 4183 1286 4254 partibus
1311 4179 1492 4246 divina
1513 4172 1846 4244 providentia
1871 4169 2024 4238 jubet

437 4283 642 4354 peragi,
675 4279 910 4334 nondum
935 4275 1080 4330 omni
1109 4271 1410 4342 ignorantia
1440 4266 1716 4322 absolutus
1748 4273 1850 4325 est,
1881 4262 2026 4316 idco-

440 4393 546 4448 que
575 4377 622 4442 ',
663 4383 720 4428 ut
753 4381 973 4428 sanctus
1011 4369 1296 4440 Dionysius
1331 4363 1654 4432 Areopagita
1694 4359 1746 4412 iit
1783 4358 1920 4412 libro
1961 4356 2027 4412 de

444 4467 668 4524 caelesti
697 4464 974 4520 Jcrarcltia
1018 4459 1368 4516 subtilissime
1395 4461 1710 4526 pertractat,
1742 4469 1771 4504 a
1793 4450 2026 4519 superio-

443 4559 587 4614 ribus
633 4557 902 4630 ordinibus
929 4555 1166 4616 docetur,
1193 4561 1242 4605 et
1275 4550 1328 4612 in
1359 4548 1605 4622 altiorum
1638 4561 1691 4598 se
1728 4544 2023 4598 divinorum

439 4649 808 4720 mysteriorum
835 4645 1075 4700 notitiam
1105 4640 1476 4714 introducitur.
1500 4637 1732 4692 Proinde
1755 4651 1861 4692 non
1889 4634 2028 4688 irra-

442 4743 776 4802 tionabiliter
799 4741 1056 4808 jubemur
1093 4735 1318 4790 credere
1363 4743 1428 4788 et.
1457 4733 1773 4804 intelligere,
1813 4742 2028 4784 onmem

444 4835 710 4890 visibilem
749 4841 802 4886 et
845 4827 1172 4886 invisibilem
1216 4834 1518 4880 creaturam
1559 4823 1612 4876 in
1655 4823 1768 4877 solo
1813 4819 2030 4878 homine

449 4941 568 4982 esse
597 4925 886 4988 conditam,
914 4937 1038 4978 cum
1065 4920 1210 4976 nulla
1243 4918 1546 4974 substantia
1569 4917 1638 4970 sit
1665 4923 1866 4974 creata,
1892 4929 2030 4980 quae

452 5016 507 5070 in
538 5029 604 5068 eo
631 5029 736 5068 non
770 5013 1106 5086 intelligatur
1139 5025 1292 5072 esse,
1325 5007 1468 5062 nulla
1497 5003 1726 5074 species,
1756 5019 1850 5058 seu
1875 5001 2030 5056 dil‘l‘e-

451 5104 652 5168 rentia,
676 5119 772 5160 seu
793 5103 1092 5176 proprium,
1115 5117 1207 5158 seu
1231 5100 1483 5155 accidens
1501 5094 1746 5150 naturale
1766 5095 1818 5148 itt
1841 5103 2034 5148 natura

453 5213 638 5254 rerum
669 5197 990 5266 reperiatur,
1027 5211 1166 5268 quae
1195 5195 1276 5252 vel
1317 5192 1366 5248 ei
1409 5187 1728 5244 naturaliter
1755 5203 1859 5240 non
1883 5185 2032 5247 insit,

453 5293 538 5352 vel
563 5289 718 5362 cujus
742 5291 930 5354 notitia
965 5291 1020 5348 in
1041 5303 1108 5346 eo
1133 5303 1256 5344 esse
1280 5301 1388 5342 non
1417 5281 1618 5352 possit;
1647 5279 1870 5351 ipsaque
1901 5277 2041 5344 noti-

2113 3173 2443 3226 im.-re:lihilia
2475 3171 2742 3233 videntur,
2769 3171 2812 3224 si
2839 3171 3077 3224 omnium
3105 3170 3428 3224 naturalium
3457 3169 3698 3239 discipli-

2113 3280 2322 3327 narum,
2369 3279 2503 3332 quas
2533 3262 2784 3316 liberales
2813 3262 3102 3330 appellant,
3135 3263 3414 3334 imperitus
3445 3270 3526 3316 est
3547 3303 3562 3326 ,
3607 3270 3698 3320 aut

2113 3353 2288 3418 sileat,
2321 3362 2413 3408 aut
2443 3354 2634 3417 discat,
2665 3369 2732 3406 ne
2761 3353 2802 3384 ι’
2835 3353 3084 3406 incautus
3127 3361 3390 3422 repugnet
3424 3351 3527 3416 his,
3561 3364 3702 3420 quae

2114 3447 2414 3516 intelligere
2467 3461 2570 3502 non
2625 3447 2802 3510 valet;
2859 3445 2904 3500 si
2959 3445 3194 3508 doctus,
3247 3445 3402 3514 plane
3465 3444 3702 3510 videbit,

2117 3551 2173 3598 ut
2227 3543 2292 3596 de
2345 3557 2448 3596 una
2495 3556 2683 3595 earum
2721 3539 3026 3608 exemplum
3077 3538 3445 3607 proferamus,
3501 3535 3706 3606 ﬁguras

2115 3635 2470 3706 geometricas
2497 3649 2600 3688 non
2629 3633 2678 3686 in
2703 3633 2896 3702 seipsis
2919 3629 3238 3685 naturaliter
3261 3629 3576 3692 subsistere,
3609 3627 3704 3682 sed

2117 3731 2170 3782 in
2205 3727 2500 3782 rationibus
2533 3725 2702 3793 ipsius
2750 3723 3094 3792 disciplinae,
3125 3722 3279 3791 cujus
3315 3721 3518 3792 ﬁgurae
3557 3727 3706 3774 sunt.

2120 3817 2385 3884 Trigonus
2423 3815 2688 3884 siquidem
2715 3851 2730 3878 ,
2783 3813 2876 3880 qui
2921 3827 3181 3880 corporeo
3223 3827 3384 3866 sensu
3432 3810 3484 3864 in
3531 3809 3710 3880 aliqua

2121 3907 2348 3975 materia
2371 3905 2724 3978 conspicitur,
2753 3901 2994 3972 profecto
3023 3901 3188 3962 illius,
3213 3899 3306 3968 qui
3334 3899 3514 3952 animo
3546 3899 3706 3964 inest,

2123 3997 2384 4067 quaedam
2431 3993 2700 4048 sensibilis
2735 3992 3049 4060 imaginatio
3080 4001 3181 4052 est,
3221 3990 3500 4058 ipsumque
3547 3989 3712 4056 trigo~

2125 4101 2274 4149 num,
2307 4086 2396 4154 qtti
2429 4085 2482 4138 in
2509 4083 2689 4138 animo
2727 4079 3100 4150 disciplinabili
3133 4079 3396 4142 subsistit,
3427 4077 3710 4148 intelliget,

2127 4185 2382 4246 rectoque
2415 4173 2658 4244 judicio,
2707 4171 2834 4242 quid
2884 4170 3244 4239 praestantius
3279 4169 3386 4232 sit,
3443 4167 3714 4236 pOItdCI‘tP

2129 4275 2228 4338 bit,
2271 4286 2399 4326 num
2448 4270 2618 4340 ﬁgura
2649 4265 2926 4335 trianguli,
2973 4281 3039 4318 an
3069 4264 3182 4332 ipse
3207 4260 3523 4330 triangulus,
3553 4259 3708 4330 cujus

2134 4369 2304 4438 ﬁgura
2337 4373 2436 4430 est.
2467 4363 2533 4418 Et
2561 4359 2813 4426 inveniet,
2860 4357 2912 4412 ni
2944 4355 3118 4416 fallor,
3151 4353 3294 4408 illam
3331 4351 3547 4422 quidem
3579 4351 3714 4421 ﬁgu-

2057 4418 2105 4478 D
2137 4476 2248 4514 t‘attt
2277 4471 2400 4510 vere
2429 4453 2652 4522 ﬁguram
2683 4462 2822 4512 esse,
2851 4447 2944 4502 sed
2981 4446 3024 4482 ⁸³
3053 4445 3250 4500 falsum
3287 4441 3628 4514 triangulum,
3654 4441 3717 4498 il-

2135 4550 2243 4604 lum
2272 4561 2399 4600 vero
2431 4540 2774 4611 triangulum,
2808 4537 2896 4606 qtti
2935 4537 2988 4592 itt
3033 4545 3150 4590 arte
3186 4535 3450 4598 subsistit,
3475 4533 3622 4612 illius
3648 4531 3713 4588 [i-

2137 4655 2302 4711 gttrae
2350 4651 2564 4692 causam
2594 4649 2734 4696 esse,
2775 4647 3068 4700 verumque
3115 4631 3460 4700 triangulum.
3499 4629 3566 4684 Et
3609 4644 3720 4686 non

2139 4735 2260 4788 dico
2281 4728 2678 4800 phantasticum
2707 4724 3053 4794 triangulum,
3077 4721 3170 4790 qui
3199 4735 3268 4776 ex
3292 4721 3474 4776 animo
3497 4721 3718 4776 descen-

2139 4823 2214 4878 dit
2241 4837 2336 4890 per
2361 4817 2676 4874 memoriam
2709 4815 2762 4868 in
2790 4829 3000 4878 sensus,
3031 4821 3086 4866 et
3119 4811 3161 4842 η
3191 4827 3286 4881 per
3305 4826 3496 4866 sensus
3523 4811 3576 4866 in
3599 4827 3720 4868 sen-

2139 4913 2320 4970 sibiles
2351 4909 2582 4976 ﬁguras,
2637 4919 2812 4973 neque
2843 4903 3030 4966 illum,
3073 4901 3162 4970 qui
3211 4901 3405 4954 iterum
3443 4913 3508 4952 ex
3549 4898 3722 4968 ﬁgura

2141 5003 2382 5060 sensibili
2415 5013 2512 5068 per
2540 5010 2860 5072 corporeum
2891 5008 3106 5046 sensum
3137 4991 3432 5048 memoriae
3463 4988 3720 5057 inﬁgitur,

2144 5095 2236 5150 sed
2268 5092 2416 5146 illum
2458 5089 2664 5158 ipsum,
2705 5085 2796 5154 qui
2833 5084 2900 5150 in
2921 5083 3034 5150 ipsa
3070 5077 3349 5146 disciplina
3383 5077 3725 5134 uniforntiter

2137 5189 2444 5256 permanet,
2477 5179 2566 5234 ubi
2597 5175 2758 5232 simul
2787 5183 2870 5228 est
2895 5173 3038 5228 linea
3077 5177 3130 5222 et
3165 5165 3410 5237 angulus,
3455 5179 3554 5220 nec
3597 5165 3724 5230 alibi

2147 5251 2310 5336 linea,
2349 5269 2474 5323 alibi
2501 5265 2748 5337 angulus,
2781 5260 2908 5316 alibi
2949 5257 3203 5324 medium,
3233 5251 3360 5308 alibi
3399 5258 3723 5316 extremum,

1727 5433 1812 5488 VA
1823 5430 1981 5486 ΜΔΕ
2019 5421 2418 5484 LECTIONES.

435 5571 438 5576 ’
531 5587 556 5620 ¹ι
581 5585 672 5640 Sic
755 5581 793 5638 F
813 5599 828 5640 :
869 5580 914 5634 A
945 5577 1178 5634 omnium
1255 5578 1274 5607 ³
1308 5573 1397 5630 Sic
1425 5570 1507 5627 CF
1533 5587 1548 5632 ;
1582 5567 1786 5640 caelesti
1811 5567 1926 5640 dico
1947 5560 2398 5640 substantiaeoin.

813 5625 828 5648 ’
857 5625 1360 5704 ﬂ"(Sitit-ltitivaint.‘I
1380 5625 1420 5674 7°
1439 5625 1548 5698 'Sic'
1569 5639 1650 5694 CF
1671 5656 1684 5700 ;
1711 5642 1750 5690 .\
1784 5632 2171 5690 excelsioribus.

813 5737 838 5767 α
863 5719 980 5767 CF:
1009 5717 1052 5767 Δ
1075 5718 1436 5767 coanitionem.
1510 5713 1548 5746 ¹¹
1578 5711 1758 5767 SicA;
1788 5705 1869 5762 CF
1901 5705 2158 5758 abstrusa.

1621 5719 1668 5764 ic
1685 5719 1758 5774 .-\;
1788 5719 1869 5762 ων
1901 5719 2158 5758 abstrusa.

459 5656 756 5712 videantur.
857 5652 878 5684 ⁸
905 5649 990 5704 CF
1020 5651 1148 5702 dttm
1184 5648 1306 5699 sint.

464 5742 598 5780 runt.
679 5724 719 5757 ¹⁰
747 5722 838 5778 Sic
863 5719 980 5784 CF;
1009 5717 1052 5771 Δ
1075 5718 1436 5787 cognitionem.

2570 5549 2590 5581 ³
2620 5547 2708 5610 Sic
2729 5543 2841 5608 CF;
2899 5543 2944 5596 Α
2987 5547 3282 5610 omuetttet.
3359 5533 3378 5567 ‘
3411 5535 3502 5610 Sit;
3520 5535 3636 5610 CF;
3684 5535 3730 5588 Δ

2270 5604 2556 5682 7Eiet—ll“;
2591 5622 2632 5673 Α
2663 5604 2927 5682 motibus._
2983 5611 3003 5641 ⁸
3035 5609 3125 5682 ut:
3151 5607 3298 5682 Ideo,
3329 5615 3428 5682 ttt_._
3484 5604 3503 5634 θ
3531 5604 3576 5658 Α
3599 5617 3730 5682 quo:

2228 5699 2268 5729 ¹¹
2302 5672 2602 5756 si'c'c'r';'a
2634 5703 2755 5740 non.
2827 5675 2877 5718 ἰθ
2908 5679 2997 5735 Sic
3043 5677 3160 5746 CF;
3194 5679 3326 5740 Aet.
3395 5675 3436 5708 ιδ
3465 5683 3510 5728 et
3537 5687 3644 5732 om.
3685 5672 3731 5728 Δ
