4212 6272
558 265 668 324 ⁸175

1933 245 2220 308 JOANNIS
2257 245 2456 306 SCOTI

3741 245 3856 314 ,776

560 370 687 431 alibi
711 368 943 441 signum,
975 365 1098 421 alibi
1147 363 1315 434 spatia
1350 363 1368 394 ί
1398 361 1627 418 laterum
1653 377 1683 417 a
1704 362 1883 433 signo,
1907 360 2032 416 alibi
2060 376 2156 414 an-
2183 365 2232 425 Α
2260 355 2496 413 bominis
2523 355 2735 410 factura
2763 357 2817 422 ³,
2852 369 2991 427 quae
3015 354 3133 412 sine
3158 354 3322 414 dubio
3351 355 3406 412 in
3431 355 3610 412 anima
3653 367 3712 414 et
3734 375 3858 418 cor-

560 463 830 536 gulorum,
870 457 995 514 alibi
1035 467 1314 526 punctum,
1346 471 1455 526 quo
1480 456 1654 510 lineae
1685 455 1971 524 incipiunt,
2007 462 2062 507 et
2099 453 2153 507 in

561 571 672 628 quo
705 569 804 626 per
825 551 1110 620 iuncturas
1140 547 1367 602 laterum
1405 547 1585 615 anguli
1614 545 2033 611 concluduntur,
2062 544 2154 599 sed

562 649 620 704 in
647 662 750 701 una
778 643 1076 710 eademque
1102 641 1319 696 notione
1344 640 1660 710 geometrici
1687 639 1848 693 animi
1878 637 2156 708 praedicta

563 737 748 793 omnia
771 749 938 788 unum
968 739 1113 792 sunt.
1145 739 1200 784 et
1226 738 1396 785 totum
1425 731 1475 782 in
1505 729 1752 799 singulis,
1777 738 1834 784 et
1859 726 2068 798 singula
2102 727 2156 782 in

563 838 680 884 toto
705 825 1095 896 intelliguntur,
1131 830 1186 877 et
1235 823 1287 876 in
1329 822 1445 890 ipso
1476 821 1747 876 intellectu
1777 820 1929 874 unita
1959 823 1980 852 '
2009 827 2154 885 sunt,

563 921 693 993 quia
723 921 836 990 ipse
853 917 1118 981 omnium,
1145 927 1285 984 quae
1317 913 1588 983 intelligit,
1618 912 1992 968 substantialis
2020 913 2158 967 ratio

563 1021 668 1076 est,
704 1025 770 1065 ex
802 1023 906 1079 qua
935 1005 1390 1078 geometricorum
1421 1019 1712 1075 eorpormn
1742 1004 2006 1060 formulae
2039 1017 2159 1074 spe-

565 1107 870 1161 eifieantur.
907 1103 973 1158 Et
1003 1101 1145 1172 quod
1184 1101 1249 1154 de
1278 1100 1548 1171 triangqu
1582 1101 1840 1165 diximus,
1867 1101 1935 1156 de
1962 1103 2160 1156 ceteris

565 1213 783 1269 quoque
816 1195 1002 1267 figuris
1023 1193 1320 1265 angulosis,
1350 1208 1442 1247 seu
1471 1191 1850 1256 circnlaribus,
1882 1193 1997 1247 sive
2018 1193 2160 1247 obli-

567 1291 723 1360 quis,
777 1288 829 1342 in
875 1285 1051 1357 planis
1097 1299 1311 1354 quoque
1364 1299 1428 1338 ac
1476 1283 1662 1338 solidis
1711 1282 2156 1369 intelligendum;

567 1381 766 1451 quippe
811 1385 1003 1433 cuncta
1049 1374 1068 1406 ³
1118 1375 1252 1430 haec
1310 1388 1414 1426 una
1485 1374 1783 1442 eademque
1842 1372 2050 1444 ratione
2106 1373 2159 1428 in

567 1479 749 1525 mente
767 1467 941 1539 perita
963 1463 1457 1536 disciplinabilique
1471 1462 1557 1518 ‘in
1573 1463 1883 1520 nationibus
1903 1465 2016 1519 suis
2037 1464 2163 1519 sub-

567 1563 786 1618 sistunt.
815 1559 872 1615 Si
900 1573 1028 1631 ergo
1061 1557 1388 1629 geometrica
1419 1572 1679 1627 corpora,
1709 1557 1824 1614 sive
1850 1557 1902 1613 in
1934 1558 2164 1627 phanta-

566 1652 666 1709 siis
696 1649 1011 1713 memoriae,
1048 1649 1162 1704 sive
1196 1647 1248 1700 in
1291 1647 1470 1718 aliqua
1505 1647 1728 1703 materia
1777 1647 2016 1702 sensibili
2049 1648 2161 1702 for-

2255 467 2390 521 pore
2436 451 2705 521 spirituali
2751 451 2806 507 in
2843 452 3017 522 prima
3055 449 3369 507 conditione
3407 451 3702 507 constituta
3747 463 3855 520 est,

2256 559 2444 615 quam,
2469 543 2677 599 scilicet
2706 544 2962 607 animam,
2992 542 3120 598 ﬂatu
3148 543 3354 608 divino,
3384 543 3492 600 imo
3513 543 3700 599 ﬂatum
3721 545 3858 602 divi-

2257 650 2386 689 num
2407 675 2423 701 ,
2453 634 2520 690 de
2549 634 2718 689 nihilo
2742 635 3045 699 conditam,
3076 647 3182 689 non
3213 642 3396 688 autem
3427 634 3494 690 de
3523 634 3705 705 aliquo
3739 651 3860 692 ere-

2257 725 2453 782 dimus.
2493 726 2630 782 ch.
2662 725 2814 780 Hanc
2842 727 3216 798 quaestionem
3253 726 3420 781 multa
3447 725 3681 798 caligine
3705 728 3863 785 invo-

2258 816 2426 871 lutam
2467 818 2642 871 sentio
2666 855 2682 882 ,
2726 815 3189 886 multiplicemque
3226 816 3577 871 reserationis
3612 832 3742 872 suae
3773 819 3856 874 fa-

2260 910 2513 966 cultatem
2530 925 2818 980 quaerere.
2837 909 2942 966 Sed
2960 925 3028 965 nc
3043 911 3257 980 penitus
3281 911 3478 966 intacta
3499 913 3855 984 transiliatur,

2261 1001 2430 1072 ipsam
2478 1001 2908 1071 quodammodo,
2947 1011 3109 1073 prout
3157 1003 3384 1057 interior
3421 1003 3590 1058 divini
3640 1004 3858 1064 luminis

2262 1095 2446 1149 radius
2472 1094 2736 1155 arriserit,
2769 1094 3121 1165 contemplari
3148 1095 3490 1151 conabimur.
3517 1097 3596 1152 Ac
3621 1099 3853 1168 primum

2263 1188 2435 1252 dicas,
2466 1202 2689 1258 quaeso,
2716 1196 2898 1242 utrum
2927 1203 3014 1241 res
3041 1187 3405 1260 iutelligibiles
3447 1204 3542 1244 seu
3578 1193 3858 1249 sensibiles

2261 1280 2472 1350 priores
2500 1288 2626 1332 sunt
2656 1277 2860 1341 animo,
2891 1279 2980 1347 qui
3008 1292 3105 1332 eas
3134 1278 3408 1349 intelligit,
3433 1279 3516 1334 vel
3545 1295 3726 1346 sensu,
3751 1299 3860 1354 quo

2263 1372 2594 1427 sentiuntur.
2627 1371 2772 1426 DISC.
2804 1369 2906 1426 Ubi
2936 1369 3078 1426 aliud
3125 1379 3239 1436 est,
3281 1373 3424 1451 quod
3453 1373 3731 1446 intelligit,
3759 1386 3812 1432 et
3835 1380 3858 1413 '

2264 1461 2434 1528 aliud,
2457 1461 2601 1533 quod
2630 1460 2968 1531 intelligitur.
2994 1469 3049 1516 et
3070 1461 3311 1517 melioris
3337 1472 3564 1520 naturae
3585 1477 3691 1532 est,
3717 1469 3857 1538 quod

2266 1552 2552 1624 intelligit,
2579 1567 2740 1624 quam
2768 1552 2910 1622 quod
2939 1551 3256 1624 intelligitur
3277 1595 3292 1619 ,
3334 1553 3649 1628 intelligenti
3681 1561 3859 1617 animo

2266 1661 2360 1701 seu
2399 1660 2559 1701 sensu
2600 1644 2852 1700 sentienti
2897 1659 3011 1699 rem
3057 1644 3384 1700 intellectam
3425 1663 3521 1703 seu
3563 1665 3773 1708 sensam
3813 1654 3858 1688 “

564 1750 785 1798 mentur
807 1741 859 1796 in
889 1739 1200 1795 notionibus
1225 1740 1337 1795 suis
1360 1739 1792 1806 rationabilibns,
1821 1741 1966 1796 omni
1991 1741 2161 1812 phan-
2190 1727 2238 1788 Β
2263 1737 2540 1810 praecedi.
2583 1752 2689 1792 ιιοη
2729 1735 3025 1807 ἱηεοηετιιθ
3061 1737 3313 1793 (ῘῘΧθτίῐη-
3346 1737 3454 1796 Res
3493 1751 3672 1798 amem
3696 1746 3854 1816 ipsas.

564 1834 703 1890 tasia
738 1842 903 1904 atque
939 1831 1168 1887 materia
1201 1832 1546 1897 carentibus,
1581 1847 1743 1903 super
1781 1848 1977 1899 omne,
2017 1835 2160 1906 quod

565 1939 729 1981 sensu
758 1938 1022 1994 corporeo
1046 1922 1366 1994 percipitur,
1389 1921 1474 1976 vel
1505 1922 1557 1976 in
1585 1924 1848 1978 memoria
1877 1923 2158 1996 figuratur,

567 2015 910 2071 subsistunt:
946 2013 1074 2083 quid
1103 2014 1324 2076 mirum,
1355 2025 1584 2082 corpora
1619 2027 1834 2082 quoque
1865 2015 2158 2080 naturalia,

565 2120 636 2161 ex
661 2104 1013 2175 qualitatibus
1041 2103 1432 2158 elementorum
1460 2102 1646 2156 mundi
1668 2103 1991 2174 composita,
2021 2104 2072 2158 in
2095 2120 2158 2159 ea

562 2206 784 2260 natura,
811 2195 862 2249 in
886 2208 989 2263 qua
1013 2208 1201 2248 eorum
1231 2191 1423 2246 notitia
1444 2199 1548 2256 est,
1570 2191 1888 2257 subsistere,
1913 2207 2160 2262 praeser-

565 2287 666 2345 tim
701 2303 822 2342 cum
851 2285 1064 2352 omnia,
1111 2299 1249 2353 quae
1281 2284 1427 2338 circa
1463 2298 1691 2354 corpora
1721 2283 2047 2350 sentiuntur,
2082 2284 2164 2338 in-

568 2393 833 2448 corporea
866 2377 1018 2431 sint?
1058 2375 1192 2430 Nam
1230 2383 1286 2430 et
1313 2374 1543 2445 species,
1570 2375 1768 2444 quibus
1789 2376 2157 2443 continentur,

566 2467 945 2539 incorporalcs
965 2475 1120 2532 sunt;
1147 2465 1479 2536 quantitates
1509 2465 1759 2520 similiter
1786 2475 1840 2520 et
1868 2467 2161 2536 qualitates

563 2559 922 2631 intelligibilis
948 2567 1172 2612 naturae
1191 2571 1313 2610 esse
1341 2555 1471 2610 nulli
1504 2557 1734 2628 sapienti
1767 2556 1988 2612 dubium
2013 2559 2163 2614 vide-

563 2659 677 2715 tur,
709 2659 762 2703 et
788 2651 857 2704 ab
891 2646 1342 2703 intellectualibus
1367 2645 1548 2701 vitalis
1576 2645 1910 2702 substantiae
1934 2648 2159 2703 rationi-

559 2741 667 2796 bus
703 2741 1016 2812 procedere.

636 2834 689 2888 9.
733 2833 875 2888 MAG.
915 2831 1174 2903 Quisquis
1209 2842 1430 2887 naturas
1457 2847 1640 2888 rerum
1672 2833 1912 2890 intentus
1939 2849 2162 2906 perspe-

559 2923 737 2988 xerit,
789 2924 926 2979 haec
985 2925 1059 2977 ita
1116 2941 1174 2979 se
1223 2924 1427 2980 habere
1474 2925 1855 2981 incunctanter
1900 2927 2158 2982 inveniet.

559 3011 708 3068 Dtsc.
753 3011 848 3068 His
894 3014 1076 3083 itaque
1129 3014 1390 3070 discussis
1427 3031 1533 3070 non
1595 3016 1891 3087 incongrue
1946 3017 2163 3086 quaeri-

558 3112 671 3167 tur,
694 3103 963 3171 quomodo
995 3105 1173 3159 omnis
1197 3114 1449 3160 creatura
1478 3105 1528 3159 in
1554 3106 1773 3161 homine
1802 3115 1887 3161 est
1913 3107 2154 3172 condita,
2185 3087 2234 3154 (ἶ

558 3211 682 3252 cum
715 3196 828 3265 ipse
858 3206 980 3265 post
1011 3197 1342 3251 creationem
1364 3197 1606 3252 omnium
1637 3196 1812 3251 factus
1845 3197 2010 3252 fuisse
2040 3213 2162 3267 pcr-

557 3286 835 3342 hibeatur.
875 3287 931 3339 Si
962 3301 1091 3356 ergo
1129 3296 1254 3341 ante
1298 3288 1473 3357 ipsum
1505 3288 1754 3343 universa
1789 3297 2038 3342 creatura
2084 3291 2162 3342 vi-

555 3374 735 3430 sibilis
787 3385 841 3429 et
887 3375 1172 3429 invisibilis
1229 3387 1413 3430 creata
1460 3387 1536 3431 ρει
1567 3417 1582 3440 ,
1640 3388 1698 3432 ιιι
1748 3379 1929 3432 divina
1997 3381 2164 3435 tradit

555 3464 811 3530 historia,
855 3465 1161 3536 nulliusque
1191 3467 1429 3520 conditio
1455 3479 1575 3535 post
1603 3468 1776 3538 ipsum
1808 3469 2024 3540 legitur,
2053 3487 2158 3541 qua

560 3555 775 3610 ratione
812 3570 1098 3626 possumus
1141 3559 1484 3627 perspicere,
1520 3577 1737 3616 omnem
1768 3574 2072 3619 creaturam
2105 3568 2157 3623 in

557 3645 782 3702 homine
817 3646 1090 3702 conditam
1122 3648 1326 3703 fuisse?
1366 3650 1500 3705 Nam
1536 3652 1581 3707 si
1622 3655 1745 3723 quis
1785 3655 2001 3722 dixerit,
2041 3662 2164 3714 uni-

553 3751 770 3791 versam
801 3745 1106 3793 creaturam
1139 3739 1221 3795 bis
1250 3741 1547 3810 eonditam,
1579 3745 1755 3814 primo
1786 3748 2002 3817 quidem
2035 3767 2157 3820 spe-

555 3826 771 3882 cialiter
798 3829 850 3882 in
883 3828 1084 3898 seipsa,
1121 3832 1360 3888 secundo
1392 3848 1520 3888 vero
1547 3837 1874 3906 generaliter
1902 3840 1956 3895 in
1986 3843 2160 3897 homi-

557 3933 650 3983 ne,
688 3935 790 3974 non
820 3919 978 3976 facile
1001 3923 1326 3978 crediderim
1364 3927 1560 3981 rationi
1593 3931 1906 3995 convenire,
1934 3934 2085 4002 quia,
2113 3935 2158 3991 si

554 4011 634 4068 ita
659 4023 762 4078 est,
794 4015 1065 4085 propriam
1091 4018 1450 4073 substantiam
1483 4021 1646 4076 homo
1667 4039 1772 4077 non
1799 4025 2036 4091 habebit,
2063 4029 2157 4082 sed

553 4103 664 4159 erit
712 4105 876 4160 veluti
923 4107 1191 4175 quaedam
1236 4111 1556 4180 compositio
1607 4112 1895 4170 multarum
1951 4132 2156 4184 rerum,

553 4192 669 4250 imo
697 4195 861 4250 etiam
896 4196 1063 4252 totius
1091 4208 1378 4254 creaturae
1406 4202 1556 4271 prius
1583 4202 1778 4270 factae,
1811 4215 1864 4261 et
1889 4222 1992 4262 una
2026 4209 2160 4264 mul-

552 4283 720 4354 tiplex
749 4286 978 4341 diversis
1019 4286 1211 4344 formis
1239 4296 1606 4362 exaggeratio.
1645 4293 1714 4347 Et
1753 4297 1893 4364 quod
1928 4308 2012 4353 est
2035 4315 2160 4370 gra-

550 4378 695 4443 vius,
719 4379 762 4433 si
785 4381 964 4435 omnis
987 4392 1262 4448 creatura,
1287 4385 1402 4440 sive
1425 4385 1675 4452 visibilis,
1703 4389 1818 4445 sive
1845 4391 2154 4461 invisibilis,

551 4469 608 4524 in
641 4469 816 4538 seipsa
852 4470 1247 4539 perfectissime
1275 4474 1414 4530 facta
1442 4487 1554 4544 est;
1583 4479 1856 4548 perfectus
1887 4482 2151 4552 siquidem

553 4559 804 4611 conditor
830 4561 958 4612 dum
989 4563 1060 4616 sit
1095 4575 1150 4618 et
1179 4567 1460 4636 plusquam
1493 4571 1782 4640 perfectus,
1816 4575 2020 4630 nullum
2053 4579 2154 4634 im-

553 4634 854 4713 perfectum
898 4648 1154 4704 credibile
1179 4634 1279 4706 est
1307 4634 1611 4714 condidisse
1639 4675 1654 4714 :
1684 4634 1954 4733 quomodo
1987 4668 2150 4723 veluti

553 4734 848 4788 secundam
887 4738 1216 4793 conditionis
1247 4755 1376 4796 suae
1400 4746 1420 4775 "
1443 4747 1826 4815 perfectionem
1855 4754 1906 4808 in
1932 4755 2151 4813 homine

553 4827 828 4894 acceperit
857 4828 878 4859 ⁸
903 4869 917 4893 ,
956 4830 1048 4898 qui
1080 4840 1356 4888 extremus
1402 4839 1454 4890 in
1509 4841 1705 4897 divinis
1744 4849 2148 4914 operationibus

551 4921 804 4971 creatur?
833 4919 927 4985 Et,
956 4921 1000 4973 si
1033 4922 1105 4974 ita
1135 4931 1248 4988 est,
1279 4941 1385 4980 non
1417 4930 1482 4983 de
1515 4931 1682 4986 nihilo
1722 4935 1849 4990 fecit
1879 4937 2019 4994 Deus
2051 4943 2148 4996 ho-

551 5008 753 5062 minem
785 5011 850 5062 ad
898 5010 1185 5082 imaginem
1235 5031 1420 5084 suam,
1462 5021 1554 5076 sed
1593 5023 1659 5080 de
1701 5027 1818 5094 his,
1853 5043 1992 5098 quae
2019 5041 2147 5088 ante

551 5099 729 5171 ipsum
770 5099 913 5157 facta
956 5113 1100 5159 sunt.
1144 5105 1299 5173 Quod
1335 5109 1380 5164 si
1422 5112 1545 5182 quis
1583 5115 1800 5185 dixerit,
1848 5121 2143 5178 humanum

549 5206 748 5260 corpus
775 5208 880 5248 non
911 5193 978 5249 de
1000 5195 1186 5262 nihilo,
1216 5199 1309 5254 sed
1335 5202 1400 5256 de
1423 5202 1603 5273 aliquo
1630 5215 1861 5275 terreno,
1894 5212 2146 5270 videlicet

551 5280 680 5336 limo
700 5283 746 5348 ",
769 5285 1044 5340 conditum
1070 5285 1256 5356 fuisse,
1280 5292 1410 5361 quid
1433 5294 1675 5355 dicturus
1718 5302 1823 5358 erit
1843 5304 1909 5358 de
1931 5305 2143 5361 meliori

2263 1846 2404 1903 quae
2441 1846 2501 1886 se
2537 1829 2865 1902 intelligunt,
2912 1829 2964 1884 in
3009 1839 3271 1900 quantum
3311 1845 3371 1886 se
3408 1832 3707 1906 intelligere
3739 1853 3856 1910 pos-

2262 1931 2391 1980 sunt
2415 1923 2481 1988 η,
2507 1937 2612 1976 ιιοη
2641 1922 2870 1976 dixerim
2897 1935 3022 1977 esse
3043 1930 3218 1978 semet
3239 1923 3466 1993 priores.
3499 1924 3633 1981 Nam
3659 1928 3745 1984 ubi
3773 1945 3857 1986 res

2263 2011 2380 2082 ipsa
2408 2020 2464 2066 et
2489 2012 2569 2066 sui
2601 2011 2838 2081 cognitio
2865 2027 3029 2065 unum
3062 2021 3166 2077 est,
3198 2013 3373 2083 qualis
3404 2017 3710 2085 praecessio
3741 2018 3855 2075 fieri

2263 2110 2462 2171 potest,
2489 2117 2593 2154 non
2626 2101 2802 2154 video.
2839 2099 2966 2156 Scio
2987 2102 3131 2156 enim
3162 2117 3248 2158 me
3276 2117 3415 2170 esse,
3440 2119 3536 2161 nec
3563 2115 3741 2163 tamen
3763 2125 3854 2166 me

2263 2192 2544 2261 praecedit
2569 2191 2798 2246 scientia
2838 2193 2964 2255 mei,
2990 2194 3117 2263 quia
3149 2211 3255 2248 non
3290 2195 3428 2250 aliud
3458 2211 3597 2262 sum,
3625 2209 3681 2254 et
3705 2200 3866 2257 aliud

2264 2283 2513 2348 scientia,
2545 2298 2652 2353 qua
2695 2297 2782 2336 me
2819 2283 2969 2348 scio;
3010 2293 3065 2337 et
3095 2284 3136 2338 si
3165 2287 3430 2340 nescirem
3463 2303 3548 2342 me
3569 2302 3710 2356 esse,
3741 2306 3854 2348 non

2263 2375 2531 2430 nescirem
2560 2377 2806 2448 ignorare
2834 2393 2918 2431 me
2947 2392 3067 2432 esse
3095 2394 3107 2430 :
3133 2393 3195 2433 ae
3224 2395 3322 2449 per
3343 2380 3464 2445 hoc,
3489 2381 3601 2438 sive
3621 2385 3852 2454 scivere,

2265 2466 2380 2520 sive
2408 2467 2688 2522 nescivere
2724 2484 2809 2522 me
2839 2483 2958 2522 esse
2980 2510 2994 2535 ,
3038 2470 3263 2525 scieniia
3297 2486 3402 2526 non
3451 2473 3686 2540 carebo;
3725 2477 3854 2533 mihi

2263 2557 2409 2613 enim
2431 2559 2730 2614 remanebit
2752 2560 2890 2614 scire
2914 2560 3274 2632 ignorantiam
3299 2578 3494 2618 meam.
3519 2565 3583 2620 Et
3609 2567 3652 2621 si
3675 2583 3851 2638 omne,

2265 2653 2406 2723 quod
2427 2663 2604 2724 potest
2624 2655 2762 2709 scire
2787 2654 2850 2686 "‘
2875 2670 2932 2710 se
2950 2657 3122 2726 ipsum
3144 2657 3375 2722 nescire,
3392 2674 3497 2713 non
3513 2669 3690 2729 potest
3705 2663 3854 2734 igno-

2267 2757 2390 2798 rare
2417 2760 2475 2799 se
2507 2745 2680 2814 ipsum
2711 2759 2867 2808 esse;
2905 2762 3028 2800 nam
3074 2747 3118 2802 si
3149 2748 3363 2816 penitus
3401 2763 3508 2804 non
3551 2760 3725 2818 esset,
3750 2769 3854 2810 non

2267 2835 2433 2890 sciret
2478 2837 2715 2904 seipsum
2767 2837 2979 2893 nescire
3023 2855 3037 2892 :
3086 2839 3408 2905 coniicitur,
3461 2842 3683 2898 omnino
3735 2858 3856 2902 esse

2265 2938 2425 2978 omne
2444 2965 2458 2988 ,
2485 2926 2627 2995 quod
2655 2926 2758 2981 scit
2786 2942 2844 2982 se
2869 2943 3018 2991 esse,
3053 2927 3136 2981 vel
3162 2929 3264 2982 scit
3296 2944 3354 2983 se
3383 2931 3594 2986 nescire
3631 2947 3690 2988 se
3715 2947 3854 2989 esse.

2269 3015 2324 3071 Si
2360 3019 2480 3087 quis
2511 3028 2691 3074 :mtem
2731 3028 2878 3075 tanta
2923 3021 3225 3092 ignorantia
3264 3023 3489 3079 obrutus
3527 3035 3629 3088 est,
3663 3034 3722 3080 ut
3759 3042 3856 3082 nec

2264 3110 2497 3180 seipsum
2531 3127 2651 3166 esse
2679 3113 2837 3179 sciat,
2870 3129 2971 3169 nec
2999 3115 3207 3170 nescire
3238 3117 3280 3147 "
3320 3117 3553 3188 seipsum
3583 3135 3704 3175 esse
3736 3137 3858 3176 sen-

2265 3200 2386 3262 tiat,
2414 3211 2507 3254 aut
2533 3202 2746 3270 penitus
2772 3204 2931 3258 talem
2961 3221 3067 3259 non
3095 3221 3216 3262 esse
3243 3226 3254 3261 :
3287 3207 3580 3274 hominem,
3613 3221 3708 3266 aut
3736 3228 3852 3267 om-

2263 3293 2392 3344 nino
2434 3291 2734 3346 extinctmn
2772 3294 3025 3350 dixerim.
3073 3296 3128 3350 In
3172 3300 3499 3368 supradictis
3527 3317 3740 3373 quoque
3770 3321 3856 3359 ra-

2264 3381 2500 3438 tionibus
2538 3385 2670 3439 satis
2712 3386 2855 3442 inter
2891 3405 2990 3445 nos
3032 3400 3295 3447 statutum
3345 3394 3408 3458 ",
3443 3397 3576 3450 haec
3615 3400 3721 3453 duo
3752 3400 3853 3454 hu-

2262 3488 2457 3527 manac
2488 3475 2701 3532 animae
2753 3479 2913 3533 simul
2959 3490 3014 3535 et
3073 3481 3514 3556 inseparabiliter
3553 3505 3617 3544 ac
3643 3506 3853 3562 semper

2262 3565 2439 3621 inesse
2465 3584 2478 3620 :
2507 3569 2648 3625 scire
2678 3579 2734 3626 et
2780 3573 3010 3628 nescire.
3041 3572 3157 3630 Scit
3191 3578 3357 3644 enim,
3382 3594 3441 3634 se
3461 3595 3582 3636 esse
3620 3585 3855 3639 rationa-

2261 3656 2422 3711 bilem
2451 3669 2504 3712 et
2536 3659 2951 3717 intellectualem
2979 3674 3262 3731 naturam;
3293 3669 3464 3724 nescit
3493 3681 3687 3736 autem,
3718 3675 3852 3743 quid

2261 3748 2332 3803 sit
2356 3749 2470 3820 ipse
2499 3751 2803 3810 intellectus
2835 3765 2888 3810 et
2913 3756 3026 3825 ipsa
3060 3759 3217 3813 ratio.
3248 3758 3388 3815 MAG.
3414 3761 3530 3817 Non
3555 3777 3677 3819 eras
3697 3779 3851 3835 ergo,

2262 3840 2576 3911 priusquam
2608 3843 2781 3899 scires
2825 3845 2906 3897 vel
2959 3847 3200 3903 nescires
3231 3859 3282 3904 te
3311 3851 3468 3905 esse?
3503 3851 3653 3908 Disc.
3699 3853 3850 3923 Non;

2261 3930 2419 3984 simul
2450 3934 2591 3987 enim
2626 3936 2809 4005 accepi
2862 3952 3006 4003 esse,
3047 3949 3102 3995 et
3148 3955 3478 4013 cognoscere
3514 3961 3600 4002 me
3629 3962 3770 4013 esse,
3799 3958 3854 4006 et

2262 4024 2584 4096 intelligere,
2638 4045 2724 4084 me
2764 4030 3036 4100 ignorare,
3062 4035 3191 4104 quid
3221 4053 3362 4092 sum.
3399 4038 3539 4095 Mne.
3574 4043 3669 4099 Dic
3695 4046 3847 4113 mihi,

2261 4118 2478 4186 quando
2508 4119 2754 4174 notitiam
2777 4123 2859 4177 sui
2888 4123 3083 4194 accipit
3105 4125 3290 4193 homo,
3320 4138 3500 4185 utrum
3530 4132 3583 4186 in
3609 4133 3697 4189 illa
3721 4151 3854 4191 con-

2261 4209 2488 4276 ditione,
2523 4212 2575 4266 in
2627 4229 2733 4284 qua
2772 4229 2962 4271 omnes
3015 4217 3264 4275 homines
3307 4221 3689 4281 universaliter
3724 4228 3850 4285 facti

2262 4313 2387 4358 sunt
2433 4303 2486 4360 in
2515 4307 2956 4376 primordiahbns
2983 4312 3164 4367 causis
3195 4322 3321 4370 ante
3367 4324 3609 4387 tempora
3642 4322 3852 4377 secula-

2263 4393 2366 4459 ria,
2395 4410 2462 4449 an
2487 4395 2538 4449 in
2564 4396 2676 4465 ipsa
2701 4400 3072 4467 generatione.
3097 4403 3276 4472 quain
3299 4406 3493 4461 ordine
3523 4416 3872 4481 temporum,‘

2264 4484 2375 4540 Deo
2424 4487 2522 4541 soli
2554 4490 2770 4560 cognito
2796 4501 2850 4547 et
2879 4495 3253 4564 praedefinito,
3282 4498 3335 4552 in
3362 4499 3504 4558 hanc
3532 4504 3698 4558 vitam
3724 4521 3850 4575 pro-

2261 4579 2448 4632 cedit?
2479 4580 2622 4636 Dlsc.
2676 4583 2734 4637 In
2765 4585 3031 4656 utrisque,
3065 4596 3122 4642 ut
3151 4589 3393 4646 arbitror
3429 4611 3441 4646 :
3486 4594 3538 4647 in
3591 4610 3694 4649 una
3729 4597 3849 4666 qni-

2259 4671 2378 4727 dem
2419 4674 2742 4743 generaliter
2789 4678 2842 4732 in
2890 4680 3070 4735 causis
3119 4681 3369 4749 latenter,
3411 4686 3464 4739 in
3519 4687 3684 4742 altera
3717 4705 3847 4746 vero

2257 4765 2568 4834 specialiter
2613 4767 2664 4819 in
2703 4765 2986 4825 eﬂcctibus
3025 4773 3332 4830 manifeste.
3364 4776 3497 4830 Nam
3536 4779 3588 4831 in
3616 4766 3700 4832 illa
3725 4783 3843 4850 pri-

2256 4853 2501 4907 mordiali
2535 4863 2587 4909 et
2625 4857 2858 4926 generali
2904 4861 3066 4916 totius
3098 4863 3367 4918 humanae
3405 4874 3627 4921 naturae
3654 4871 3846 4924 condi-

2257 4941 2401 4998 tione
2425 4957 2584 4999 nemo
2604 4947 2841 5016 seipsum
2863 4950 3177 5018 specialiter
3199 4955 3490 5025 cognoscit,
3517 4971 3692 5026 neque
3720 4975 3846 5030 pro-

2254 5033 2428 5101 priam
2461 5035 2705 5090 notitiam
2731 5037 2812 5091 sui
2865 5038 3066 5096 habere
3095 5043 3315 5115 incipit;
3363 5061 3466 5099 una
3494 5046 3639 5102 enim
3668 5060 3722 5104 et
3752 5065 3844 5121 gc-

2255 5123 2454 5179 neralis
2502 5127 2740 5197 cognitio
2767 5130 3009 5184 omnium
3042 5141 3126 5187 est
3155 5135 3252 5200 ibi,
3282 5136 3492 5207 solique
3520 5139 3632 5194 Deo
3661 5142 3842 5212 cogni-

2255 5222 2326 5268 ta.
2353 5214 2467 5271 Illic
2504 5232 2742 5289 namque
2765 5234 2958 5278 omnes
2981 5224 3230 5282 homines
3264 5243 3406 5285 unus
3429 5241 3576 5298 sunt,
3601 5233 3689 5286 ille
3714 5248 3839 5302 pro-

2251 5307 2394 5362 fecto
2427 5311 2495 5365 ad
2539 5310 2834 5382 imaginem
2875 5316 2971 5372 Dei
3009 5315 3210 5387 factus,
3234 5321 3289 5378 in
3321 5339 3432 5396 quo
3457 5340 3648 5382 omnes
3670 5329 3841 5383 creati

1853 5412 2104 5470 VARIAE
2138 5413 2540 5475 LECTIONES.

623 5488 639 5518 ¹
673 5484 764 5541 Sic
792 5488 879 5543 CF
904 5507 918 5554 ;
1030 5497 1278 5574 spatium.
1308 5568 1318 5579 .
1352 5500 1374 5532 ’
1406 5499 1498 5558 Sic
1517 5503 1634 5571 CF;
1665 5506 1709 5560 A
1741 5507 1915 5589 unica.
1991 5510 2013 5540 ³
2038 5510 2128 5592 _Sic
2153 5512 2270 5578 CF;
2295 5515 2336 5568 A
2369 5528 2555 5573 cuncta
2578 5523 2778 5623 guippe.
2856 5527 2878 5559 δ
2915 5527 3002 5585 CF
3029 5531 3471 5606 disciplina/ique.
3546 5536 3571 5570 ⁸
3601 5535 3694 5593 Sic
3721 5535 3837 5604 CF;

641 5571 770 5611 suae
798 5559 1130 5618 conditionis.
1209 5567 1230 5598 ⁸
1263 5567 1354 5623 Sic
1393 5570 1510 5623 CF:
1552 5575 1597 5623 A
1653 5587 1869 5623 accemt-
1945 5579 1966 5610 ⁷
1998 5578 2089 5623 sm
2144 5582 2258 5623 mr-
2305 5585 2337 5623 Δ
2374 5585 2482 5623 1.,ιη
2634 5592 2723 5623 e...
2759 5595 2872 5623 nn.
2916 5599 2938 5623 Δ
3225 5606 3247 5623 .
3313 5619 3324 5623 -
3365 5622 3368 5623 ν
3492 5605 3578 5623 m-
3679 5608 3722 5623 ι-
3751 5607 3805 5623 τε·

548 5555 770 5639 énauee
798 5555 1130 5618 conditionis.
1209 5567 1230 5598 ⁸
1251 5567 1354 5639 Sic
1393 5555 1597 5639 CF_;T\
1621 5555 1869 5639 'déc'éﬁii.

551 5624 674 5702 9F;
775 5642 866 5680 seu
896 5644 1050 5702 senm
1079 5637 1472 5702 apprehensum.
1497 5624 1510 5639 ’
1550 5624 1597 5677 ﬁ
1623 5624 1715 5700 Sic

549 5691 637 5744 CF
654 5709 669 5756 ;
693 5694 739 5746 A
768 5696 1037 5748 statuitur.

1945 5578 2089 5634 'Sic
2144 5582 2228 5638 CF

2244 5601 2259 5648 ;
2300 5585 2340 5638 Α
2373 5585 2504 5641 luto.

1769 5643 1828 5700 1F
1845 5645 1928 5713 ;'A
1951 5651 2170 5720 possint.

2250 5655 2315 5688 ¹⁸⁹
2343 5654 2522 5728 Cenj.,
2555 5659 2691 5718 AEF
2723 5654 2939 5724 nescire.

2634 5592 2724 5670 _S_ic
2759 5595 2875 5670 cr;
2905 5599 2948 5651 A
2983 5592 3172 5670 parte]
3225 5606 3247 5635 ο
3277 5619 3325 5660 ει
3351 5592 3461 5660 ὁηι.
3491 5605 3597 5661 cr.
3676 5592 3722 5639 λθ
3751 5592 3843 5664 Sic

3039 5674 3082 5704 "
3109 5673 3200 5731 Sic
3228 5675 3314 5734 CF
3338 5694 3351 5744 ;
3383 5679 3427 5732 A
3449 5679 3602 5735 scire.
3678 5678 3723 5712 "
3749 5677 3844 5736 Sic
