4212 6272
421 464 528 523 77⁸7

1249 466 1340 526 DE
1377 466 1721 531 DIVISIONE
1756 469 2107 561 NA'l‘URAE.
2147 506 2219 520 —-
2254 473 2456 534 LIBER
2494 474 2849 545 QUARTUS.

3600 475 3705 539 778

419 589 568 643 sunt.
593 578 663 638 Ut
707 578 855 637 enim
906 592 1097 638 omnes
1125 577 1332 637 formae
1367 583 1452 642 vel
1507 586 1738 657 species,
1778 602 1919 659 quae
1955 590 2009 646 in
2035 592 2090 654 Α
2117 599 2200 648 ter
2229 592 2388 647 insita
2413 601 2516 658 est,
2539 600 2801 662 quantum
2826 589 3065 664 cognitio
3085 605 3368 652 creaturae
3388 605 3444 655 et
3466 598 3703 667 seipsam

417 691 530 733 uno
557 691 752 748 genere
789 675 1156 745 continentur,
1216 679 1393 736 adhuc
1446 697 1547 753 per
1598 681 1932 739 dill‘erentias
1955 691 2013 741 et

416 767 774 852 proprietates
843 765 1138 823 intellectui
1202 768 1286 824 vel
1348 771 1531 827 sensui
1590 771 1838 844 cognitae
1900 789 2009 828 non

419 860 799 926 succumbunt,
827 860 923 916 sed
968 859 1136 917 veluti
1160 863 1427 931 quaedam
1462 863 1643 920 unitas
1669 866 1905 921 nondum
1933 864 2012 921 di-

2115 691 2169 737 et
2207 697 2426 737 causam
2479 698 2633 738 suam
2658 690 2836 754 potest
2876 685 3374 755 comprehendere?
3404 689 3549 743 DISC.
3588 687 3707 744 Non

2113 772 2276 829 aliter
2318 774 2572 830 existimo
2597 774 2640 829 ⁸.
2674 772 2810 830 Nam
2840 776 3111 847 quomodo
3149 776 3329 849 imago
3358 788 3526 843 esset,
3557 778 3604 832 si
3652 778 3707 834 in

2112 864 2295 934 aliquo
2319 865 2491 932 abeo,
2515 865 2669 935 cujus
2690 866 2869 938 imago
2904 876 3010 932 est,
3048 867 3294 933 distaret,
3324 879 3551 938 excepta
3581 869 3708 926 sub«

417 950 530 1007 visa
555 951 819 1017 subsistit,
843 952 1018 1008 donec
1054 968 1413 1025 unaquaeque
1449 972 1600 1013 suam
1623 957 2009 1028 proprietatem
2107 956 2239 1026 jecti
2271 959 2498 1023 ratione,
2522 958 2591 1013 de
2624 975 2731 1031 qua
2761 961 2816 1013 in
2849 959 3223 1030 superioribus
3250 958 3404 1016 libris
3448 961 3705 1027 diximus,

414 1050 470 1098 et
496 1041 861 1098 diﬂ’erentiam
890 1043 946 1099 in
968 1042 1150 1112 specie
1179 1044 1457 1102 individua
1485 1047 1896 1120 intelligibiliter
1923 1047 2011 1103 vel

413 1132 750 1189 sensibiliter
797 1134 1033 1206 accipiat
1082 1151 1098 1189 :
1137 1134 1213 1191 ita
1267 1136 1640 1208 unusquisque
1664 1137 1719 1192 in
1766 1152 2010 1193 commu-

416 1232 582 1287 nione
608 1229 883 1288 humanae
924 1240 1151 1288 naturae
1205 1247 1311 1288 nec
1363 1233 1601 1304 seipsum
1649 1249 1751 1289 nec
1780 1235 2013 1291 consub-

416 1324 700 1382 stantiales
744 1341 873 1382 suos
898 1327 1116 1398 propria
1165 1328 1478 1398 cognitione
1506 1328 1785 1392 discernit,
1835 1331 2015 1401 prius-

417 1429 584 1484 quam
605 1414 659 1471 in
689 1416 833 1472 hunc
862 1417 1119 1472 mundum
1158 1418 1272 1475 suis
1300 1421 1656 1491 temporibus,
1683 1422 1840 1493 juxta
1867 1421 2012 1492 quod

419 1504 475 1561 in
500 1506 739 1562 aeternis
786 1507 1089 1564 rationibus
1139 1509 1498 1567 constitutum
1527 1521 1631 1577 est,
1666 1514 2009 1584 processerit.

418 1595 562 1654 MAG.
589 1597 767 1666 Quare
802 1614 934 1671 ergo
968 1600 1342 1672 unusquisque
1371 1618 1516 1666 mox,
1561 1612 1621 1658 ut
1649 1619 1747 1674 per
1780 1618 2013 1675 genera-

418 1688 622 1744 tionem
667 1688 721 1744 in
752 1690 898 1745 hunc
949 1690 1212 1763 mundum
1270 1694 1606 1764 provenerit,
1634 1708 1741 1748 non
1773 1694 2013 1765 seipsum

416 1778 730 1850 cognoscit?
780 1778 927 1836 Dtsc.
961 1779 1199 1837 Poenam
1251 1782 1739 1853 praevaricationis
1782 1792 2015 1837 naturae

417 1874 472 1931 in
503 1872 608 1933 hoc
656 1876 995 1933 manifestari
1017 1893 1125 1934 non
1155 1884 1361 1933 temere
1397 1877 1649 1933 dixerim.
1684 1875 1820 1932 Nam
1845 1878 1889 1933 si
1914 1876 2018 1934 bo-

2114 1052 2239 1106 dum
2267 1052 2334 1107 de
2384 1061 2694 1124 protetypo,
2725 1053 2831 1108 hoc
2857 1061 2960 1119 est,
3005 1052 3073 1107 de
3117 1053 3402 1126 principali
3453 1054 3707 1125 exemplo

2112 1139 2336 1211 ejusque
2393 1142 2627 1214 imagine
2696 1138 3129 1214 disputabamus,
3179 1144 3453 1212 dicentes,
3529 1147 3749 1218 ipsum-

2114 1229 2282 1285 Deum
2335 1230 2632 1302 principale
2681 1234 2987 1304 exetnplum
3039 1249 3160 1290 esse
3206 1250 3306 1307 per
3352 1235 3612 1306 seipsum,
3673 1252 3706 1293 a

2113 1320 2316 1390 seipse,
2350 1321 2405 1375 in
2446 1322 2651 1392 seipso,
2679 1331 2734 1378 ct
2776 1338 2807 1378 a
2847 1324 2992 1380 nullo
3018 1333 3262 1380 creatum
3300 1326 3385 1382 vel
3410 1326 3706 1382 formatum

2113 1411 2197 1466 vel
2215 1427 2538 1468 conversum
2567 1413 2893 1483 subsistens,
2941 1417 3228 1488 imaginem
3256 1434 3385 1476 vero
3405 1417 3544 1489 ejus,
3568 1435 3706 1491 quae

2115 1515 2200 1560 est
2224 1505 2407 1569 homo,
2432 1506 2500 1561 ab
2524 1507 2640 1576 ipso
2663 1516 2920 1573 creatam,
2946 1525 3046 1565 nec
3069 1525 3165 1579 per
3182 1511 3415 1583 seipsam
3439 1527 3582 1578 esse,
3607 1525 3707 1567 nec

2116 1614 2146 1652 a
2194 1598 2396 1669 seipsa,
2429 1612 2527 1653 nee
2560 1597 2613 1652 in
2637 1598 2814 1670 seipsa
2857 1600 3171 1668 subsistere,
3212 1603 3307 1657 sed
3338 1603 3405 1659 ab
3430 1618 3518 1669 eo,
3551 1603 3706 1676 cujus

2116 1688 2296 1760 imago
2327 1697 2428 1751 est,
2458 1688 2668 1758 accepit
2695 1703 2815 1745 esse
2843 1691 3136 1745 secundmn
3172 1701 3441 1758 naturam,
3483 1704 3538 1749 et
3559 1693 3704 1749 Deus

2115 1793 2236 1835 esse
2262 1779 2556 1836 secundum
2587 1781 2840 1853 gratiam,
2873 1791 3053 1838 cetera
3080 1799 3297 1855 quoque
3323 1785 3529 1850 omnia,
3564 1799 3704 1854 quae

2116 1870 2183 1927 de
2233 1870 2344 1928 Deo
2396 1871 2805 1941 praedicantur,
2855 1873 2921 1928 de
2973 1873 3210 1945 imagine
3255 1873 3370 1944 ejus
3398 1873 3704 1946 praedicari

417 1985 507 2026 me
534 1987 640 2027 non
674 1980 951 2043 peccaret,
973 1972 1026 2028 in
1055 1981 1163 2027 tam
1195 1970 1517 2043 profundam
1543 1970 1624 2027 sui
1649 1969 2012 2043 ignorantiam
2043 1954 2090 2016 Β
2114 1978 2298 2035 posse.
2336 1962 2432 2018 80d
2482 1963 2548 2018 de
2594 1962 2706 2018 D80
2749 1965 3165 2032 essenlinlilale.
3201 1968 3269 2022 de
3315 1967 3548 2039 imagine
3573 1981 3707 2024 vero

416 2064 663 2135 ρτοτεειο
716 2081 824 2122 non
871 2067 1127 2133 caderet;
1186 2066 1330 2122 είουι
1360 2081 1538 2135 neque
1591 2065 2012 2138 ignominiosam
2115 2053 2567 2125 participatione?
2605 2051 2738 2110 Nam
2780 2064 2836 2111 et
2881 2056 3096 2114 bonitas
3138 2066 3224 2113 est
3263 2066 3318 2113 et
3348 2058 3488 2113 bona
3521 2057 3707 2128 imago

419 2156 819 2226 generationem
843 2172 913 2212 ex
941 2156 1140 2228 duplici
1168 2171 1300 2212 sexu
1328 2157 1396 2212 ad
1425 2155 1836 2212 similitudinem
1875 2157 2015 2212 irra-

2114 2143 2527 2214 participatioue
2553 2144 2748 2200 summi
2778 2145 2904 2201 boni
2931 2162 3284 2219 summaeque
3305 2148 3582 2216 bonitatis,
3611 2165 3705 2206 cu.

419 2245 756 2303 tionabilium
780 2247 1096 2303 animalium
1116 2262 1224 2304 nou
1246 2256 1547 2318 pateretur,
1586 2256 1647 2303 ut
1671 2244 2012 2303 Graecorum
2054 2301 2058 2306 .

422 2335 808 2406 sapientissimi
834 2338 1159 2394 certissimis
1183 2338 1487 2394 rationibus
1513 2338 1785 2394 atlirmaut
1812 2350 1862 2393 ι.
1894 2338 2014 2408 Ipse

422 2426 713 2498 siquidem,
734 2430 825 2500 qui
838 2429 985 2485 solus
999 2430 1203 2501 absque
1222 2439 1445 2502 peccato
1467 2439 1629 2487 natus
1647 2432 1761 2488 est‘
1785 2432 1839 2487 in
1862 2448 2017 2491 mun-

422 2517 513 2585 do,
572 2517 904 2592 Redemptor
940 2521 1458 2588 videlicet‘mundi,
1499 2538 1767 2601 nusquam
1802 2524 1824 2556 ²
1878 2538 2016 2580 nun-

420 2625 584 2681 quam
630 2610 789 2668 talem
821 2612 1186 2684 ignorantiam
1230 2630 1522 2686 perpessus
1560 2625 1667 2683 est,
1698 2615 1794 2672 sed
1831 2615 2019 2672 confe-

418 2701 566 2769 stim,
604 2710 665 2758 ut
696 2715 990 2776 conceptus
1014 2714 1072 2761 et
1094 2713 1254 2761 natus
1301 2715 1404 2771 est,
1436 2713 1490 2761 et
1532 2706 1774 2777 seipsum
1809 2716 1866 2762 et
1892 2721 2013 2764 om-

418 2790 508 2848 nia
544 2792 830 2861 intellexit,
861 2810 927 2851 ac
962 2794 1109 2866 loqui
1141 2804 1197 2851 et
1222 2796 1418 2851 docere
1466 2795 1488 2828 ³
1542 2797 1736 2867 potuit,
1786 2811 1893 2853 non
1925 2812 2014 2853 so.

418 2878 533 2937 lum
556 2884 683 2954 quia
710 2885 977 2956 sapientia
1000 2884 1178 2941 Patris
1198 2895 1338 2953 erat,
1371 2902 1532 2958 quam
1569 2888 1702 2943 nihil
1729 2888 1880 2954 latet,
1919 2903 2013 2944 ve-

422 2987 543 3027 rum
566 2973 731 3029 etiam
775 2975 905 3045 quia
930 2977 1409 3032 ineontaminatam
1441 2977 1831 3034 humanitatem
1854 2993 2012 3035 acce-

420 3069 598 3133 perat,
646 3071 705 3118 ut
732 3065 1157 3122 contaminatam
1208 3079 1499 3138 purgaret;
1543 3084 1647 3124 non
1681 3071 1805 3139 quia
1850 3069 2008 3125 aliam

424 3152 637 3222 accepit
688 3163 909 3226 praeter
953 3171 1070 3211 eam
1106 3173 1267 3228 quam
1308 3159 1564 3224 restituit,
1598 3159 1691 3214 sed
1728 3160 1856 3229 quia
1892 3160 2010 3232 ipse

418 3243 567 3301 solus
604 3246 1062 3306 incontaminatus
1083 3251 1134 3305 in
1159 3266 1222 3307 ea
1268 3253 1549 3319 remansit,
1593 3262 1648 3309 et
1673 3254 1739 3308 ad
1773 3253 2008 3311 medica-

415 3345 661 3392 mentum
699 3338 941 3396 vulneris
987 3341 1206 3399 vitiatae
1259 3354 1488 3400 naturae
1537 3344 1591 3399 in
1623 3346 2007 3402 secretissimis

413 3424 586 3497 Ipsius
633 3428 935 3486 rationibus
968 3443 1276 3490 reservatus
1316 3433 1359 3491 ⁸.
1402 3433 1536 3491 Tota
1566 3436 1762 3506 quippe
1792 3437 1845 3491 in
1878 3437 2007 3495 totis

411 3518 574 3591 periit
602 3519 644 3586 ',
679 3530 899 3592 praeter
946 3524 1116 3593 illum,
1159 3526 1214 3581 in
1267 3541 1377 3597 quo
1418 3526 1534 3582 solo
1583 3527 2005 3599 incorruptibilis

407 3612 731 3680 permansit.
772 3613 841 3670 Et
879 3615 1094 3687 quidem
1138 3618 1436 3673 maximum
1465 3618 1768 3689 exemplum
1795 3621 2005 3691 gratiae

408 3700 531 3773 ipse
558 3712 662 3769 εει,
692 3720 799 3760 non
845 3707 972 3776 quia
1006 3708 1135 3778 quid
1168 3722 1236 3764 ex
1264 3717 1418 3764 reatu
1467 3708 1737 3765 humanae
1776 3720 2006 3769 naturae

408 3792 685 3852 indultum
708 3797 757 3855 ei
783 3798 856 3856 sit
868 3799 909 3865 ⁸,
934 3802 1027 3856 sed
1053 3803 1179 3872 quia
1208 3801 1356 3858 solus
1384 3804 1623 3860 omnium
1657 3803 1819 3861 nullis
1842 3822 2002 3877 prae-

408 3884 736 3943 cedentibus
784 3890 989 3948 meritis
1038 3892 1092 3947 in
1140 3894 1405 3950 unitatem
1464 3896 1800 3953 substantiae
1834 3900 2006 3957 verbo

407 3974 512 4032 Dei
542 3978 861 4050 conjunctus
885 3993 988 4049 est,
1012 3983 1063 4039 in
1089 4000 1196 4055 quo
1223 4001 1413 4042 omnes
1443 3987 1619 4054 electi,
1675 3989 1743 4045 de
1771 3988 2004 4059 plenitu-

404 4066 544 4123 dine
577 4072 784 4141 gratiae
817 4070 933 4142 ejus
961 4075 1306 4146 accipientes,
1345 4077 1439 4132 ﬁlii
1479 4074 1572 4133 Dei
1605 4088 1660 4134 et
1707 4078 2003 4152 participes

403 4157 629 4214 divmae
657 4160 989 4219 substantiae
1021 4165 1175 4221 ﬁunt.
1208 4167 1349 4223 MAG.
1372 4167 1552 4223 luerat
1581 4183 1712 4238 ergo
1730 4170 2002 4227 humanae

400 4256 641 4306 naturae
662 4254 901 4322 potentia
928 4256 1383 4325 perfectissimam
1408 4258 1489 4312 sui
1515 4258 1878 4328 cognitionem
1903 4259 2002 4315 ha-

398 4337 594 4408 bendi,
628 4343 674 4398 si
703 4361 807 4401 non
836 4358 1108 4418 peccaret.
1135 4351 1279 4407 DISC.
1313 4351 1397 4407 Nil
1432 4352 1800 4409 verisimilius.
1826 4353 1999 4414 Casus

401 4431 611 4503 quippe
630 4433 772 4493 illius
799 4439 1069 4496 maximus
1098 4452 1153 4498 et
1178 4444 1515 4499 miserrimus
1538 4453 1679 4512 crat,
1707 4446 1998 4503 scientiam

402 4527 461 4579 et
515 4526 837 4598 sapientiam
872 4531 974 4586 sibi
1010 4533 1228 4589 insitam
1267 4535 1543 4602 deserere,
1583 4545 1638 4592 et
1670 4537 1723 4591 in
1766 4537 1994 4608 profun-

2109 2230 2203 2303 jus
2224 2233 2404 2304 imago
2446 2244 2554 2301 est,
2587 2244 2809 2290 aeterna
2840 2251 3054 2307 quoque
3087 2245 3143 2293 et
3181 2238 3479 2295 aeternitas
3529 2241 3703 2311 parti-

2117 2324 2388 2397 cipatione
2423 2324 2564 2385 illius
2617 2326 2825 2383 aeterni
2859 2336 2916 2384 et
2956 2330 3314 2398 aeternitatis,
3377 2346 3406 2386 a
3445 2347 3549 2403 qua
3594 2331 3705 2387 for-

2116 2428 2262 2475 mata
2314 2432 2429 2487 est,
2458 2422 2850 2492 omnipotentia
2901 2423 3030 2478 item
3071 2422 3485 2495 participatione
3517 2421 3703 2478 illius’

2116 2512 2561 2585 omnipotentiae,
2591 2530 2619 2568 a
2648 2528 2752 2585 qua
2781 2515 3019 2581 condita,
3044 2524 3099 2571 et
3140 2516 3206 2571 ad
3239 2531 3401 2586 quam
3440 2531 3705 2573 conversa

2116 2604 2424 2674 speciticata
2448 2612 2553 2661 est.
2577 2604 2712 2660 Nam
2739 2606 2784 2660 si
2812 2606 3051 2661 lmmana
3078 2618 3269 2662 natura
3296 2623 3402 2663 non
3428 2617 3699 2677 peccaret,

2114 2700 2292 2770 eique,
2308 2699 2397 2769 qui
2421 2714 2538 2755 eam
2554 2696 2888 2763 condiderat,
2906 2698 3415 2755 incommutabiliter
3432 2699 3475 2735 ι’
3498 2698 3705 2755 adhae-

2115 2800 2278 2858 reret,
2309 2789 2553 2862 profecto
2595 2789 2939 2860 omnipotens
2969 2798 3131 2845 esset.
3166 2788 3432 2860 Quicquid
3470 2789 3612 2844 enim
3642 2788 3702 2845 in

2114 2894 2308 2940 natura
2341 2899 2522 2939 rerum
2561 2881 2682 2937 ﬁeri
2717 2881 2897 2947 vellet,
2941 2882 3249 2937 necessario
3296 2880 3473 2947 ﬁeret,
3504 2879 3705 2951 quippe

2114 2975 2243 3031 dum
2271 2972 2347 3029 nil
2375 2973 2520 3028 aliud
2570 2971 2686 3027 fieri
2731 2970 2916 3037 vellet,
2946 2978 3165 3041 praeter
3212 2970 3355 3040 quod
3380 2968 3700 3025 Creatorem

2113 3066 2195 3122 sui
2256 3065 2373 3120 ﬁeri
2431 3062 2570 3119 velle
2639 3062 2993 3134 intelligeret;
3053 3059 3326 3117 Creatoris
3381 3069 3561 3117 autem
3617 3059 3702 3116 sui

2113 3157 2444 3214 voluntatem
2470 3157 2896 3227 omnipotentem
2949 3153 3448 3211 incommutabilem
3477 3142 3703 3210 omnino

2112 3252 2459 3320 intelligeret,
2532 3251 2577 3307 si
2653 3250 2705 3307 ei
2773 3247 2993 3305 omnino
3059 3247 3398 3315 adhaereret,
3467 3238 3704 3329 eumque

2113 3361 2218 3401 non
2260 3346 2559 3411 desereret,
2609 3358 2679 3399 ne
2720 3343 2824 3399 sibi
2876 3341 3157 3399 dissimilis
3196 3350 3360 3407 esset,
3402 3350 3457 3397 et
3487 3350 3696 3409 cetera,

2108 3453 2250 3509 quae
2295 3446 2443 3493 recta
2482 3435 2695 3492 ratione
2751 3434 2817 3490 de
2877 3434 2988 3489 Deo
3042 3431 3263 3504 ejusque
3316 3431 3550 3503 imagine
3609 3431 3698 3486 in-

2111 3529 2298 3602 telligi,
2333 3527 2418 3584 vel
2452 3527 2701 3598 cogitari,
2729 3525 2812 3583 vel
2853 3526 3154 3597 praedicari
3178 3533 3403 3597 possunt
3447 3526 3513 3582 ".
3555 3522 3697 3581 Mm.

2107 3620 2164 3676 Si
2195 3635 2325 3692 ergo
2369 3620 2639 3675 humanae
2679 3627 2905 3674 naturae
2962 3626 3087 3672 ante
3130 3628 3412 3688 peccatum
3443 3616 3619 3672 inerat
3643 3623 3701 3673 et

2104 3713 2302 3770 suimet
2320 3711 2560 3783 perfecta
2587 3710 2846 3781 cognitio,
2887 3717 2943 3763 et
2977 3708 3256 3765 Creatoris
3285 3708 3389 3772 sui,
3436 3707 3563 3776 quid
3592 3705 3696 3760 mi-

2106 3820 2248 3862 rum.
2276 3804 2321 3859 si
2352 3801 2747 3859 rationabiliter
2775 3801 2842 3856 de
2863 3815 2925 3856 ea
2951 3799 3300 3870 intelligatur,
3326 3796 3696 3868 plenissimam

2104 3894 2388 3951 scientiam
2425 3894 2468 3926 "
2511 3892 2767 3948 similium
2809 3890 2890 3945 sui
2923 3878 3262 3955 naturarum,
3311 3895 3371 3943 ut
3412 3896 3539 3963 sunt
3575 3901 3701 3944 cae-

2105 3986 2268 4043 lestes
2318 3985 2610 4052 essentiae,
2652 3990 2708 4038 et
2753 3981 3072 4038 inferiorum
3114 3993 3195 4045 se,
3227 3988 3287 4034 ut
3330 3987 3415 4034 est
3461 3979 3697 4033 mundus

2103 4077 2206 4134 iste
2232 4090 2357 4131 cum
2386 4073 2687 4130 rationibus
2727 4070 2841 4127 suis
2866 4068 3160 4124 intellectui
3192 4066 3695 4133 succumbentibus,

2102 4169 2377 4233 habuisse,
2427 4174 2482 4221 et
2531 4163 2708 4219 adhuc
2757 4161 2871 4216 sola
2911 4157 3265 4231 possibilitate
3302 4156 3373 4212 et
3416 4156 3592 4225 reipsa
3637 4156 3701 4237 in

2102 4261 2329 4319 summis
2357 4257 2668 4329 hominibus
2701 4253 2943 4309 habere?
2971 4253 3115 4307 Dtsc.
3147 4249 3303 4306 Clare
3345 4246 3696 4319 intelligenti-

2101 4354 2202 4409 bus
2230 4364 2336 4407 non
2363 4349 2469 4405 erit
2509 4347 2732 4408 mirum,
2760 4345 2852 4399 sed
2880 4357 3066 4398 verum
3108 4349 3163 4396 et
3211 4338 3523 4396 verisimile.
3550 4338 3690 4393 MAG.

2100 4444 2290 4515 Magna
2342 4441 2458 4496 laus
2500 4447 2584 4495 est
2613 4437 2658 4469 ¹³
2692 4452 2756 4492 ac
2784 4449 2908 4490 vera
2958 4434 3226 4490 humanae
3278 4441 3524 4495 naturae,
3578 4430 3691 4485 imo

2099 4535 2263 4592 etiam
2312 4532 2473 4596 illius,
2503 4529 2595 4600 qui
2632 4529 2713 4584 sic
2740 4541 2860 4581 eam
2903 4540 3092 4581 creare
3119 4523 3305 4579 voluit.
3352 4521 3693 4593 Quapmptcr

402 4618 532 4673 dam
556 4619 918 4690 ignorantiam
943 4626 1142 4681 suimet
1169 4636 1224 4681 et
1244 4627 1521 4684 Creatoris
1543 4630 1622 4684 sui
1649 4607 1781 4696 labi,
1802 4647 1995 4702 quam—
2021 4661 2074 4724 Β
2100 4626 2166 4681 de
2191 4607 2464 4724 intellectu
2491 4619 2715 4724 illius'et
2736 4613 3321 4724 cpgnit-ione.sim'iliter
3348 4613 3454 4724 hoc
3475 4625 3691 4724 quoque:

399 4709 486 4765 vis
522 4712 797 4782 appetitus
846 4715 1217 4777 beatitudinis,
1269 4734 1428 4787 quam
1465 4721 1791 4790 perdiderat,
1825 4721 1992 4776 etiam

401 4811 528 4869 post
560 4818 748 4860 casum
804 4807 858 4862 in
889 4822 952 4862 ea
983 4810 1307 4864 remansisse
1338 4811 1691 4883 intelligatur,
1734 4812 1825 4883 qui
1851 4813 1903 4867 in
1926 4826 1991 4869 ea

405 4890 553 4946 nullo
599 4895 760 4951 modo
790 4907 1121 4964 remaneret,
1164 4901 1206 4955 si
1246 4902 1479 4972 seipsum
1528 4913 1582 4955 et
1631 4904 1797 4958 Deum
1833 4919 1990 4960 suum

2098 4714 2473 4786 accipiendum
2503 4709 2570 4765 “.
2599 4708 2672 4764 Ut
2696 4709 2839 4764 enim
2885 4708 2929 4739 ³⁸
2957 4706 3221 4777 sapientia
3257 4705 3517 4770 creatrix,
3545 4702 3691 4776 quod

2097 4818 2180 4864 est
2208 4804 2443 4862 Verbum
2464 4800 2583 4869 Dei,
2609 4801 2815 4866 omnia,
2842 4814 2981 4871 quae
3003 4800 3057 4853 in
3083 4815 3146 4854 ea
3172 4795 3309 4852 facta
3339 4805 3485 4863 sunt,
3513 4798 3689 4867 prius-

2097 4916 2258 4973 quam
2311 4897 2522 4965 lierent,
2568 4895 2726 4961 vidit,
2779 4893 3002 4966 ipsaque
3041 4892 3178 4948 visio
3217 4906 3426 4957 eorum,
3474 4906 3612 4960 quae
3643 4889 3689 4923 “

405 4981 625 5037 omnino
672 4987 968 5058 ignoraret.
1021 4989 1158 5047 hinc.
1199 4991 1597 5053 Perfectissima
1646 4993 1805 5064 igitur
1851 4992 1873 5028 ⁷
1900 5010 1995 5052 co-
2096 4995 2409 5067 priusquam
2446 4990 2659 5055 tierent,
2684 4988 2795 5043 visa
2828 4995 2972 5050 sunt,
3005 5000 3132 5040 vera
3181 4993 3235 5038 et
3267 4982 3686 5038 incommutabi-

405 5069 578 5137 gnitio
602 5084 657 5129 et
684 5078 765 5131 sui
793 5089 847 5163 (ξι
869 5078 1147 5139 Creatoris
1170 5084 1216 5139 ei
1255 5092 1381 5139 ante
1421 5095 1702 5155 peccatum
1727 5086 1988 5142 naturali-

2098 5085 2164 5141 lis
2196 5085 2240 5118 "
2284 5092 2616 5153 aeternaque
2653 5078 2888 5136 essentia
2930 5082 3049 5140 est,
3091 5075 3164 5130 ita
3187 5086 3366 5129 creata
3398 5074 3683 5145 sapientia,

1709 5193 1794 5250 VA
1805 5194 1963 5250 RIAE
1997 5192 2400 5252 LECTIONES.

400 5337 424 5370 .
450 5273 779 5370 $512.“;
815 5280 857 5370 ἢ
889 5292 1051 5370 τίσω,
1090 5295 1165 5341 εει
1195 5286 1387 5370 “esse
1433 5295 1664 5370 Pasca“;

474 5304 504 5356 υ.
536 5304 628 5331 ou;
658 5304 733 5335 ur
763 5304 779 5345 ;
815 5304 857 5334 ιι
889 5304 1044 5339 nam:
1090 5304 1165 5341 est
1195 5304 1287 5341 aus
1326 5304 1387 5340 ue
1433 5304 1597 5356 peccat

398 5337 424 5442 ξ
448 5340 680 5442 Sciit}!
697 5436 712 5442 -
729 5348 776 5404 A
795 5365 1155 5442 “reserva-tum
1398 5359 1597 5442 perit..."

468 5413 561 5486 Sic
588 5417 712 5486 CF;
747 5425 950 5477 aeterni
986 5435 1035 5480 et
1074 5413 1491 5482 αεισνηίιαεὶἐα-
1518 5426 1661 5482 illius
1705 5442 1814 5482 om.
1860 5427 1927 5482 A.

1652 5326 1674 5388 ι
1703 5283 2046 5388 εἴηδιὶίὲςῖλξδ
2071 5303 2113 5388 ,ξ

1703 5356 1794 5412 Sic
1830 5354 1947 5422 CF;
1976 5356 2022 5410 Α
2067 5357 2134 5412 sit
2175 5354 2242 5413 ei.
2340 5357 2362 5389 '
2397 5355 2489 5410 Sic
2526 5354 2645 5419 CF;
2686 5354 2732 5406 Α
2775 5366 2882 5421 ergc

1705 5442 1814 5482 om.
1860 5427 1927 5482 A.
2028 5426 2073 5466 ³⁸
2103 5424 2196 5483 Sic
2243 5425 2359 5492 CF;
2397 5426 2442 5479 Α
2468 5420 2882 5492 insatiabiliter.

2100 5302 2358 5346 nusquam
2392 5298 2502 5340 om.
2538 5282 2606 5338 Δ.
2683 5281 2706 5315 ⁸
2744 5279 2836 5337 Sic
2865 5277 2983 5346 CF;
3021 5276 3066 5334 Δ
3094 5286 3155 5346 et
3199 5276 3385 5346 docere
3425 5292 3488 5330 ac
3517 5274 3680 5346 loqui.

2138 5303 2358 5369 usquam
2392 5303 2502 5340 om.
2538 5303 2606 5338 Δ.
2683 5303 2706 5315 '
2744 5303 2836 5337 DIC
2865 5303 2938 5336 hl‘
2968 5303 2983 5346 ς
3021 5303 3066 5334 ει
3105 5303 3155 5360 «ξι
3199 5303 3384 5331 uucct’c
3425 5303 3487 5330 uc
3517 5303 3679 5356 ιψμιι.

2175 5374 2242 5413 ei.
2340 5357 2362 5389 '
2397 5355 2489 5410 Sic
2526 5352 2645 5419 CF;
2686 5351 2918 5421 Arergo.
2994 5349 3041 5421 ξ
3078 5345 3169 5421 Sic
3195 5345 3313 5421 (λιι)
3354 5345 3401 5421 ᾼ
3439 5355 3679 5403 aestmto.

2988 5419 3031 5453 “
3079 5417 3170 5471 Sic
3207 5416 3402 5481 CF;_A
3447 5427 3675 5486 possent.

841 5479 1145 5573 plenissima
1163 5479 1402 5573 sane}...
1435 5569 1446 5573 _
1480 5496 1525 5533 ”
1554 5479 1816 5573 δίε-ὀὴ,
1849 5479 2079 5553 (enim.
2099 5479 2477 5573 ﬁt_Sic'C_li_‘_;
2518 5495 2562 5550 Δ
2596 5495 2663 5548 de
2704 5490 3212 5573 intellectu_quoque
3248 5479 3684 5573 illiusel'co‘g'n‘ig

396 5555 542 5640 t‘ione
564 5555 809 5640 ὠκξζίιςν
824 5555 1226 5640 accipiendum.
1270 5567 1340 5640 _"
1362 5569 1497 5625 enim
1515 5583 1623 5626 om.
1644 5567 1721 5637 F;
1747 5555 1972 5626 C'utere
1997 5568 2287 5640 sapientia,
2307 5568 2404 5626 sed
2420 5555 2612 5622 literae
2637 5576 2722 5618 ere
2748 5559 2890 5615 lintea
2912 5555 3287 5615 dele‘tae‘sunt.
3365 5557 3410 5590 “
3440 5555 3535 5614 Sic
3557 5555 3642 5617 CF
3659 5571 3680 5627 ς

394 5618 445 5677 Δ
467 5640 593 5698 qua.
669 5631 715 5666 ι’
742 5633 792 5690 Δ
818 5618 1347 5694 mss-eam.

468 5818 500 5855 ι
519 5811 774 5876 Deliae).
802 5817 975 5889 Secti,
1000 5819 1523 5899 Maximique,quem
1550 5826 1815 5899 sequitur,
1838 5731 2408 5885 f.ils?£gtt:2mtrina.
2432 5817 2514 5878 Cl'.
2538 5833 2602 5878 ea
2625 5830 2765 5891 quae
2777 5815 2883 5878 col.
2900 5813 3027 5887 509,
3055 5822 3171 5875 not.
3197 5823 3226 5859 ι
3245 5810 3677 5873 observavimus.
