4212 6272
543 407 644 475 779

1906 401 2210 463 «JOANNIS
2247 402 2447 460 SCOTl

3726 401 3832 460 3180

544 539 683 595 quae
736 531 819 580 est
849 523 1083 593 humana
1125 527 1339 584 natura,
1387 520 1587 585 omnia,
1629 521 1865 592 quae'in
1912 535 1968 575 se
1987 519 2126 574 facta
2233 516 2608 601 intellectualis
2652 527 2735 572 est
2777 516 2821 565 ’.ο
2865 518 3172 589 particeps;
3230 518 3296 577 de
3340 515 3829 597 aegelica-quippe

543 623 687 681 sunt,
721 615 1032 685 priusquam
1077 610 1288 677 fierent,
1323 612 1595 681 cognovit,
1645 606 1866 681 ipsaque
1896 610 2131 681 cegnitio
2160 614 2169 621 ”

543 723 752 771 eorum,
781 720 942 776 quae,
965 705 1281 776 priusquam
1307 700 1496 758 tierent
1526 704 1563 768 ί,
1596 704 1806 775 cognita
1836 711 1980 767 sunt,
2007 688 2133 777 vera

543 797 779 853 essentia
824 804 879 851 et
915 794 1234 853 inconcussa
1266 801 1366 867 est.
1418 795 1646 850 Proinde
1685 797 1793 867 ipsa
1830 782 2136 867 notitiasa-

542 886 778 957 pientiae
799 885 1080 951 creatricis
1101 886 1272 957 prima
1296 884 1636 955 causalisqne
1658 887 1822 941 totius
1849 872 2135 941 creaturae

542 977 777 1033 essentia
809 985 955 1032 recte
983 976 1301 1046 intelligitur
1327 991 1469 1042 esse,
1502 976 1735 1049 cognitio
1771 991 1899 1030 vero
1921 984 2137 1029 creatae

542 1072 839 1142 sapientiae
906 1072 1139 1128 secunda
1190 1072 1422 1127 essentia
1475 1080 1527 1131 et
1569 1070 1864 1142 superioris
1911 1056 2136 1125 notitiae

543 1154 767 1221 éﬂ'ectus
794 1164 1063 1221 subsistit.
1092 1165 1169 1243 Et
1202 1164 1344 1235 quod
1373 1165 1605 1237 diximus
1632 1164 1697 1219 de
1727 1164 1898 1234 prima
1927 1171 1982 1217 et
2008 1150 2137 1217 can;

543 1257 640 1312 sali
664 1258 897 1314 essentia
933 1259 984 1329 in
1016 1259 1296 1313 ereatricis
1342 1258 1636 1327 Sapientiae
1673 1259 1891 1312 notione
1930 1255 2134 1311 consti-

544 1355 682 1413 tuta,
735 1349 908 1419 deque
957 1349 1188 1405 secunda
1243 1358 1295 1405 et
1341 1346 1606 1414 cﬂcetiva,
1663 1365 1802 1419 quae
1846 1334 1899 1402 in
1956 1348 2136 1423 anima

543 1435 781 1491 humana
809 1436 1103 1493 subsistere
1140 1454 1245 1492 non
1296 1438 1590 1509 incongrue
1616 1438 1898 1501 asseritur,
1932 1437 1999 1491 de
2022 1453 2139 1491 om-

543 1526 704 1581 nibus
723 1526 993 1592 similiter,
1020 1543 1158 1597 quae
1184 1529 1327 1583 circa
1353 1530 1643 1583 essentiam
1664 1529 1827 1584 totius
1856 1536 2139 1582 creaturae

544 1617 951 1688 dignoscuntur,
970 1621 1345 1676 incunctanter
1360 1622 1764 1694 intelligendtun
1788 1628 1870 1689 est
1891 1622 1932 1675 ¹.
1967 1620 2139 1675 Omne

542 1704 830 1779 siquidem,
861 1712 1220 1784 quodcunque
1254 1712 1305 1783 in
1338 1713 1571 1767 humana
1607 1712 1954 1785 intelligentia
1992 1711 2136 1765 circa

543 1790 870 1881 substantias
898 1817 1079 1858 rerum
1110 1803 1479 1881 constituitur,
1526 1821 1593 1858 ex
1624 1804 1733 1873 ipsa
1767 1802 1953 1856 notitia
1982 1816 2136 1856 crea-

2239 610 2581 681 humanaque
2622 609 2852 664 essentia
2887 619 2945 663 et
2978 617 3236 675 natura.u
3272 609 3531 681 scriptum
3570 618 3649 665 est
3678 629 3690 664 :
3727 609 3831 677 Qui

2237 692 2356 775 fecit
2406 702 2575 756 caelos
2622 701 2677 755 in
2715 700 2996 764 intellectu,
3028 694 3097 767 ac
3127 700 3169 755 si
3203 710 3390 770 aperte
3425 701 3700 756 diceretur
3741 701 3827 767 “7;

2240 796 2329 863 qui
2363 792 2489 847 fecit
2516 791 2903 846 intellectuales
2929 791 3125 845 caelos.
3162 791 3499 862 Quapropter
3542 807 3649 847 non
3675 792 3832 848 facile

2234 874 2474 945 occurrit
2500 887 2565 940 ad
2594 885 3020 957 intelligendum,
3044 886 3086 955 si
3113 887 3274 941 homo
3302 887 3559 958 angelicis
3584 890 3832 945 essentiis

2239 976 2671 1033 Substantialiter
2697 986 3015 1030 concreatus
3038 977 3126 1043 sit,
3153 978 3421 1045 quomozlo
3450 980 3630 1031 omnia
3649 978 3833 1033 \‘isihi-

2238 1067 2308 1123 lia
2333 1079 2386 1122 et
2411 1048 2699 1141 iiiyisiliilizt
2730 1068 2781 1121 in
2823 1066 2936 1137 ipso
2974 1068 3188 1129 condita
3224 1050 3372 1129 sunt.
3424 1067 3538 1129 Non
3577 1070 3719 1123 enim
3745 1086 3832 1133 rae

2242 1160 2372 1215 tioni
2402 1161 2691 1215 convenire
2720 1160 2963 1235 videtur,
2985 1169 3042 1213 ut
3068 1168 3126 1237 et
3166 1175 3285 1225 cum
3314 1160 3640 1231 caelestibus
3666 1163 3837 1233 virtu-

2240 1251 2403 1329 tibus
2428 1268 2559 1329 suae
2611 1253 2768 1305 simul
2796 1240 3119 1322 principium
3167 1240 3492 1329 conditionis
3525 1240 3743 1317 habeat,
3782 1240 3834 1308 et

2236 1339 2338 1400 eae
2384 1328 2427 1375 ¹⁷³
2480 1326 2532 1399 in
2581 1340 2696 1414 ipso
2745 1340 2960 1397 creatae
3009 1344 3136 1415 sint.
3193 1326 3333 1399 illac.
3386 1326 3441 1399 Si
3482 1332 3719 1400 intentus
3759 1336 3834 1399 in-

2242 1434 2624 1490 tellectnalium
2673 1444 2728 1490 et
2793 1426 3189 1490 rationabilium
3233 1445 3553 1491 naturarum
3597 1437 3834 1507 recipro-

2243 1522 2360 1581 cani
2394 1522 2788 1596 copulationcm
2839 1536 2894 1581 et
2927 1527 3186 1582 unitatem
3237 1514 3556 1598 inspexeris,
3599 1529 3836 1589 invenies

2240 1610 2484 1701 profecto
2510 1629 2561 1674 et
2590 1619 2883 1689 angelicam
2913 1620 3228 1693 essentiam~
3254 1621 3306 1693 in
3350 1620 3604 1685 humana,
3634 1631 3686 1676 et
3733 1624 3833 1677 liu-

2245 1730 2459 1767 manam
2510 1713 2562 1768 in
2604 1714 2841 1784 angelica
2875 1713 3246 1781 constitutam.
3272 1706 3329 1769 in
3371 1715 3517 1769 omni
3549 1715 3829 1785 siquidem,

2245 1806 2602 1876 quodcunque
2648 1822 2815 1876 purus
2857 1804 3159 1860 intellectus
3212 1804 3607 1881 perfectissime
3637 1823 3831 1879 cogno-

542 1887 695 1945 tricis
719 1886 1015 1961 sapientiae
1035 1906 1130 1962 per
1165 1902 1400 1947 creatam
1434 1892 1455 1923 ³
1478 1893 1792 1962 sapientiam
1823 1890 2131 1962 procedere,
2168 1881 2213 1945 Β
2236 1886 2366 1967 scit,
2397 1899 2474 1964 fit,
2502 1900 2658 1968 eique
2680 1916 2844 1953 unum
2870 1897 3117 1985 efficitur.
3154 1899 3540 1971 Tantaquippc
3574 1902 3836 1975 humanae

543 1989 690 2035 recta
728 1989 957 2038 naturae
1013 1983 1378 2040 consideratio
1417 1984 1674 2039 declarat.
1725 1976 2144 2040 Constituuntur

543 2070 724 2127 autem
791 2071 937 2129 circa
986 2075 1253 2130 essentias
1298 2060 1512 2144 quidem
1575 2076 1784 2146 species
1835 2074 2138 2143 sensibiles,

543 2163 897 2232 quantitates,
965 2164 1273 2237 qualitates,
1331 2165 1470 2232 loca,
1526 2176 1791 2237 tempora,
1837 2177 1893 2221 et
1921 2165 2169 2229 similia,-

511 2254 662 2335 sine
725 2255 923 2325 quibus
977 2258 1209 2314 essentia
1268 2258 1491 2329 intelligi
1558 2274 1676 2313 esse
1718 2258 1737 2288 "
1795 2274 1899 2313 non
1946 2266 2139 2327 potest.

512 2381 517 2386 ~
543 2342 907 2429 Quamobrem
936 2355 1130 2416 totum,
1154 2348 1295 2423 quod
1331 2351 1576 2405 volumus
1628 2351 1877 2414 suadere,
1906 2350 2145 2425 breviter

543 2442 622 2527 sic
665 2442 686 2473 ⁸
739 2459 1027 2515 possumus
1082 2445 1407 2501 concludere
1462 2466 1472 2500 :
1526 2446 1991 2514 Quemadmodum
2063 2448 2144 2527 in:

542 2520 793 2591 tellectus
840 2537 1104 2608 omnium,
1136 2553 1274 2608 quae
1318 2536 1483 2593 Pater
1536 2536 1666 2594 fecit
1723 2539 1775 2593 in
1821 2554 1917 2594 suo
1963 2520 2144 2594 Verbo

545 2626 844 2697 ttnigenito,
891 2630 1124 2686 essentia
1162 2646 1347 2686 eorum
1381 2643 1482 2698 est,
1526 2643 1578 2686 et
1626 2643 1968 2698 cunctormn,
2005 2648 2143 2704 quae

545 2708 688 2775 circa
717 2735 838 2779 eam
860 2723 1190 2779 naturaliter
1215 2723 1612 2797 intelliguntur,
1649 2726 1962 2782 substitutio
1990 2727 2032 2792 °,
2068 2716 2141 2781 ita

544 2812 783 2889 cognitio
830 2815 1100 2882 omnium,
1135 2833 1275 2889 quae
1312 2815 1489 2874 Patris
1517 2817 1753 2877 Verbum
1802 2820 1854 2874 in
1907 2820 2141 2875 humana

546 2902 730 2958 anima
777 2906 1016 2970 creavit,
1065 2907 1300 2961 essentia
1348 2919 1431 2964 est
1476 2924 1701 2976 eorum,
1736 2910 2139 2981 omniumque,

543 3007 685 3062 quae
709 2994 854 3051 circa
877 3012 998 3052 eam
1027 2999 1343 3054 naturaliter
1376 3001 1779 3072 dignoscuntnr,
1816 3002 2136 3073 subjectum.

548 3082 616 3173 Et
635 3087 1088 3157 quemadmodum
1138 3092 1351 3147 divinus
1388 3094 1694 3151 intellectus
1715 3097 1994 3169 praecedit
2022 3112 2140 3151 om-

540 3177 655 3244 nia,
687 3190 740 3235 et
766 3182 945 3237 omnia
986 3191 1091 3249 est,
1138 3184 1209 3239 ita
1242 3186 1476 3257 cognitio
1513 3188 1888 3245 intellectualis
1928 3191 2141 3245 animae

546 3270 825 3337 praecedit
863 3272 1063 3339 omnia,
1117 3290 1257 3344 quae
1311 3278 1589 3347 cognoscit
1617 3318 1632 3343 ,
1676 3286 1729 3332 et
1758 3279 1960 3345 omnia,
2004 3294 2142 3348 quae

545 3363 993 3447 praecognoscit,
1020 3373 1137 3431 est,
1183 3374 1241 3418 ut
1293 3366 1345 3419 in
1399 3368 1579 3423 divino
1636 3368 1906 3424 intellectu
1961 3371 2142 3424 omn’a

547 3452 858 3519 causaliter,
910 3456 962 3509 in
998 3456 1233 3512 humana
1280 3474 1410 3515 vero
1439 3462 1743 3530 cognitione
1786 3462 2145 3521 eifcctualiter

546 3541 862 3597 subsistant.
913 3543 1027 3600 Non
1056 3548 1200 3617 quod
1249 3546 1351 3603 alia
1391 3550 1460 3604 sit
1509 3552 1751 3605 omnium
1795 3550 2049 3621 essentia,
2084 3546 2143 3613 ut

548 3650 711 3705 saepe
741 3632 997 3703 diximus,
1036 3639 1089 3694 in
1125 3641 1330 3709 Verbo,
1364 3643 1467 3698 alia
1508 3644 1561 3699 in
1611 3644 1852 3711 homine,
1876 3646 1967 3701 sed
1997 3644 2141 3717 quod

549 3741 714 3780 unam
760 3729 1096 3802 eandemque
1145 3731 1301 3788 aliter
1354 3735 1407 3789 iu
1453 3735 1633 3792 causis
1680 3738 1917 3793 aeternis
1953 3739 1972 3770 ⁷
2012 3741 2142 3797 sub-

546 3817 851 3888 sistentem.
880 3822 1038 3879 aliter
1066 3827 1119 3881 in
1151 3825 1430 3886 effectibus
1477 3830 1818 3891 intellectam.
1838 3849 1991 3890 mens
2023 3851 2144 3907 spc-

547 3911 788 3980 culatur;
825 3916 935 3973 illic
986 3921 1129 3977 enim
1161 3931 1382 3994 superat
1423 3938 1639 3979 omnem
1666 3925 2022 3997 intellectum,
2054 3928 2145 3986 hic

560 4014 727 4063 tutem
757 4010 967 4078 ex‘his,
1015 4029 1152 4084 quae
1200 4017 1345 4072 circa
1384 4032 1503 4073 eam
1537 4019 1973 4087 considerantur,
2021 4037 2143 4080 esse

544 4097 885 4177 solummodo
931 4104 1276 4179 intelligitur;
1310 4109 1364 4164 in
1400 4111 1644 4182 utrisque
1684 4127 1832 4181 vero,
1870 4115 2000 4185 quid
2048 4115 2141 4185 sit,

544 4192 677 4251 nulli
723 4206 907 4261 creato
955 4198 1248 4257 intellectui
1302 4218 1461 4259 nosse
1502 4205 1651 4271 licet.
1697 4205 1833 4260 Nam
1891 4207 1936 4262 si
1991 4207 2141 4265 nosci

540 4286 794 4369 posset“,
826 4303 933 4345 non
959 4291 1270 4347 omnimodo
1315 4291 1592 4355 Creatoris
1644 4297 1726 4351 sui
1766 4282 2054 4368 imaginem
2088 4299 2143 4355 in

544 4386 602 4427 se
647 4376 996 4444 exprimeret,
1041 4380 1133 4450 qui
1163 4395 1232 4436 ex
1268 4380 1375 4447 his,
1416 4399 1646 4453 quorum
1695 4387 2038 4458 principium,
2088 4396 2145 4445 et

546 4477 735 4529 causa,
788 4475 847 4520 et
893 4468 1143 4524 conditor
1189 4480 1293 4536 est,
1339 4474 1685 4544 cognoscitur
1743 4482 1951 4531 tantum
1998 4491 2140 4543 esse,

2246 2001 2469 2068 naturae
2522 1999 2574 2045 et
2626 1992 2902 2063 angelicae
2948 1992 3188 2068 societas
3233 1991 3426 2057 fuerat,
3467 2001 3517 2047 et
3577 1992 3747 2057 ﬁeret,
3789 1988 3833 2048 si

2242 2066 2449 2150 primus
2476 2082 2637 2136 homo
2672 2099 2775 2137 non
2820 2066 3089 2152 peccaret,
3130 2092 3189 2139 ut
3217 2072 3443 2153 utraque
3469 2100 3628 2138 unum
3657 2083 3834 2138 effice-‘-

2239 2165 2412 2228 retur.
2460 2160 2612 2241 Quod
2656 2175 2815 2228 etiam
2867 2174 2918 2228 in
2970 2174 3194 2229 summis
3234 2173 3552 2237 hominibus,
3601 2168 3830 2242 quormit

2244 2252 2517 2333 primitiae
2547 2263 2598 2317 in
2630 2256 3128 2329 caclestiltIIsSIInt,
3158 2262 3272 2318 fieri
3296 2262 3496 2333 incipit.
3521 2263 3581 2318 Et
3610 2264 3834 2331 angelus

2239 2338 2459 2424 quidem
2495 2356 2545 2410 in
2590 2356 2807 2410 homine
2843 2338 3031 2428 titper'
3067 2354 3395 2409 intellectum
3423 2354 3616 2426 angeli,
3662 2355 3753 2424 qni

2242 2442 2466 2525 homine
2492 2437 2594 2509 est,
2643 2454 2697 2499 et
2727 2444 2886 2499 homo
2932 2445 2983 2498 in
3015 2442 3206 2515 angelo
3234 2461 3331 2525 per
3381 2444 3707 2499 intellectum
3737 2445 3834 2499 ho-

2239 2533 2409 2592 minis
2431 2522 2482 2591 in
2513 2537 2705 2608 angelo
2734 2527 3108 2592 constitutum.
3138 2536 3238 2604 Qui
3263 2522 3432 2617 enim,
3458 2548 3518 2591 ut
3545 2538 3674 2599 dixi,
3706 2526 3835 2617 pure

2236 2623 2520 2703 intelligit,
2570 2632 2622 2685 in
2656 2646 2742 2697 eo,
2779 2629 2919 2702 quod
2960 2626 3228 2701 intelligit,
3276 2630 3352 2684 fit.
3407 2612 3608 2685 Natura
3662 2612 3836 2700 itaque

2246 2716 2623 2799 intellectualis
2661 2729 2715 2776 et
2762 2719 3038 2776 rationalis
3072 2718 3114 2752 “
3148 2720 3398 2791 angelica
3451 2721 3502 2774 in
3534 2720 3725 2775 natura
3760 2718 3835 2774 iu-

2246 2814 2537 2872 tcllcctuali
2568 2823 2623 2870 et
2648 2813 2897 2869 rationali
2925 2814 3158 2869 humana
3190 2812 3327 2869 facta
3355 2820 3460 2879 est,
3489 2813 3838 2883 quemadmo-

2246 2908 2370 2963 dum
2401 2912 2481 2986 "et
2535 2914 2767 2966 humana
2821 2912 2873 2966 in
2925 2911 3166 2982 angelica
3208 2927 3315 2983 per
3356 2911 3690 2986 reciprocam
3742 2924 3834 2964 co-

2244 2982 2562 3077 gnitionem,
2619 3020 2725 3074 qua
2772 3013 2827 3060 et
2882 3004 3102 3075 angelus
3148 3003 3417 3060 hominem
3470 2982 3741 3074 intelligit,
3785 3009 3839 3055 et

2243 3076 2406 3169 homo
2421 3094 2689 3165 angelum.
2706 3093 2818 3149 Nec
2840 3095 3056 3169 mirum.
3078 3076 3208 3150 Nam
3227 3103 3280 3149 et
3311 3110 3430 3160 nos,
3450 3093 3575 3148 dum
3600 3082 3837 3173 diSpntaf

2246 3178 2386 3246 mus,
2407 3182 2459 3236 in
2477 3182 2986 3239 nobismetinvicem
3005 3183 3286 3240 efficimur.
3312 3183 3586 3254 Siquidem
3617 3181 3838 3235 (lumin-

2248 3272 2428 3344 telligo
2452 3276 2593 3344 quod
2628 3274 2902 3347 intelligis,
2934 3257 3235 3332 intellectus
3274 3284 3396 3330 tuus
3431 3273 3654 3341 eﬂicior,
3683 3282 3736 3329 ct
3762 3274 3836 3327 in-

2246 3360 2440 3418 elI‘abili
2457 3363 2687 3434 quodam
2703 3365 2862 3421 modo
2877 3367 2929 3420 in
2948 3375 2996 3421 te
3012 3366 3183 3421 factus
3197 3382 3335 3421 sum.
3353 3364 3615 3420 Similiter
3626 3364 3837 3436 quando

2244 3450 2314 3529 pu
2324 3471 2380 3511 re
2397 3455 2649 3529 intelligis
2663 3458 2803 3527 quod
2817 3472 2917 3527 ego
2929 3452 3083 3528 plane
3100 3458 3353 3529 intelligo,
3371 3455 3676 3513 intellectus
3691 3448 3838 3511 meus

2246 3547 2495 3615 etiiceris,
2528 3564 2591 3604 ac
2621 3549 2688 3604 de
2716 3548 2926 3605 duobus
2961 3549 3320 3606 intellectibus
3359 3546 3415 3603 lit
3452 3565 3610 3615 unus,
3648 3547 3716 3603 ab
3749 3562 3836 3613 eo,

2247 3624 2388 3721 quod
2422 3642 2581 3697 ambo
2606 3641 2818 3697 sincere
2840 3651 2895 3698 et
2922 3643 3301 3698 incunctanter
3335 3626 3698 3717 llttelliginuts,
3727 3639 3838 3693 for-

2246 3722 2445 3786 matus.
2473 3731 2635 3787 Verbi
2661 3734 2858 3804 gratia,
2888 3743 2947 3788 ut
2968 3751 3033 3790 ex
3066 3735 3309 3790 numeris
3331 3726 3634 3806 exemplain
3666 3731 3837 3787 intro-

2245 3817 2507 3901 ducamus
2556 3839 2570 3878 :
2617 3826 2890 3897 senarium
2942 3820 3225 3880 numerum
3270 3825 3381 3881 suis
3430 3824 3676 3897 partibus
3712 3808 3837 3901 esse

2247 3906 2526 3987 aequalem
2558 3916 2850 3990 intelligis;
2884 3927 2938 3973 et
2969 3935 3068 3991 ego
3099 3919 3350 3974 similiter
3381 3908 3640 3988 intelligo,
3670 3927 3725 3971 et
3759 3904 3837 3970 in-

2246 4001 2489 4085 ielligere
2512 4019 2565 4067 te
2586 4010 2846 4083 intelligo,
2886 4012 3023 4068 sicut
3045 4020 3099 4067 et
3129 4027 3214 4068 me
3240 4010 3492 4085 intelligis
3519 4000 3834 4085 intelligere.

2246 4086 2489 4183 Qterque
2534 4111 2725 4159 noster
2762 4102 3068 4159 intellectus
3095 4119 3233 4160 unus
3265 4103 3323 4158 ﬁt
3363 4092 3580 4159 senario
3615 4116 3837 4158 numero

2247 4193 2537 4277 formatus,
2567 4209 2632 4249 ac
2657 4209 2755 4264 per
2785 4195 2888 4250 hoc
2918 4204 2973 4273 et
2996 4210 3094 4268 ego
3131 4194 3182 4249 in
3217 4202 3269 4248 te
3290 4210 3468 4261 crcor,
3503 4203 3557 4250 et
3591 4202 3643 4249 tu
3679 4194 3729 4248 in
3754 4208 3838 4278 inge

2247 4287 2473 4359 crearis.
2506 4285 2621 4342 Non
2650 4288 2794 4342 enim
2834 4287 2980 4342 aliud
3019 4302 3227 4353 sumus,
3259 4286 3403 4341 aliud
3456 4295 3641 4357 noster
3688 4283 3841 4361 intelf

2246 4372 2455 4444 lectus;
2499 4394 2626 4434 vera
2658 4379 2922 4449 siquidem
2955 4395 3018 4433 ac
3043 4394 3252 4435 sunnna
3283 4386 3467 4433 nostra
3499 4375 3735 4451 essentia
3758 4382 3840 4439 est

2249 4468 2555 4526 intellectus
2622 4469 3077 4542 contemplatione
3151 4468 3395 4524 veritatis
3473 4466 3837 4542 speciﬁcatus‘.

545 4555 675 4622 quid
725 4567 907 4610 autem
954 4559 1063 4623 sit,
1122 4577 1337 4617 omnem
1383 4540 1606 4622 sensum
1651 4578 1706 4623 θι
1750 4570 1770 4601 9
1810 4540 2139 4625 intellectum
2170 4580 2220 4643 υ
2247 4550 2399 4626 Quod
2433 4570 2612 4615 autem
2653 4540 2961 4618 intellectus
3009 4578 3114 4619 non
3166 4561 3337 4617 solum
3391 4540 3837 4641 coessentialibus

546 4643 750 4715 eii‘ngit.
798 4648 950 4721 Dtsc.
990 4649 1138 4704 Nulla
1168 4654 1331 4723 igitur
1374 4667 1624 4713 creatura
1674 4660 1755 4715 vel
1799 4661 2140 4718 visibilisvel

547 4735 834 4807 invisibilis
859 4742 1222 4798 conditionem
1262 4747 1496 4804 hominis
1521 4753 1819 4821 praecedit,
1863 4771 1968 4810 non
1999 4756 2136 4823 loco,

549 4840 657 4883 non
687 4833 950 4898 tempore,
979 4845 1083 4885 non
1114 4832 1392 4904 dignitate,
1433 4852 1538 4891 non
1563 4839 1790 4907 origine,
1824 4858 1929 4898 non
1960 4854 2138 4899 aeter-

545 4916 739 4997 nitate,
768 4925 825 4975 et
851 4919 1170 4991 simpliciter
1195 4923 1343 4979 nullo
1364 4928 1763 4997 praecessionis
1792 4931 1949 4986 modo
1973 4949 1986 4996 ;
2025 4933 2137 5002 ipsa

546 5022 676 5064 vero
721 5010 1028 5082 cognitione
1080 5024 1135 5071 et
1187 5016 1468 5089 dignitate,
1521 5035 1624 5076 non
1676 5030 1855 5078 autem
1894 5024 2141 5089 locortvel

554 5109 793 5175 tempore
820 5108 1095 5176 praecedit
1119 5123 1205 5176 ea,
1233 5126 1371 5181 quae
1394 5126 1515 5168 cum
1547 5128 1631 5178 ea,
1660 5120 1715 5168 et
1739 5108 1793 5170 in
1815 5130 1902 5184 ea,
1925 5125 1979 5171 et
2002 5116 2140 5173 infra

562 5211 681 5253 eam
745 5206 927 5256 creata
980 5209 1138 5268 sunt;
1187 5201 1273 5273 his
1328 5218 1479 5270 vero,
1535 5205 1731 5276 quibus
1780 5209 2144 5280 condignitate

551 5295 780 5375 uaturae
806 5288 1046 5375 aequalis
1073 5299 1177 5360 est,
1216 5291 1552 5377 caelestibus
1586 5294 1832 5355 videlicet
1866 5292 2140 5367 essentiis,

551 5368 861 5439 concreata‘
886 5392 989 5441 est.
1043 5384 1179 5447 Nam
1229 5395 1286 5443 et
1333 5371 1450 5459 ipsa
1499 5389 1753 5449 caelestis
1786 5393 2053 5449 essentiae
2087 5400 2143 5449 et

1835 5527 2092 5595 VARIAE
2127 5498 2535 5607 LECTIONES,
2588 5588 2593 5595 _
2662 5568 2663 5573 γ

630 5613 648 5686 ξ
682 5610 776 5686 Sic
799 5611 920 5686 QF;
944 5618 1180 5686 cognovit
1201 5648 1273 5659 --
1290 5584 1609 5686 βενεηιιοηι.
1639 5622 1685 5674 Α
1756 5621 1779 5651 ¹
1808 5584 1887 5676 est

746 5684 768 5714 ⁵
808 5676 1045 5747 8ἰο’(]ι¹“’;
1074 5686 1119 5738 Α
1149 5704 1211 5738 ac
1259 5676 1358 5742 sic.
1435 5691 1456 5722 ⁸
1501 5692 1798 5746 substitutio
1842 5676 1949 5747 om.
2001 5693 2062 5746 A.

630 5746 824 5807 SicA;
864 5761 938 5803 est
991 5767 1101 5805 om.
1153 5755 1256 5809 CF.
1294 5782 1299 5786 -
1338 5759 1378 5795 ιι
1416 5769 1464 5809 et
1520 5772 1709 5809 natura
1762 5778 1872 5809 om-
1913 5763 2018 5809 CF-

552 5816 909 5889 rationabilis.

2144 5694 2165 5727 ’1
2210 5694 2245 5727 Δ
2290 5697 2515 5727 ηηειηναιὲιι
2612 5696 2633 5725 η

1344 5728 1358 5741 .
1435 5694 1456 5722 ⁸
1501 5694 1798 5746 substitutio
1842 5708 1949 5747 om.
2001 5694 2062 5746 A.
2144 5694 2165 5727 ⁷
2210 5694 2255 5747 Α
2288 5697 2535 5758 (attentis.
2612 5696 2633 5725 ⁸
2666 5694 2758 5750 Sic
2792 5694 2910 5761 CF;
2936 5697 2979 5750 Α
3015 5705 3200 5765 potest.
3279 5698 3528 5748 'sensum
3558 5701 3605 5744 et
3636 5706 3745 5743 om.
3770 5694 3834 5742 Α.

1338 5759 1378 5795 ³⁸
1416 5769 1464 5812 et
1520 5772 1709 5816 natura
1762 5778 1872 5818 om.
1913 5763 2018 5835 CF.
2096 5771 2141 5802 η
2181 5764 2271 5819 Sic
2307 5766 2390 5820 CF
2411 5784 2424 5830 ;
2555 5766 2768 5820 diceret.
2850 5766 2893 5797 "
2922 5769 2965 5820 A
2998 5775 3048 5822 et
3088 5764 3359 5833 essentiae.
3439 5760 3483 5794 “
3506 5761 3613 5847 'Sic.
3640 5760 3726 5843 LE
3743 5777 3760 5828 ;
3791 5759 3839 5814 Α

990 5838 1033 5870 ⁸³
1070 5836 1184 5906 CF;
1212 5832 1338 5899 ῖιῖω
1365 5860 1380 5913 ;
1404 5844 1451 5901 Α
1472 5848 1739 5907 nimirum.
1818 5851 1862 5885 ¹⁶
1890 5832 1981 5910 Sic
2002 5853 2117 5922 (3F;

2243 5844 2509 5914 ierhibens’.
2586 5855 2629 5897 ιτ
2658 5857 2705 5916 Α
2727 5859 3089 5931 processionis.

2245 4644 2348 4707 sibi
2395 4652 2624 4719 naturis,
2668 4669 2857 4709 verum
2904 4655 3066 4709 etiam
3114 4652 3460 4731 inferioribus
3506 4636 3836 4713 conformari

2242 4745 2436 4818 possit,
2469 4746 2593 4800 dum
2631 4762 2725 4801 eas
2752 4749 2984 4802 amando
3016 4746 3267 4818 intelligit
3290 4760 3383 4800 seu
3428 4743 3609 4807 sentit,
3652 4752 3837 4797 sermo

2243 4816 2402 4889 docet
2441 4835 2797 4905 apostolicus,
2850 4816 3215 4892 intellectuale
3260 4824 3502 4889 nostrum
3539 4829 3582 4863 "
3612 4829 3838 4901 diligere

2243 4925 2484 4983 visibiles
2515 4925 2720 4983 formas
2750 4928 3045 4999 prohibens
3074 4928 3140 4993 ⁸⁵,
3181 4924 3404 4983 dicendo
3439 4942 3452 4978 :
3491 4921 3671 4978 Nolite
3713 4938 3839 4991 con-1

2248 5003 2467 5091 ἰοί-ηιαιαὶ
2499 5016 2619 5079 huic
2651 5023 2844 5093 seculo.
2897 5022 3009 5079 Hac
3056 5023 3239 5092 itaque
3287 5020 3496 5076 ratione
3530 5017 3838 5097 reciprocae

2246 5116 2635 5189 intelligentiae
2685 5127 2739 5173 et
2770 5108 2990 5189 angelus
3019 5117 3072 5171 in
3106 5116 3350 5180 homine,
3384 5118 3440 5169 et
3468 5116 3630 5169 homo
3660 5113 3711 5166 in
3742 5106 3837 5164 an?

2239 5194 2387 5281 gelo,
2432 5226 2537 5265 non
2574 5211 2671 5267 abs
2711 5226 2770 5266 re
2797 5210 2970 5267 creari
2997 5210 3219 5275 dicitur,
3268 5218 3323 5263 et
3365 5223 3543 5278 neque
3590 5204 3833 5291 angelum

2244 5304 2568 5373 praecedere
2590 5303 2865 5359 hominem
2897 5301 3004 5365 ulla
3033 5300 3357 5358 conditionis
3389 5298 3527 5371 lege,
3556 5298 3663 5353 ullo
3682 5310 3838 5366 prae-

2246 5382 2509 5452 cessionis
2562 5395 2604 5427 "
2658 5395 2824 5451 modo
2879 5403 3028 5451 recte
3077 5393 3321 5450 creditur
3385 5400 3442 5448 et
3489 5390 3836 5461 intelligitur,

2237 5624 2258 5656 ³
2287 5625 2329 5677 Α
2360 5624 2656 5693 sapientiae
2677 5635 3027 5693 procreatam.
3097 5626 3121 5656 ’⁵
3146 5622 3242 5679 Sic
3282 5621 3402 5689 CF;
3435 5622 3482 5675 Α
3528 5618 3840 5693 esse-“tm;

2709 5696 2758 5750 ic
2792 5694 2876 5750 CF
2896 5713 2910 5761 ;
2936 5697 2979 5750 Α
3015 5705 3200 5765 potest.
3279 5698 3299 5729 ⁹
3320 5701 3605 5765 sensitnuet
3636 5706 3745 5765 orn.
3770 5691 3834 5765 A_.
