4212 6272
359 403 457 472 781

1199 406 1291 460 DE
1324 404 1665 497 DIVYISIONE
1703 402 2054 466 NATURAE.
2094 440 2165 451 —
2198 408 2400 465 LIBER
2436 408 2792 476 QUARTUS.

3538 409 3645 467 782

359 523 610 601 quamils
654 498 887 581 nisini-ae
928 492 1580 594 angelieee‘creationem
1631 524 1943 599 prophetica
1973 512 2027 592 Α
2051 522 2525 592 contemplationis
2563 522 2727 576 homo
2770 520 3149 588 introducitur,
3186 522 3280 579 sed
3305 494 3492 580 eadem
3519 504 3665 583 con;

360 614 608 678 narratio
637 612 789 690 prius
814 614 1147 688 prenuntiet,
1175 623 1234 670 ut
1262 615 1416 670 multi
1449 615 1654 680 volunt,
1680 615 1976 676 humanae,

327 708 495 769 .vero
518 702 801 783 posterius.
830 706 950 764 Non
979 708 1145 773 enim,
1179 717 1240 762 ut
1274 696 1351 761 ait
1378 716 1598 762 sanctus
1634 713 1650 744 ι
1688 705 1949 773 Augusti-

362 792 467 860 nus
512 805 564 858 in
603 800 890 858 undecimo
920 801 942 831 ¹
992 800 1059 855 de
1105 798 1341 855 Civitate
1390 799 1509 863 Dei,
1561 797 1820 853 credibile
1846 805 1969 871 est,

361 896 593 951 divinam
620 888 957 963 scripturam
979 888 1034 946 in
1054 888 1309 964 operibus
1331 907 1423 947 sex
1447 888 1874 961 primordialium
1898 898 1952 944 et

361 978 777 1057 intelligibilium
808 978 1043 1039 'dierum
1093 970 1459 1037 conditionem
1492 979 1802 1036 caelestium
1842 980 1953 1034 vir-

361 1084 535 1130 tutum
557 1073 781 1129 omnino
804 1070 1039 1139 siluisse,
1068 1071 1163 1128 sed
1191 1066 1274 1128 vei
1298 1073 1349 1126 in
1378 1073 1552 1143 prima
1583 1071 1758 1127 fronte
1779 1071 1953 1129 Gene-

360 1183 502 1231 seus,
558 1165 647 1221 ubi
706 1165 968 1233 scriptum
1016 1173 1102 1219 est
1158 1181 1171 1216 :
1224 1150 1289 1218 in
1344 1164 1600 1232 principio
1648 1162 1765 1233 {erit
1817 1162 1952 1216 Deus

361 1257 568 1313 caelum
595 1268 640 1311 et
667 1256 885 1321 terram,
914 1255 1050 1311 caell
1077 1253 1296 1308 nomine
1322 1240 1507 1308 earum
1546 1252 1809 1308 facturam
1836 1268 1957 1331 piro-

363 1349 584 1417 tnlisse,
622 1357 716 1405 aut
745 1345 906 1420 paulo
939 1352 1081 1420 post,
1117 1346 1208 1402 ubi
1256 1344 1334 1400 ait
1362 1363 1376 1400 :
1408 1340 1474 1399 Et
1504 1344 1635 1400 dixit
1668 1344 1831 1412 Deus,
1857 1345 1954 1415 ﬁat

363 1440 479 1506 lux,
507 1448 555 1495 et
579 1439 722 1510 facta
750 1448 825 1494 est
855 1437 967 1493 lux.
1008 1437 1065 1493 In
1093 1425 1356 1491 alterutro
1384 1449 1619 1505 namque
1648 1434 1766 1490 loco
1797 1450 1955 1505 prae-

362 1529 541 1586 dictus
555 1529 715 1585 Pater
734 1528 1029 1600 angelicam
1050 1522 1416 1582 conditionem
1438 1524 1763 1580 insinuatam
1790 1524 1955 1580 fuisse

361 1620 613 1688 affirmat,
644 1602 700 1677 et
723 1616 957 1676 maxime
979 1618 1032 1673 in
1058 1615 1315 1674 secundo.
1346 1614 1405 1670 in
1435 1616 1611 1687 primo
1633 1616 1829 1686 quippe
1855 1615 1955 1671 sub

360 1711 495 1767 caeli
528 1706 887 1783 appellatione
924 1708 1092 1765 totius
1127 1705 1417 1761 invisibilis
1454 1714 1739 1762 creaturae
1769 1705 1957 1761 condi-

2055 608 2402 685 templationc
2427 613 2604 669 sexies
2652 614 2881 685 repetita
2913 612 2964 667 in
2991 612 3093 667 line
3117 617 3360 670 omnium
3397 614 3643 673 introdu-

2052 714 2174 762 ctus
2194 706 2311 761 est?
2340 703 2565 761 Videtur
2591 706 2736 760 enim
2762 721 2868 761 non
2900 702 3073 761 solum
3107 706 3346 776 angelica
3387 709 3663 779 essentia,

2052 815 2241 855 verum
2282 800 2445 855 etiam
2489 798 2826 854 sensibilium
2868 814 3048 853 rerum
3080 797 3313 869 quadam
3361 800 3643 870 dignitate,

2052 903 2115 948 ut
2160 910 2265 949 non
2298 893 2471 948 dicam
2506 893 2903 964 temporalitate
2926 934 2940 958 ,
2989 893 3280 948 humanam
3322 895 3648 963 praecedere

2054 972 2496 1042 substitutionem
2521 990 2563 1040 ⁹.
2603 986 2745 1042 MAG.
2780 985 3033 1055 Quinimo
3058 988 3109 1041 in
3140 989 3244 1045 hoc
3285 989 3519 1045 maxime
3548 990 3650 1045 hu-

2054 1068 2249 1132 manae
2295 1077 2566 1132 essentiae
2626 1094 2789 1148 super
2820 1079 3025 1143 omnia,
3078 1094 3217 1147 quae
3276 1089 3418 1145 sunt,
3476 1081 3647 1136 maui-

2054 1169 2346 1224 festissime
2384 1168 2619 1238 dignitas
2668 1171 2929 1239 aperitur.
2964 1169 3241 1240 Siquidem
3286 1172 3408 1227 lucc
3450 1173 3649 1229 clarius

2055 1250 2217 1315 datur
2258 1258 2511 1330 intelligi,
2545 1260 2595 1313 in
2632 1260 2908 1339 omnibus,
2954 1248 3094 1331 quae
3141 1272 3268 1317 ante
3299 1265 3649 1319 constitutio-

2056 1364 2178 1405 nem
2211 1349 2445 1405 hominis
2478 1358 2794 1415 narrantur,
2826 1351 3000 1424 ipsum
3043 1350 3209 1408 fuisse
3240 1364 3506 1419 creatum,
3541 1355 3650 1409 imo

2056 1436 2238 1496 omnia
2288 1442 2342 1495 in
2397 1441 2514 1512 ipso
2567 1442 2885 1496 constituta.
2930 1441 3046 1498 Non
3097 1444 3238 1498 enim
3290 1444 3393 1499 alia
3441 1446 3651 1501 ratione

2057 1520 2236 1589 altiori
2267 1533 2516 1588 fortassis
2546 1533 2588 1565 ¹⁰
2628 1534 2682 1588 in
2708 1532 2839 1589 lucis
2879 1534 3142 1597 vocabulo
3176 1536 3490 1607 angelorum
3522 1552 3653 1593 con-

2057 1627 2265 1682 Stitutio
2320 1636 2508 1695 aperte
2567 1640 2677 1681 non
2738 1624 3083 1692 describitur,
3132 1628 3331 1703 quippe
3392 1643 3498 1684 non
3567 1638 3654 1685 est

2058 1718 2260 1773 dictum
2306 1716 2347 1748 ¹¹
2397 1716 2491 1771 llat
2529 1716 2790 1787 angelus,
2840 1716 2923 1772 vel
2970 1719 3013 1749 υ
3065 1716 3330 1774 faciamus
3374 1719 3650 1790 angelum,

358 1801 563 1856 tionem
587 1799 708 1872 plus
736 1797 934 1855 asserit
959 1796 1318 1881 significatam
1362 1795 1415 1851 in
1458 1794 1673 1850 informi
1705 1796 1950 1860 materia,
2008 1809 2509 1887 13quemndmodum
2553 1822 2805 1879 expresse
2860 1819 2944 1864 ρει
2993 1811 3252 1881 ερνίριυη,
3300 1830 3323 1875 ὅ
3362 1810 3652 1867 Faciamus

359 1909 522 1966 quam
550 1893 830 1966 angelicae
852 1903 1080 1949 naturae
1118 1884 1429 1964 specialiter
1459 1891 1860 1947 formationem.
1895 1888 1951 1945 in
1984 1884 2343 1963 B’Itominem,
2393 1899 2496 1953 nisi
2540 1909 2599 1952 ut
2650 1896 3000 1970 intelligatur,
3053 1900 3105 1954 in
3160 1901 3469 1957 conditione
3496 1902 3654 1970 Jucis

359 2002 425 2043 eo
461 2001 591 2041 vero
635 1984 777 2057 quod
809 1984 1070 2056 scriptum
1111 1994 1194 2041 est
1228 2004 1239 2039 :
1277 1982 1401 2038 Fiat
1447 1983 1561 2048 tum,
1604 1993 1654 2037 et
1685 1982 1825 2053 facta
1878 1992 1953 2037 cst

357 2076 473 2142 dux,
536 2075 846 2132 caelestium
904 2074 1261 2147 essentiarnm
1312 2074 1693 2130 formationem
1745 2074 1953 2129 descri-

356 2177 508 2239 ptam
537 2168 916 2225 incunctanter
954 2170 1188 2225 asserit:
1223 2183 1531 2239 quanquam
1561 2167 1788 2223 aliorum
1830 2162 1969 2221 seu?

364 2273 484 2314 sum
539 2259 941 2327 introduxerit,
995 2259 1085 2330 qui
1145 2262 1196 2315 in
1252 2261 1358 2315 hoc
1416 2259 1599 2315 divino
1666 2269 1956 2330 praecepto

362 2349 642 2422 cujusdam
672 2352 984 2422 primitivae
1020 2340 1158 2408 lucis
1190 2350 1464 2425 sensibilis
1503 2353 1525 2384 ³
1578 2352 1872 2422 localisqne
1901 2355 1957 2407 in

364 2440 739 2513 superioribus
783 2441 969 2495 mundi
1005 2430 1249 2512 partibus
1287 2443 1583 2513 Opinantur
1616 2442 1959 2497 constitutio-

362 2546 521 2598 nem;
550 2530 635 2586 cu'i
680 2540 861 2586 tamen
892 2530 1075 2585 sensui
1122 2528 1175 2586 in
1218 2528 1490 2588 Exeruero
1521 2547 1620 2585 suo
1648 2530 1961 2585 acutissime

361 2630 649 2694 repugnat.
681 2619 835 2689 Quod
861 2630 1042 2676 autem
1072 2618 1275 2676 dictum
1311 2614 1394 2676 est
1422 2638 1436 2674 :
1468 2620 1534 2674 Et
1564 2620 1738 2675 divisit
1770 2620 1911 2674 Deus
1939 2618 1960 2650 ⁸

363 2717 531 2772 Iucem
560 2733 593 2770 a
622 2714 869 2779 tenebris,
903 2723 953 2769 et
984 2716 1186 2769 vocavit
1235 2712 1376 2768 Deus
1407 2713 1574 2767 lucem
1618 2713 1779 2777 diem,
1821 2721 1961 2767 tene-

365 2811 486 2865 bras
520 2823 637 2864 vero
669 2816 893 2873 noctem,
926 2798 1210 2877 dupliciter
1246 2806 1361 2861 vult
1398 2805 1621 2875 intelligi
1653 2824 1664 2859 :
1699 2813 1792 2859 aut
1815 2804 1958 2859 enim

365 2903 498 2959 lucis
526 2901 793 2958 vocabqu
820 2900 1076 2956 formatio
1099 2908 1378 2956 creaturae
1402 2888 1672 2970 angelicae
1699 2897 1749 2951 in
1781 2895 1960 2967 specie

366 2993 607 3064 propria,
636 2992 985 3049 tenebrarum
1020 3008 1149 3047 vero
1180 2992 1345 3063 ipsius
1365 2991 1694 3062 praecedens
1726 2989 1956 3060 origine,

367 3104 474 3144 non
505 3095 747 3159 tempore
771 3085 1077 3145 informitas
1112 3084 1285 3143 adlme
1310 3078 1672 3157 imperfectae,
1703 3092 1795 3139 aut
1823 3082 1959 3138 divi-

2057 2009 2163 2048 non
2196 1993 2373 2047 minus
2403 1990 2640 2047 hominis
2680 2008 2841 2061 quam
2891 1993 3065 2064 angeli
3114 2003 3354 2049 creatam
3405 1995 3653 2051 substan-

2058 2078 2190 2140 tiam
2221 2084 2577 2156 signilicatam
2612 2083 2775 2139 fuisse
2808 2083 2872 2137 ³³.
2906 2085 3077 2139 Porro
3105 2085 3147 2140 si
3186 2074 3436 2140 caelestis
3463 2101 3652 2143 essen-

2059 2170 2169 2234 tiae
2192 2177 2516 2232 conditionis
2537 2174 2668 2229 lucis
2693 2174 2955 2230 vocabulo
2981 2176 3316 2247 signiﬁcatae
3343 2177 3506 2234 homo
3526 2192 3653 2247 par-

2060 2271 2233 2341 ticeps
2285 2279 2387 2335 est,
2420 2268 2543 2338 quis
2592 2268 2636 2300 “
2682 2283 2861 2323 rerum
2913 2277 3135 2327 naturas
3164 2268 3210 2300 "
3236 2278 3384 2325 recte
3434 2269 3647 2324 intuen-

2061 2344 2196 2415 tium
2227 2375 2335 2415 non
2369 2370 2763 2428 consequenter
2810 2357 3061 2428 inspiciat
3100 2359 3301 2426 omnia,
3336 2374 3475 2429 quae
3530 2367 3656 2429 post

2059 2451 2195 2507 lueis
2238 2450 2680 2507 constitutionem
2732 2459 3045 2516 narrantur,
3093 2451 3147 2506 in
3201 2452 3421 2506 homine
3467 2459 3652 2506 creata

2060 2558 2213 2609 esse,
2268 2558 2376 2598 non
2431 2541 2605 2597 solum
2656 2541 2951 2596 secundum
3002 2555 3189 2596 eorum
3251 2542 3648 2612 cognitionem,

2060 2649 2249 2688 verum
2282 2633 2446 2703 etiam
2485 2631 2781 2688 secundum
2821 2646 2908 2686 res
2954 2631 3120 2702 ipsas,
3152 2633 3472 2701 praesertim
3525 2632 3654 2687 dum

2062 2725 2442 2779 incunctanter
2505 2722 2727 2787 videat,
2795 2720 2940 2775 hunc
3010 2721 3264 2775 mundum
3341 2720 3653 2781 sensibilem

2060 2824 2283 2887 propter
2314 2813 2584 2869 hominem
2629 2811 2834 2867 factum
2865 2810 3066 2877 fuisse,
3111 2818 3169 2864 ut
3203 2812 3251 2867 ei
3291 2819 3569 2881 praeesset
3596 2819 3657 2867 ut

2062 2923 2160 2965 rex
2185 2923 2371 2979 regno,
2404 2915 2459 2961 et
2488 2906 2530 2937 ¹⁶
2554 2905 2804 2960 dominus
2826 2902 3029 2969 domui,
3059 2911 3225 2973 utque
3251 2917 3316 2959 co
3346 2901 3411 2957 ad
3436 2901 3654 2958 laudem

2063 2997 2344 3054 Creatoris
2368 3004 2634 3059 uteretur,
2657 2993 2819 3049 nullis
2846 2992 2963 3062 ejus
2993 2993 3237 3063 partibus
3261 2992 3530 3057 subditus,
3558 2991 3656 3048 sed

2065 3086 2228 3161 supra
2255 3105 2398 3154 eum,
2436 3089 2487 3143 in
2515 3088 2662 3143 nullo
2692 3085 2809 3156 ejus
2839 3085 3106 3159 indigens,
3142 3086 3255 3142 solo
3276 3085 3540 3158 regimine
3570 3102 3658 3141 su-

368 3180 523 3235 sione
556 3179 578 3213 ³
610 3179 747 3236 lucis
778 3195 807 3234 a
845 3180 1085 3235 tenebris
1124 3179 1425 3255 segregatio
1466 3168 1628 3248 atque
1653 3176 1957 3237 differentia
1998 3206 2045 3255 ἐ,
2061 3189 2367 3254 pervectus.
2408 3178 2522 3253 Non
2559 3179 2702 3233 enim
2740 3180 2922 3244 homo,
2967 3180 3011 3233 si
3054 3194 3159 3234 non
3202 3186 3474 3248 peccaret,
3513 3180 3658 3233 inter

366 3269 509 3325 illius
529 3270 700 3347 partis
729 3270 1027 3342 angelicae,
1056 3287 1195 3339 quae
1227 3252 1492 3325 conditori
1524 3286 1621 3343 suo
1650 3271 1955 3325 incommu—
1984 3246 2245 3344 cpartes
2275 3250 2458 3324 mundi
2490 3256 2980 3333 administraretur,
3034 3268 3126 3323 sed
3171 3266 3287 3335 ejus
3312 3267 3354 3300 "
3386 3266 3659 3322 universi-

363 3361 513 3417 tabili
523 3370 606 3417 ter
625 3352 967 3428 adliaeserai,
991 3350 1293 3431 meritoque
1315 3348 1445 3417 suae
1472 3361 1810 3418 obedientiae
1834 3362 1960 3416 bea-

364 3448 610 3508 titudinis
647 3453 916 3524 praescia,
946 3453 1014 3507 ab
1043 3469 1106 3509 ea
1139 3462 1314 3525 parte,
1344 3442 1558 3523 quaein
1592 3456 1820 3508 veritate
1852 3468 1958 3507 non

360 3546 538 3613 stetit,
578 3543 671 3602 sed
717 3559 847 3600 suae
882 3532 1171 3623 superbiae
1217 3561 1388 3615 poena
1436 3546 1489 3598 in
1523 3545 1778 3600 tenebras
1808 3546 1961 3613 igno-

358 3639 572 3696 rantiae
613 3639 695 3696 sui
740 3638 927 3711 lapsus
963 3639 1150 3719 futuri,
1194 3649 1357 3708 atque
1411 3650 1664 3694 aeternae
1706 3639 1959 3694 miseriae

360 3733 579 3798 cecidit,
631 3732 931 3807 signiﬁcata
979 3732 999 3765 ⁸
1051 3741 1152 3790 est.
1192 3732 1471 3805 Quisquis
1515 3744 1693 3788 autem
1745 3734 1956 3803 plenius

359 3825 509 3882 hunc
537 3825 802 3898 duplicem
825 3826 1159 3884 intellectum
1184 3827 1503 3882 divinissimi
1535 3826 1772 3896 magistri
1798 3842 1958 3882 nosse

361 3917 518 3986 velit,
559 3919 730 3990 ipsius
762 3920 925 3977 verba
966 3906 1023 3977 in
1062 3922 1330 3978 Exeruere
1361 3938 1480 3985 suo,
1514 3931 1569 3979 et
1610 3922 1664 3976 in
1711 3921 1957 3992 praefato

355 4009 425 4064 de
454 4006 691 4065 Civitate
717 4008 1106 4083 Deivolumine
1136 4013 1410 4085 studiosus
1442 4012 1615 4081 legat;
1651 4026 1792 4081 quae
1819 4027 1956 4080 quo-

356 4092 507 4153 niam
544 4096 778 4169 prolixa,
818 4107 873 4155 et
916 4099 1166 4156 omnibus
1198 4101 1251 4156 in
1298 4100 1584 4171 propatulo
1627 4108 1774 4163 sunt,
1828 4099 1956 4153 huic

353 4192 582 4265 nostrae
613 4172 1111 4265 disputatiunCulae
1146 4188 1475 4262 superﬂuum
1508 4187 1639 4242 mihi
1672 4189 1844 4241 visum
1870 4195 1957 4242 est

354 4262 623 4335 iﬁgérem,
644 4279 791 4336 οπερ,
814 4276 1072 4356 Provide;
1104 4264 1210 4337 non
1233 4282 1375 4337 enim
1401 4288 1709 4333 sanctorum
1733 4276 1955 4332 Patrum

355 4371 688 4438 sententiae,
715 4356 1043 4444 praesertim
1088 4373 1133 4429 si
1179 4371 1429 4444 plurimis
1458 4380 1617 4425 notae
1655 4369 1764 4424 sint
1794 4370 1836 4435 ",
1873 4368 1956 4423 in-

354 4454 726 4543 troducenda'e
768 4452 921 4539 sunt,
940 4448 1050 4522 nisi
1077 4465 1166 4520 ubi
1216 4480 1425 4520 summa
1467 4463 1761 4519 necessitas
1798 4460 1957 4517 robo-

2066 3369 2232 3416 tatem
2259 3360 2479 3414 omnino
2507 3359 2609 3414 sibi
2637 3357 2910 3413 subditam
2941 3352 3370 3423 administraret,
3405 3372 3506 3427 nec
3539 3373 3658 3413 cor-

2063 3456 2244 3528 poreis
2270 3457 2355 3512 his
2384 3452 2632 3512 sensibus
2653 3455 2898 3511 mortalis
2924 3455 3168 3523 corporis
3196 3454 3261 3509 ad
3291 3452 3437 3508 illum
3465 3458 3663 3524 regem

2063 3549 2189 3604 dum
2213 3556 2479 3614 uteretur,
2498 3550 2687 3605 verum
2709 3549 2827 3603 sine
2844 3547 2951 3603 ullo
2973 3547 3213 3604 sensibili
3236 3556 3383 3601 motu
3399 3545 3482 3600 vel
3500 3544 3656 3601 locali

2061 3640 2146 3695 vel
2172 3640 2477 3710 temporali,
2502 3639 2615 3695 solo
2639 3637 2947 3707 rationabili
2976 3637 3223 3693 contuitu
3251 3636 3582 3703 naturalium
3604 3645 3660 3690 et

2064 3732 2387 3787 interiorum
2420 3731 2537 3802 ejus
2560 3746 2873 3796 causarum,
2902 3729 3164 3785 facillimo
3196 3738 3381 3785 rectae
3408 3728 3659 3783 volunta-

2064 3816 2132 3874 tis
2161 3835 2282 3886 usu,
2319 3820 2616 3876 secundum
2645 3820 2793 3890 leges
2824 3819 3037 3875 divinas
3066 3820 3513 3889 aeternaliter‘ac
3540 3818 3661 3874 sine

2060 3929 2251 3971 errore
2282 3913 2632 3983 gubernaret,
2663 3913 2779 3968 sive
2808 3912 2861 3966 in
2893 3911 3367 3967 administratione
3396 3910 3657 3980 partium,

2061 4007 2175 4062 sive
2206 4007 2257 4059 in'
2291 4002 2763 4059 administratione
2794 4001 3189 4056 universitatis.
3242 4000 3299 4054 Si
3335 4014 3467 4055 vero
3493 3999 3658 4053 Crea-

2060 4107 2234 4151 torem
2264 4093 2566 4149 deserendo
2604 4107 2669 4147 ex
2707 4093 2965 4163 dignitate
3016 4106 3145 4146 suae
3192 4098 3420 4145 naturae
3450 4090 3502 4143 in
3532 4104 3656 4143 eum

2060 4189 2301 4251 caderet,
2348 4186 2490 4241 inter
2532 4192 2713 4255 partes
2739 4184 2853 4253 ejus
2882 4183 3189 4255 ignobiliter
3233 4182 3541 4251 deputatus,
3576 4180 3658 4236 di-

2058 4280 2184 4333 vina
2207 4277 2417 4350 justitia
2450 4285 2754 4343 correctus,
2785 4290 2918 4331 suae
2939 4272 3428 4345 praevaricationis
3455 4287 3658 4344 poenas

2058 4371 2253 4426 lueret.
2305 4370 2540 4426 Proinde
2580 4379 2700 4442 post
2737 4370 2921 4426 mundi
2958 4367 3187 4424 visibilis
3213 4376 3439 4422 ornatus
3468 4381 3657 4421 narra-

2060 4464 2262 4518 tionem
2296 4462 2662 4518 introducitur
2693 4463 2856 4517 homo
2889 4459 3054 4516 veluti
3081 4458 3323 4515 omnium
3355 4458 3653 4524 conclusro,

353 4531 561 4641 ι’ρἥεὲ
588 4546 1285 4641 ratiocinationisexegerit
1304 4567 1525 4635 propter
1555 4569 1665 4621 eos,
1693 4553 1806 4624 qui,
1828 4569 1953 4610 cum
1985 4552 2119 4641 ut
2149 4555 2562 4628 intelligeretur,
2597 4555 2742 4626 quod
2779 4553 2984 4621 omnia,
3013 4568 3155 4623 quae
3179 4562 3306 4608 ante
3330 4551 3504 4624 ipsum
3526 4560 3656 4608 con-

351 4626 463 4700 sint
517 4628 956 4723 ratiocinationis
1004 4617 1184 4717 inscii:
1234 4634 1357 4720 plus
1414 4645 1724 4713 auctoritati
1787 4661 1950 4717 quam
1980 4617 2173 4704 Ddita
2225 4617 2554 4714 narrantur,
2606 4647 2659 4702 in
2708 4649 2825 4719 ipso
2870 4646 3254 4703 universaliter
3300 4645 3658 4715 comprehen-

351 4732 555 4793 rationi
584 4722 1029 4813 succumbunt,
1120 4812 1159 4813 _
1248 4810 1251 4813 _

424 4821 512 4879 10.
556 4824 664 4882 Sed
694 4826 861 4882 velim
893 4820 993 4898 per
1023 4808 1077 4887 le
1109 4810 1293 4895 nosSe,
1329 4814 1681 4899 quamobrem
1712 4825 1953 4899 angelica

352 4910 667 4992 constitutio
714 4908 880 4974 veluti
908 4920 961 4975 in
987 4919 1163 4992 prima
1193 4918 1542 4977 intellectuali
1579 4919 1686 4986 die,
1717 4919 1823 4974 hoc
1852 4916 1954 4985 es't,

352 4990 408 5058 iri
459 5005 635 5075 prima
681 4990 1032 5082 propheticae
1087 5012 1562 5085 contemplationis
1612 5010 1955 5067 ordinatione

347 5089 629 5184 narratur,
661 5088 1006 5246 pristug’odum
1049 5120 1181 5161 vero
1235 5094 1555 5175 interposita
1602 5105 1949 5174 quaternaria

347 5184 624 5242 sensibilis
666 5202 796 5244 mun
837 5207 853 5245 ι
894 5191 1100 5246 theoria
1130 5194 1377 5246 humana
1427 5203 1577 5246 sexta
1618 5188 1949 5246 contempla-

345 5184 624 5242 sensibilis
666 5184 853 5246 mundi
894 5191 1100 5271 theoria
1130 5194 1378 5271 humana
1427 5203 1577 5253 sexta
1618 5188 1950 5267 contempla-

344 5276 494 5332 tione
548 5274 933 5336 introducitur
972 5281 1227 5341 formatio
1282 5305 1294 5340 :
1350 5272 1434 5341 vel
1504 5292 1565 5340 ut
1625 5285 1867 5355 apertius
1923 5284 1946 5317 ⁸

344 5367 546 5437 dicam,
574 5384 747 5441 quare
774 5386 884 5429 non
911 5368 966 5430 in
990 5376 1166 5447 primo
1192 5378 1418 5433 introitu
1465 5377 1633 5433 totius
1659 5383 1945 5433 creaturae

2063 4738 2281 4795 duntur.
2332 4734 2523 4795 Omnis
2565 4739 2710 4795 enim
2753 4754 3015 4795 numerus
3056 4736 3231 4809 major
3270 4736 3533 4794 minorem
3574 4735 3657 4793 in-

2062 4838 2148 4883 tra
2174 4828 2219 4861 ¹⁸
2250 4843 2308 4893 se
2335 4842 2619 4883 numerum
2647 4827 2940 4903 concludit.
2969 4825 3105 4899 Nam
3133 4827 3177 4883 si
3206 4826 3442 4883 hominis
3472 4825 3655 4882 condi-

2065 4906 2143 4974 tio
2181 4918 2433 4990 primitus
2472 4917 2526 4973 in
2562 4902 2876 4991 narratione
2920 4902 3260 4993 cenditarum
3315 4930 3496 4972 rerum
3542 4914 3656 4969 sive

2065 5012 2359 5068 visibilium
2409 5011 2523 5068 sive
2568 5011 2920 5067 invisibilium
2972 5017 3155 5081 aperte
3205 5006 3249 5039 "
3300 5006 3651 5072 indicaretur,

2065 5114 2249 5161 cetera
2287 5105 2491 5171 omnia,
2541 5120 2772 5176 quorum
2821 5098 3059 5160 conditio
3102 5099 3431 5155 narrationis
3465 5097 3654 5153 ordine

2063 5190 2395 5252 creationem
2445 5194 2611 5266 ipsius
2660 5178 2976 5264 sequeretur
3015 5190 3079 5254 ὀ,
3132 5196 3287 5244 extra
3329 5192 3573 5240 naturam
3606 5180 3651 5269 ’ἦ

2058 5283 2177 5357 ejus
2206 5264 2500 5340 subsistere
2546 5298 2654 5340 non
2699 5283 2975 5339 immerito
2998 5268 3337 5336 viderentur.
3368 5273 3487 5330 Iam
3524 5264 3663 5328 vero’

2057 5377 2311 5447 quoniam
2340 5379 2393 5432 in
2426 5376 2531 5431 line
2556 5375 2797 5443 omnium
2828 5372 3132 5439 divinorum
3155 5369 3199 5435 ἐ
3226 5380 3451 5438 operum
3481 5364 3653 5443 intro.

1068 5526 1069 5529 χ
1240 5532 1245 5539 ,
1659 5467 1916 5522 VARIAE
1955 5464 1974 5521 1

2059 5466 2362 5524 errones.
3420 5522 3421 5527 γ
3566 5516 3589 5543 _

417 5557 695 5631 {metu
720 5574 833 5617 om.
864 5561 973 5621 cr.
1048 5548 1069 5597 ά
1102 5564 1196 5622 Sic
1219 5564 1335 5631 er;
1362 5565 1407 5619 A
1448 5566 1501 5619 in
1531 5565 1818 5621 undecimo
1866 5561 1974 5618 libri

2099 5562 2119 5593 ³
2151 5562 2243 5618 Sic
2272 5561 2397 5626 CF;
2434 5562 2476 5614 A
2510 5558 2752 5631 visibilis.
2820 5555 2894 5631 ξ-
2909 5542 3185 5631 musam.
3215 5552 3285 5608 Α.
3359 5551 3382 5583 ι
3410 5549 3501 5603 Sic
3525 5542 3646 5631 ea;

338 5625 381 5680 A
414 5626 705 5686 divisionis.

338 5696 673 5775 substitutio.
741 5701 914 5775 {Sic
943 5696 1084 5771 CF;'
1111 5706 1290 5759 uitiosi
1317 5706 1558 5775 fortassis
1600 5722 1710 5762 om.
1743 5706 1805 5759 A.

339 5770 1078 5856 ἓνεέἓςιὲλιέεπδίξηίβιαιίρμςηι
1124 5770 1329 5856 inim;
1375 5775 1430 5856 3"
1468 5777 1506 5830 A
1548 5777 1721 5847 quasi.
1804 5774 2134 5856 "Sic-(15,
2160 5770 2517 5856 Autaluralis.

784 5631 806 5665 ‘
842 5632 891 5688 Α
932 5634 981 5689 si
1017 5635 1291 5704 niﬁcatum
1345 5644 1446 5690 est.
1524 5636 1545 5668 ’⁷
1588 5634 1680 5691 Sic
1719 5632 1837 5700 CF;
1887 5634 1935 5688 A

784 5714 787 5744 ε
819 5701 914 5759 Sic
943 5651 1062 5759 Ci“:
1111 5706 1290 5759 uitiosi
1318 5706 1558 5759 fortassis
1600 5722 1710 5759 om.
1743 5706 1805 5759 A.
1905 5706 1943 5737 “

2059 5644 2118 5687 tt.
2198 5632 2218 5663 ⁸
2259 5632 2303 5686 Δ
2347 5633 2540 5700 aptius.
2629 5631 2649 5658 ⁹
2692 5631 2783 5683 Sic

2059 5720 2073 5759 ξ
2111 5702 2229 5759 CF:
2282 5702 2323 5754 Α
2356 5716 2458 5754 non
2501 5701 2695 5754 dictum
2735 5707 2808 5752 est

1983 5718 2073 5759 διο
2111 5718 2229 5768 ως
2282 5718 2323 5754 Α
2356 5718 2458 5754 ιιοιι
2501 5718 2696 5768 metum
2735 5718 2830 5768 εει,

2629 5628 2649 5658 ⁹
2692 5627 2783 5683 Sic
2811 5624 2926 5689 CF;
2975 5624 3021 5680 Α
3050 5624 3281 5677 humana
3327 5619 3652 5684 praecedere

2629 5715 2695 5741 Im
2735 5707 2830 5741 ut-
2909 5696 2953 5730 ι’
2999 5695 3041 5741 Α
3090 5702 3164 5741 ut.
3242 5692 3288 5730 ι’
3324 5692 3415 5741 Sic
3441 5688 3553 5741 CF:
3605 5687 3651 5741 Α

2595 5708 2695 5752 tum
2735 5707 2830 5752 est.
2909 5688 2953 5730 1³
2997 5695 3044 5748 Α
3090 5702 3164 5749 ut.
3242 5692 3288 5730 "
3324 5692 3415 5746 Sic
3441 5688 3553 5753 CF;
3605 5688 3647 5741 Α

2595 5768 2640 5813 ³⁸
2678 5767 2769 5823 Sic
2793 5766 2912 5831 CF;
2944 5765 2987 5821 A
3029 5775 3105 5821 ut.
3190 5764 3231 5797 ¹⁷
3288 5764 3405 5834 ejus
3439 5775 3549 5834 om.
3581 5756 3647 5812 A.

2198 5632 2218 5663 ⁸
2259 5632 2303 5686 Δ
2347 5633 2540 5700 aptius.

338 5837 385 5875 ι’
420 5835 511 5894 Sic
540 5831 736 5910 CFfA
760 5831 840 5903 in.
902 5844 965 5905 7“
994 5844 1041 5901 Δ
1070 5831 1211 5920 apte.
1285 5845 1331 5880 "
1360 5844 1408 5901 Α
1432 5831 1784 5919 aequarentur.
1864 5831 2169 5925 “.SicCF;
2204 5843 2249 5898 A
2291 5831 2556 5897 notitiam.
2633 5842 2679 5877 “
2711 5839 2802 5907 Sic
2835 5837 2952 5903 CF;
2997 5831 3363 5895 A-diviuoruin
3396 5831 3649 5911 omnium.

1931 5974 1965 6041 ii
