4212 6272
460 326 588 386 785-

1286 329 1376 385 DE
1413 330 1756 389 DIVISIONE
1794 322 2152 389 NATURAE.
2184 357 2255 371 —-
2293 327 2496 387 LIBER
2535 332 2883 401 QUARTUS.

3646 337 3751 399 786

465 448 686 512 propter
718 455 946 498 sensum
988 440 1131 496 facta
1159 472 1197 507 ,-
1228 456 1336 495 non
1388 452 1568 498 autem
1606 459 1797 499 sensus
1831 451 2052 514 propter
2081 444 2129 500 A
2158 439 2441 515 Scriptura
2472 447 2684 505 diceme
2715 468 2727 502 :
2764 448 2830 503 Et
2866 450 2999 505 dixit
3042 450 3185 508 Deus
3210 466 3230 506 :
3262 450 3548 509 Faciamus
3582 454 3753 522 hanci-

465 534 776 598 sensibiliu,
826 550 986 589 nemo
1024 533 1324 603 sapientqu
1375 535 1619 601 dubitat;
1673 535 1867 591 deinde
1916 534 2056 605 quod

463 640 594 681 vera
649 627 854 685 ratione
898 624 1248 696 praeponitur
1295 625 1557 696 dignitate
1606 636 1832 680 naturae
1858 665 1874 691 ,
1914 623 2056 695 quod

456 718 685 788 iudicat,
710 719 782 786 ei,
805 719 950 790 quod
978 718 1273 790 iudicatur.
1331 717 1536 775 Sensus
1574 730 1754 775 autem
1786 721 1850 774 de
1884 719 2056 774 sensi-

465 811 688 874 lnbbus,
725 826 832 865 non
871 826 1001 865 vero
1050 810 1328 865 sensibilia
1379 811 1445 865 de
1494 812 1744 866 sensibus
1786 811 2051 881 judicare,

462 902 591 956 Iltliil
625 911 851 957 naturas
881 917 1062 957 rerum
1097 918 1234 971 pure
1259 901 1555 972 speculanti
1596 912 1680 957 est
1720 902 2049 972 ambiguum.

461 989 577 1046 l-luc
603 992 832 1059 accedit,
864 994 1007 1064 quod
1020 1008 1234 1050 .sensus
1279 1010 1385 1050 non
1423 994 1527 1049 nisi
1557 995 1609 1050 in
1641 993 1942 1050 substantia
1974 992 2057 1047 vi-

461 1083 580 1150 tali,
612 1084 666 1139 in
690 1100 799 1156 qua
827 1083 1306 1142 nianil'estissimus
1340 1095 1519 1142 motus
1544 1087 1686 1142 vitae
1716 1096 1815 1150 est,
1852 1084 2056 1140 consti-

463 1178 635 1237 tuitur
669 1196 675 1225 i
708 1178 985 1234 sensibilis
1035 1194 1163 1234 vero
1184 1220 1201 1243 ,
1258 1179 1313 1234 in
1359 1189 1621 1250 quantum
1652 1194 1876 1251 corpora
1905 1189 2050 1242 sunt,

463 1267 721 1338 quoniam
756 1278 1066 1325 extremum
1095 1270 1147 1323 in
1170 1270 1439 1325 creaturis
1460 1271 1705 1327 obtinent
1734 1270 1929 1332 locum,
1954 1283 2053 1323 nec

465 1373 681 1427 semper
710 1368 914 1415 motum
953 1361 1095 1416 vitae
1132 1370 1322 1432 aperte
1368 1361 1764 1417 demonstrant.
1814 1358 2055 1416 Sensibi-

466 1446 598 1503 lium
628 1450 827 1521 quippe
850 1450 1117 1521 quaedam
1144 1462 1288 1518 sunt,
1319 1452 1373 1507 in
1411 1453 1609 1524 quibus
1637 1464 1728 1508 aut
1758 1453 1843 1506 vix
1875 1450 2056 1506 vitalis

465 1549 646 1595 motus
675 1550 921 1610 apparet,
946 1552 1038 1596 aut
1069 1542 1668 1614 nunquam.Postremo
1700 1544 1901 1599 nullum
1934 1559 2055 1598 seu.

461 1630 616 1685 sibile
645 1631 751 1685 vita
777 1643 883 1698 est,
913 1635 1162 1703 quamvis
1196 1645 1214 1676 ι
1248 1635 1357 1690 vita
1389 1637 1594 1692 moveri
1625 1638 1909 1691 videatur:
1934 1650 2057 1692 sen-

459 1739 578 1780 Stltll
607 1740 736 1780 vero
766 1742 874 1781 nun
902 1729 1076 1782 solum
1127 1729 1307 1784 vivere
1330 1768 1346 1796 ,
1391 1745 1577 1785 verum
1610 1730 1775 1786 etiam
1805 1730 2056 1786 substan-

2162 555 2277 593 nem
2300 540 2367 592 ad
2390 540 2665 610 imaginem
2696 551 2741 594 et
2767 539 3160 596 similitudinem
3198 555 3453 609 nostram,
3479 554 3524 598 et
3543 548 3752 613 praesit

2157 630 2384 700 piscibus
2417 633 2614 695 maris,
2648 642 2694 686 et
2726 631 3025 687 volatilibus
3057 634 3208 701 caeli,
3238 646 3283 689 et
3313 635 3507 702 bestiis,
3542 638 3750 692 univer-

2157 740 2346 795 saeque
2394 736 2706 792 creaturae,
2758 729 2999 801 omnique
3047 729 3218 798 reptili
3250 732 3390 801 quod
3433 744 3668 786 mouetur
3693 730 3753 788 in

2157 826 2317 870 terra.
2358 815 2425 871 Et
2454 820 2642 873 creavit
2674 818 2811 874 Deus
2840 808 3097 876 hominem
3145 822 3215 876 ad
3259 824 3538 893 imaginem
3576 840 3748 892 suam,

2156 909 2227 962 ad
2264 910 2543 978 imaginem
2598 911 2695 966 Dei
2731 915 2920 967 crearit
2960 913 3130 968 illaut.
3187 911 3289 969 Ubi
3335 914 3510 985 primo
3562 924 3755 979 notan-

2157 1001 2284 1056 dum
2314 1044 2328 1067 ,
2372 1004 2515 1073 quod
2548 1005 2599 1059 in
2631 1007 2940 1062 conditione
2966 1009 3204 1062 omnium
3232 1048 3248 1074 ,
3298 1024 3439 1077 quae
3483 1009 3550 1065 ab
3597 1008 3754 1066 initio

2155 1107 2443 1153 creaturae
2475 1099 2525 1153 in
2556 1100 2846 1169 praedictis
2884 1101 3121 1169 quinque
3161 1100 3612 1157 intellectualibus
3642 1102 3754 1157 die-

2157 1188 2257 1242 bus
2283 1196 2599 1252 narrantur,
2629 1189 2843 1243 divinae
2870 1200 3096 1245 naturae
3128 1190 3594 1259 superessentialis
3630 1191 3751 1246 nni-

2159 1288 2241 1333 tas
2270 1290 2318 1333 et
2354 1279 2638 1335 inell‘abilis
2659 1280 2896 1339 Trinitas
2916 1284 2959 1347 ⁸,
2987 1283 3090 1347 vel,
3122 1292 3179 1337 ut
3208 1284 3284 1336 ait
3314 1294 3531 1339 sanctus
3556 1282 3752 1356 Diony-

2157 1373 2271 1427 sius
2300 1374 2644 1445 Areopagita,
2690 1392 2925 1431 sunnnae
2964 1375 3212 1431 bonitatis
3243 1376 3540 1447 fecunditas
3565 1387 3754 1447 aperte

2157 1479 2264 1518 non
2287 1473 2366 1518 est
2387 1479 2665 1533 expressa.
2693 1463 2953 1532 Quamvis
2977 1465 3028 1519 in
3053 1481 3138 1530 eo,
3166 1466 3308 1536 quod
3334 1467 3591 1538 scriptqu
3620 1473 3702 1522 est
3731 1482 3747 1521 :

2159 1551 2225 1607 In
2263 1552 2516 1624 principio
2560 1555 2679 1623 fecit
2725 1555 2864 1608 Dens
2902 1554 3102 1609 caelum
3132 1568 3177 1609 et
3205 1567 3398 1610 terram
3421 1597 3437 1623 ,
3484 1555 3661 1611 Patris
3697 1564 3755 1612 et

2158 1642 2278 1696 Filii
2311 1659 2572 1714 personas
2606 1644 2901 1715 signiﬁcari
2934 1662 3037 1699 non
3082 1646 3371 1717 incongrue
3396 1644 3750 1714 intelligitur:

2160 1733 2260 1789 Dei
2292 1736 2507 1805 quidem
2539 1737 2801 1792 vocabulo
2829 1736 3007 1801 Pater,
3051 1739 3296 1806 principii
3334 1754 3459 1793 vero
3491 1737 3751 1803 Verbum,

460 1817 572 1873 tiali
602 1821 778 1876 Tnesse
808 1822 953 1877 vitae
978 1824 1019 1887 ’,
1056 1822 1169 1892 ipsa
1203 1822 1361 1879 docet
1404 1834 1619 1879 natura.
1670 1824 1736 1877 Et
1763 1824 1809 1879 si
1839 1822 2059 1894 quanti-
2086 1804 2133 1865 Β
2161 1837 2215 1881 et
2236 1804 2393 1898 paulo
2414 1840 2525 1897 post
2548 1826 2783 1898 Spiritus
2800 1837 3020 1884 sanctus
3042 1804 3419 1894 introducitur,
3438 1829 3524 1883 ubi
3547 1828 3749 1885 dictum

460 1921 543 1967 tas
570 1923 624 1982 ct
650 1916 965 1985 magnitudo
991 1932 1286 1987 corporeae
1324 1918 1481 1972 molis
1509 1919 1562 1972 in
1590 1918 1755 1973 rebus
1782 1916 2055 1972 sensibili-

460 2006 560 2062 bus
588 2006 859 2075 laudatur,
910 2009 1229 2065 laudabilior
1256 2019 1341 2066 est
1381 2012 1497 2082 ipsa
1545 2012 1826 2080 quantitas
1855 2019 1909 2064 et
1939 2025 2055 2063 ma-

456 2099 681 2167 gnitudo
724 2102 979 2166 virtutis,
1032 2118 1172 2172 quae
1224 2103 1278 2158 in
1323 2102 1574 2159 sensibus
1615 2103 1906 2159 substituta
1946 2111 2052 2158 est.

458 2186 612 2253 Vide,
644 2205 845 2261 quanta
878 2192 963 2249 vis
989 2202 1074 2249 est
1101 2193 1153 2247 in
1181 2209 1342 2249 sensu
1368 2194 1647 2249 oculorum
1675 2194 1745 2250 ad
1771 2193 2054 2249 lustranda

460 2278 514 2332 in
546 2280 815 2338 inﬁnitum
859 2284 1036 2341 lucida
1076 2286 1273 2357 spatia,
1305 2288 1375 2342 ad
1419 2287 1733 2345 formandas
1782 2288 1835 2343 in
1881 2303 1942 2342 se
1973 2287 2053 2342 di-

460 2385 647 2428 versas
676 2384 726 2429 et
755 2376 1180 2434 innumerabiles
1204 2380 1415 2450 species
1440 2395 1757 2451 corporum,
1787 2380 2052 2446 colorum,

462 2462 758 2533 ﬁgurarum
783 2508 800 2532 ,
837 2478 1250 2540 ceterorumque
1277 2512 1293 2536 ,
1334 2486 1565 2541 quorum
1609 2473 1925 2543 pbautasiae
1959 2486 2057 2542 per

460 2554 607 2612 lntnc
632 2572 852 2615 sensum
885 2563 1205 2618 memoriam
1247 2564 1645 2636 ingrediuntur.
1692 2566 1831 2635 Quid
1855 2566 1923 2621 de
1942 2568 2055 2621 vir-

460 2655 576 2701 tute
602 2649 858 2706 audiendi
890 2652 1074 2709 dices?
1122 2652 1327 2710 Tantas
1364 2655 1564 2726 quippe
1593 2672 1754 2712 voces
1783 2657 1940 2712 simul
1969 2672 2056 2712 so-

455 2746 671 2806 nantes,
698 2754 755 2796 et
788 2742 927 2797 inter
954 2758 1016 2798 se
1043 2743 1421 2815 discrepantes
1444 2746 1603 2801 simul
1632 2756 1809 2816 potest
1837 2748 2054 2804 auditus

456 2828 511 2882 in
532 2829 772 2899 seipsum
797 2834 1017 2891 banrire
1037 2845 1201 2906 atque
1225 2837 1555 2893 discernere.
1584 2839 1639 2892 lu
1666 2838 1808 2894 bunc
1835 2839 2053 2894 modum

456 2920 705 2991 quisquis
732 2922 969 2993 reliquos
996 2942 1189 2982 sensus
1218 2927 1532 2998 inspexerit,
1560 2929 1835 2986 mirabiles
1867 2929 2053 2985 inetia-

459 3010 703 3082 bile-que
733 3031 922 3070 eorum
960 3018 1185 3074 virtutes
1214 3020 1690 3090 contemplabitur.
1726 3021 1862 3076 Hinc
1891 3021 2052 3076 datur

460 3101 706 3173 intelligi,
734 3109 1183 3176 quemadmodum
1206 3110 1573 3166 universitatis
1616 3112 1866 3166 conditae
1888 3110 2051 3165 intel-

456 3195 690 3267 ligibiles
730 3203 996 3266 rationes,
1047 3202 1101 3257 in
1130 3213 1392 3274 quantum
1442 3204 1664 3276 intelligi
1712 3214 1959 3275 possunt,
1994 3204 2046 3259 in

454 3289 690 3345 bominis
719 3292 992 3349 intellectu
1022 3304 1239 3350 creatae
1263 3303 1408 3360 sunt,
1447 3295 1518 3350 ita
1543 3294 1786 3364 eiusdem
1831 3298 2051 3351 univer-

450 3382 629 3438 sitatis
660 3382 946 3439 scusibiles
983 3385 1194 3454 species
1217 3394 1273 3441 et
1294 3387 1629 3456 quantitates
1653 3396 1709 3443 et
1734 3389 2044 3458 qualitates,

450 3476 503 3530 itt
529 3486 794 3546 quantum
824 3479 1012 3533 sentiri
1043 3488 1288 3550 possunt,
1324 3482 1379 3536 in
1401 3481 1639 3538 humano
1667 3497 1830 3538 sensu
1860 3482 2046 3539 condi-

452 3568 614 3625 tionis
639 3578 770 3624 suae
795 3586 990 3626 causas
1020 3572 1360 3629 constituunt
1389 3584 1555 3645 atque
1582 3575 1904 3632 subsistunt.
1939 3574 2047 3632 Sed

446 3661 701 3732 quoniam
737 3661 852 3733 ipse
879 3678 1073 3720 sensus
1097 3678 1216 3735 non
1248 3666 1452 3721 homini
1482 3673 1714 3731 tantum,
1747 3667 1840 3723 sed
1868 3675 1926 3723 et
1957 3683 2048 3723 ce-

450 3752 583 3806 teris
602 3753 927 3812 animalibus
954 3755 1277 3811 naturaliter
1302 3757 1462 3821 inest,
1488 3766 1774 3828 propterea
1802 3768 1858 3813 et
1880 3759 2042 3814 aliam

452 3842 655 3912 patitur
676 3844 1130 3901 distributionem.
1158 3844 1439 3902 Tribnitur
1481 3849 1627 3904 enim
1660 3859 1717 3905 et
1763 3850 2044 3920 reptilibus

453 3934 620 3989 maris
652 3944 707 3991 et
754 3936 1061 3993 volatilibus
1105 3938 1241 3994 caeli
1284 3940 1472 4010 quinta
1500 3939 1522 3971 ³
1557 3942 1869 4011 prophetica
1907 3958 2041 3998 con-

451 4025 819 4097 templatione.
853 4027 960 4084 Nec
986 4030 1277 4099 immerito,
1307 4046 1428 4086 cmn
1458 4039 1515 4087 et
1552 4031 1667 4101 ipse
1705 4046 1919 4091 sensus.
1948 4032 2040 4103 qui

446 4118 638 4187 quinto
666 4120 754 4175 die
783 4130 1012 4177 naturae
1046 4137 1227 4176 rerum
1265 4123 1542 4187 inseritur,
1572 4125 2042 4194 quinquepertitus

443 4211 535 4267 sit.
567 4211 824 4270 Terrenis
848 4230 1065 4287 quoque
1090 4216 1414 4271 animalibus
1443 4224 1595 4271 sexta
1622 4217 1711 4271 die
1734 4218 2038 4287 copulatur,

442 4315 506 4358 ea
538 4305 858 4371 intentione,
891 4316 951 4362 ut
979 4307 1194 4378 opinor,
1223 4309 1481 4379 quoniam
1514 4310 1625 4379 ipsa
1658 4310 1918 4381 majorem
1947 4327 2041 4369 co—

445 4397 752 4464 gnationcm
778 4412 900 4453 cum
930 4399 1167 4462 homine,
1199 4400 1289 4470 qui
1320 4408 1473 4455 sexta
1504 4400 1591 4455 die
1620 4398 1795 4457 factus
1822 4412 1925 4466 est,
1960 4403 2038 4457 vi-

2074 3169 2121 3230 C

2155 1928 2240 1974 est
2267 1937 2279 1972 :
2308 1917 2374 1971 Et
2414 1918 2644 1989 Spiritus
2673 1918 2768 1973 Dei
2815 1920 3015 1990 fovebat
3049 1938 3245 1992 aquas;
3279 1936 3342 1975 ac
3371 1921 3451 1975 sic
3483 1920 3533 1974 in
3566 1919 3753 1975 condi-

2159 2012 2303 2067 tione
2325 2012 2748 2081 primordialintn
2771 2028 3053 2068 causarum
3080 2024 3302 2069 sanctae
3325 2012 3607 2067 Trinitatis
3628 2026 3755 2067 sua-

2158 2104 2313 2160 detur
2358 2104 2678 2174 proprietas.
2731 2104 2787 2158 ln
2838 2104 3273 2173 processionibus
3310 2102 3475 2157 etiam
3515 2102 3752 2173 ipsarum

2156 2209 2443 2250 Causarum
2468 2195 2518 2248 in
2543 2193 2742 2248 l‘ormas
2758 2204 2807 2250 et
2825 2194 3033 2264 species
3050 2210 3173 2249 suas
3186 2193 3411 2248 eandem
3429 2191 3751 2247 Trinitatem

2159 2284 2439 2355 Striptura
2490 2302 2919 2341 commemorare
2969 2285 3271 2355 inspicitur.
3330 2281 3489 2338 Verbi
3523 2281 3749 2353 gratia:

2157 2378 2307 2434 Dixit
2349 2380 2491 2436 Dens
2520 2394 2538 2432 :
2572 2378 2699 2435 Fiat
2724 2380 2817 2435 lux
2845 2422 2859 2443 ,
2911 2379 3001 2434 Dei
3036 2380 3253 2436 nomine
3284 2376 3529 2441 Patrem,
3575 2374 3752 2432 Verbo

2157 2481 2334 2525 autem
2388 2471 2671 2536 sensibili,
2715 2471 2856 2540 quod
2888 2480 2971 2526 est
3009 2469 3177 2535 dixit,
3216 2470 3548 2539 uuigenitun't
3576 2475 3630 2522 et
3660 2480 3752 2520 su-

2156 2562 2589 2634 perintelligitzile
2608 2561 2726 2632 ejus
2747 2560 3001 2625 Verbum,
3028 2561 3079 2615 in
3109 2576 3218 2631 quo
3241 2569 3296 2615 et
3318 2576 3413 2631 per
3435 2558 3575 2629 quod
3598 2556 3750 2624 fecit,

2154 2671 2293 2727 quae
2310 2665 2455 2718 sunt,
2473 2654 2674 2708 Omnia.
2701 2652 2798 2709 Ubi
2816 2668 2945 2708 vero
2961 2652 3110 2719 dicit,
3128 2652 3149 2684 ⁸
3169 2671 3182 2707 :
3201 2650 3267 2705 Et
3285 2652 3409 2705 vidit
3430 2649 3567 2704 Deus
3582 2648 3753 2704 lucem

2153 2750 2278 2816 quia
2313 2748 2446 2801 ὺιιηίι
2470 2758 2565 2811 est,
2610 2745 2871 2814 Spiritum
2914 2752 3162 2799 sanctum
3196 2742 3455 2797 insinuat.
3491 2739 3545 2795 Id
3573 2740 3747 2811 ipsum

2156 2841 2206 2894 in
2252 2839 2449 2893 cett-ris
2491 2853 2704 2907 quoque
2741 2836 2933 2890 diebus
2979 2835 3137 2901 facit,
3188 2834 3512 2903 ubicumque
3556 2830 3748 2887 addit:

2156 2928 2221 2982 Et
2255 2928 2382 2982 vidit
2418 2927 2557 2981 Deus
2611 2927 2754 2999 quod
2780 2936 2908 2980 esset
2935 2925 3147 2979 bonum.
3169 2923 3335 2978 Sexta
3349 2938 3479 2977 vero
3509 2922 3595 2977 die
3622 2922 3749 2977 dum

2151 3020 2276 3074 ltom
2302 3043 2312 3070 l
2344 3020 2626 3077 formatur,
2651 3026 2701 3071 et
2726 3018 2901 3073 unitas
2937 3016 3150 3072 divinae
3172 3023 3421 3080 naturae,
3443 3023 3500 3069 et
3533 3012 3748 3070 trinitas

2154 3112 2490 3182 apct'tissitttc
2537 3110 2917 3180 praedicatur:
2966 3110 3147 3165 unitas
3181 3109 3399 3180 quidem
3429 3106 3660 3163 dicendo
3696 3113 3749 3161 et

2122 3206 2245 3273 init,
2280 3211 2334 3257 nt
2367 3203 2719 3257 snbaudiatur
2752 3202 2913 3268 Deus,
2962 3203 3046 3256 vel
3074 3202 3095 3234 ⁸
3121 3201 3263 3258 sicut
3306 3210 3489 3277 aperte
3517 3198 3750 3270 Septua-

2149 3300 2297 3371 ginta
2328 3297 2662 3367 interpretati
2693 3308 2847 3358 sunt.
2884 3307 2930 3351 et
2970 3297 3103 3351 dixit
3156 3296 3312 3362 Deus,
3346 3294 3535 3368 plurali
3562 3303 3745 3352 autem

2149 3391 2333 3456 verbo,
2360 3393 2501 3462 quod
2528 3400 2611 3447 est
2639 3391 2933 3460 faciamus,
2970 3400 3081 3446 tres
3111 3390 3446 3446 substantiae
3470 3389 3628 3444 unius
3656 3403 3748 3445 es-

2149 3485 2373 3547 sentiae,
2405 3482 2486 3536 vel
2526 3490 2579 3537 ut
2615 3481 2866 3537 usitatius
2900 3479 3078 3535 Latini
3111 3479 3315 3544 volunt,
3345 3488 3455 3535 tres
3479 3490 3747 3550 personae

2147 3578 2310 3634 unius
2352 3578 2688 3634 substantiae
2726 3574 3123 3646 exprimuntur.
3159 3571 3266 3628 Nec
3316 3570 3608 3627 innuerito.
3637 3566 3743 3637 Ubi

2147 3674 2294 3729 enim
2338 3690 2516 3745 Imago
2544 3671 2818 3733 conditur,
2846 3669 2919 3726 ibi
2949 3665 3251 3739 principale
3279 3663 3608 3747 exemplum,
3648 3677 3749 3718 eth

2141 3764 2233 3835 jus
2277 3766 2454 3838 imago
2485 3773 2588 3821 est.
2637 3761 2979 3833 apertissime
3019 3759 3282 3830 aperitur.

2218 3853 2306 3906 tl.
2336 3852 2443 3907 Sed
2472 3851 2729 3921 quoniam
2760 3851 2940 3914 bomo,
2965 3846 3091 3902 dum
3134 3847 3155 3879 ⁷
3186 3847 3260 3902 sit
3282 3861 3444 3911 unus,
3485 3841 3649 3900 veluti
3674 3854 3744 3900 ex

2147 3945 2331 3999 multis
2351 3944 2597 4013 partibus
2618 3941 2948 4011 compositus
2971 3949 3084 4004 est;
3113 3947 3327 3994 constat
3357 3939 3500 3993 enim
3527 3952 3595 3991 ex
3620 3950 3746 3991 cor-

2144 4051 2296 4107 pore,
2330 4036 2434 4091 hoc
2458 4043 2541 4089 est
2565 4049 2631 4088 ex
2660 4032 2889 4089 formata
2918 4030 3145 4085 materia
3187 4027 3428 4083 sensibili
3456 4035 3511 4083 et
3536 4027 3741 4094 anima,

2144 4132 2248 4187 hoc
2303 4138 2386 4185 est
2433 4143 2595 4183 sensu
2642 4135 2697 4183 et
2748 4125 2975 4184 ratione,
3028 4132 3083 4176 et
3134 4119 3430 4185 intellectu,
3482 4125 3538 4173 et
3589 4115 3742 4174 vitali

2144 4231 2291 4279 motu
2322 4238 2337 4275 :
2367 4219 2670 4292 quaeritur,
2711 4224 2894 4271 utnnn
2930 4229 3027 4285 per
3055 4227 3245 4267 omnes
3288 4225 3415 4265 suas
3445 4217 3631 4280 partes
3670 4202 3743 4264 ad

2143 4314 2431 4384 imaginem
2491 4309 2582 4365 Dei
2613 4310 2789 4367 homo.
2815 4307 2838 4338 “
2874 4304 3050 4360 factus
3084 4312 3191 4370 est,
3222 4318 3290 4359 an
3321 4300 3618 4357 secundum
3646 4313 3745 4357 eas

2142 4402 2501 4464 solmnmodo,
2534 4414 2673 4471 quae
2703 4399 2756 4454 in
2795 4412 2861 4453 eo
2896 4394 3209 4451 excelsioris
3235 4392 3319 4450 vel
3349 4390 3743 4447 excellentissi-

444 4491 643 4547 tlentur
668 4492 888 4561 habere,
920 4510 1085 4563 quam
1115 4509 1255 4565 quae
1281 4495 1350 4549 de
1392 4510 1657 4566 aquarum
1690 4507 1880 4552 natura
1913 4513 2036 4568 pro-
2064 4513 2117 4572 ι)
2144 4510 2266 4551 mae
2291 4504 2516 4551 naturae
2545 4501 2692 4549 sunt.
2730 4491 2794 4546 Et
2827 4489 2958 4560 quid
2988 4487 3080 4542 tibi
3110 4487 3325 4542 videtur
3357 4485 3425 4541 de
3449 4483 3539 4540 tali
3573 4498 3742 4555 nego-

440 4585 601 4640 ducta
650 4595 793 4642 sunt.
851 4587 969 4657 Ipse
1017 4587 1198 4658 itaque
1246 4588 1447 4654 homo,
1491 4587 1646 4655 cujus
1686 4589 1926 4645 conditio
1979 4590 2032 4644 in

440 4678 735 4748 praedictis
762 4678 981 4735 divinae
1009 4680 1342 4749 operationis
1369 4680 1915 4750 contemplationibus
1939 4696 2037 4751 per

440 4770 645 4841 singula
680 4770 902 4827 latentet
946 4771 1272 4836 insinuatur,
1305 4772 1558 4842 quoniam
1601 4773 1653 4828 in
1687 4773 1802 4843 ipso
1828 4783 1883 4828 et
1910 4788 2035 4827 eum

441 4858 556 4929 ipso
579 4863 858 4930 praedicta
888 4865 1073 4920 omnia
1122 4865 1335 4921 cemlita
1367 4878 1487 4921 sunt
1520 4905 1535 4929 ,
1583 4880 1689 4921 non
1728 4881 1826 4937 per
1855 4881 2038 4922 moras

443 4961 638 5021 tempot
655 4970 786 5019 um,
835 4957 931 5013 sed
975 4957 1319 5014 ordinatione
1365 4972 1652 5014 causarum
1700 4958 1752 5012 in
1806 4958 2035 5018 etl‘ectus

442 5055 571 5098 suos
600 5049 951 5115 manantium,
987 5051 1042 5105 in
1094 5051 1197 5107 line
1244 5052 1411 5109 totius
1459 5051 1828 5109 universitatis
1858 5054 2035 5109 mani-

442 5131 580 5191 feste
608 5138 681 5193 tot
697 5150 896 5205 matur,
922 5142 1138 5198 senaria
1167 5143 1486 5213 repetitione
1508 5144 1860 5213 propbeticae
1883 5145 2033 5200 theo-

437 5227 552 5283 riae
581 5241 822 5299 peracta,
852 5242 909 5287 ut
936 5251 1001 5292 eo
1029 5250 1256 5290 numero
1289 5251 1392 5289 non
1432 5233 1603 5289 solum
1644 5236 1905 5304 perfectio
1932 5235 2032 5291 lut-

433 5334 634 5377 manae
684 5333 931 5391 naturae,
981 5343 1170 5383 verum
1202 5327 1368 5383 etiam
1416 5326 1680 5392 omnium,
1728 5342 1869 5396 quae
1904 5338 2031 5384 ante

432 5411 607 5482 ipsam
635 5414 905 5487 explicata
937 5429 1084 5487 sunt,
1113 5420 1166 5475 iu
1213 5435 1279 5475 ea
1324 5417 1564 5475 conditio
1604 5418 2026 5490 signiﬁcaretur,

2145 4590 2240 4653 tio,
2271 4589 2315 4644 si
2348 4588 2499 4652 libet,
2520 4586 2779 4641 edissere.
2809 4582 2953 4640 DISC.
2980 4581 3055 4636 De
3078 4581 3181 4636 bac
3202 4578 3523 4652 quaestione
3546 4590 3740 4635 omnes

2143 4680 2257 4736 fere
2299 4694 2488 4735 sacrae
2533 4677 2850 4749 Scripturae
2891 4674 3229 4745 expositores
3272 4689 3379 4729 non
3427 4679 3627 4728 tacent.
3670 4669 3742 4727 Et

2141 4772 2374 4843 primum
2404 4769 2620 4840 quidem
2647 4769 2975 4824 unanimiter
3007 4766 3313 4838 perhibent,
3352 4765 3648 4829 hominem,
3680 4763 3739 4822 in

2141 4876 2404 4936 quantum
2452 4879 2649 4936 corpus
2696 4872 2818 4929 est,
2862 4863 2931 4918 ad
2978 4860 3267 4933 imaginem
3315 4860 3410 4916 Dei
3458 4876 3565 4915 non
3612 4872 3738 4914 esse

2143 4957 2379 5020 facttnn;
2413 4957 2555 5010 Deus
2582 4954 2780 5026 quippe
2810 4954 3160 5024 incorporeus
3198 4960 3312 5018 est,
3347 4948 3589 5025 nihilque
3614 4963 3738 5004 cor-

2138 5050 2441 5122 poralitatis
2462 5048 2511 5103 ei
2536 5048 2695 5113 inest,
2719 5046 2802 5102 vel
2827 5046 3043 5102 accidit.
3072 5043 3263 5100 Utrum
3289 5059 3418 5099 vero
3437 5042 3734 5099 secundum

2140 5140 2438 5204 animam’,
2455 5140 2559 5196 hoe
2571 5147 2657 5195 est
2679 5137 2972 5194 secundum
2988 5150 3178 5190 omnes
3194 5144 3395 5207 partes,
3416 5149 3556 5204 quae
3572 5131 3735 5190 intel-

2139 5231 2380 5305 liguntur
2409 5232 2462 5287 in
2494 5233 2696 5297 anima,
2726 5230 2793 5284 ad
2822 5229 3114 5299 imaginem
3145 5225 3238 5281 Dei
3264 5224 3513 5280 conditus
3534 5231 3636 5288 est,
3662 5238 3733 5281 an

2139 5327 2435 5384 secundum
2466 5323 2856 5397 praecellentes
2888 5318 3247 5384 solummodo,
3275 5316 3671 5373 studiosissime
3698 5330 3733 5371 ι

2138 5394 2513 5491 spiritualibus
2552 5418 2690 5472 viris
2714 5423 2800 5472 est
2827 5413 2873 5447 “
2900 5412 3204 5485 quaesitum
3222 5450 3239 5480 ,
3284 5419 3340 5467 et
3383 5410 3451 5469 ad
3480 5409 3585 5467 hoc
3607 5423 3731 5480 per.
3756 5394 3781 5415 ³

1733 5556 1816 5612 VA
1826 5556 1985 5615 RlAE
2020 5555 2421 5618 LECTIONES.

497 5680 522 5720 ⁸
558 5685 652 5762 Sic
696 5687 814 5748 CF:
867 5691 906 5745 Α
938 5706 1063 5762 qua.
1141 5692 1163 5723 '
1204 5691 1297 5747 Sic
1341 5691 1457 5752 CF;
1511 5691 1555 5745 A
1606 5692 2023 5750 snbstantialiter
2071 5714 2181 5754 esse
2225 5696 2406 5750 vitam.

1449 5763 1472 5795 ⁸
1501 5762 1598 5821 Sic
1628 5762 1744 5832 Ct";
1790 5765 1866 5821 re!
1894 5782 2004 5827 om.
2030 5768 2099 5827 Δ.
2174 5770 2195 5801 ⁷
2225 5766 2316 5824 Sic
2342 5764 2427 5823 CF
2453 5783 2470 5833 ;
2505 5766 2550 5822 A
2581 5781 2721 5821 cum.

428 5753 731 5823 pluralitas.
808 5761 832 5793 ³
872 5753 965 5817 sui
992 5761 1078 5819 CF
1098 5780 1112 5827 ;
1142 5763 1189 5816 Α
1218 5763 1371 5817 dixit.

430 5828 720 5884 secundum
758 5833 957 5888 omnia.
1036 5833 1082 5867 "
1109 5843 1185 5891 est
1215 5848 1326 5891 om.
1356 5831 1465 5891 CF.

1810 5936 1963 5961 ..,,

2505 5695 2526 5727 ³
2566 5691 2660 5748 Sic
2702 5689 2819 5757 CF;
2868 5693 2915 5748 Α
2950 5692 3006 5747 in
3044 5690 3264 5763 quinta;
3341 5688 3375 5763 δέ
3404 5685 3499 5763 S_i_c
3527 5684 3645 5763 (Eli;
3680 5686 3730 5763 ᾼ

2799 5756 3140 5823 'Iiomoom.
3180 5760 3288 5820 CF.
3359 5756 3731 5829 ’SicCF;.\

3717 5874 3733 5902 δ
