4212 6272
480 326 580 405 7‘37

1874 310 2161 402 JOANNIS
2195 324 2390 401 SCOTI

3671 326 3781 408 iss

475 447 695 529 ventum
716 503 731 529 ,
772 444 880 518 non
926 458 1055 518 alibi
1094 440 1198 516 nisi
1236 461 1532 517 secundum
1558 456 2071 516 excellentissimam
2102 464 2150 523 Α
2177 458 2474 529 Gregorius
2522 455 2793 529 Nyssacus
2822 457 3019 515 asserit
3052 459 3106 515 in
3146 470 3397 516 sermone
3430 459 3495 517 de
3524 461 3776 533 imagine.

475 554 557 609 sui
599 544 840 625 partem,
873 550 1265 625 intelligibilem
1295 552 1583 617 videlicet,
1613 550 1848 607 divinam
1880 551 2073 622 imagi-

476 662 599 700 nem
627 644 878 717 exprimi.
904 631 1054 712 Quae
1081 662 1210 718 pars
1235 645 1400 701 veluti
1434 645 1700 700 triformis
1731 644 2070 716 intelligitur,

475 720 528 793 ia
562 738 832 794 intellectu
859 738 1037 808 plane,
1070 749 1127 793 ct
1158 738 1400 802 ratione,
1426 745 1483 792 et
1509 751 1672 793 sensu
1706 738 1974 805 interiori,
2006 736 2072 796 de

473 826 672 900 quibus
716 827 768 884 in
812 828 828 860 ¹
879 828 1254 899 superioribus
1291 826 1445 884 libris
1497 829 1663 883 multa
1698 828 1839 884 inter
1872 847 1969 886 nos
1998 828 2073 886 al-

475 927 685 975 ternata
713 929 857 975 sunt.
884 918 975 973 Illa
1005 919 1267 990 siquidem
1311 920 1421 974 vita
1440 961 1455 985 ,
1480 936 1586 991 qua
1610 910 1809 992 corpus
1835 923 2070 977 admini-

474 1019 677 1067 stratur
702 1011 744 1077 ⁸,
772 1020 827 1067 et
853 1027 955 1083 qua
989 1011 1169 1084 anima
1210 1013 1445 1066 humana
1494 1013 1785 1067 nutritivae
1821 1020 1876 1068 ct
1901 1014 2072 1068 aucti-

471 1094 572 1160 vae
610 1096 768 1170 vitae,
802 1092 942 1177 quae
977 1104 1162 1160 herbis
1190 1116 1247 1161 et
1271 1104 1557 1161 arboribus
1585 1104 1889 1176 specialiter
1917 1106 2073 1160 attri-

471 1182 603 1251 b-uta
650 1203 772 1261 est,
833 1184 1239 1252 communicare
1292 1195 1543 1265 videtur,
1605 1213 1800 1253 sensus
1852 1213 2072 1269 quoque

466 1274 713 1361 exterior
765 1293 823 1341 et
865 1286 1382 1358 quinquepertitus,
1438 1303 1546 1358 quo
1606 1288 2070 1345 irrationabilibus

471 1360 798 1450 animalibus
847 1378 1011 1433 homo
1051 1379 1447 1445 communicat,
1496 1378 1743 1449 quamvis
1782 1378 1847 1434 ad
1886 1384 2070 1450 partes

472 1454 686 1533 animae
729 1467 1000 1538 pertinere
1054 1467 1422 1540 intelligantur
1447 1470 1489 1537 ³,
1513 1469 1593 1526 eis
1620 1468 1642 1501 ‘
1670 1479 1847 1527 tamen
1892 1471 2071 1529 inesse

469 1546 761 1631 imaginem
808 1558 903 1614 Dei
944 1559 1097 1614 multi
1147 1562 1419 1631 sapientes
1463 1562 1752 1634 abnegant.
1797 1563 1902 1619 Sed
1941 1564 2066 1620 dum

468 1652 583 1723 ipsa
621 1654 760 1710 ratio
784 1654 1074 1710 humanam
1105 1655 1341 1710 animam
1372 1655 1679 1727 diligentius
1702 1658 2063 1729 conspicatur,

466 1737 901 1814 simplicissimae
939 1756 1165 1801 naturae
1206 1762 1325 1802 eam
1374 1746 1594 1818 reperit,
1650 1758 1928 1821 totamque
1968 1767 2066 1822 per

2252 548 2390 604 Hine
2427 549 2585 604 datur
2616 550 2870 619 intelligi,
2905 559 3072 606 totam
3100 552 3339 607 animam
3368 550 3665 609 humanam
3709 557 3778 613 ad

2180 642 2470 711 imaginem
2498 642 2593 698 Dei
2620 642 2841 710 factam,
2871 642 2996 717 quia
3031 654 3140 701 tota
3170 644 3473 703 intellectus
3498 657 3585 703 est
3615 649 3776 705 intel-

2176 733 2367 805 ligans,
2399 744 2507 790 tota
2538 736 2677 790 ratio
2706 736 3007 807 diSputans,
3052 732 3162 794 tota
3194 738 3389 795 sensus
3424 740 3481 796 in
3526 740 3777 800 interiori

2176 833 2338 882 s'ensu
2391 836 2446 882 et
2492 829 2763 893 sentiens,
2818 837 2926 883 tota
2970 829 3080 885 vita
3129 838 3184 886 ct
3217 829 3522 889 viviﬁcans.
3555 833 3775 892 Duobus

2176 928 2354 973 autem
2382 919 2556 974 modis
2596 919 2830 975 maxime
2869 914 3159 976 humanam
3205 922 3443 979 animam
3475 925 3543 979 ad
3587 926 3779 999 imagi-

2175 1023 2298 1063 nem
2331 1008 2423 1064 Dei
2455 1009 2648 1064 iactant
2679 1011 3056 1082 cognoscimus
3083 1031 3094 1066 :
3128 1000 3304 1084 pritno
3342 1015 3584 1084 quidem,
3607 1018 3771 1088 quod,

2175 1097 2319 1152 sicut
2359 1098 2502 1153 Deus
2546 1113 2644 1168 per
2689 1101 2868 1154 onmia
2909 1110 3049 1172 quae
3085 1111 3212 1158 sunt
3257 1103 3597 1173 diffunditur,
3647 1119 3701 1163 et
3742 1125 3774 1164 a

2175 1190 2322 1246 nullo
2350 1205 2535 1246 eorum
2567 1196 2744 1262 potem
2765 1193 3173 1263 comprehendi,
3207 1195 3281 1250 ita
3314 1195 3360 1229 “
3390 1197 3573 1252 anima
3605 1208 3772 1255 totum

2174 1281 2255 1337 sui
2284 1281 2527 1351 corporis
2551 1296 2813 1353 organum
2844 1291 3114 1354 penetrat,
3141 1285 3208 1340 ab
3228 1300 3293 1342 co
3317 1293 3497 1341 tamen
3527 1288 3777 1345 concludi

2174 1388 2280 1429 non
2322 1374 2495 1440 valet;
2531 1375 2768 1430 secundo
2800 1377 2967 1441 "vero,
2999 1379 3161 1447 quod
3205 1380 3664 1449 quemadmodum
3709 1382 3774 1438 de

2173 1464 2283 1520 Deo
2308 1465 2652 1535 praedicatur
2689 1465 3027 1523 solummodo
3056 1470 3197 1534 esse,
3231 1469 3378 1526 nullo
3406 1472 3569 1528 modo
3593 1482 3771 1529 autem

2172 1555 2429 1612 deﬁnitur
2455 1559 2581 1627 quid
2616 1556 2715 1624 -sit,
2747 1560 2819 1613 ita
2850 1560 2896 1599 ιδ
2928 1560 3161 1615 humana
3193 1562 3374 1618 anima
3404 1567 3771 1623 tantummodo

2172 1649 2493 1721 intelligitur
2525 1665 2674 1716 esse,
2706 1648 2836 1720 quid
2868 1641 3044 1707 auteui
3087 1655 3157 1708 sit
3186 1695 3200 1719 ,
3249 1669 3347 1710 nec
3378 1649 3469 1710 illa
3496 1657 3631 1727 ipsa,
3674 1675 3771 1715 nec

2132 1756 2145 1776 ο
2171 1739 2274 1794 alia
2305 1749 2554 1795 creatura
2596 1739 2865 1812 intelligit.
2897 1740 3047 1797 Sicut
3087 1743 3366 1813 praefatus
3401 1745 3696 1818 Gregorius
3718 1749 3771 1804 in
3828 1760 3835 1765 ‘

467 1822 637 1913 totum
680 1833 735 1890 in
781 1836 1082 1909 seipsaaet
1123 1837 1270 1893 nullo
1298 1840 1460 1895 modo
1492 1840 1543 1895 in
1588 1840 1765 1911 aliqua
1799 1818 1880 1897 sui
1909 1818 2059 1914 parte

2172 1833 2457 1890 undecimo
2483 1834 2720 1904 capitulo
2750 1834 3009 1904 praedicti
3040 1838 3312 1893 sermonis
3351 1818 3419 1894 die
3442 1839 3678 1911 imagine
3702 1840 3770 1909 η,

467 1922 781 2006 dissimilem
809 1926 912 1993 sui,
944 1926 1029 1981 vel
1056 1926 1393 1997 inferiorem,
1420 1929 1505 1984 vel
1532 1932 1862 2000 superiorem
1888 1933 2063 2002 seipsa

465 2018 519 2070 in
549 2017 656 2072 ullo
686 2033 898 2085 eorum,
933 2036 1073 2090 quae
1102 2021 1156 2076 in
1189 2023 1304 2094 ipsa
1333 2026 1699 2081 essentialiter
1726 2042 1845 2082 esse
1877 2027 2069 2083 intelli-

464 2092 685 2187 guntur.
732 2108 867 2164 Tota
907 2111 1127 2183 quippe,
1181 2092 1241 2168 uit
1282 2116 1618 2185 praedictum
1659 2128 1741 2173 est
1781 2119 1825 2184 ⁸,
1869 2122 2068 2191 'corpus

463 2211 621 2265 suum
653 2198 1015 2275 administrat,
1050 2202 1241 2269 nutrit,
1266 2216 1429 2275 auget
1455 2205 1475 2235 ⁵
1500 2223 1514 2271 ;
1543 2215 1653 2262 tota
1676 2209 1843 2263 sentit
1869 2207 1921 2263 in
1951 2224 2068 2263 sen-

462 2278 645 2370 sibus;
671 2298 778 2345 tota
797 2272 976 2347 reruni
1003 2294 1336 2350 sensibilium
1361 2298 1676 2366 phantasias
1707 2301 1927 2370 recipit;
1956 2311 2066 2357 tota

462 2368 515 2455 in
549 2384 930 2439 occursoribus
972 2387 1242 2451 numeris,
1273 2388 1366 2459 qui
1407 2388 1566 2458 primi
1598 2373 1915 2461 phantasias
1942 2407 2065 2447 sen-

460 2473 699 2554 sibilium
730 2472 1054 2548 suseipiunt;
1097 2486 1204 2533 tota
1253 2479 1305 2534 in
1339 2483 1800 2552 progressoribus,
1829 2484 1923 2554 qui
1970 2500 2064 2541 eas

461 2552 841 2645 introducunt;
868 2574 978 2622 tota
1010 2556 1066 2622 in
1094 2567 1650 2642 recordabilibus,qui
1678 2552 2065 2630 easdein'me-

461 2656 670 2741 nioriae
709 2656 1129 2727 commendant,
1185 2670 1298 2717 tota
1347 2663 1399 2717 in
1457 2672 1567 2720 tota
1617 2668 1900 2733 memoria,
1948 2677 2060 2724 tota

459 2766 624 2835 super
644 2764 820 2831 totam
852 2760 1194 2825 memoriam,
1229 2760 1341 2816 sive
1371 2778 1551 2817 rerum
1580 2764 1919 2821 sensibilium
1947 2766 2061 2821 sive

459 2856 643 2925 ricrum
674 2842 1115 2927 intelligibiliuui.
1146 2847 1229 2903 Ac
1259 2864 1358 2919 per
1384 2852 1488 2907 hoc
1514 2867 1622 2906 non
1656 2852 1798 2910 illius
1824 2856 2058 2923 partium

458 2931 780 3017 diversitas,
825 2936 871 2991 si
928 2946 1106 2994 tamen
1160 2950 1346 3009 partes
1397 2941 1449 2996 in
1502 2958 1564 2997 ea
1608 2958 1729 2999 esse
1769 2941 2059 2999 dicendum

456 3036 541 3109 qst
568 3027 612 3092 ⁸,
645 3028 742 3085 sed
789 3029 1317 3110 adminislrationum
1349 3050 1414 3092 ac
1441 3046 1684 3093 motuum
1712 3039 1947 3096 varietas
1978 3040 2059 3095 di-

455 3117 766 3197 gnoscitur;
798 3129 976 3178 motus
1001 3124 1198 3194 quippe
1242 3124 1359 3195 ejus
1398 3136 1581 3196 partes
1619 3126 1736 3198 ejus
1779 3140 1937 3197 sunt,
1964 3130 2054 3200 qui

2168 1940 2463 1995 corporeos
2493 1942 2688 1981 sensus
2718 1927 2785 1981 ab
2810 1928 2977 1982 animi
3006 1936 3196 1982 natura
3225 1930 3565 1997 discernens,
3594 1932 3775 2003 expla-

2168 2026 2264 2071 nat
2292 2016 2466 2086 ipsum
2512 2020 2787 2086 animum,
2820 2006 3423 2092 incortipreltensibiletn
3470 2023 3763 2081 allirmans.

2170 2108 2310 2174 Quid
2359 2109 2520 2179 igitur
2546 2118 2655 2176 est,
2686 2111 2891 2181 inquit,
2921 2114 3130 2167 animus
3169 2114 3449 2169 secundum
3485 2118 3572 2169 eui
3604 2127 3761 2169 natu-

2168 2215 2303 2265 ram,
2325 2203 2413 2270 qui
2444 2217 2690 2255 sensuum
2722 2203 2998 2257 virtutibus
3022 2204 3248 2273 seipsum
3272 2205 3574 2274 impertitu’r,
3601 2214 3646 2257 et
3668 2220 3761 2274 per

2166 2292 2401 2363 singulas
2431 2295 2794 2349 convenienter
2817 2310 3018 2359 eorum,
3042 2312 3177 2366 quae
3211 2305 3352 2361 sunt,
3382 2297 3652 2350 scientiam
3683 2313 3767 2350 re-

2166 2385 2288 2457 cipit
2310 2386 2337 2439 Ρ
2367 2385 2507 2439 Nam
2548 2388 2671 2457 quia
2718 2386 2866 2440 aliud
2917 2389 3042 2458 quid
3071 2399 3280 2458 praeter
3317 2399 3496 2443 sensus
3527 2398 3624 2452 est,
3666 2398 3768 2441 non

2165 2479 2394 2533 arbitror
2432 2482 3085 2551 quempimn'sapientium
3127 2482 3387 2537 dubitare.
3444 2482 3506 2538 Si
3539 2483 3675 2537 enim
3712 2482 3768 2537 id

2162 2572 2334 2641 ipsum
2384 2585 2533 2638 esset,
2570 2573 2748 2627 sensui
2792 2574 2860 2626 ud
2890 2562 3051 2627 unum
3085 2562 3297 2628 oinuino
3337 2575 3549 2629 haberet
3578 2591 3765 2629 secun-

2163 2661 2289 2717 dum
2315 2661 2361 2697 ⁸⁸
2395 2677 2602 2717 sensum
2629 2678 2844 2734 operum
2885 2664 3219 2729 societatem;
3267 2678 3328 2719 eo
3364 2658 3503 2735 quod
3552 2664 3768 2734 sintplex

2162 2753 2370 2822 quidem
2397 2754 2505 2823 ipse
2550 2763 2646 2816 est,
2695 2753 2770 2808 nil
2795 2764 2969 2809 autem
2994 2756 3198 2810 vatium
3229 2757 3284 2811 in
3313 2757 3504 2828 simplo
3526 2757 3569 2791 “
3594 2756 3766 2811 consi-

2165 2847 2404 2897 deratur.
2446 2841 2499 2897 Ν
2507 2859 2606 2897 unc
2629 2842 2676 2876 ¹⁰
2708 2858 2828 2898 vero
2852 2846 3093 2899 omnibus
3133 2848 3451 2917 comparatis
3481 2848 3629 2901 aliud
3650 2849 3767 2917 qui-

2162 2936 2280 2993 dem
2301 2946 2500 2990 tactum
2529 2953 2662 3003 esse,
2690 2936 2843 2991 aliud
2863 2937 3139 3008 olfactum,
3163 2940 3284 2994 aliis
3307 2941 3553 2995 similiter
3572 2941 3767 3012 absque

2162 3029 2527 3084 communione
2550 3029 2619 3084 ad
2646 3046 2701 3084 se
2737 3016 2950 3085 invicem
2976 3033 3262 3104 dispositis,
3294 3034 3542 3105 quoniam
3570 3048 3765 3105 nequa-

2163 3120 2284 3174 lite‘r
2313 3123 2593 3192 unicuique
2645 3133 2694 3178 et
2745 3124 3111 3179 convenienter
3148 3128 3329 3192 adest;
3386 3127 3609 3181 alterum
3637 3125 3766 3199 quid

456 3206 702 3289 diversas
747 3206 1130 3282 intelligentias
1162 3214 1213 3268 in
1258 3215 1438 3271 anima
1476 3218 1698 3272 faciunt.
1728 3219 1848 3288 Ipsa
1888 3220 2059 3289 siqui-
2085 3212 2130 3274 C
2164 3218 2363 3283 oportet
2402 3216 2614 3268 omnino
2640 3216 2811 3284 ipsum
2838 3216 3076 3269 animum
3115 3227 3321 3286 praeter
3341 3232 3548 3271 sensum
3576 3216 3766 3270 substi-

454 3269 579 3383 dem
626 3292 679 3353 in
723 3269 1055 3383 seipsavtota
1104 3300 1301 3374 ubique
1329 3313 1413 3360 eSt
1438 3315 1493 3361 et
1536 3269 1841 3374 individtia;
1877 3269 2053 3365 mo'tus

455 3378 638 3481 tamen
676 3391 863 3462 ipsius,
893 3380 1030 3481 quos
1057 3396 1220 3451 etiam
1254 3413 1508 3454 numeros
1536 3398 1800 3456 animales
1834 3411 2050 3466 vocant,

626 3479 677 3569 in
706 3481 889 3536 anima
920 3470 1077 3571 sunt,
1107 3483 1334 3540 diversis
1371 3485 1817 3556 appellationibus
1848 3488 2051 3560 signiti-

455 3566 675 3649 guttur.
696 3568 832 3622 Dum
855 3566 1000 3649 enim
1041 3570 1186 3627 circa
1214 3576 1234 3607 ⁸
1256 3571 1568 3630 Creatorem
1597 3590 1790 3644 suum,
1817 3593 1979 3648 super
2009 3578 2052 3610 ¹⁸

453 3643 687 3727 ἕέῆηεηίι
718 3659 760 3691 ¹¹
800 3667 857 3715 et
893 3646 1056 3741 super
1085 3662 1248 3719 totius
1287 3674 1569 3722 creaturae
1618 3666 2046 3740 intelligentiam,

451 3747 874 3824 contemplativo
914 3756 1064 3807 motu
1110 3758 1378 3822 vcrsatur,
1411 3754 1717 3812 intellectus
1758 3775 1852 3815 seu
1898 3775 2051 3817 mens

452 3826 548 3927 {eu
596 3832 840 3912 animus;
893 3824 1019 3928 dum
1072 3848 1309 3928 rationes
1355 3865 1537 3906 rerum
1597 3850 1761 3907 veluti
1812 3856 2052 3912 secundo

451 3924 601 4021 motu
642 3926 873 4021 naturali
910 3924 1226 4017 investigat,
1262 3942 1436 4011 ratio;
1479 3945 1604 4000 dum
1638 3946 1843 4002 invenit
1875 3962 1967 4003 eas
1996 3955 2051 4004 et

451 4019 711 4124 discernit
742 4038 906 4111 atque
931 4033 1123 4124 deﬁnit
1142 4051 1375 4123 ,‘sensus
1423 4036 1677 4106 interior;
1712 4040 1836 4096 dum
1863 4040 2047 4097 reruni

448 4110 784 4214 ςὸιιεξὺίῐίυιη
814 4110 1134 4214 phantasias
1162 4112 1260 4196 per
1289 4128 1490 4199 organa
1530 4122 1891 4201 corporalium
1922 4150 2049 4189 sen-

449 4208 606 4303 suum
657 4215 887 4288 recipit,
936 4208 1130 4276 sensus
1177 4221 1435 4286 exterior,
1489 4212 1594 4277 non
1639 4224 1782 4293 quod
1821 4226 1892 4280 sit
1931 4224 2047 4296 ipse

448 4300 880 4390 substantialiter
906 4302 1097 4372 sensus
1130 4302 1369 4372 exterior
1397 4316 1577 4372 anima
1597 4357 1613 4384 ,
1643 4318 1738 4373 sed
1765 4318 1907 4390 quod
1948 4334 2049 4390 per

447 4388 622 4487 ipsum
663 4418 845 4460 rerum
884 4394 1218 4462 sensibilium
1260 4405 1464 4489 formas
1504 4416 1560 4463 et
1602 4388 1810 4477 species
1836 4388 2041 4476 sen’t'it;

2159 3304 2304 3357 tuere
2342 3316 2433 3375 per
2457 3315 2721 3369 naturam,
2753 3306 2815 3359 ne
2838 3306 2954 3375 quis
2979 3306 3125 3360 varia
3152 3306 3492 3361 intellectuali
3512 3306 3763 3377 simplici-

2159 3394 2253 3447 tati
2284 3395 2635 3449 commiscent.
2680 3394 2811 3460 Quis
2840 3398 3077 3467 cognovit
3119 3398 3354 3452 animum
3403 3394 3635 3462 Domini,
3685 3398 3763 3452 ait

2157 3485 2457 3555 Apostolus.
2507 3487 2620 3557 Ego
2662 3480 2838 3543 autem
2883 3497 3090 3560 praeter
3121 3491 3218 3545 hac
3253 3491 3413 3546 dico:
3450 3492 3567 3563 quis
3606 3504 3761 3547 suum

2156 3581 2391 3633 animum
2413 3579 2705 3636 intellexit?
2733 3581 2942 3647 Dieant,
2972 3583 3062 3653 qui
3106 3582 3204 3637 Dei
3233 3593 3477 3638 naturam
3503 3585 3642 3638 inter
3665 3599 3749 3647 ea,

2155 3682 2291 3740 quae
2315 3671 2370 3726 in
2396 3688 2576 3726 eorum
2606 3661 3063 3744 comprehensione
3077 3683 3218 3741 sunt,
3243 3675 3466 3745 faciunt,
3490 3675 3535 3729 si
3562 3676 3760 3745 seipsos

2154 3760 2521 3816 intellexerunt
2544 3763 2614 3828 “,
2650 3764 2697 3817 si
2728 3764 2777 3801 ’³
2820 3763 2903 3818 sui
2950 3761 3116 3817 animi
3147 3773 3394 3818 naturam
3423 3777 3707 3835 aequavere
3735 3765 3761 3818 .’

2158 3852 2390 3909 Multum
2421 3856 2667 3925 fortassis
2685 3855 2733 3887 ⁸³
2758 3854 3029 3926 partibilis
3054 3857 3271 3926 quidam
3293 3858 3340 3889 “
3366 3848 3463 3922 est,
3500 3857 3751 3913 multum-

2153 3963 2255 4019 que
2274 3950 2611 4018 compositus.
2642 3946 2713 4002 Et
2745 3948 3005 4019 quomodo
3031 3942 3382 4004 intellectuale
3407 3950 3463 4004 in
3501 3952 3759 4021 composi-

2152 4040 2292 4096 tione
2317 4050 2392 4096 “est
2408 4039 2552 4097 hiut
2578 4043 2694 4114 quis
2720 4040 2907 4095 modus
2932 4048 3008 4095 est
3030 4041 3351 4096 diversorum
3372 4056 3622 4113 generum
3635 4056 3758 4098 coni

2153 4130 2440 4189 eretianis?
2471 4133 2578 4190 Sed
2599 4133 2820 4205 simplex
2841 4132 2892 4166 "
2916 4142 2965 4188 et
2992 4133 3388 4206 incompositus,
3414 4135 3674 4205 quomodo
3696 4135 3754 4190 in

2149 4222 2509 4293 multipliciter
2529 4224 2778 4295 partitam
2795 4223 3185 4279 sensunlitatem
3202 4223 3473 4289 dividitur,
3488 4226 3754 4295 quomodo

2149 4313 2204 4366 in
2229 4312 2594 4383 singularitate
2607 4314 2826 4378 varium,
2849 4312 3177 4384 quomodo“
3198 4313 3253 4367 in
3274 4314 3524 4369 varietate
3546 4330 3710 4369 unum
3727 4314 3754 4368 i‘

2151 4402 2259 4457 Sed
2296 4419 2607 4474 cognoscens
2633 4416 2833 4471 eorum,
2879 4404 2944 4458 de
2967 4403 3158 4476 quibus
3186 4404 3483 4470 dubitatur,
3524 4404 3745 4459 solutio-

446 4490 641 4579 giagna
685 4501 831 4557 enim
867 4492 1168 4557 differentia
1210 4498 1295 4558 est
1328 4490 1467 4560 inter
1502 4514 1750 4559 naturam
1781 4505 2043 4577 simplicis

2152 4509 2289 4557 nent,
2326 4494 2384 4547 in
2411 4496 2580 4564 ipsam
2607 4494 2705 4549 Dei
2741 4510 2913 4550 vocem
2938 4495 2985 4528 ⁸⁷
3016 4510 3249 4553 recurro.
3278 4493 3567 4551 Faciamus
3588 4497 3747 4565 enim,

447 4574 637 4653 animi,
682 4597 737 4642 et
755 4588 1118 4658 corporalium
1166 4582 1643 4649 instrumentorum
1687 4574 2041 4665 multiplicem

2152 4585 2338 4655 inquit,
2386 4585 2650 4640 hominem
2698 4586 2768 4641 ad
2816 4587 3099 4658 imaginem
3129 4594 3176 4640 et
3225 4586 3621 4643 similitudinem
3651 4594 3742 4639 no'

446 4664 797 4765 varietatem;
831 4677 954 4734 dum
985 4668 1180 4749 corpus
1208 4670 1553 4737 administrat
1595 4664 1880 4741 nutriendo
1910 4682 2041 4741 illud
2095 4734 2099 4739 .

447 4778 503 4847 et
525 4768 791 4847 augendo,
821 4767 1001 4847 vitalis
1032 4778 1210 4824 motus
1242 4771 1440 4826 meruit
1480 4772 1739 4843 appellari
1765 4815 1780 4840 ,
1813 4775 1940 4830 dum
1971 4775 2047 4832 sit

447 4844 563 4931 ipsa
597 4844 1031 4929 simplicissimae
1065 4858 1106 4890 “
1128 4865 1182 4914 et
1205 4850 1509 4914 individuae
1538 4868 1594 4915 et
1628 4860 1968 4932 impartibilis
1995 4864 2041 4897 “

446 4934 735 5019 eSSentiac,
766 4960 821 5008 et
852 4950 898 4984 “
929 4966 1030 5008 nec
1068 4954 1244 5010 minor
1265 4953 1316 5010 in
1343 4948 1641 5013 minoribus
1677 4957 1789 5013 suis
1823 4957 2036 5026 oliiciis,

446 5030 549 5125 nec
579 5032 751 5112 major
786 5038 841 5101 in
869 5034 1194 5125 majoribus,
1242 5048 1339 5103 ne‘c
1383 5048 1618 5104 maxima
1660 5050 1713 5105 in
1760 5050 2034 5121 maximis,

445 5124 542 5215 sed
573 5136 628 5194 in
654 5136 906 5197 omnibus
944 5124 1161 5197 sibimet
1191 5138 1432 5212 aequalis
1460 5149 1561 5208 est,
1592 5151 1652 5199 ut
1692 5156 1919 5216 magnus
1949 5142 2039 5200 ille

2151 4685 2286 4733 tram
2313 4678 2385 4729 ³³.
2414 4676 2604 4747 Imago
2647 4678 2812 4733 donec
2853 4680 2909 4733 in
2934 4679 3082 4734 nullo
3110 4696 3314 4746 eorum,
3342 4695 3477 4750 quae
3514 4679 3569 4732 in
3593 4677 3740 4747 prin-

2150 4765 2310 4837 cipali
2358 4764 2725 4837 intelliguntur
2769 4767 3038 4838 exemplo,
3091 4769 3337 4839 deﬁciat,
3394 4766 3601 4837 proprie
3662 4775 3738 4821 est

2147 4860 2359 4928 iinago;
2403 4859 2450 4911 si
2490 4872 2608 4911 vero
2649 4857 2706 4915 in
2756 4857 2936 4929 aliqua
2963 4875 3029 4914 ea:
3068 4859 3409 4915 similitudine
3426 4855 3743 4927 principalis

2146 4947 2369 5020 exempli
2398 4951 2692 5015 excesserit,
2719 4949 2775 5004 in
2793 4949 2889 5004 illa
2910 4961 3058 5017 parte
3089 4952 3263 5023 imago
3290 4967 3393 5006 non
3413 4958 3507 5005 est.
3541 4946 3671 5004 Non
3693 4947 3740 4980 υ

2145 5055 2269 5112 ergo
2286 5041 2535 5109 quoniam
2559 5043 2619 5096 in
2641 5041 2744 5109 his,
2765 5052 2900 5113 quae
2923 5043 3063 5099 circa
3086 5044 3319 5100 diuinam
3340 5037 3746 5099 considerantur

2146 5142 2419 5202 naturam,
2439 5133 3031 5207 incomprehensibilitas
3070 5137 3329 5193 essentiae
3355 5145 3457 5203 est,
3506 5151 3742 5193 necesse:
3784 5124 3811 5189 ετ

1729 5294 1986 5352 VABIAE
2025 5292 2434 5353 LECTIONES.
3358 5360 3359 5365 η

454 5398 465 5405 ’
526 5419 548 5442 ⁵
579 5404 637 5481 in
680 5420 790 5462 om.
836 5405 901 5463 Δ.
976 5407 999 5441 ⁸
1036 5400 1128 5481 Sic
1312 5400 1527 5481 Aiale
1556 5418 1696 5466 (εισι-ιτ
1734 5411 2184 5466 subministratur.
2262 5412 2285 5444 ³
2310 5411 2401 5467 Sic
2432 5410 2539 5478 CF;
2582 5412 2629 5465 Α
2668 5409 3013 5481 intelligatur.
3091 5408 3243 5481 :_Sic
3272 5407 3384 5481 _C[j‘;
3413 5408 3552 5481 A_e_i.
3631 5406 3740 5481 fut

441 5476 766 5549 praedictum
791 5486 869 5549 est
886 5480 1111 5549 omaA.

442 5546 553 5604 om.
582 5546 692 5603 AC.
767 5547 810 5579 ⁸⁸
841 5546 931 5620 Sic
957 5548 1064 5620 AF;
1095 5549 1135 5605 C
1172 5566 1264 5620 per
1300 5551 1556 5619 seipsum.

502 5634 567 5673 ae
591 5628 811 5681 naturae
833 5627 890 5673 et
910 5619 1239 5675 individuae.

474 5682 555 5759 ξᾼ
575 5694 679 5759 tota
704 5689 964 5759 humana.
1037 5686 1083 5759 βξ
1108 5690 1171 5742 de
1197 5688 1423 5759 imagine
1439 5708 1547 5744 orn.
1582 5682 1624 5744 Ᾱ
1638 5737 1645 5744 .

1189 5480 1209 5510 ⁸
1236 5479 1326 5535 Sic
1351 5479 1456 5544 CF;
1490 5482 1533 5534 A
1575 5493 1620 5534 et
1652 5491 1827 5549 auget.
1904 5483 1923 5514 "
1969 5482 2060 5537 Sic
2099 5482 2206 5548 CF;
2244 5484 2452 5537 easdem
2493 5497 2603 5537 om.
2632 5482 2698 5536 A.

1637 5552 1676 5582 “
1715 5551 1769 5605 Α·
1788 5565 1953 5620 super
1970 5553 2204 5620 seipszun
2242 5553 2460 5608 attendit
2487 5564 2541 5606 et
2587 5551 2851 5623 (attendit
2893 5566 3011 5623 om.
3041 5548 3175 5623 QE.)

1317 5621 1361 5692 ’ἓ
1398 5621 1490 5677 Sic
1521 5620 1628 5692 CF;
1672 5623 1713 5674 A
1736 5622 1866 5676 etin
1909 5625 2146 5692 partibus
2178 5627 2463 5680 essentiae.

1724 5694 1768 5725 ¹³
1804 5695 2090 5747 secundum
2120 5714 2229 5748 nni.
2262 5694 2369 5751 CF.

2775 5480 2797 5513 ⁸
2839 5477 2915 5535 est
2945 5495 3053 5535 oui.
3086 5477 3193 5545 CF;
3269 5479 3290 5510 ⁹
3325 5479 3416 5533 Sic
3444 5477 3551 5545 CF;
3596 5479 3737 5533 circa

3254 5548 3298 5580 ¹²
3334 5552 3374 5601 Α
3403 5548 3739 5618 simplicissi-

2543 5617 2660 5676 “et
2691 5636 2800 5675 om.
2826 5621 2891 5675 Α.
2967 5621 3013 5653 ¹⁸
3036 5620 3129 5675 Sic
3159 5617 3276 5685 CF;
3315 5620 3355 5673 Α
3387 5629 3496 5672 tota
3514 5617 3732 5674 anima.

2447 5693 2492 5726 ⁸⁹
2524 5691 2614 5748 Sic
2630 5690 2755 5763 9F;
2787 5690 2835 5746 A
2860 5691 3155 5763 simplicet
3188 5690 3237 5763 '_“
3262 5688 3479 5763 Sic_CF_;
3509 5689 3560 5763 _A
3597 5689 3730 5763 Nec.

519 5753 563 5804 Α
591 5752 979 5831 imellexerint._
1032 5754 1079 5789 “
1095 5760 1148 5831 si
1176 5752 1325 5831 om:
1346 5759 1640 5831 CF.-_"Sic
1669 5761 1786 5826 CF;
1818 5764 2060 5831 fortassis
2090 5780 2201 5821 om.
2242 5767 2308 5820 A.
2384 5763 2433 5796 “
2461 5763 2554 5818 Sic
2581 5760 2665 5819 CF
2681 5780 2696 5827 ;
2805 5752 3034 5831 φκίάεῖπ.
3110 5762 3159 5799 ’⁸
3188 5760 3230 5816 F
3271 5761 3368 5817 sed
3402 5752 3732 5829 sisimplex.

443 5815 494 5852 u
518 5822 777 5891 quomodo
806 5837 918 5880 om'
953 5824 1020 5880 Α·
1093 5826 1137 5859 ’⁷
1159 5827 1206 5882 Α
1240 5842 1415 5883 υοσθηι
1444 5828 1563 5886 Dei.
1585 5893 1598 5904 .
1639 5831 1685 5863 ⁸⁸
1713 5815 1946 5890 ηοέἱταιη
1965 5815 2223 5893 adfati.
2242 5815 2345 5909 iis
2367 5834 2460 5891 Sic
2478 5815 3032 5902 ;"A'No.'m.""”
3190 5815 3201 5816 ί
3273 5815 3291 5817 "
3312 5815 3321 5817 ‘
3345 5815 3350 5817 ‘
3490 5815 3497 5867 ς
3582 5815 3595 5873 ᾖ

1924 5978 2014 6015 4."

2058 6006 2061 6011 ι
2107 5981 2142 6017 ’ἐκ
