4212 6272
401 354 508 427 ass

401 543 692 630 principale
713 551 1003 621 exemplum
1026 549 1366 604 imitationem
1397 549 1617 628 habere;
1635 544 1693 602 Si
1710 546 1844 601 enim
1868 544 1997 599 ima-

403 647 543 719 ginis
597 656 787 700 natura
825 641 1113 715 principale
1175 640 1468 711 exemplum
1510 636 1993 709 comprehenderit,

405 732 562 811 super
587 737 607 769 ⁸
638 734 1144 811 comprehensionem
1190 731 1320 799 erit;
1351 733 1397 787 si
1422 732 1766 787 contrarietas
1790 746 1992 797 eorum,

401 846 537 902 quae
560 824 1311 907 considerantu“invenitur,
1341 826 1480 895 quod
1510 834 1709 892 oportet
1738 823 1779 888 ³,
1814 839 1996 892 pecca-

400 906 511 996 tum
544 921 787 996 imaginis
830 912 1247 986 rﬁprehenditur.
1280 918 1546 985 Quoniam
1575 935 1693 973 vero
1723 916 1993 996 scientiam

428 1010 532 1081 'ugit
573 1006 687 1081 ipsa
719 1011 901 1085 nostri.
935 1010 1098 1065 animi
1147 1009 1168 1041 ⁸
1200 1000 1415 1076 natura,
1446 1027 1582 1080 quae
1604 1020 1679 1063 est
1709 992 1995 1063 secundum

397 1094 682 1171 imaginem
712 1100 1020 1166 conditoris,
1047 1100 1347 1173 diligentem
1379 1104 1447 1156 ad
1478 1101 1554 1169 id,
1585 1104 1723 1175 quod
1749 1102 1794 1155 ei
1817 1094 1997 1171 super-

397 1184 638 1261 ponitur,
661 1191 811 1246 liabet
834 1180 1234 1247 similitudinem
1266 1184 1346 1259 eo,
1375 1193 1514 1265 quod
1541 1194 1823 1248 secundum
1856 1193 1993 1262 seip-

398 1288 516 1336 sam
539 1293 613 1337 est
638 1270 956 1355 incognitus,
984 1266 1550 1352 incomprehensibilem
1579 1294 1822 1341 naturam
1867 1274 1995 1341 cha-

401 1360 744 1430 racteriaans.
772 1372 920 1430 Idem
948 1375 1002 1429 in
1029 1370 1186 1430 iertio
1210 1374 1419 1431 decimo
1444 1370 1712 1449 capitulo:
1734 1372 1995 1442 Quoniam

398 1461 806 1534 pulcherrimum
834 1456 1063 1520 omnium
1092 1477 1141 1521 et
1160 1454 1648 1522 excellentissimum
1678 1469 1868 1523 bonum
1889 1468 1996 1538 ipse

401 1542 542 1608 Deus
568 1564 663 1622 est,
696 1555 765 1609 ad
784 1572 937 1625 quem
969 1556 1147 1611 omnia
1181 1558 1486 1628 respiciunt,
1515 1575 1854 1630 quaecunque
1876 1557 1997 1612 boni

396 1644 586 1702 habent
606 1638 924 1703 desiderium
952 1665 969 1703 :
996 1659 1268 1723 propterea
1290 1640 1514 1705 dicimus
1538 1651 1695 1705 etiam
1716 1653 1949 1705 animum
1972 1635 1995 1682 ⁸

392 1722 469 1795 sic
499 1739 519 1772 ⁸
547 1739 617 1793 ad
664 1742 945 1811 imaginem
975 1730 1346 1817 fOi'iitosissinti
1389 1728 1612 1814 factum,
1642 1753 1897 1815 quatenus
1925 1740 1997 1797 ad

1222 346 1310 402 DE
1348 342 1691 401 DIVISIONE
1729 335 2083 437 ῌΑΤΗΒΑξ.
2110 334 2194 379 ’-
2218 336 2815 431 LiBERiQUARTUS.

403 440 542 524 rium
588 473 720 539 erit,
744 480 885 532 eum,
914 463 1002 537 qui
1048 461 1267 517 sortitur
1288 461 1591 532 imaginem,
1643 474 1845 543 pmnem
1879 463 1895 493 ι
1930 454 1999 535 ad
2025 452 2079 519 Α
2105 453 2343 541 copulam
2374 464 2421 508 et
2452 454 2871 535 similitudinem,
2902 472 3035 525 quae
3074 457 3145 511 ad
3168 456 3311 543 illud
3331 466 3426 533 sst,
3456 461 3693 535 eﬁiqitur,

3591 340 3698 401 790

2101 560 2282 615 expers
2324 532 2444 597 boni
2489 532 2699 622 omnino
2725 553 2819 598 est.
2868 540 2929 599 Si
2953 561 3073 615 ergo
3107 564 3267 601 unum
3299 532 3508 620 quidem
3534 532 3697 622 juxta

2100 621 2486 687 consideratam
2528 620 2784 688 rationem
2831 633 3022 688 bonum
3068 646 3142 691 est
3172 634 3238 701 “,
3270 628 3409 710 quod
3456 620 3570 694 vere
3598 636 3696 711 est,

2101 712 2319 778 animus
2341 735 2516 781 autem
2543 725 2612 779 ad
2648 726 2927 797 imaginem
2969 716 3091 781 boni
3120 726 3292 796 factus
3314 731 3383 794 “,
3405 730 3563 784 etiam
3591 732 3700 804 ipse

2098 812 2249 892 habet
2298 818 2462 873 bonus
2511 837 2653 886 esse;
2698 831 2890 874 natura
2939 837 3059 875 vero
3106 821 3341 892 corporis
3368 806 3435 893 ά,
3457 841 3591 896 quae
3636 802 3701 880 ab

2100 911 2276 963 animo
2303 912 2618 977 continetur,
2639 912 2794 966 veluti
2817 913 3075 984 quaedam
3117 906 3291 984 imago
3319 900 3563 987 imaginis
3602 900 3699 983 estP

2101 994 2186 1055 Ea:
2198 1002 2279 1056 his
2296 1004 2587 1058 ostenditur
2603 1004 2666 1068 ",
2685 1005 2808 1076 quia
2830 1005 3101 1060 materiale
3116 1014 3351 1062 nostrum
3365 1010 3705 1066 constituitur

2098 1078 2308 1163 quidem
2354 1102 2401 1149 et
2449 1097 2923 1167 comprehenditur,
2958 1114 3075 1152 cum
3133 1114 3198 1153 ex
3247 1108 3438 1155 natura
3467 1088 3634 1156 animi
3654 1084 3699 1179 δέ

2099 1177 2535 1256 administratur;
2560 1189 2779 1261 solvitur
2803 1206 2921 1245 vero
2966 1190 3155 1246 iterum
3188 1202 3235 1246 et
3263 1193 3475 1259 decidit,
3505 1210 3624 1251 cum
3669 1211 3705 1251 ts

2099 1268 2392 1365 continente
2419 1281 2596 1337 animo
2629 1272 2675 1336 et
2716 1270 3180 1359 comprehendente
3209 1266 3504 1354 separatur,
3558 1270 3703 1351 etab

2099 1365 2212 1444 ipsa
2242 1362 2992 1457 adbonumconnaturalitate
3014 1364 3348 1457 dispergitur.
3384 1364 3500 1432 Hoc
3529 1362 3704 1457 autem
3762 1407 3769 1411 α

2101 1464 2202 1521 non
2236 1452 2391 1521 aliier
2420 1448 2659 1539 efficitur,
2682 1454 2845 1539 quam
2874 1462 2993 1522 cum
3032 1448 3346 1541 naluraead
3374 1450 3703 1541 contrarium

2099 1552 2157 1634 fit
2201 1544 2490 1627 conversio,
2519 1559 2645 1614 dum
2672 1560 2989 1625 desiderium
3020 1576 3128 1615 non
3153 1561 3231 1631 ad,
3262 1560 3479 1629 bonum,
3513 1558 3604 1616 sed

2098 1649 2175 1713 id,
2201 1649 2340 1720 quod
2360 1649 2638 1718 formantis
2661 1650 2875 1722 indiget,
2898 1634 3154 1706 intuetur.
3184 1649 3408 1709 Necesse
3433 1662 3509 1707 est
3539 1642 3701 1720 enim,

2100 1748 2301 1794 amnem
2325 1741 2600 1796 materiam
2614 1759 2706 1813 per
2725 1752 3001 1813 egestatem
3020 1744 3263 1814 propriae
3291 1743 3495 1814 formae
3519 1744 3588 1797 ad
3602 1742 3702 1813 ali:

390 1829 679 1901 principale
694 1832 986 1899 exemplum
1009 1820 1407 1889 similitudinem
1433 1836 1786 1905 participarit,
1829 1851 1996 1906 quan-
2027 1810 2073 1873 Β
2101 1830 2229 1903 quid
2246 1834 2574 1887 inhonestum
2593 1851 2654 1889 ac
2671 1834 2902 1906 deforme
2916 1833 3275 1889 simulandum
3293 1833 3613 1903 conformari
3626 1832 3698 1888 ’⁸.

393 1928 501 1991 tum
534 1924 743 1995 quidem
790 1925 963 1995 ipsum
1008 1926 1061 1979 in
1094 1925 1228 1981 bono
1273 1916 1392 1981 licet
1418 1945 1741 1997 permanere.
1793 1925 1851 1983 Si
1882 1945 1999 1984 vero

390 2014 777 2083 quodammodo
804 2026 954 2070 extra
979 2017 1076 2071 hoc
1103 2016 1295 2087 fuerit,
1324 2019 1717 2088 pulchritudine
1746 2019 1912 2085 illius,
1941 2021 1996 2075 in

392 2109 496 2176 quo
523 2115 657 2170 erat,
688 2106 1008 2162 denudatur.
1042 2104 1130 2163 Sic
1154 2110 1363 2179 quidem
1391 2110 1615 2164 dicimus
1646 2110 1995 2166 similitudine

390 2196 697 2269 principalis
718 2200 942 2270 exempli
971 2200 1383 2270 pulchritudinis
1414 2204 1649 2256 animum
1682 2204 1883 2268 ornari,
1914 2220 1996 2257 ve-

394 2285 492 2339 luti
512 2286 776 2356 quoddam
809 2289 1079 2357 speculum
1108 2290 1412 2346 charactere
1448 2293 1754 2363 apparentis
1776 2294 1832 2347 in
1886 2310 1946 2348 eo
1968 2293 1989 2325 "

395 2366 728 2444 formatum:
754 2377 912 2447 juxta
942 2379 1494 2454 eandem‘analogiam
1529 2383 1731 2438 etiam8
1769 2385 1995 2440 admini-

393 2476 617 2523 stratam
659 2485 692 2523 a
737 2486 791 2525 se
842 2482 1086 2539 naturam
1135 2474 1325 2529 habere
1374 2477 1610 2530 animum
1649 2478 1991 2544 arbitramur,

390 2560 900 2632 pulchritudineque,
929 2581 1065 2635 quae
1093 2566 1271 2621 abillo
1296 2578 1392 2635 est,
1419 2569 1588 2639 ipsam
1611 2572 1809 2635 ornari,
1837 2571 1997 2628 veluti

387 2652 655 2719 quoddam
680 2655 879 2726 speculi
901 2658 1170 2727 speculum
1217 2660 1435 2731 factam,
1467 2665 1732 2737 tenerique
1754 2652 1817 2720 ab
1840 2668 1950 2739 ipso
1968 2666 1990 2699 ’

388 2751 437 2796 et
467 2745 836 2813 comprehendi
861 2748 1137 2803 materiale
1167 2751 1520 2808 substantiale
1546 2754 1608 2817 ιο,
1641 2754 1739 2809 hoc
1759 2766 1856 2822 est,
1881 2774 1991 2812 nia-

388 2832 623 2888 terialem
646 2836 1018 2903 substantiam,
1041 2840 1182 2905 circa
1204 2854 1365 2912 quam
1382 2836 1747 2899 consideratur
1773 2854 1985 2901 natura.

389 2922 502 2979 lloc
524 2937 702 2982 autem
729 2938 1019 3001 propterea
1045 2932 1195 2999 dicit,
1222 2936 1366 3005 quod
1394 2937 1538 2992 circa
1563 2937 1843 2993 materiam
1863 2952 1988 3008 pro-

389 3016 507 3087 prie
532 3017 816 3089 inspicitur
842 3023 884 3053 “
918 3032 1131 3107 natura,
1166 3024 1291 3096 quia
1327 3036 1501 3097 natat,
1525 3027 1697 3085 donec
1731 3027 2010 3097 formam,‘

389 3120 497 3175 qua
520 3108 850 3166 stabilitetur
868 3113 933 3180 ι’,
961 3112 1185 3169 materia
1213 3115 1471 3172 inveniat.
1502 3117 1564 3173 Si
1588 3134 1708 3189 ergo
1736 3114 2003 3186 habetur,‘

2102 1924 2169 1981 Et
2200 1925 2359 1995 paulo
2395 1934 2561 2003 post:
2593 1927 2669 1981 Ac
2710 1945 2801 1997 per
2841 1916 2937 1982 hoc
2988 1916 3700 2003 consequenscontemplatio

2102 2017 2295 2071 rationi
2318 2002 2577 2082 occurrit,
2605 2006 2697 2088 per
2721 2035 2878 2089 quam
2901 2008 3173 2085 discimus,
3214 2018 3271 2072 in
3310 2002 3543 2072 humana
3579 2002 3702 2071 con-

2100 2098 2328 2162 cretione
2368 2126 2398 2160 a
2432 2100 2542 2160 Deo
2574 2108 2782 2177 quidem
2820 2110 3054 2163 animum
3084 2106 3481 2175 administrari,
3512 2106 3575 2161 ab
3608 2094 3699 2162 illo

2098 2210 2275 2254 autent
2316 2199 2645 2275 materialem
2687 2212 2922 2256 nostram
2970 2203 3127 2257 vitam
3158 2243 3173 2267 ,
3210 2202 3335 2256 dum
3372 2202 3427 2256 in
3465 2212 3655 2257 natura
3679 2240 3697 2269 ,

2098 2291 2194 2343 hoc
2236 2300 2343 2357 cst,
2398 2276 2451 2345 in
2489 2291 2720 2361 imagine
2759 2286 2925 2345 animi
2960 2284 3178 2357 manet;
3218 2292 3265 2346 si
3301 2300 3478 2346 autem
3514 2306 3698 2345 aversa

2096 2378 2259 2453 fuerit
2309 2400 2341 2436 a
2386 2392 2612 2447 natura,
2663 2378 2818 2436 etiam
2850 2378 2914 2437 ab
2964 2382 3100 2455 ipsa,
3141 2399 3279 2455 quae
3321 2391 3395 2437 est
3437 2374 3530 2454 per
3577 2381 3697 2461 ani-_

2094 2466 2269 2543 mum,
2296 2458 2595 2547 Operatione
2621 2475 2865 2530 alienari.
2913 2474 3148 2549 Proinde
3188 2476 3235 2530 si
3277 2475 3397 2545 quis
3435 2458 3696 2545 praedicti

2098 2562 2330 2637 theologi
2360 2566 2524 2620 verba
2572 2563 2830 2621 intentius
2874 2563 2922 2596 ”
2967 2563 3340 2637 perspexerit,
3385 2580 3483 2635 per
3524 2571 3695 2619 totum

2095 2659 2362 2714 sermonis
2388 2654 2454 2713 d'e
2482 2658 2718 2729 imagine
2745 2646 2963 2712 textum
2982 2640 3221 2737 inveniet
3247 2655 3693 2737 constitutionem

2095 2749 2262 2805 totius
2293 2747 2531 2804 hominis
2552 2746 2605 2802 in
2630 2738 2806 2817 tribus
2830 2731 3400 2818 quibusdam,'quibus
3425 2742 3691 2802 naturalis

2092 2840 2227 2894 ordo
2248 2828 2557 2895 contexitur
2579 2836 2647 2905 3°,
2671 2837 2837 2893 veluti
2877 2837 3197 2909 compositis
3235 2830 3546 2893 concretam
3575 2850 3589 2889 :
3632 2834 3687 2891 in

2091 2931 2274 2987 animo
2300 2924 2574 3005 videlicet,
2599 2938 2653 2986 et
2679 2928 2830 2986 vitali
2861 2922 3034 3007 motu,
3067 2936 3226 3002 quem
3259 2929 3373 3001 ipse
3399 2927 3691 2999 aliquando

2089 3023 2365 3092 ﬂuxilem,
2398 3022 2689 3095 aliquando
2736 3010 3073 3078 materialem
3120 3022 3289 3081 vitam
3334 3018 3593 3094 appellat,
3629 3026 3693 3087 et
3763 3015 3771 3022 ’

2090 3107 2145 3169 in
2176 3106 2219 3148 ’ί
2251 3116 2477 3170 materia
2513 3114 2746 3170 formata
2774 3113 2841 3179 ”,
2873 3113 2945 3170 ita
2975 3123 3034 3170 ut
3060 3098 3202 3169 totus
3224 3104 3387 3169 homo
3412 3111 3616 3183 animo,
3638 3118 3695 3169 et

388 3195 564 3283 inquit
583 3197 732 3263 i’,ab
755 3200 919 3256 altero
942 3201 1292 3276 alterum,per
1312 3207 1489 3262 omnia
1511 3201 1992 3266 corration‘abiliter
2020 3194 2066 3258 C
2097 3207 2363 3262 materiali
2388 3196 2498 3262 vita
2516 3248 2531 3274 ,
2561 3215 2614 3263 et
2646 3209 2761 3278 ipsa
2791 3208 3017 3263 materia
3047 3217 3301 3262 constare
3328 3192 3688 3276 intelligatur.

383 3276 498 3358 ipsa
530 3291 634 3346 ueri
661 3291 784 3347 boni
814 3286 1035 3367 societas
1060 3296 1283 3351 deducta
1305 3297 1349 3329 “‘
1363 3315 1457 3369 per
1477 3299 1555 3367 id,
1577 3302 1717 3373 quod
1739 3304 1989 3374 supponi—

380 3389 484 3467 tur,
518 3380 595 3448 id,
624 3385 764 3454 quod
792 3401 1128 3456 consequens,
1155 3386 1461 3458 formiﬁcat,
1484 3388 1583 3446 hoc
1611 3403 1704 3456 est,
1740 3394 1833 3464 per
1863 3392 1985 3450 ani-

379 3488 520 3526 mum
545 3471 593 3508 “
618 3476 895 3531 materiam
933 3470 1156 3549 format.
1211 3479 1344 3535 Cum
1394 3499 1513 3539 vero
1557 3485 1778 3556 eﬁcitur
1821 3487 1981 3559 hujus

379 3565 604 3649 optimae
625 3569 1087 3626 connaturalitatis
1119 3568 1375 3644 dispersio
1395 3615 1409 3640 ,
1443 3585 1493 3630 et
1535 3576 1605 3631 ad
1634 3570 1976 3645 contrarium,

376 3654 516 3741 quod
556 3660 797 3730 superius
841 3671 934 3728 est,
967 3660 1189 3733 inferius
1218 3664 1333 3735 fiat,
1367 3675 1491 3721 tunc
1528 3666 1693 3738 ipsius
1730 3668 1980 3725 materiae

378 3749 640 3807 desolatae
688 3770 753 3808 ea:
779 3764 994 3825 natura,
1025 3757 1122 3812 hoc
1157 3768 1231 3813 est
1264 3758 1520 3825 naturali
1566 3761 1750 3816 ordine
1791 3763 1977 3818 redar-

377 3833 558 3929 gititur
577 3843 622 3877 ¹⁸
654 3843 985 3916 deformitas.
1034 3832 1373 3929 Deformis,"
1411 3854 1548 3929 enim
1590 3870 1671 3908 res
1717 3846 1976 3925 quaedam

377 3924 454 3988 est
483 3950 577 4004 per
600 3934 824 4006 seipsam
854 3930 1077 3995 materia
1111 3924 1295 3999 ordine
1342 3927 1567 3999 naturae
1604 3924 1807 4000 mutato
1832 3947 1896 4009 ⁸⁸,
1927 3954 1976 3999 et

376 4023 545 4093 ipsius
599 4025 883 4096 deformati
932 4033 1390 4101 concorrumpitur
1442 4032 1486 4066 ¹⁹
1515 4034 1852 4105 pulchritudo
1880 4053 1976 4091 na-

372 4121 546 4180 turae,
576 4115 632 4169 in
655 4133 761 4187 qua
803 4136 896 4189 per
928 4120 1161 4177 animum
1188 4123 1470 4193 formatur,
1503 4142 1566 4179 ac
1594 4125 1670 4180 sic
1707 4126 1761 4179 in
1802 4126 1974 4195 ipsum

372 4202 609 4258 animum
635 4207 977 4279 turpitudinis
1014 4214 1267 4270 materiae
1294 4230 1386 4286 per
1407 4223 1652 4269 naturam
1674 4215 1974 4273 distributio

371 4290 612 4366 eﬂicitur,
674 4309 730 4353 ut
777 4300 883 4356 non
917 4302 1035 4373 jam
1092 4304 1188 4361 Dei
1242 4306 1525 4378 imaginem
1568 4307 1623 4362 in
1671 4308 1973 4378 charactere

371 4387 608 4457 ﬁgmenti
636 4392 954 4449 consideres.
1008 4394 1152 4451 Nam
1182 4395 1343 4451 veluti
1394 4396 1660 4469 quoddam
1700 4398 1971 4470 speculum

373 4487 511 4534 retro
541 4479 792 4538 bonorum
819 4483 1069 4553 formam,
1109 4504 1165 4543 se
1209 4488 1420 4544 animus
1461 4488 1661 4560 faciens
1685 4489 1731 4521 ²⁰
1758 4489 1968 4560 projicit

2092 3297 2160 3354 Et
2198 3297 2411 3353 animus
2443 3299 2686 3370 quidem,
2710 3298 2764 3353 in
2797 3314 2904 3370 quo
2944 3306 3056 3354 tota
3092 3297 3306 3355 animae
3344 3296 3535 3363 virtus
3564 3311 3692 3357 cons

2085 3392 2237 3455 stat,
2275 3390 2343 3445 ad
2379 3380 2669 3461 imaginem
2710 3388 2802 3444 Dei
2844 3376 3050 3455 factus,
3093 3396 3149 3444 et
3186 3386 3381 3453 suumn
3412 3384 3541 3443 honi
3569 3400 3693 3457 spe:

2084 3472 2262 3535 citium
2284 3520 2298 3547 ,
2349 3468 2604 3550 quoniam
2650 3477 2703 3533 in
2751 3493 2816 3533 eo
2846 3477 3057 3533 divinae
3085 3466 3353 3534 essentiae
3378 3464 3686 3546 incompre-

2082 3571 2366 3628 hensibilis
2392 3562 2566 3639 forma
2594 3568 2847 3627 ineﬂahili
2878 3580 2932 3626 et
2962 3552 3496 3641 incontprehensihili
3527 3554 3689 3624 modo

2081 3667 2330 3723 resultat.
2355 3654 2648 3722 Mater-ialis
2673 3652 2854 3720 autem
2887 3648 3021 3728 vita,
3043 3652 3183 3733 quae
3205 3658 3516 3737 specialiter
3537 3660 3684 3716 circa

2080 3750 2362 3815 materiam
2405 3769 2675 3825 versatur,
2720 3748 2774 3814 ei
2812 3748 3100 3837 propterea
3136 3738 3435 3811 materialis'
3459 3742 3681 3821 dicitur,

2079 3850 2203 3921 quia
2230 3850 2575 3905 mulahilitati
2600 3848 2877 3915 materiae,
2904 3848 2954 3903 id
2978 3857 3063 3921 est
3080 3889 3094 3913 ,
3120 3846 3363 3917 corporis
3386 3843 3680 3912 adhaeret,

2079 3941 2257 4010 imago
2283 3940 2546 4010 quaedam
2573 3940 2738 3995 animi
2767 3946 2868 4005 ρει,
2889 3946 2958 4003 et,
2992 3948 3048 3993 ut
3080 3924 3195 4013 ipse
3225 3930 3373 4002 dicit,
3402 3926 3692 4009 speculum.

2078 4022 2281 4105 speculi
2308 4051 2322 4100 ;
2353 4018 2423 4088 ita
2454 4040 2514 4089 ut
2540 4031 2751 4086 animus
2780 4030 2994 4085 divinae
3020 4020 3244 4083 naturae
3269 4018 3439 4083 forma
3469 4026 3571 4091 sit,
3598 4025 3681 4081 vi-

2081 4124 2202 4181 talis
2232 4134 2413 4178 antem
2462 4130 2641 4176 motus
2663 4161 2677 4185 ,
2720 4121 2811 4190 qui
2844 4118 3007 4172 etiam
3043 4115 3343 4172 materialis
3374 4114 3482 4169 vita
3512 4110 3678 4169 voca;

2078 4220 2187 4280 tur,
2216 4229 2337 4276 cum
2367 4213 2483 4281 ipsa
2515 4209 2741 4265 materia
2769 4204 2815 4240 ³⁸
2846 4207 3018 4262 forma
3056 4205 3128 4263 sit
3164 4192 3329 4259 animi
3352 4244 3369 4279 η
3408 4219 3473 4258 ac
3508 4192 3678 4259 veluti

2075 4292 2315 4361 secunda
2346 4302 2555 4373 imago,
2588 4315 2682 4370 per
2705 4314 2868 4370 quam
2896 4297 3112 4351 animus
3143 4295 3304 4375 etiam
3336 4291 3383 4379 ξι
3412 4292 3677 4379 materiae

2076 4397 2311 4466 speciem
2354 4372 2618 4466 praestat.
2662 4389 2740 4446 Ac
2777 4405 2877 4462 per
2916 4387 3020 4443 hoc
3054 4372 3287 4458 quadam
3327 4372 3538 4440 ratione
3576 4373 3674 4456 per

2077 4492 2345 4561 humanae
2377 4486 2604 4542 naturae
2625 4482 3069 4554 consequentiam
3092 4474 3235 4535 totus
3256 4479 3422 4536 homo
3444 4474 3510 4533 ad
3538 4479 3674 4561 ima-

368 4560 576 4638 quidem
598 4571 822 4645 fulgoris
848 4576 1042 4631 summi
1066 4576 1110 4617 ¹ι
1150 4577 1269 4633 boni
1294 4556 1529 4648 notitias,
1572 4556 1828 4637 materiae
1846 4556 1969 4638 itero
1996 4557 2050 4619 Ῑ)
2076 4570 2253 4654 ginem
2303 4556 2400 4635 Dei
2450 4576 2626 4633 factus
2676 4592 2781 4632 non
2820 4560 3128 4657 incongrue
3163 4571 3383 4637 dicitur,
3422 4556 3672 4657 quamvis

368 4657 753 4745 deformitatem
800 4665 854 4720 in
895 4666 1123 4736 seipsum
1159 4666 1417 4736 absorbet,
1470 4676 1519 4724 et
1571 4669 1668 4726 hoc
1702 4671 1864 4745 modo
1908 4671 1968 4741 fit

368 4742 494 4831 mali
524 4756 793 4823 generatio
817 4750 911 4828 per
942 4760 1291 4828 privationem
1320 4758 1440 4815 boni
1469 4742 1731 4818 subtexta.
1759 4762 1967 4821 Bonum

368 4840 648 4925 perdamus
661 4844 709 4933 ’ξ
728 4859 823 4915 est,
841 4850 1188 4923 quodcunque
1209 4855 1561 4925 consequitur,
1578 4857 1719 4928 quod
1738 4856 1966 4929 primum

372 4930 563 5025 bonum
588 4930 795 5013 proprie
839 4943 1032 5027 habet;
1081 4936 1429 5018 quodcunque
1466 4958 1586 5002 vero
1621 4958 1771 5003 extra
1817 4949 1966 5006 illam

2078 4648 2295 4744 proprie
2324 4677 2379 4724 et
2406 4660 2777 4738 principaliter
2809 4654 2861 4719 in
2902 4661 3017 4720 solo
3045 4650 3229 4717 animo
3260 4661 3440 4733 imago
3488 4648 3669 4744 subsi-

2077 4742 2221 4821 stere
2254 4761 2609 4831 intelligatur.
2660 4774 2724 4815 eo
2753 4757 2963 4822 ordine,
3018 4764 3078 4811 ut
3122 4746 3335 4837 animus
3373 4742 3590 4825 quidem
3620 4766 3667 4837 .a

2078 4858 2210 4921 Deo,
2245 4850 2388 4910 nulla
2429 4844 2533 4907 alia
2566 4838 3161 4919 creaturaiinterpOSita
3189 4845 3256 4913 ⁸⁸,
3280 4845 3462 4929 vitalis
3484 4854 3664 4929 autem

2075 4960 2255 5007 motus
2306 4946 2375 5003 ab
2425 4944 2628 5013 animo,
2670 4938 2955 4998 postremo
2993 4931 3091 5012 per
3125 4939 3347 4995 vitalem
3384 4923 3591 5015 motum
3617 4916 3667 4969 ⁸⁸

1650 5078 1904 5147 νΑκιΑΕ
1958 5078 2364 5145 LECTIONES.

425 5192 818 5291 fatuitatem.
1025 5208 1051 5245 θ
1078 5207 1375 5291 Sic_CF;_
1400 5228 1580 5285 supra.
1658 5210 1941 5291 '_Sie7CF;
1970 5204 2575 5291 quod'opgrletiolnaA.
2649 5210 2673 5244 ⁸
2696 5188 2795 5291 Sic
2811 5207 2927 5291 CF;
3030 5203 3239 5291 nostrae
3258 5198 3541 5291 gignat;
3570 5194 3593 5242 ⁸

362 5271 600 5325 animum
631 5275 811 5330 etiam.

359 5341 575 5396 dicitur.

1300 5283 1322 5316 ⁷
1353 5285 1408 5338 in
1438 5283 1497 5338 eo
1522 5302 1632 5341 om.
1655 5287 1720 5340 A.

654 5353 700 5388 ιι
730 5345 822 5403 Sic
844 5348 951 5415 CF;
992 5351 1040 5406 A
1076 5371 1233 5419 quam
1276 5354 1544 5409 stabilitet.

885 5280 1002 5335 oSic
1021 5297 1131 5337 om.
1160 5284 1225 5339 A.

1797 5290 1818 5322 ⁸
1839 5287 1996 5357 etiam
2024 5306 2134 5345 om.
2161 5287 2268 5357 CF.

1624 5358 1667 5389 ¹³
1690 5359 1857 5429 inquit
1885 5377 1994 5415 om.
2031 5359 2093 5427 A;

3258 5280 3301 5315 ’ί
3332 5278 3425 5336 Sic
3454 5280 3568 5347 Cl“;
3612 5282 3661 5337 Δ

3258 5366 3402 5405 nam.
3495 5350 3539 5382 "
3569 5351 3663 5407 Sic

2695 5282 2739 5313 ¹⁹
2767 5283 2812 5335 Α
2836 5280 3177 5335 substantiae.

2344 5286 2433 5342 ’.Α
2477 5286 2613 5353 ipsa.
2695 5286 2739 5313 "
2767 5286 2812 5335 Α
2836 5286 3177 5335 substantiae.
3258 5286 3301 5315 ’ί
3332 5286 3402 5335 Sit

2366 5354 2481 5405 CF:
2517 5354 2564 5405 Α
2591 5350 2915 5405 deducendo.
2994 5350 3041 5383 "
3074 5351 3119 5405 A
3150 5350 3402 5405 animam.

2171 5358 2215 5390 “
2247 5355 2337 5411 Sic
2366 5354 2481 5422 CF;
2501 5350 2564 5409 Ἀ
2591 5350 2915 5407 deducendo.

359 5411 477 5477 (JF;
508 5412 555 5471 A
581 5426 629 5470 et
657 5411 983 5502 contrarium
998 5411 1330 5496 consequens
1344 5411 2366 5552 fuerittransgredientisupereminens,
2389 5411 2547 5482 etiam
2572 5423 2737 5494 ipsius
2759 5420 3010 5477 materiae
3028 5434 3147 5479 cum
3161 5420 3397 5476 desolata
3419 5421 3575 5493 fuerit
3599 5436 3665 5479 es

359 5494 551 5541 natura
584 5488 949 5552 redarguam.
1024 5494 1068 5528 "
1090 5494 1186 5551 Sic
1204 5495 1286 5551 CF
1304 5513 1320 5552 :
1414 5495 1687 5552 Informis.
1767 5500 1812 5533 ⁸⁸
1843 5498 1933 5552 Sic
1952 5501 2058 5552 CF:
2086 5516 2186 5552 nm
2215 5500 2397 5552 ordine
2431 5507 2651 5552 naturae
2690 5500 2893 5547 mutato
2921 5492 2969 5545 Α
2999 5491 3415 5552 etinw'erfacta.‘
3488 5493 3533 5530 ”
3569 5492 3663 5551 Sic

358 5494 551 5605 p‘tlt‘tura
584 5488 949 5574 redarguitur.
1024 5494 1068 5528 "
1090 5488 1286 5579 SicCF
1304 5513 1320 5562 ;
1344 5488 1386 5552 Ᾱ
1414 5488 1687 5623 Μέρνηιὴξ

368 5588 397 5623 γι
459 5570 474 5618 ;
521 5557 565 5610 Α
590 5558 925 5623 mformstate
941 5577 1320 5623 corrumpitur.
1396 5568 1443 5600 ¹⁰
1516 5586 1564 5623 te
1598 5568 1682 5623 CF

357 5552 474 5633 CF;
521 5552 1320 5633 Ainforsisitatecorrumpitur:
1396 5568 1443 5600 ¹⁰

358 5622 771 5707 3129:9324,
814 5634 861 5665 ιι
885 5634 981 5689 Sic
1001 5635 1121 5701 CF;
1141 5622 1185 5691 Α
1211 5622 1497 5707 efficiendo.

1516 5570 1564 5625 ie
1598 5568 1712 5634 CF;
1748 5568 2296 5629 Aiormammnimus
2331 5571 2521 5640 factus.

1575 5641 1623 5673 “
1650 5643 1884 5712 corporis
1908 5658 2018 5699 om.
2049 5643 2116 5697 Α.

1767 5500 1812 5573 ξε
1831 5498 1933 5573 Δεἰς
1952 5491 2058 5567 CF“;
2086 5516 2186 5573 pro
2215 5491 2397 5573 ordine
2431 5491 2651 5573 naturae
2690 5500 2893 5573 mutato
2921 5492 2969 5545 Α
2999 5491 3427 5573 ειὲίπψξςίοιιαί
3488 5493 3533 5530 ³⁸
3569 5492 3663 5573 Sic

3191 5563 3235 5594 ι’
3265 5574 3418 5627 omne
3444 5574 3554 5619 0m.
3592 5565 3658 5620 Α.

3171 5633 3215 5668 ¹¹
3259 5634 3422 5688 animi
3451 5650 3559 5687 0m.
3595 5635 3658 5689 Α.

2600 5566 2643 5597 ¹¹
2675 5562 2866 5619 summi
2891 5576 3000 5616 om.
3048 5562 3113 5619 Α.

2190 5643 2237 5675 ³⁸
2272 5631 2409 5695 Α’θχ
2433 5638 2518 5693 his
2556 5644 2730 5689 autem
2752 5631 3076 5689 ostenditur.

418 5692 659 5784 CF;
678 5701 721 5753 A
747 5702 958 5784 formae
979 5692 1285 5784 inaliquam
1303 5692 1523 5784 foedant
1537 5729 1599 5766 ac
1626 5692 2213 5784 dei/oimein'imaginem
2237 5692 2629 5784 transformari.
2676 5702 2750 5784 ."
2882 5701 2997 5769 CF;
3021 5694 3349 5784 dimensus
3372 5775 3382 5784 _
3404 5704 3450 5735 ³⁸
3466 5704 3657 5784 quibus

357 5766 618 5831 naturalis
668 5772 796 5824 ordo
838 5766 1152 5830 contexitur
1183 5766 1389 5831 (πη-Ἀ.

1484 5781 1528 5813 ⁸¹
1581 5785 1669 5837 Sic
1714 5784 1797 5846 A;
1847 5784 1932 5839 BC
1975 5781 2062 5841 ex.

2158 5785 2203 5816 ³³
2253 5772 2481 5849 formata
2519 5792 2628 5833 om.
2806 5772 2852 5804 ³³
2878 5789 2999 5831 cum
3038 5776 3154 5847 ipsa
3195 5775 3416 5832 materia
3444 5772 3556 5832 oin.
3587 5776 3656 5846 Α,

359 5834 405 5869 ³³
444 5836 491 5893 Α
518 5840 678 5898 etiam
706 5845 942 5905 animus.
1037 5846 1084 5882 ⁸⁸
1111 5846 1206 5909 Sic
1231 5847 1356 5920 CF;
1386 5849 1436 5908 Δ.
1460 5834 2062 5928 ἱπιοτρὀἕὶᾶὀνῖἆιιῆξ
2099 5855 2147 5890 ³⁸
2168 5834 2262 5913 Sid
2284 5848 2367 5908 CF
2399 5865 2415 5920 ;
2450 5851 2491 5906 Α
2529 5864 2595 5908 ex
2627 5843 2773 5905 vita“
2802 5855 2970 5905 υιοικο

1964 6011 2045 6036 ενι.
2097 6010 2107 6031 2
