4212 6272
383 281 489 339 793

1202 262 1288 319 on
1325 194 1679 317 omnibus
1701 237 2163 313 NAruuAE.'—-
2200 247 2400 305 LlBER
2441 247 2796 317 QUARTUS.

3584 248 3695 312 794

388 398 447 452 in
487 392 622 450 vasis
664 390 704 455 ί,
730 389 785 441 in
832 384 1125 448 cadis,.seu
1154 376 1274 431 aliis
1324 375 1637 448 quibusdam
1684 371 1988 441 corporibus
2020 376 2063 433 Α
2089 365 2332 422 euntibus
2356 365 2383 418 ?
2419 362 2522 417 Sed
2552 364 2608 418 in
2632 380 2734 434 quo
2778 364 2936 429 juxta
2978 361 3382 419 ecclesiasticam
3430 364 3689 421 rationem

389 488 488 544 sibi
527 485 743 539 invicem
783 475 1038 546 impositis
1080 469 1288 542 proprie
1333 466 1603 528 dicunzur,
1658 464 1773 533 ipsa
1817 470 1990 514 autem

392 570 759 634 intellectualis
790 566 859 621 ad
894 558 1162 632 corporale
1203 558 1421 612 societas
1470 552 1788 622 ine/fabilem
1831 559 1878 603 et
1918 549 1996 602 in'

393 662 768 736 intelligibilem
790 657 812 688 ²
834 654 987 709 habet
1015 657 1344 713 contactum;
1376 659 1537 714 neque
1581 641 1723 695 intus
1745 640 1994 704 existens,

396 774 501 813 non
529 755 665 812 enim
701 751 1001 817 in-corpore
1029 736 1357 811 incorporale
1378 743 1622 798 tenetur;
1648 746 1810 802 neque
1843 739 1995 784 extra

395 843 838 916 comprehensum,
871 851 977 888 non
1005 833 1143 887 enim
1171 823 1713 897 circumprehenditur
1754 821 1996 889 incorpo-

395 906 525 999 rale,
559 931 649 988 sed
685 925 972 984 secundum
1009 919 1268 995 quendam
1297 916 1511 970 modum
1549 906 2000 983 superrationabi-

394 1026 494 1082 lem
525 1034 572 1078 et
600 1013 1038 1088 inintelligibilem
1074 1010 1455 1082 appropinquat
1496 1005 1704 1060 animus
1752 1013 1996 1066 naturae,

393 1129 439 1174 et
459 1122 735 1187 cooptatus
755 1112 812 1166 in
834 1112 949 1180 ipsa
972 1116 1019 1162 et
1042 1107 1181 1160 circa
1212 1105 1382 1174 ipsam
1406 1099 1803 1161 consideratur;
1834 1111 2000 1168 neque

394 1211 540 1266 intus
570 1206 795 1281 positus,
822 1217 986 1273 neque
1009 1195 1392 1266 circumplexus
1414 1210 1434 1250 :
1462 1194 1555 1249 sed
1588 1191 1870 1264 quomodo,
1897 1206 2002 1243 non

396 1310 473 1357 est
500 1279 782 1354 dicendum
813 1308 975 1365 neque
997 1286 1410 1358 intelligendum,
1445 1293 1654 1352 praeter
1692 1282 1810 1348 hoc,
1862 1279 2001 1353 quod

395 1393 554 1464 juxta
603 1388 873 1461 proprium
927 1382 1159 1438 ordinem
1200 1380 1364 1449 ipsius
1406 1375 1738 1448 permeabilis
1784 1382 2006 1427 naturae

399 1486 563 1540 etiam
611 1481 818 1537 animus
860 1477 1040 1547 efficax
1082 1473 1144 1543 ﬁt
1204 1470 1246 1525 ⁸.
1303 1468 1373 1526 Si
1408 1479 1584 1523 autem
1626 1466 1836 1538 aliquod
1879 1464 2008 1519 deli-

2091 461 2323 513 humana
2353 456 2662 527 magnitudo
2689 464 2785 521 est,
2817 471 2922 509 non
2947 455 3002 509 in
3028 456 3140 526 ipsa
3169 456 3238 510 ad
3271 466 3505 511 creatum
3538 473 3693 512 mun-

2092 551 2219 605 dum
2248 547 2619 611 similitudine,
2652 546 2742 601 sed
2764 547 2815 599 in
2844 547 2978 615 ipso,
3015 546 3155 616 quod
3196 547 3482 601 secundum
3502 546 3692 618 imagi-

2094 657 2210 696 nem
2233 651 2452 695 naturae
2478 639 2729 693 creatoris
2754 638 2799 670 "
2819 647 2991 708 [actus
3016 636 3060 667 "
3079 647 3175 690 est.
3201 636 3349 703 Quae
3368 648 3443 693 est
3462 637 3627 707 igitur
3650 637 3691 671 η

2094 738 2343 808 imaginis
2389 736 2548 802 ratio,
2600 735 2786 790 merito
2838 733 2998 788 dices.
3050 732 3326 798 Quomodo
3369 729 3727 787 assimilatur.

2094 829 2397 898 incorporeo
2420 826 2731 897 corporale?
2758 824 3030 891 Quomodo
3057 823 3367 892 sempiterno
3392 820 3696 892 temporale,

2095 918 2436 978 immutabili,
2466 916 2605 987 quod
2631 932 2724 986 per
2746 916 3130 971 conversionem
3159 910 3411 967 mutabile
3452 922 3553 979 est,
3586 913 3698 966 rim-

2097 1007 2334 1081 possibili
2357 1019 2403 1062 et
2427 1006 2812 1076 incorruptibili
2839 1004 3083 1075 possibile
3103 1015 3149 1058 et
3174 1001 3532 1073 corruptibile,
3562 1018 3698 1072 puro

2100 1100 2165 1152 ab
2197 1098 2339 1153 omni
2367 1098 2591 1161 malitia,
2619 1097 2756 1167 quod
2782 1111 2984 1164 semper
3004 1096 3051 1149 ei
3075 1093 3336 1148 cohabitat
3382 1103 3431 1148 et
3473 1092 3543 1147 ad
3581 1108 3699 1147 eam

2101 1188 2457 1245 convertitur?
2497 1186 2667 1241 Multa
2688 1188 2825 1241 enim
2852 1186 3102 1241 medie.as
3125 1193 3200 1239 est
3223 1184 3368 1239 illius
3394 1185 3582 1249 animi,
3609 1183 3698 1238 di-

2102 1284 2210 1339 vini
2237 1283 2430 1338 scilicet
2469 1282 2535 1347 ¹⁸,
2570 1283 2657 1349 qui
2691 1292 2762 1335 est
2803 1278 3091 1351 principale
3127 1277 3438 1349 exemplum,
3460 1287 3507 1332 et
3532 1276 3698 1341 illius,

2103 1381 2192 1446 qui
2226 1374 2512 1431 secundum
2553 1372 2833 1442 imaginem
2869 1370 3040 1441 factus
3078 1380 3176 1424 est.
3219 1370 3406 1440 Imago
3444 1368 3700 1439 siquidem

2105 1473 2151 1528 si
2179 1470 2419 1526 habuerit
2444 1469 2512 1523 ad
2535 1465 2823 1538 principale
2849 1463 3118 1535 exemplar
3136 1463 3556 1526 similitudinem,
3579 1478 3711 1532 pro-

401 1586 546 1631 ctum
589 1572 729 1628 circa
767 1571 935 1641 ipsam
975 1563 1270 1635 contigerit,
1318 1560 1609 1616 secundum
1649 1557 1782 1612 illud
1835 1566 2007 1611 motus
2106 1562 2223 1635 prie
2238 1559 2540 1615 illudetiam
2557 1560 2877 1611 nominatur.
2908 1554 2967 1611 Si
2989 1555 3344 1611 veroimitatio
3367 1553 3433 1608 ab
3456 1570 3537 1618 eo,
3558 1552 3701 1625 quod

400 1662 778 1738 intelligentiae
814 1659 1025 1714 titubat.
1065 1656 1143 1712 Ac
1180 1656 1226 1710 Si
1273 1662 1459 1726 aperle
1488 1650 1733 1707 diceret:
1766 1648 1811 1705 Si
1850 1663 2010 1720 orga-
2044 1648 2936 1738 _praeponitur,distaverit,aliud
2948 1648 3346 1719 aliquid,etnon
3360 1649 3532 1718 imago
3556 1646 3702 1701 illius

402 1727 534 1819 hum
556 1727 803 1830 corporis
829 1754 885 1810 in
912 1753 1094 1824 aliquo
1131 1742 1442 1821 deliquerit,
1470 1747 1576 1801 hoc
1597 1753 1702 1811 est,
1731 1744 1785 1798 in
1823 1742 2008 1813 aliquo
2040 1727 2090 1791 Π
2112 1744 2245 1800 illud
2259 1755 2332 1799 est
2351 1742 2415 1795 ”.
2442 1740 2714 1809 Quomodo
2727 1755 2848 1810 ergo
2860 1737 3269 1804 homo,mortale
3282 1737 3379 1790 hoc
3394 1746 3439 1791 et
3454 1734 3705 1806 possibile

403 1842 688 1915 defecerit,
729 1855 787 1904 et
816 1845 1182 1917 integritatem
1209 1855 1341 1897 suae
1374 1837 1636 1894 naturalis
1662 1835 2011 1893 constitutio-

405 1942 493 1999 nis
541 1937 723 2009 aliqua
771 1934 1060 1991 occasione
1114 1937 1423 2001 corruptam
1478 1926 1772 1991 habuerit,
1832 1934 2017 1980 motus

407 2029 820 2103 intelligentiae,
861 2027 913 2082 id
955 2033 1040 2081 est
1076 2032 1253 2079 motus
1280 2020 1468 2085 animi,
1503 2019 1556 2073 in
1584 2033 1644 2073 ea
1671 2025 1844 2088 parte,
1873 2032 2015 2087 quae

384 2100 463 2191 ‘in
491 2100 696 2196 organo
728 2117 1114 2189 corrumpitur,
1154 2115 1363 2176 titubat,
1398 2112 1503 2167 hoc
1530 2118 1632 2175 est,
1661 2109 2013 2165 administra-

410 2217 573 2273 tionis
615 2228 748 2271 suae
788 2213 1041 2267 virtutem
1089 2205 1440 2263 manifestare
1484 2219 1589 2258 non
1643 2210 1854 2272 potest;
1903 2216 2011 2257 non

412 2307 554 2381 quod
582 2304 670 2361 ille
700 2303 913 2358 animus
931 2299 1168 2364 deﬁciat,
1198 2297 1294 2352 sed
1320 2296 1463 2366 quod
1490 2295 1578 2350 illa
1601 2309 1728 2365 pars
1756 2302 2014 2366 corrupta

414 2397 582 2454 animi
605 2396 860 2451 virtutem
886 2392 1130 2462 recipere
1159 2403 1265 2444 non
1296 2388 1495 2443 valeat.
1996 2400 2003 2405 ·

486 2487 575 2544 12.
615 2484 881 2554 Quoniam
905 2496 1036 2537 vero
1064 2478 1427 2535 necessarium
1466 2485 1567 2537 est.
1603 2479 1897 2533 humanam
1921 2492 2017 2532 na-

416 2589 595 2636 turam
632 2577 921 2649 diligenter
951 2573 1320 2635 considerare,
1374 2569 1850 2641 indubitanterque
1900 2569 2016 2625 dis-

413 2684 659 2735 cernere,
699 2667 829 2740 quid
865 2666 921 2723 in
951 2680 1016 2721 ea
1057 2666 1122 2721 ad
1167 2664 1456 2734 imaginem
1486 2662 1580 2717 Dei
1628 2673 1684 2718 et
1714 2662 2018 2717 similitudi-

415 2780 566 2831 nem,
594 2763 701 2819 boc
729 2759 904 2816 estad
927 2757 1216 2830 imaginem
1253 2754 1506 2818 similem,
1536 2762 1777 2809 creatum
1822 2754 1910 2815 sit,
1965 2760 2020 2807 et

416 2853 550 2927 quid
569 2848 922 2908 similitudine
943 2847 1158 2903 divinae
1181 2845 1430 2915 imaginis
1457 2844 1613 2913 longe
1647 2843 1699 2898 in
1737 2858 1801 2897 ea
1828 2843 2013 2908 distat,

419 2942 663 3014 ejusdem
679 2937 1007 2996 sanctissimi
1034 2935 1058 2968 ⁸
1082 2944 1138 2991 et
1185 2933 1568 3004 sapientissimi
1600 2932 1857 3003 magistri,
1884 2932 2019 2988 Gre-

421 3031 562 3105 goril
603 3028 874 3091 videlicet,
905 3025 1071 3081 verba
1104 3025 1344 3080 inserere
1388 3021 1603 3093 placuit.
1660 3022 1750 3075 Ait
1790 3036 1918 3092 ergo
1958 3022 2012 3077 in

2111 1837 2316 1906 citoque
2331 1833 2600 1903 deﬁciens,
2628 1830 2941 1884 immortalis
2979 1846 3041 1884 ac
3066 1845 3230 1901 purae
3255 1843 3557 1901 semperque
3591 1827 3703 1883 eai-

2111 1928 2292 1984 stentis
2315 1937 2538 1981 naturae
2566 1932 2642 1979 est
2664 1924 2838 1994 imago
2854 1923 2880 1977 7
2907 1922 3012 1978 Sed
3039 1938 3213 1978 veram
3235 1922 3301 1977 de
3325 1922 3423 1976 hoc
3448 1922 3704 1976 rationem

2113 2025 2228 2084 sola
2251 2025 2298 2058 “
2328 2023 2527 2079 noverit
2577 2031 2775 2092 aperte,
2829 2036 2963 2091 quae
3008 2034 3124 2073 vere
3169 2027 3264 2079 est,
3318 2017 3529 2074 veritas.
3587 2015 3704 2072 Nos

2115 2134 2256 2183 uero,
2284 2125 2540 2189 quantum
2567 2113 2826 2183 capimus,
2851 2108 3295 2181 speculationibus
3318 2105 3635 2179 quibusdam
3654 2113 3707 2161 et

2115 2208 2468 2281 opinionibus,
2516 2203 2657 2276 quod
2708 2219 2887 2257 verum
2917 2212 3013 2267 est,
3052 2200 3440 2271 inuestigantes,
3472 2198 3616 2253 *hasc
3640 2197 3711 2252 de

2113 2299 2504 2374 quaestionibus
2538 2297 2789 2366 susceptis
2829 2295 3072 2348 dicimus.
3119 2291 3301 2363 Neque
3328 2291 3537 2347 divinus
3562 2306 3715 2344 men-

2116 2393 2247 2446 titur
2289 2406 2483 2455 sermo,
2537 2388 2825 2443 secundum
2867 2385 3150 2456 imaginem
3176 2383 3267 2438 Dei
3304 2383 3419 2452 ﬁeri
3445 2382 3711 2437 hominem

2116 2483 2313 2547 dicens,
2349 2497 2512 2553 neque
2538 2480 2756 2535 miseria
2786 2478 2831 2511 ⁸⁸
2858 2478 3122 2531 humanae
3167 2485 3389 2530 naturae
3434 2490 3598 2545 usque
3635 2473 3711 2527 ad

2117 2577 2477 2648 infelicitatem
2504 2575 2551 2606 ”
2583 2570 2894 2627 beatitudini
2922 2567 3259 2640 impassibilis
3283 2569 3419 2623 vitae
3440 2566 3711 2623 assimila.‘

2118 2678 2224 2721 tur.
2256 2666 2479 2721 Necesse
2503 2665 2641 2719 enim
2668 2671 2793 2717 este
2817 2660 3023 2715 duobus
3045 2659 3271 2713 alterum
3302 2658 3477 2728 fateri.
3512 2656 3571 2714 Si
3589 2659 3708 2729 quis

2118 2765 2387 2827 comparat
2427 2754 2536 2809 Deo
2584 2752 2724 2823 quod
2763 2760 2999 2805 nostrum
3027 2761 3126 2815 est,
3165 2760 3257 2803 aut
3286 2746 3535 2819 possibile
3555 2759 3631 2804 est
3657 2745 3709 2797 υ

2119 2848 2373 2911 divinum,
2412 2852 2504 2899 aut
2535 2841 2857 2913 impossibile
2879 2841 3188 2905 humanum,
3222 2848 3280 2894 ut
3315 2855 3381 2894 ex
3403 2837 3709 2907 aequalibus

2119 2936 2483 2991 similitudinis
2531 2934 2667 2987 ratio
2715 2932 2772 2987 in
2818 2930 3054 3002 utrisque
3101 2928 3589 3001 comprehendatur.
3649 2929 3709 2986 Si

2120 3042 2292 3084 autem
2326 3043 2489 3095 neque
2510 3026 2746 3080 divinum
2780 3023 3045 3095 passibile,
3088 3038 3254 3094 neque
3299 3034 3537 3077 nostrum
3558 3033 3709 3078 mra

422 3091 638 3178 decimo
693 3118 924 3188 septimo
972 3115 994 3147 ⁸
1036 3113 1272 3187 capitulo
1318 3091 1583 3168 sermonis
1627 3113 1692 3166 dc
1735 3091 1967 3183 imagine
1999 3131 2012 3167 :
2043 3091 2089 3153 (ἶ
2121 3091 2416 3190 passionem
2436 3127 2509 3171 est
2530 3116 2580 3148 “
2607 3134 2620 3169 :
2643 3091 2802 3185 igitur
2820 3131 2955 3187 quae
2969 3114 3075 3169 alia
3099 3091 3414 3186 relinquitur
3434 3116 3593 3181 ratio,
3617 3131 3712 3186 per

420 3209 758 3281 Becipiamus
778 3207 964 3262 iterum
978 3204 1207 3260 divinam
1225 3218 1393 3257 uocem
1414 3217 1432 3254 .'
1450 3199 1736 3256 Faciamus
1759 3202 2021 3257 hominem

417 3304 492 3359 ad
544 3302 826 3372 imaginem
878 3306 927 3353 et
982 3295 1377 3352 similitudinem
1427 3304 1683 3348 nostram.
1746 3292 2020 3360 Quomodo

415 3410 581 3467 parva
605 3402 653 3447 et
683 3391 900 3461 indigna
941 3386 1372 3459 magnanimitate
1413 3386 1641 3440 hominis
1668 3402 1732 3440 ex
1753 3385 1853 3452 his,
1885 3403 2020 3457 quae

417 3495 571 3541 extra
591 3491 738 3548 sunt,
766 3480 982 3551 quidam
1007 3479 1354 3548 imaginavere
1376 3478 1766 3546 comparatione
1788 3479 1856 3532 ad
1882 3479 2020 3533 hunc

416 3576 695 3640 mundum,
734 3571 885 3645 quasi
920 3571 975 3624 in
1003 3570 1116 3640 ipso
1157 3569 1418 3634 existeret,
1464 3567 1725 3622 hominem
1773 3569 2018 3639 magni/i-

420 3679 596 3724 cantes
622 3666 854 3722 lDicunt
879 3664 1076 3728 ‘enim,
1102 3662 1364 3717 hominem
1393 3659 1762 3738 μικρόκοσμον,
1791 3662 1847 3716 id
1882 3673 1955 3718 est
1975 3664 2018 3729 ⁷,

421 3772 644 3830 parvum
671 3754 925 3810 mundum
951 3769 1087 3817 esse,
1115 3767 1181 3807 e1:
1201 3751 1412 3817 iisdem,
1440 3752 1626 3822 quibus
1678 3754 1947 3808 universus
1997 3754 2019 3786 ⁸

423 3846 692 3904 elementis
736 3846 991 3900 consistit.
1047 3843 1071 3875 '
1121 3841 1262 3898 Nam
1300 3844 1391 3915 qui
1437 3853 1744 3898 ornamento
1794 3846 2020 3899 nominis

426 3939 587 3996 talem
609 3937 816 3993 laudem
844 3939 1103 3992 humanae
1129 3937 1326 3992 donant
1359 3947 1581 3993 naturae
1610 3938 1653 3969 ¹⁰
1675 3978 1691 4004 ,
1723 3939 1867 3994 obliti
1891 3949 2014 3995 sunt

424 4028 750 4099 semetipsos,
794 4029 851 4082 in
889 4025 1313 4097 proprietatibus,
1359 4042 1493 4098 quae
1530 4028 1671 4081 circa
1715 4027 1930 4083 culicem
1974 4038 2025 4084 et

425 4134 629 4176 murem
663 4126 809 4183 sunt,
837 4115 1179 4171 venerabilem
1217 4115 1480 4170 hominem
1508 4116 1777 4185 facientes.
1816 4114 2025 4173 Etenim

426 4220 475 4267 et
497 4212 553 4265 in
577 4210 621 4241 υ
649 4207 756 4264 illis
781 4224 846 4263 ea:
866 4208 949 4262 his
976 4218 1227 4278 quattuor
1250 4208 1508 4261 concretio
1531 4216 1630 4271 est,
1660 4223 1721 4261 eo
1750 4208 1888 4279 quod
1914 4225 2026 4263 om-

428 4303 552 4360 nino
572 4321 629 4359 in
650 4318 959 4376 unoquoque
988 4302 1031 4333 “
1052 4301 1379 4356 existentium
1406 4316 1682 4371 corporum
1701 4310 1793 4356 aut
1820 4318 1885 4357 ea:
1903 4302 2024 4374 plu-

430 4395 574 4451 ribus
603 4403 694 4449 aut
717 4394 1005 4449 minoribus
1026 4393 1285 4465 quaedam
1330 4393 1499 4463 portio
1539 4392 1680 4446 circa
1727 4393 1925 4448 animal
1981 4393 2027 4428 ι’

2117 3227 2277 3282 quam
2322 3209 2605 3264 veridicam
2663 3208 2889 3262 dicimus
2938 3206 3171 3261 divinam
3220 3222 3415 3271 vocem,
3461 3222 3598 3277 quae
3636 3208 3708 3261 ad

2119 3302 2402 3374 imaginem
2428 3301 2475 3335 "
2508 3300 2603 3355 Dei
2634 3300 2833 3371 factum
2876 3296 3045 3368 fuisse
3078 3296 3341 3352 hominem
3377 3297 3545 3351 dicit?
3584 3295 3709 3353 Non

2119 3409 2241 3465 ergo
2269 3392 2316 3425 "
2336 3394 2449 3463 ipsa
2474 3392 2621 3447 nobis
2646 3391 2943 3460 recipienda
2968 3399 3043 3443 est
3064 3404 3216 3444 sacra
3239 3386 3558 3459 Scriptura?
3581 3386 3710 3443 Fiat

2119 3487 2295 3556 itaque
2317 3485 2576 3557 quaedam
2599 3500 2664 3538 ea:
2688 3485 2792 3548 his,
2818 3498 2952 3554 quae
2972 3482 3165 3552 scripta
3190 3491 3332 3546 sunt,
3368 3482 3437 3534 ad
3466 3481 3545 3549 id,
3568 3480 3709 3554 quod

2120 3576 2396 3649 quaeritur
2421 3594 2453 3630 a
2483 3576 2652 3640 nobis,
2677 3574 3040 3629 manuductio.
3076 3569 3370 3644 Postquam
3395 3571 3528 3627 dixit
3553 3584 3573 3624 :
3597 3570 3711 3626 Fa-

2121 3670 2325 3725 ciamus
2374 3669 2634 3724 hominem
2684 3668 2971 3723 secundum
3023 3667 3304 3739 imaginem
3352 3666 3421 3732 ³⁷,
3471 3675 3519 3721 et
3552 3667 3608 3720 in
3630 3675 3715 3721 ta-

2121 3760 2258 3815 libus
2306 3760 2604 3831 faciamus,
2649 3757 2809 3829 infert
2857 3760 2997 3814 hunc
3038 3774 3331 3814 sermonem
3364 3774 3382 3812 :
3422 3759 3547 3829 quia
3585 3758 3708 3828 fecit

2122 3848 2264 3904 Deus
2291 3850 2579 3915 hominem,
2610 3850 2897 3904 secundum
2921 3849 3202 3918 imaginem
3226 3848 3322 3902 Dei
3345 3847 3466 3918 fecit
3496 3863 3615 3902 eum
3641 3847 3711 3914 ³⁸,

2124 3940 2420 4015 masculum
2451 3951 2497 3994 et
2519 3941 2771 4010 feminam
2800 3940 2920 4010 fecit
2946 3956 3055 3994 eos.
3080 3939 3291 3993 Dictum
3317 3948 3391 3993 est
3419 3939 3581 4010 igitur
3593 3940 3714 4010 jam

2130 4041 2177 4084 et
2204 4033 2259 4086 in
2287 4030 2389 4092 his,
2423 4046 2557 4100 quae
2603 4045 2781 4083 coram
2821 4039 2962 4093 sunt,
2993 4030 3118 4101 quia
3149 4029 3218 4082 ad
3251 4027 3564 4083 solutionem
3590 4031 3716 4084 hae-

2128 4121 2318 4176 reticae
2354 4120 2633 4191 impietatis
2656 4120 2779 4175 talis
2804 4136 2974 4175 sermo
3000 4121 3402 4191 praenuntiatus
3425 4132 3522 4187 est,
3546 4131 3601 4175 ut
3626 4122 3711 4176 di-

2126 4222 2344 4277 scentes,
2361 4213 2483 4285 quia
2515 4212 2634 4282 fecit
2660 4213 2919 4266 hominem
2945 4213 3243 4283 unigenitus
3268 4212 3405 4267 Deus
3426 4217 3713 4269 secundum

2127 4305 2406 4376 imaginem
2427 4305 2538 4371 Dei,
2557 4302 2703 4358 nulla
2717 4305 2920 4358 ratione
2932 4304 3253 4376 divinitatem
3270 4301 3447 4358 Patris
3462 4314 3510 4358 et
3524 4303 3653 4359 Filii
3667 4305 3714 4339 ”

2129 4365 2475 4467 segregemus,
2526 4365 2674 4463 fideli
2713 4393 2890 4447 divina
2932 4365 3208 4462 Seriptur’a
3239 4391 3407 4447 Deum
3437 4405 3717 4467 utrumque

428 4486 791 4541 consideratur
814 4501 1015 4551 eorum,
1036 4486 1148 4539 sine
1173 4483 1362 4554 quibus
1392 4482 1710 4537 consistendi
1731 4484 1932 4555 aliquid
1961 4501 2028 4539 ea:
2054 4478 2105 4539 Β
2130 4489 2451 4550 nominantc,
2503 4503 2623 4541 eum
2670 4483 2901 4541 videlicet
2937 4486 3029 4557 qui
3061 4486 3182 4556 fecit
3212 4486 3491 4553 hominem,
3522 4498 3571 4542 et
3594 4505 3714 4546 eum

427 4576 530 4643 his,
575 4591 709 4648 quae
749 4590 957 4629 sensum
1002 4574 1355 4644 participant,
1401 4581 1647 4626 naturam
1698 4589 1801 4627 non
1846 4573 2019 4628 habet.

431 4669 570 4735 Quid
598 4669 761 4740 igitur
789 4676 905 4739 post
957 4665 1143 4720 mundi
1187 4666 1492 4719 charactera
1534 4674 1583 4719 et
1622 4664 2018 4719 similitudinem

430 4758 795 4814 arbitrantium
847 4765 923 4812 est
981 4772 1092 4811 esse
1144 4754 1400 4809 hominem
1448 4755 1591 4809 caelo
1640 4765 2019 4826 praetereunte,

434 4860 572 4904 terra
595 4859 816 4916 mutata,
843 4847 1207 4915 omnibusque,
1230 4861 1362 4916 quae
1394 4846 1449 4900 in
1467 4846 1549 4899 his
1577 4845 2020 4916 comprehendun-

434 4952 543 5009 tur,
569 4959 685 4998 cum
712 4943 938 4998 transitu
964 4939 1443 5012 comprehendentis
1480 4938 1662 4993 mundi
1709 4940 1753 4972 ιδ
1796 4950 2027 5010 praeter-

2130 4579 2199 4632 ad
2229 4578 2380 4647 cujus
2411 4578 2689 4649 imaginem
2738 4576 2914 4646 factus
2958 4587 3053 4632 est.
3111 4576 3219 4634 Sed
3249 4577 3314 4633 de
3344 4568 3461 4634 hoc
3505 4581 3716 4652 quidem

2127 4684 2297 4722 sermo
2343 4668 2663 4724 dimittatur.
2698 4668 2776 4722 Ad
2798 4670 3123 4739 propositum
3158 4687 3275 4725 vero
3303 4668 3349 4702 ⁵⁸
3372 4673 3718 4728 convertenda

2128 4770 2203 4816 est
2234 4761 2488 4832 quaestio,
2517 4761 2778 4832 quomodo
2801 4761 2977 4816 diuino
2995 4770 3047 4816 et
3067 4762 3215 4817 beato
3237 4761 3318 4817 illi
3345 4764 3591 4818 miserum
3620 4764 3717 4820 hoc

2129 4851 2304 4906 simile
2330 4851 2373 4882 ³¹
2418 4869 2450 4906 a
2483 4869 2637 4906 sacra
2669 4850 2941 4923 Scriptura
2970 4856 3291 4909 nominatur.
3331 4852 3521 4910 Nonne
3544 4857 3718 4925 itaque

2128 4940 2406 5013 diligenter
2447 4942 2746 4997 ordinanda
2778 4952 2901 4998 sunt
2929 4944 3125 4999 verba?
3152 4943 3453 5000 Invenimus
3479 4945 3524 4978 ³⁸
3551 4946 3716 5012 enim,

1761 5050 2015 5107 VARIAE
2050 5050 2451 5110 LECTIONES.

514 5168 531 5200 ⁸
565 5165 793 5232 SicCF;
815 5167 871 5233 in
895 5167 1030 5234 vasis
1059 5181 1169 5221 om.
1198 5165 1264 5220 A.
1341 5167 1361 5199 ²
1396 5165 1441 5220 A
1472 5163 1868 5234 iutelligibilem.
1947 5164 1967 5195 ³
2005 5164 2096 5223 Sic
2128 5168 2245 5233 LF;
2300 5169 2342 5222 A
2389 5169 2477 5223 sit.

2573 5167 2594 5199 ’⁵
2630 5169 2674 5222 Α
2701 5169 3051 5224 scientissimi.
3128 5168 3151 5200 '
3180 5169 3254 5224 Cb
3312 5179 3521 5233 XVII-'0.
3547 5172 3591 5225 Α
3618 5172 3713 5228 de-

437 5240 582 5296 cimo
607 5246 753 5312 sexto
779 5230 786 5232 “
826 5230 848 5268 ⁸
868 5232 961 5292 Sic
985 5237 1175 5312 913A
1202 5234 1428 5312 Dicitur.
1502 5236 1522 5267 '
1562 5230 1656 5289 Sic
1676 5233 1794 5312 CF;
1822 5237 2162 5312 ptupémgpos
2190 5230 2243 5290 id
2267 5252 2340 5293 est
2361 5256 2468 5312 οηι.
2496 5238 2560 5312 ᾼ.
2597 5308 2605 5312 _
2638 5241 2660 5271 ⁸
2691 5238 2781 5294 Sic
2803 5238 2921 5312 CF;
2948 5240 2993 5293 A
3022 5239 3338 5294 universum.
3413 5243 3435 5274 ⁹
3590 5243 3711 5309 CF;

436 5312 482 5367 A
521 5308 907 5365 consistentem.
987 5307 1028 5338 ³ο
1067 5307 1159 5362 Sic
1206 5306 1320 5369 CF;
1363 5306 1408 5360 A
1465 5317 1688 5359 naturae
1732 5306 1947 5359 donaui.
2028 5306 2079 5338 η’
2108 5310 2164 5361 in
2206 5325 2314 5362 οιιί.
2359 5310 2420 5363 Α.

2503 5310 2544 5339 ¹²
2579 5308 2625 5363 Α
2664 5325 2790 5362 uno.

2872 5310 2915 5340 ι’
2967 5312 3007 5362 Α
3056 5312 3370 5363 animatum.
3449 5311 3492 5342 “
3531 5314 3713 5369 unmdi

437 5376 773 5456 oAm:_A.__"
809 5377 903 5456 Sic
930 5375 1465 5456 CFLAconditoris.‘
1528 5374 1573 5410 ³⁵
1610 5375 1952 5456 {faemos}.
2013 5377 2071 5456 Δί’
2110 5378 2195 5456 μιτ
2222 5396 2354 5456 quae
2378 5379 2779 5456 igitttrhastun“
2928 5378 3044 5442 CF;
3075 5379 3239 5432 divini
3263 5381 3458 5435 scilicet
3492 5397 3603 5438 om.
3645 5383 3711 5438 A.

439 5451 484 5484 ¹⁹
523 5451 614 5505 Sic
652 5447 739 5505 CF
757 5465 773 5516 ;
824 5449 870 5504 Δ
901 5457 977 5503 est
1012 5448 1163 5503 illud.
1240 5448 1287 5480 ⁸ο
1318 5448 1361 5500 Α
1387 5444 1574 5502 solam.
1651 5444 1694 5477 ’ί
1725 5444 1959 5516 Sic‘CF;
1999 5446 2044 5500 Α
2065 5444 2417 5503 ηιίεειοὶιηάηἶ
2465 5452 2509 5482 ²¹
2539 5449 2629 5503 Sic
2657 5447 2771 5510 CF;
2804 5449 2847 5502 Α
2878 5451 3146 5503 lmmanae
3184 5458 3413 5505 naturae
3457 5470 3715 5510 aerumna

436 5514 766 5594 beatitudini
795 5526 901 5594 cet.
978 5518 1025 5594 ’ξ
1053 5517 1145 5574 Sic
1166 5517 1249 5572 CF
1268 5535 1280 5583 ;
1323 5518 1395 5594 Α
1433 5514 1807 5594 esse.__“_(_l_F
1848 5527 1999 5594 extra
2041 5529 2115 5594 es!
2145 5520 2463 5594 passionem.
2536 5520 2585 5594 '_'
2607 5518 2653 5572 A
2707 5519 2762 5572 in
2788 5520 3056 5594 imaginet
3115 5519 3162 5551 “
3188 5517 3277 5594 Sic
3305 5521 3420 5594 ;
3449 5525 3500 5594 _A
3531 5524 3714 5594 igitur.

396 5639 405 5647 .
438 5592 503 5663 ’τί
529 5590 819 5663 secundum
856 5590 1139 5663 imaginem
1162 5604 1270 5643 om.
1292 5588 1420 5663 _CF.
1493 5587 1660 5663 ‘f'_S_i_c
1687 5587 1805 5663 (ili;
1837 5585 2036 5663 A_quia
2066 5585 2208 5663 Deus
2261 5589 2382 5658 fecit
2425 5591 2695 5663 hominem
2717 5598 2767 5663 et
2797 5603 2840 5641 s.
2876 5585 2914 5641 iI
2942 5587 3004 5641 Ι).
3034 5587 3069 5641 f.
3099 5605 3148 5663 e.
3227 5590 3272 5622 "
3310 5585 3518 5662 (iF‘ﬁlii
3544 5585 3591 5647 Et
3615 5610 3716 5663 pa-

437 5662 574 5732 tris.
627 5660 787 5732 ’ἐνοΕ
824 5662 906 5716 Ad
941 5656 1060 5714 vero
1092 5659 1436 5732 propositum.
1514 5656 1676 5732 ’ᾖδες
1704 5656 1825 5732 (ξιτ)
1882 5658 1924 5732 _A
1960 5662 2231 5732 quomodo
2262 5656 2387 5714 esse
2431 5661 2664 5725 divinum
2709 5658 2916 5713 beatum
2953 5670 3004 5716 et
3047 5662 3241 5718 misera
3295 5656 3716 5732 humanitas,"et

435 5731 606 5789 simile
642 5731 724 5788 illi
762 5731 862 5787 hoe
894 5746 928 5787 α
955 5727 1111 5787 sacra
1151 5727 1453 5802 Scriptura.
1530 5727 1574 5762 "
1603 5730 1693 5786 Sic
1713 5727 1798 5786 CF
1822 5741 1838 5794 ;
1869 5728 1911 5782 Α

1990 5731 2306 5807 mulcatus,
