4212 6272
420 227 524 294 797

1269 228 1356 284 DE
1391 225 1735 284 DIVISIONE
1774 223 2126 285 NATURAE.
2162 253 2236 267 —
2270 221 2475 280 LIBER
2513 221 2870 294 QUARTUS.

3619 223 3724 292 798

419 348 714 420 exeriiplum
746 344 1086 419 aspicit,sed,
1120 343 1254 399 sicut
1272 341 1470 398 dictum
1506 349 1603 408 est,
1625 339 2024 396 immutabiliori
2053 343 2101 404 Α
2129 337 2404 392 reducens.
2436 336 2558 407 ipsa
2585 339 2752 408 igitur
2789 321 3148 395 restitutorum
3177 340 3278 397 vita
3303 341 3376 396 ad
3419 331 3555 414 eam,
3590 363 3722 420 quae

420 443 650 517 possidet
675 449 868 495 natura
907 441 946 490 ί.
979 437 1208 490 Causam
1233 451 1352 489 vero
1379 433 1500 487 talis
1518 431 2025 503 supermachiuatio-

423 539 506 594 nis
532 535 630 590 soli
655 534 864 606 quidem
888 532 1144 594 noverint,
1167 529 1257 599 qui
1271 529 1550 582 veritatem
1572 541 1665 596 per
1689 541 1742 578 se
1765 525 1957 590 vident,
1979 533 2026 578 et

425 627 652 682 ministri
675 635 796 681 sunt
819 625 976 680 verbi.
1007 622 1118 676 Nos
1143 631 1340 686 autem,
1373 629 1628 691 quantum
1656 619 1900 689 possibile
1929 627 2025 682 est,

425 737 490 775 es:
509 717 816 790 quibusdam
844 714 1158 784 conjecturis
1180 725 1334 784 atque
1360 709 1742 781 consequentiis
1760 711 2028 763 veritatem

424 813 678 876 silentes',
693 811 828 882 quod
847 811 901 863 in
923 809 1158 863 animum
1182 808 1338 871 venit,
1361 821 1460 858 non
1475 803 1863 875 pronuntiative
1877 819 2031 872 expo-

425 897 627 969 nemus,
643 902 662 934 ³
684 903 773 957 sed
788 899 1011 958 belutiin
1037 887 1306 972 gymnasio
1331 899 1545 952 auribtts
1562 896 1800 966 ﬁdelibus
1817 897 2032 950 audien-

424 989 494 1048 da
515 995 886 1064 proponemus.
916 991 1056 1059 Quid
1083 1009 1204 1061 ergo
1229 997 1324 1056 est,
1348 989 1484 1060 quod
1513 989 1574 1043 de
1596 988 1674 1042 Itis
1699 990 1985 1058 cogitainus
2006 987 2032 1040 Σ)

429 1085 637 1152 Sermo,
670 1087 758 1156 qui
807 1085 934 1139 dicit
972 1097 989 1134 :
1027 1083 1146 1154 fecit
1212 1082 1348 1136 Deus
1378 1082 1660 1146 hominem,
1693 1081 1904 1149 inﬁnita
1964 1081 2030 1134 si-

429 1167 768 1249 gniﬁcatione
817 1194 1021 1231 omnem
1072 1173 1718 1228 humanitatemostendit.
1748 1170 1870 1225 Non
1894 1173 2029 1225 enim

432 1286 569 1324 nunc
591 1271 826 1340 cognom.’
835 1279 992 1323 natur
1013 1278 1286 1320 creaturae
1315 1265 1506 1330 Adam,
1544 1265 1680 1318 sicut
1705 1265 1756 1318 in
1781 1264 2034 1334 sequenti-

433 1361 527 1414 bus
555 1361 774 1413 historia
804 1359 952 1424 dicit,
981 1363 1068 1413 sed
1093 1373 1280 1430 nomen
1319 1365 1492 1410 creato
1514 1355 1710 1409 homini
1749 1371 1851 1408 non
1886 1353 2033 1407 aliud

431 1453 696 1521 quoddam
721 1451 1082 1505 uuiversaliter
1110 1459 1205 1502 est.
1239 1447 1399 1502 Non‘
1422 1449 1584 1519 igitur
1620 1447 1904 1502 universali
1934 1465 2033 1502 na-

431 1527 581 1596 turae
623 1543 886 1595 vocatione
929 1539 1032 1593 tale
1079 1540 1282 1610 aliquid
1320 1541 1580 1612 suspicari
1621 1538 2029 1605 introducimur,

337 1649 340 1652 λ
427 1635 552 1704 quia
584 1633 635 1687 in
688 1633 866 1708 divina
895 1632 1196 1702 praesentia
1231 1631 1252 1663 ⁵
1281 1642 1328 1686 et
1385 1635 1579 1686 u'rlute
1623 1633 1792 1685 omnis
1839 1631 2032 1684 huma-

2128 435 2339 507 pr0prie
2364 435 2670 503 angelorum
2687 431 2930 498 habetur,
2945 435 3178 504 profecto
3201 447 3320 492 ante
3346 439 3550 494 ruinam
3566 460 3724 516 ange-

2129 525 2212 579 lus
2239 524 2456 594 quidam
2473 521 2516 552 ¹⁴
2533 531 2644 576 erat
2675 531 2988 592 {propterea
3013 527 3120 594 ipse
3133 529 3202 580 ad
3216 530 3574 599 antiquitatem
3591 533 3725 592 vitae

2131 623 2340 670 nostrae
2365 613 2562 668 reditus
2604 613 2804 683 angelis
2847 612 3190 669 assimilatur.
3215 617 3462 676 Attamen
3486 623 3618 677 sicut
3645 626 3728 678 di-

2131 718 2269 764 ctum
2299 717 2401 773 est,
2427 707 2623 778 nuptiis
2649 705 2788 776 apud
2824 721 2910 761 eos
2946 705 2991 742 ¹⁵
3014 723 3116 761 non
3161 711 3500 770 existentibus
3531 716 3588 770 in
3613 734 3729 790 mg-

2133 799 2370 854 riadibus
2401 799 2625 868 inﬁnitis
2644 795 2868 852 militiae
2892 799 3198 870 angelorum
3228 815 3385 870 sunt;
3409 807 3483 860 sic
3504 810 3640 862 enim
3672 809 3728 865 in

2131 889 2416 944 visionibus
2441 887 2630 943 Daniel
2650 889 2907 942 narravit.
2935 887 2988 944 Ν
2994 906 3060 944 οη
3077 889 3237 960 igitur
3257 909 3350 963 per
3372 897 3592 952 eundem
3630 875 3726 954 ho-
3767 891 3770 894 ’

2131 979 2410 1044 minem,si
2433 976 2582 1032 nulla
2605 995 2872 1034 conversio
2898 989 2944 1034 et
2971 991 3201 1035 recessus
3228 983 3290 1036 ab
3316 987 3552 1056 angelica
3565 993 3729 1046 socie-

2133 1079 2238 1124 tate
2257 1085 2322 1124 επ
2339 1079 2550 1140 peccato
2565 1068 2714 1122 nobis
2730 1067 2897 1138 ﬁeret,
2915 1069 3159 1140 fortassis
3186 1059 3278 1128 nos
3289 1077 3487 1146 nuptiis
3501 1079 3572 1133 ad
3594 1081 3732 1136 ntul-

2133 1159 2509 1231 tiplicatiouem
2531 1160 2893 1231 alligaremur.
2915 1162 3067 1217 Alius
3082 1165 3299 1235 quidam
3330 1179 3404 1223 est
3427 1172 3481 1224 in
3508 1165 3730 1230 naturae

2075 1263 2078 1266 '
2138 1251 2446 1322 angelorum
2493 1251 2952 1322 multiplicationis
2985 1257 3496 1328 modus,ine/]‘abilis
3519 1265 3728 1333 quidem

2133 1355 2179 1399 et
2203 1341 2605 1413 ininteiligibilis
2624 1344 2870 1398 humanis
2893 1351 3434 1415 argumentationibus
3454 1371 3470 1416 ;
3487 1359 3733 1412 vertmta-

2134 1449 2251 1489 men
2281 1436 2404 1504 quia
2421 1435 2464 1464 ”
2485 1435 2697 1488 omnino
2722 1445 2818 1500 est,
2841 1435 2950 1504 ipse
2970 1439 3124 1492 etiam
3148 1439 3198 1493 in
3222 1441 3324 1508 his,
3348 1445 3437 1514 qui
3452 1445 3610 1514 paulo
3634 1449 3732 1502 mi-

2136 1541 2234 1582 nus
2255 1527 2318 1581 ab
2340 1525 2538 1596 angelis
2565 1525 2606 1558 ⁷⁷
2629 1527 2876 1582 minorati
2895 1539 3033 1594 sunt,
3070 1545 3375 1603 operaretur
3399 1537 3464 1604 ’⁸,
3493 1540 3546 1594 in
3567 1539 3732 1612 ipsam

2138 1621 2408 1690 deﬁnitam
2427 1621 2644 1689 factoris
2667 1620 2884 1674 consilio
2907 1639 3206 1680 mensuram
3228 1629 3610 1688 humanitatem
3637 1653 3732 1690 au-

429 1727 566 1780 nitas
592 1725 643 1778 in
669 1725 843 1795 prima
880 1726 1249 1778 constitutione
1272 1726 1643 1795 comprehensa
1668 1734 1762 1778 est.
1800 1722 2018 1794 Oportet
2055 1717 2096 1776 Β
2123 1727 2266 1782 98⁷³³·
2289 1710 2348 1766 δέ
2371 1725 2490 1763 vero
2513 1720 2711 1762 εοανίαι
2735 1710 2928 1782 "quis.
2950 1718 3735 1783 generationisanimarummas

428 1805 564 1875 enim
596 1819 667 1872 uil
710 1807 819 1873 Deo
859 1819 1125 1888 inﬁnitum
1163 1818 1214 1871 in
1236 1819 1336 1878 his,
1369 1833 1506 1889 quae
1529 1817 1592 1870 ab
1613 1834 1671 1870 eo
1705 1817 1849 1886 facta
1879 1825 2023 1880 sunt,

430 1915 730 1978 aestimare,
764 1915 856 1966 sed
885 1911 1303 1980 uniuscujusque
1327 1927 1529 1974 eorum,
1562 1927 1696 1980 quae
1735 1918 1878 1972 stmt,
1905 1907 2028 1976 ﬁnis

429 1991 490 2058 et
529 1999 774 2057 mensura
828 1999 1322 2070 circumponderans
1357 1999 1574 2068 [actoris
1631 1999 1889 2067 sapientia
1929 2007 2026 2052 est.

431 2199 729 2253 coartatur,
761 2197 808 2241 et
842 2201 1090 2240 mensura
1114 2183 1214 2238 sibi
1240 2169 1566 2238 substantiae
1589 2181 1901 2250 magnitudo
1933 2189 2029 2244 est,

431 2283 561 2348 quae
577 2277 627 2330 in
643 2276 914 2348 superﬁcie
929 2275 1162 2344 corporis
1176 2273 1477 2343 perﬁcitur:
1496 2273 1589 2337 sic,
1610 2271 1857 2335 arbitror,
1875 2269 2032 2324 veluti

435 2366 490 2420 in
509 2383 610 2420 uno
631 2381 844 2435 corpore
866 2373 1032 2430 totam
1046 2364 1392 2417 humanitatis
1408 2362 1787 2432 plenitudinem
1813 2379 2036 2432 progno-
2075 2365 2078 2368 ’

434 2445 566 2510 stica
593 2457 774 2510 virtute
813 2473 844 2508 a
888 2455 992 2507 Deo
1016 2453 1247 2507 omnium
1285 2455 1715 2524 comprehensam
1755 2452 1939 2520 fuisse.
1967 2451 2036 2505 Et

435 2547 532 2602 hoc
553 2548 700 2601 docet
727 2562 920 2611 sermo,
954 2544 1042 2616 qui
1066 2545 1226 2598 dicit:
1255 2541 1392 2610 Quia
1425 2543 1544 2613 fecit
1571 2543 1712 2598 Deus
1755 2543 2037 2608 hominem,

435 2639 718 2695 secundum
760 2637 1042 2708 imaginem
1071 2635 1165 2690 Dei
1187 2635 1310 2705 fecit
1335 2651 1474 2688 eum.
1509 2633 1633 2687 Non
1661 2634 1795 2688 enim
1820 2634 1872 2687 in
1892 2643 2042 2703 parte

437 2739 660 2786 naturae
694 2731 888 2801 imago,
915 2745 1076 2800 neque
1105 2729 1158 2781 in
1189 2726 1418 2798 quodam
1449 2739 1648 2788 eorum,
1672 2741 1808 2790 quae
1857 2739 2042 2777 secun-

438 2825 564 2876 ditm
623 2821 812 2890 ipsum
854 2819 1466 2888 considerantur,gratia
1500 2827 1594 2880 est,
1636 2817 1724 2871 sed
1767 2817 1820 2869 in
1875 2825 2038 2869 totum

437 2929 598 2986 genus
629 2909 920 2982 aequaliter
985 2909 1108 2964 talis
1143 2911 1374 2979 pervenit
1415 2910 1594 2962 virtus.
1627 2907 1850 2977 Signum
1917 2923 2038 2960 vero

439 3013 534 3067 est,
549 3001 687 3073 quod
701 2995 974 3054 “omnibus
991 2997 1226 3052 similiter
1243 3001 1448 3051 animus
1463 2995 1768 3059 collocatur,
1787 3001 1908 3048 dum
1927 3011 2037 3048 om-

2132 1805 2256 1856 dum
2281 1803 2575 1873 inquirens,
2601 1803 2698 1856 nisi
2725 1802 3034 1874 alligaretur
3063 1811 3365 1880 nuptiarum
3383 1820 3734 1886 coeperationi

2073 1907 2076 1914 ‘
2133 1896 2310 1960 homo,
2363 1897 2736 1964 respondemus
2777 1898 2823 1928 ³ο
2875 1907 2922 1952 et
2957 1916 3050 1954 nos
3101 1903 3368 1973 angelicae
3413 1909 3736 1966 substantiae

2075 1985 2082 1994 ’
2131 1988 2372 2052 modum,
2408 1987 2672 2058 quomodo
2705 1989 2756 2042 in
2784 1989 2826 2024 "
2856 1990 3085 2058 inﬁnitis
3109 1995 3431 2064 mgriadibus
3454 1997 3532 2053 illi
3553 2009 3599 2053 et
3629 2017 3735 2056 una

432 2093 886 2160 Quemadmodum
909 2093 1072 2164 igitur
1091 2091 1284 2162 aliquis
1302 2095 1454 2144 homo
1480 2090 1711 2160 corporis
1739 2089 2032 2150 altantitate
2071 2079 2079 2094 ³

2135 2083 2362 2135 essentia
2395 2083 2650 2146 existunt,
2681 2093 2726 2134 et
2756 2083 2810 2136 in
2849 2084 3028 2162 multis
3057 2099 3428 2144 numerantur.
3455 2089 3571 2145 Hoc
3599 2094 3738 2148 enim

2135 2183 2251 2243 apte
2298 2175 2720 2245 respondebimus
2768 2179 3098 2246 proponenti,
3147 2183 3408 2252 quomodo
3453 2195 3584 2238 esset
3631 2186 3739 2256 ﬁne

2137 2267 2332 2336 nuptiis
2372 2269 2546 2334 homo,
2577 2269 2828 2336 dicentes,
2860 2273 2993 2326 sicut
3024 2282 3146 2326 sunt
3167 2276 3338 2345 angeli
3367 2277 3478 2332 sine
3506 2279 3736 2350 nuptiis;

2137 2360 2399 2414 hominem
2423 2363 2560 2416 enim
2581 2363 3001 2420 similiter-"illis
3023 2365 3184 2436 fuisse
3205 2378 3322 2422 ante
3342 2371 3741 2438 praevaricatio-

2141 2469 2256 2506 nem
2284 2453 2510 2507 ostendit
2534 2456 2646 2524 ipsa
2688 2458 2742 2510 in
2783 2457 2934 2510 illum
2967 2459 3158 2513 iterum
3203 2463 3478 2518 restitutio.
3514 2463 3612 2520 His
3645 2466 3741 2522 ite-

2142 2557 2256 2594 rum
2289 2559 2320 2595 a
2363 2544 2508 2596 nobis
2539 2545 2612 2597 sic
2628 2543 2745 2614 jam
2775 2545 2898 2601 bene
2926 2547 3188 2616 discretis,
3229 2551 3281 2604 in
3305 2549 3350 2582 ³³
3386 2554 3611 2622 priorem
3647 2571 3738 2610 ra-

2142 2633 2334 2686 tionem
2380 2635 2705 2688 redeundum
2737 2645 2831 2701 est,
2863 2633 3123 2706 quomodo
3162 2649 3276 2709 post
3316 2643 3740 2698 constitutionem

2141 2726 2390 2796 intagiuis
2419 2727 2587 2797 ipsum
2628 2725 2914 2781 secundant
2957 2732 3247 2784 masculum
3275 2741 3322 2786 et
3353 2733 3604 2802 feminam
3634 2737 3740 2805 dif-

2141 2818 2418 2886 ferentiam
2460 2819 2947 2887 supermachimttus
2985 2831 3058 2874 est
3101 2823 3243 2875 Deus
3285 2825 3614 2894 formationi.
3657 2825 3738 2880 Αιί

2141 2911 2238 2963 hoc
2279 2912 2414 2964 enim
2453 2911 2569 2963 dico
2612 2911 2788 2964 utilem
2834 2927 2943 2965 esse
2985 2916 3130 2982 prius
3178 2915 3460 2984 perfectam
3504 2935 3536 2970 a
3592 2920 3738 2974 nobis

2143 3002 2420 3056 theoriam.
2457 3003 2562 3068 Qui
2590 3006 2730 3056 enim
2771 3005 2947 3057 omnia
2971 3001 3191 3058 adduxit
3225 3007 3280 3062 in
3313 3023 3444 3073 esse,
3472 3018 3739 3081 totumque

442 3085 532 3152 nes
556 3089 874 3165 intelligendi
900 3103 946 3147 ει
971 3091 1282 3146 consiliandi
1309 3089 1815 3153 virtutetnhabeant,
1841 3097 1888 3140 ει
1909 3088 2038 3139 lttlitt
2067 3077 2111 3138 C
2146 3097 2198 3148 in
2223 3113 2318 3148 sua
2350 3097 2616 3150 υείιιηιηιε
2651 3097 2910 3151 hominem
2938 3099 3006 3151 ad
3049 3099 3282 3153 divinum
3322 3101 3601 3172 imaginem
3631 3105 3740 3174 [ον.

439 3192 640 3254 omnia,
659 3205 723 3242 ea:
749 3187 935 3260 quibus
959 3187 1134 3240 divina
1161 3195 1354 3240 natura
1379 3185 1430 3236 in
1467 3191 1546 3249 'eo,
1571 3185 1708 3254 quod
1755 3183 2042 3237 secundum

438 3283 606 3351 ipsum
631 3281 830 3350 factum
848 3261 944 3344 est,
969 3279 1348 3349 imaginatur",
1365 3275 1603 3331 similiter
1624 3277 1833 3330 habent.
1854 3275 1920 3329 Et
1937 3277 2043 3344 ipse

435 3373 490 3426 iri
518 3373 691 3442 prima
729 3371 916 3425 mundi
951 3371 1327 3424 constitutione
1373 3381 1612 3422 ostensus
1641 3367 1817 3432 homo,
1859 3377 1906 3420 et
1928 3378 2042 3436 post

437 3455 798 3536 universitatis
836 3453 1340 3517 consummationem
1385 3465 1598 3532 futurus
1621 3503 1635 3526 ,
1663 3461 1952 3532 aequaliter
1987 3461 2042 3514 in

437 3557 618 3628 seipsis
667 3543 902 3610 divinam
965 3551 1144 3624 ferunt
1203 3553 1505 3626 imaginem.
1569 3554 1856 3618 Propterea
1907 3569 2042 3608 unus

439 3645 590 3700 homo
618 3637 944 3698 nominatum
984 3655 1060 3698 est
1095 3661 1271 3710 omne,
1304 3646 1429 3716 quia
1491 3646 1547 3698 in
1581 3647 1766 3700 virtute
1813 3643 1910 3697 Dei
1967 3643 2040 3697 nil

441 3737 706 3805 praeterit,
737 3733 810 3789 nii
865 3727 1050 3794 instat.
1075 3736 1166 3790 sed
1206 3745 1252 3789 et
1291 3735 1430 3806 quod
1487 3745 1770 3806 spectatur,
1809 3737 2042 3806 aequali-

445 3834 523 3878 ter
543 3825 805 3894 praesenti
851 3825 1276 3895 comprehensivu
1331 3825 1686 3878 universitatis
1741 3827 2040 3895 operatione

445 3917 756 3994 continetur.
800 3915 984 3972 Omnis
1034 3907 1444 3994 itaqueinatura
1498 3919 1730 3972 humana
1759 3919 1803 3984 ⁸,
1839 3936 1972 3989 quae
2007 3937 2038 3973 a

445 4009 630 4080 primis
679 4025 838 4080 usque
875 4011 1156 4064 novissima
1189 4011 1444 4081 pervenit,
1485 4028 1592 4064 una
1631 4011 1888 4082 quaedam
1927 4029 2040 4065 vere

443 4099 710 4153 existentis
749 4099 922 4171 imago
952 4109 1025 4155 est
1056 4117 1074 4156 :
1101 4102 1216 4170 ipsa
1255 4118 1372 4155 vero
1411 4103 1464 4154 in
1493 4102 1787 4155 masculum
1817 4113 1864 4154 et
1887 4103 2038 4171 {emi—

445 4209 566 4246 nam
595 4193 795 4266 generis
824 4192 1124 4263 di/ferentia
1145 4194 1422 4248 novissime
1451 4193 1812 4246 constitutioni
1839 4194 2038 4263 forma-

447 4271 602 4336 tiouis
631 4281 836 4364 adjecta
866 4295 962 4337 est.
1003 4283 1070 4350 Et
1121 4275 1206 4338 ne.
1239 4284 1475 4348 mireris,
1531 4285 1746 4338 easdem
1800 4283 2040 4352 ejusdem

447 4371 744 4428 sententias
759 4387 922 4456 saepe
945 4389 1044 4427 nos
1067 4385 1314 4452 repetere
1334 4390 1347 4433 :
1377 4389 1480 4428 non
1505 4373 1651 4428 enim
1677 4375 2036 4444 ampliﬁcandi

2144 3185 2326 3251 mavit,
2356 3203 2456 3240 non
2491 3187 2746 3256 paulatim
2793 3190 3176 3260 adjectiouibus
3218 3194 3519 3264 futurorum
3561 3195 3736 3256 meras

2147 3275 2289 3344 fecit,
2319 3277 2530 3331 sciendo
2556 3279 2607 3332 in
2636 3297 2784 3332 suam
2821 3279 3197 3350 plenitudinem
3221 3286 3518 3339 animarum
3563 3303 3742 3342 nume-

2143 3383 2258 3419 rum
2295 3368 2695 3437 perﬁciendum,
2733 3373 3160 3427 sed'cuiuulatim
3187 3377 3238 3428 in
3273 3377 3385 3446 ipsa
3414 3378 3740 3448 plenitudine

2145 3475 2346 3512 omnem
2384 3459 2667 3514 humanam
2695 3467 2962 3516 'uaturam
2993 3482 3087 3533 per
3131 3469 3518 3536 prognosticam
3554 3487 3741 3540 opera-

2145 3552 2332 3604 tionem
2378 3551 2656 3618 intellea-it,
2703 3565 2747 3608 et
2789 3557 2844 3608 in
2874 3555 3248 3612 cxcelsitudine
3289 3571 3334 3613 et
3373 3560 3426 3614 in
3473 3561 3742 3633 coaequali

2145 3643 2342 3710 angelis
2374 3645 2543 3713 quiete
2579 3646 2965 3714 houori/icavit.
3017 3647 3280 3713 Quoniam
3329 3666 3444 3705 vero
3484 3653 3742 3721 praevidit

2143 3731 2572 3802 contentplatoria
2609 3735 2796 3788 virtute
2823 3733 2869 3769 ’⁵
2897 3753 3002 3789 non
3042 3748 3176 3791 recte
3211 3749 3417 3794 euntem
3447 3741 3514 3793 ad
3555 3741 3742 3796 bonam

2145 3823 2481 3888 voluntatem,
2519 3835 2672 3894 atque
2712 3827 2827 3879 ideo
2871 3843 2935 3880 ea:
2981 3829 3217 3896 angelica
3252 3829 3352 3883 vita
3387 3833 3733 3898 recedentem,

2145 3931 2206 3967 ne
2259 3917 2558 3968 auirnarum
2615 3915 2970 3971 humanarum
3025 3920 3307 3974 multitudo
3367 3923 3735 3989 minueretur,

2141 4004 2332 4057 cadens
2366 4022 2428 4058 ea:
2457 4005 2546 4059 illo
2571 4007 2746 4071 modo,
2778 4025 3035 4078 perquem
3059 4011 3230 4080 angeli
3256 4011 3328 4063 ad
3349 4011 3736 4066 multitudinem

2144 4095 2284 4146 aucti
2315 4105 2457 4158 sunt,
2506 4107 2778 4163 prOpterea
2823 4099 3205 4152 convenientem
3246 4099 3301 4152 in
3339 4111 3607 4170 peccatum
3645 4119 3715 4156 an

2145 4187 2340 4241 nulatis
2370 4187 2416 4218 ³³
2451 4189 2754 4242 incrementi
2781 4191 3210 4258 excogitationem
3236 4193 3288 4245 in
3313 4203 3502 4246 natura
3531 4193 3740 4259 confor-

2144 4279 2322 4344 ntavit,
2355 4295 2448 4349 pro
2491 4278 2725 4349 angelica
2757 4279 3148 4349 magniﬁcentia
3191 4283 3495 4352 pecuda/em
3526 4295 3570 4339 et
3605 4287 3741 4339 irra-

2149 4369 2396 4424 tionalem
2439 4387 2502 4424 ex
2529 4387 2582 4424 se
2613 4371 2824 4424 invicem
2871 4371 3215 4426 successionis
3243 4373 3452 4426 modum
3497 4376 3736 4431 humanis

447 4449 846 4530 sermonis,sed
861 4455 1218 4522 declarandae
1237 4463 1685 4535 qu'aestionishoc
1703 4467 2046 4538 agimusgra-
2075 4437 2124 4498 D
2151 4468 2247 4520 tati
2273 4467 2522 4520 inserens.
2560 4463 2698 4519 lliuc
2730 4465 2854 4518 mihi
2884 4466 3092 4519 videtur
3119 4467 3274 4520 etiam
3301 4483 3522 4538 magnus
3545 4469 3739 4537 David,

447 4539 520 4612 tia
548 4553 588 4610 ’.
615 4555 672 4610 In
697 4551 890 4612 octauo
911 4547 1124 4610 decimo
1154 4545 1198 4588 ⁷ο
1229 4557 1358 4628 item
1384 4555 1627 4627 ejusdem
1660 4560 1924 4612 sermonis
1951 4574 2045 4614 ca-

445 4649 614 4720 pitulo
649 4639 672 4702 ἐ
735 4631 1030 4703 Resurrecti

447 4743 591 4798 nobis
621 4733 1071 4816 promittit,quam
1093 4729 1150 4796 in
1181 4729 1546 4816 antiquitatem
1574 4747 1872 4799 cadentium
1898 4747 2042 4800 resti-

450 4823 696 4889 tutionem
727 4837 790 4889 ⁷⁷.
819 4827 1078 4890 Εειέηἱηι
1109 4835 1303 4892 reditus
1329 4841 1544 4910 quidam
1565 4842 1617 4893 in
1637 4841 1862 4909 primam
1886 4841 2042 4894 vitam

409 5005 422 5014 ι
451 4931 731 4996 spectanda
747 4931 790 4962 ⁷³
814 4930 1011 5002 gratia,
1027 4929 1302 5000 expulsum
1317 4933 1567 5002 paradiso
1592 4933 1779 4986 iterum
1803 4934 1857 4986 in
1869 4935 2040 5003 ipsum

735 4633 1182 4714 Resurrectionis,
1232 4645 1430 4736 inquit,
1477 4651 1647 4722 gloria
1694 4651 1733 4682 ¹¹
1779 4649 1852 4705 nil
1897 4649 2054 4706 aliud

2151 4557 2330 4611 dolens
2386 4558 2611 4610 hominis
2657 4557 2963 4621 miseriam,
3018 4557 3210 4611 talibus
3261 4559 3422 4612 verbis
3471 4561 3736 4629 planxisse

2153 4655 2392 4702 naturam
2427 4661 2444 4698 :
2477 4648 2616 4713 Quia
2644 4649 2818 4714 homo,
2865 4652 2920 4703 in
2961 4651 3156 4704 honore
3197 4651 3323 4704 dum
3359 4651 3404 4683 "
3442 4663 3593 4720 esset,
3637 4671 3738 4710 tton

2151 4727 2402 4794 intellexit
2425 4742 2692 4805 honorem,
2721 4743 2896 4796 dicens
2923 4743 3192 4814 aequalem
3215 4746 3412 4817 angelis
3435 4749 3478 4780 ’⁷
3505 4767 3742 4805 reveren-

2149 4833 2296 4897 tiam,
2323 4843 2612 4902 propterea,
2657 4835 2848 4905 inquit,
2875 4835 2920 4866 ²³
2942 4849 3274 4902 comparatus
3298 4851 3370 4893 est
3389 4840 3642 4910 jumentis
3665 4843 3739 4897 in-

2149 4927 2476 4996 sipientibus.
2537 4925 2665 4982 Vere
2707 4929 2844 4982 enim
2879 4933 3154 4998 pecorinus
3185 4931 3356 5000 factus
3379 4945 3472 5000 est,
3505 4937 3592 5006 qui
3621 4911 3747 4991 αντε-θ

1745 5044 2000 5100 VABIAE
2039 5041 2334 5101 LECTION
2341 5041 2446 5095 ES.

531 5160 546 5233 _‘
583 5156 674 5212 Sic
695 5155 816 5233 CF;
843 5158 891 5212 Δ
912 5157 1352 5233 irrationabiliori
1382 5131 1988 5233 adha_e_t'etrtaturae.h_i
2028 5156 2122 5233 Sic
2170 5153 2252 5233 CF
2274 5156 2366 5233 ‘,_A
2392 5154 2690 5233 opinantes:
2768 5154 2788 5186 ³
2825 5153 3226 5233 A_e:pponimus.
3303 5155 3324 5212 ἕ
3356 5155 3630 5233 ,Νοη-οιῃ.
3671 5161 3749 5233 Δοή

456 5232 478 5263 ⁵
511 5230 558 5284 Α
612 5229 980 5296 praescientia.

1074 5229 1094 5260 ⁶
1118 5229 1272 5300 quod
1294 5299 1302 5300 ί
1333 5243 1442 5300 cui.
1476 5227 1597 5300 CF.

451 5303 660 5357 mireris
683 5329 749 5338 —
771 5301 944 5369 gratia
971 5315 1078 5354 om.
1099 5299 1166 5354 Α.

1684 5229 1702 5259 ⁷
1747 5227 1838 5282 Sic
1877 5225 1960 5282 CF
1977 5244 1992 5292 ;
2041 5229 2086 5296 Α
2147 5223 2776 5296 similitudineni‘t‘eliert.

1267 5299 1310 5329 ¹⁰
1338 5297 1428 5352 Sic
1464 5297 1580 5360 CF;
1625 5297 1664 5351 A
1705 5297 1902 5352 decimo
1941 5299 2179 5365 septimo.

2867 5226 2890 5258 ⁸
2923 5227 3152 5278 humana
3189 5241 3296 5278 onL
3341 5225 3404 5278 Λ.

2613 5229 2776 5292 re[ert.
2867 5229 2890 5258 ⁸
2923 5229 3152 5278 humana
3189 5241 3296 5278 onL
3341 5229 3404 5278 Λ.
3481 5229 3502 5260 ⁸
3559 5229 3626 5282 Et
3678 5247 3744 5286 ne

2285 5296 2326 5364 ³⁷
2369 5296 2458 5350 Sic
2518 5283 2737 5366 CF'fA
2785 5297 2978 5366 gratia.

3081 5295 3122 5362 ‘f
3172 5293 3270 5368 Sic.
3311 5295 3430 5368 CF;
3483 5299 3530 5350 A
3579 5315 3740 5368 quam

454 5355 729 5444 lapsorum
767 5355 823 5424 in
863 5355 1798 5444 pristinumstatum_restitutionem.
1847 5367 1920 5444 __”
1957 5355 2048 5423 Sic
2076 5365 2160 5444 CF
2183 5383 2196 5432 ;
2219 5355 2627 5444 A_§.’i‘§]ie(lll;llt.:
2697 5363 2739 5394 "‘
2776 5355 2840 5418 Ᾰ’
2865 5355 3100 5444 angelica
3134 5355 3454 5444 _quaedam:._
3501 5367 3562 5444 _'_'
3591 5355 3742 5444 apud

450 5441 534 5498 eos
563 5457 674 5496 om.
703 5441 770 5495 A.

453 5515 496 5566 Α
525 5523 830 5567 coartatur.

849 5441 895 5478 ³⁵
925 5443 968 5496 Α
1002 5443 1271 5512 quoniam.

907 5511 954 5546 ³⁸
985 5510 1079 5568 Sic
1131 5511 1247 5576 CF;
1280 5511 1342 5564 ’Δ
1391 5510 1830 5580 respondebimus.

1351 5440 1392 5470 ⁷⁷
1422 5441 1592 5492 minus
1615 5439 1677 5491 ab
1707 5440 1924 5507 angelis.
1959 5451 2068 5492 om.
2091 5439 2168 5491 Ἀ.
2274 5439 2282 5467 ¹

1391 5510 1830 5566 respondebimus.
1909 5511 1950 5541 “
1983 5510 2038 5562 in
2085 5525 2196 5563 mn.
2237 5509 2282 5566 Α

1983 5527 2038 5562 m
2085 5525 2196 5563 Olli.
2237 5525 2302 5563 Α.

2274 5437 2315 5467 ⁷⁸
2345 5438 2434 5490 Sic
2461 5435 2541 5488 (1F
2561 5453 2576 5501 ;
2599 5435 2639 5487 Α
2663 5446 2980 5504 (moraretur
3003 5435 3318 5504 hominibus.

3415 5437 3456 5468 ¹⁹
3486 5439 3575 5494 Sic
3615 5439 3698 5494 Cl"
3721 5458 3735 5504 ;

2383 5507 2426 5536 ²²
2485 5509 2574 5560 Sic
2622 5503 2740 5572 CF;
2787 5509 2832 5558 A
2869 5503 3110 5570 similem.

3190 5506 3233 5554 '.'
3272 5506 3362 5576 Sic
3407 5509 3526 5576 CF;
3561 5511 3607 5566 Δ
3647 5512 3736 5563 ad.

523 5584 1170 5662 contentplatoria_uirt-ute
1197 5575 1304 5638 oni.
1335 5582 1402 5636 A.
1443 5575 1492 5622 “‘-
1519 5582 1608 5636 Sic
1636 5579 1751 5644 Cl";
1789 5581 1834 5636 Α
1863 5579 2044 5650 lapsis.
2115 5579 2159 5610 ³⁸³
2191 5577 2281 5636 Sic
2313 5577 2394 5638 CF
2414 5593 2428 5641 ;
2471 5575 2516 5630 Α
2544 5592 2658 5652 cmi}
2693 5579 2750 5632 in
2775 5577 2988 5630 Ιιοηοΐθ-
3054 5575 3098 5638 ξ’
3125 5576 3217 5644 Sic
3244 5575 3328 5662 ΟΕ
3347 5595 3368 5643 ;.
3387 5579 3434 5636 Δ
3467 5575 3746 5651 angelicis;

455 5655 498 5686 ³⁸
526 5655 690 5716 inquit
735 5670 848 5711 om.
889 5653 994 5710 CF.
