4212 6272
475 224 592 337 l799

1861 229 2146 288 JOANNIS
2181 229 2382 287 SCOTI

3671 226 3783 286 suo

486 334 675 392 malent
702 355 837 394 uane
863 341 1251 410 generationem
1273 342 1467 413 accepit
1481 351 1690 414 prapter
1711 343 1779 398 ad
1803 342 2077 400 materiale
2108 354 2152 412 Λ
2181 343 2481 416 praefatam
2543 356 2761 399 causam
2828 339 3224 412 superaddita?
3288 338 3424 395 Num
3477 340 3499 372 ⁸
3552 338 3607 399 in
3661 344 3782 402 sola

484 428 894 484 inclinationem.
932 430 1071 487 MAG.
1106 432 1341 488 Praefati
1375 434 1560 505 itaque
1609 435 1788 506 magni
1841 434 2074 504 theologi

484 518 671 583 verba,
704 534 841 589 quae
870 534 898 571 a
944 528 995 574 te
1025 520 1327 578 introducta
1355 535 1501 588 sunt,
1543 525 1620 579 nil
1653 525 1797 580 aliud
1826 525 2077 579 videntur

485 611 734 676 suadere,
766 627 926 681 quant
956 622 1015 666 ut
1045 613 1322 671 hominem
1354 616 1716 688 intelligamus
1749 618 1863 673 solo
1894 620 2076 672 animo

485 712 539 758 et
581 703 870 758 virtutibus
892 703 940 757 ei
974 706 1299 760 naturaliter
1339 708 1517 763 insitis
1558 710 1625 764 ad
1656 710 1946 781 imaginem
1982 710 2075 766 Dei

398 834 423 847 η
485 793 685 849 factum
716 826 783 837 —-
814 797 997 851 insunt
1025 809 1205 853 autem
1230 799 1278 855 ei
1307 801 1596 871 sapientia,
1638 804 1886 870 scientia,
1914 805 2077 859 ratio—

484 887 701 941 cinandi
747 887 939 955 virtus,
989 898 1313 961 ceteraeque
1340 892 1591 957 virtutes,
1627 896 1823 964 quibus
1849 908 2077 953 ornatur

486 980 685 1044 anima,
732 981 1139 1038 similitudinem
1175 983 1229 1038 in
1257 997 1315 1037 se
1343 982 1620 1041 Creatoris
1646 988 1726 1042 sui
1767 989 2076 1058 exprimens

484 1102 557 1114 —
576 1080 626 1127 el
648 1074 788 1143 quod
801 1089 990 1129 omnes
1003 1075 1252 1130 homines
1279 1076 1445 1131 semel
1469 1086 1523 1131 et
1540 1077 1696 1131 simul
1719 1087 1735 1117 ι
1761 1079 1884 1133 facti
1907 1088 2033 1134 sunt
2051 1081 2073 1112 ⁸

486 1164 542 1218 in
572 1163 663 1218 illo
701 1181 807 1220 uno
837 1165 1078 1233 homine,
1108 1168 1174 1223 de
1202 1184 1310 1238 quo
1341 1169 1601 1239 scriptam
1629 1180 1714 1225 est
1746 1190 1757 1223 :
1790 1169 2074 1227 Faciamus

485 1257 746 1311 hominem
776 1256 846 1312 ad
873 1258 1154 1328 imaginem
1192 1267 1249 1339 et
1264 1259 1662 1315 similitudinem
1691 1273 1945 1325 nostram,
1977 1271 2030 1317 et
2056 1280 2070 1316 :

486 1346 555 1404 In
576 1365 677 1418 quo
700 1366 876 1405 omnes
903 1362 1281 1420 peccaverunt;
1311 1352 1484 1410 adhuc
1511 1354 1652 1409 enim
1683 1354 1772 1409 ille
1800 1372 1937 1411 unus
1961 1372 2076 1411 om-

486 1439 572 1495 nis
598 1439 719 1505 fuit,
748 1449 803 1495 et
834 1441 887 1495 in
912 1456 1020 1511 quo
1034 1457 1223 1498 omnes
1250 1443 1584 1499 beatitudine
1601 1445 1837 1514 paradisi
1865 1447 2074 1517 expulsi

485 1538 633 1587 sunt.
676 1530 742 1586 Et
783 1531 1033 1587 si.homo
1063 1547 1168 1587 non
1199 1543 1472 1602 peccaret,
1502 1534 1554 1589 in
1583 1535 1854 1602 geminum
1887 1553 2074 1592 sexum

485 1621 847 1691 simplicitatis
882 1638 1013 1677 suae
1051 1623 1369 1679 divisionem
1394 1640 1501 1680 non
1545 1634 1821 1695 pateretur
1846 1640 1895 1683 ι.
1923 1629 2074 1697 Quae

2175 434 2360 487 anima
2388 442 2505 488 erat
2535 433 2651 489 sine
2683 446 2931 501 corpore,
2964 448 3030 486 an
3060 431 3114 485 in
3145 431 3326 485 anima
3356 429 3521 485 simul
3560 440 3618 485 et
3658 450 3784 488 cor-

2178 525 2347 593 pore?
2375 525 2440 579 Et
2469 523 2512 579 si
2541 524 2593 579 in
2624 523 2739 579 sola
2783 524 2988 585 anima,
3040 521 3311 593 quomodo
3355 522 3518 579 homo
3547 521 3785 592 appella-

2180 625 2265 669 tus
2320 624 2422 679 est,
2478 628 2601 668 cum
2659 622 2890 678 constet,
2947 611 3223 668 hominem
3276 627 3399 667 esse
3457 626 3524 667 ex
3569 611 3785 671 duabus

2177 705 2390 761 naturis
2436 703 2795 775 compositmn
2834 703 2880 770 ’,
2915 718 2983 758 ex
3039 701 3292 757 invisibili
3340 702 3559 777 quidem
3590 719 3786 760 seeun-
3834 766 3843 785 ι

2177 798 2304 852 dum
2342 796 2603 861 animam,
2636 803 2691 851 et
2735 793 2933 849 visibili
2977 793 3273 847 secundum
3310 794 3549 862 corpus?
3577 790 3645 848 Et
3682 809 3785 850 nec

2176 896 2384 955 partem
2440 884 2656 955 quidem
2698 882 2933 961 hominis
2991 892 3120 938 tunc
3163 890 3404 938 creatam
3455 880 3626 939 fuisse
3668 899 3786 939 ere-

2177 975 2446 1041 diderim,
2506 983 2566 1029 ut
2628 973 3012 1046 συνεκδοχικῶς
3076 973 3440 1044 intelligamus
3493 975 3638 1044 quod
3702 974 3785 1031 di-
3830 964 3835 971 ⁴

2177 1073 2322 1119 ειιιιιι
2380 1073 2467 1120 εει
2517 1082 2530 1118 :
2592 1062 2880 1118 Faciamus
2944 1064 3239 1128 hominem;
3275 1063 3599 1133 praesertim
3656 1079 3783 1122 eum

2176 1166 2494 1212 naturarum
2516 1155 2758 1211 onmimn
2792 1155 3108 1223 plenissima
3140 1163 3195 1208 et
3224 1151 3624 1222 perfectissima
3652 1170 3785 1209 con-

2175 1248 2310 1303 ditio
2364 1247 2450 1304 bis
2513 1247 2845 1317 propheticis
2910 1245 3088 1300 verbis
3160 1253 3429 1299 narretur.
3485 1243 3542 1299 Si
3598 1255 3782 1301 autem

2177 1342 2350 1413 prima
2388 1339 2626 1395 conditio
2672 1339 2724 1391 in
2776 1341 2953 1392 airlma
3007 1347 3063 1392 et
3106 1352 3356 1406 corpore,
3408 1334 3513 1390 hoc
3561 1346 3665 1402 est,
3725 1338 3780 1393 in

2177 1443 2292 1488 toto
2315 1445 2369 1487 et
2389 1432 2600 1502 integro
2625 1430 2841 1485 homine
2888 1439 3034 1484 recte
3060 1428 3781 1500 intelligitur,quaerendum

2177 1525 2444 1596 profecto,
2469 1523 2630 1594 quale
2657 1537 2855 1593 corpus
2882 1521 3012 1575 illud
3043 1530 3163 1575 erat
3191 1520 3440 1591 inprima
3472 1521 3784 1577 conditione

2176 1615 2437 1670 hominis.
2482 1614 2550 1669 Et
2575 1613 2794 1682 quidem
2839 1627 2966 1667 vera
3002 1611 3137 1665 ratio
3164 1610 3385 1675 clamat,
3433 1611 3536 1666 hoc
3585 1627 3783 1683 corpus

485 1711 678 1767 divisio
722 1711 943 1766 omnino
996 1711 1211 1768 divinae
1264 1724 1490 1769 naturae
1538 1716 1790 1787 imaginis
1836 1726 1892 1773 et
1927 1719 2080 1775 simi-

2186 1705 2385 1760 merito
2415 1704 2625 1775 peccati
2688 1702 3222 1772 supermaebinatnm
3270 1715 3376 1755 non
3415 1701 3605 1768 fuisse,
3653 1702 3782 1759 illud

484 1802 727 1861 litudinis
755 1821 948 1877 expers
973 1814 1056 1864 est
1097 1807 1137 1873 ³,
1182 1816 1237 1863 ει
1265 1808 1411 1862 ηυΙΙο
1438 1810 1597 1865 modo
1628 1820 1797 1876 esset,
1823 1812 1868 1866 si
1914 1812 2078 1869 homo

482 1911 592 1952 non
624 1908 893 1967 peccaret,
938 1897 1081 1952 sicut
1125 1896 1270 1953 nullo
1301 1898 1463 1953 modo
1494 1900 1601 1953 erit
1630 1908 1755 1970 post
1798 1911 2080 1956 restaura-

485 1986 688 2043 tionem
722 1997 949 2042 naturae
975 1988 1026 2041 in
1048 1989 1336 2060 pristinum
1369 1998 1592 2056 statum,
1618 1992 1709 2061 qui
1746 2002 1868 2062 post
1891 1995 2074 2049 catho-

484 2076 644 2131 licam
715 2079 1170 2133 resurrectionem
1222 2088 1543 2135 cunctorum
1587 2082 1863 2139 hominum
1908 2082 2079 2137 maui-

484 2162 795 2224 fe5tabitur.
830 2168 1174 2239 Quapropter
1202 2169 1245 2224 si
1272 2170 1434 2224 homo
1450 2185 1556 2224 non
1584 2181 1855 2241 peccaret,
1903 2172 2079 2228 nullus

476 2258 775 2329 utriusque
803 2274 966 2314 sexus
997 2259 1208 2331 copula,
1240 2276 1340 2315 nec
1369 2261 1476 2316 ullo
1503 2264 1710 2318 semine
1741 2274 2078 2330 nasceretur,

486 2351 583 2405 sed
613 2352 1068 2422 quemadmodum
1113 2353 1354 2424 angelica
1392 2357 1647 2422 essentia,
1677 2357 1803 2413 dum
1847 2359 1917 2413 sit
1948 2375 2077 2425 una,

487 2441 542 2497 in
581 2443 817 2499 infinitas
860 2445 1155 2518 myriades,
1201 2447 1361 2501 nullis
1390 2458 1689 2520 temporum
1734 2451 1958 2506 merulis
1993 2456 2077 2506 in-

486 2535 747 2605 teriectis,
774 2536 998 2592 simulet
1023 2537 1190 2594 semel
1214 2539 1566 2610 multiplicata
1597 2550 1703 2606 est,
1737 2542 1808 2596 ita
1840 2543 2077 2599 humana

486 2635 701 2690 natura,
754 2625 799 2681 si
859 2626 1169 2680 mandatum
1223 2628 1382 2683 vellet
1429 2645 1671 2695 servare,
1721 2638 1775 2685 et
1815 2640 2075 2694 servaret,

487 2716 542 2772 in
585 2718 988 2787 praecognitmu
1043 2717 1140 2773 soli
1189 2718 1457 2774 conditori
1503 2736 1787 2774 numerum
1832 2721 1992 2776 simul
2023 2729 2080 2776 et

487 2809 655 2865 semel
676 2819 1002 2880 erumperet.
1045 2809 1312 2878 Quoniam
1343 2826 1471 2866 vero
1500 2812 1770 2881 praevidit
1797 2814 1959 2877 Deus,
1985 2813 2078 2882 qui

486 2916 588 2957 nec
626 2901 767 2956 fallit
822 2917 922 2957 nec
969 2901 1191 2979 fallitur.
1243 2903 1518 2958 hominem
1565 2904 1892 2960 conditionis
1943 2920 2075 2960 suae

485 2992 731 3048 ordinem
758 3001 812 3048 et
843 2992 1160 3065 dignitatem
1175 2995 1543 3060 deserturum,
1566 2996 2075 3067 supermacbinatus

2182 1802 2237 1856 in
2270 1801 2441 1871 prima
2476 1814 2542 1853 ac
2580 1797 2813 1853 naturali
2847 1795 3278 1850 conformatione
3328 1795 3563 1851 hominis
3594 1794 3779 1851 condi-

2184 1901 2318 1947 tum.
2364 1890 2509 1946 Dtsc.
2542 1889 2657 1944 Non
2703 1904 2765 1943 ex
2799 1887 3067 1957 superﬂuo
3097 1885 3230 1939 haec
3255 1886 3506 1955 quaestio
3543 1886 3784 1957 interpo-

2182 1986 2285 2039 sita
2319 1992 2423 2047 est,
2449 1990 2505 2037 et
2535 1996 2639 2039 non
2673 1979 3007 2034 infructuose
3048 1978 3358 2048 «praerenda
3380 1988 3540 2048 atque
3568 1977 3783 2033 solven-

2184 2076 2273 2131 da.
2298 2074 2365 2129 Et
2388 2079 2513 2144 quia
2548 2083 2601 2127 tu
2632 2072 2981 2143 proposuisti,
3005 2070 3294 2125 solvendae
3311 2070 3451 2127 illius
3470 2072 3683 2129 debitor
3701 2073 3782 2127 fa-

2183 2179 2306 2224 ctus
2348 2182 2426 2222 es.
2464 2165 2577 2219 Non
2632 2166 2799 2230 enim,
2846 2174 2904 2219 ut
2936 2165 3195 2229 arbitror,
3250 2178 3595 2235 prepoueres,
3628 2164 3777 2236 quod

2182 2262 2404 2317 omnino
2435 2258 2644 2316 solvere
2668 2275 2772 2312 non
2797 2273 3119 2328 procurares
3140 2256 3204 2311 ¹⁰.
3236 2254 3372 2310 Man.
3406 2255 3535 2310 Illud
3556 2272 3776 2326 corpus,
3820 2250 3827 2259 ’

2184 2356 2327 2426 quod
2354 2355 2408 2409 in
2456 2353 2847 2409 constitutione
2899 2350 3133 2405 hominis
3162 2351 3414 2420 primitus
3441 2358 3524 2405 est
3552 2350 3778 2416 factum,

2184 2446 2466 2518 spirituale
2500 2456 2553 2501 et
2582 2447 2623 2479 “
2654 2444 2957 2500 immortale
2977 2445 3300 2500 crediderim
3324 2459 3465 2511 esse,
3489 2460 3552 2499 ac
3571 2443 3676 2500 tale
3690 2454 3784 2502 aut

2184 2537 2394 2608 ipsum,
2445 2538 2603 2608 quale
2651 2546 2772 2607 post
2821 2536 3276 2591 resurrectionem
3305 2535 3545 2590 habituri
3573 2551 3778 2595 sumus.

2185 2628 2301 2684 Non
2343 2631 2491 2685 enim
2541 2628 2702 2684 facile
2753 2630 3137 2691 concesserim,
3192 2626 3543 2696 corruptibile
3587 2642 3781 2698 cerpus

2185 2722 2353 2777 fuisse
2376 2733 2431 2777 et
2454 2719 2758 2786 materiale,
2787 2720 3104 2791 priusquam
3128 2731 3292 2773 causa
3334 2717 3702 2789 corruptionis
3726 2727 3784 2774 et

2185 2811 2609 2877 materialitatis,
2637 2811 2738 2867 hoc
2770 2819 2874 2876 est,
2902 2821 3183 2880 peccatum
3213 2809 3371 2865 fieret
3403 2826 3416 2863 :
3449 2817 3504 2862 et
3524 2808 3781 2875 maxime,

2186 2921 2306 2961 cum
2340 2906 2627 2962 manifesta
2658 2904 2797 2981 ratio
2824 2904 3139 2973 pet-doceat,
3183 2901 3229 2957 si
3261 2902 3312 2956 id
3360 2900 3534 2972 ipsum
3565 2915 3780 2970 corpus,

2186 2999 2329 3067 quod
2372 2998 2425 3055 in
2453 2997 2627 3069 prima
2651 2995 2962 3051 conditione
2989 2994 3228 3049 hominis
3276 2993 3480 3049 factum
3529 3001 3614 3048 est
3656 3000 3785 3049 ante

486 3091 573 3139 est
612 3082 843 3138 alterqu
889 3083 1352 3156 multiplicationis
1395 3086 1664 3142 humanae
1699 3095 1929 3142 naturae
1970 3102 2080 3142 mo-
2105 3069 2150 3134 C
2181 3089 2462 3155 delictum,
2498 3103 2623 3144 mox
2651 3101 2974 3144 conversum
2995 3094 3081 3142 est
3114 3094 3170 3141 et
3197 3084 3401 3141 factum
3433 3083 3785 3155 eorruptibile

488 3173 634 3239 dum,
671 3190 779 3246 quo
810 3177 1044 3231 mundus
1073 3176 1176 3230 iste
1212 3176 1454 3232 locorum
1482 3184 1538 3230 et
1576 3185 1880 3247 temporum
1911 3179 2080 3233 inter-

487 3263 643 3320 vallis
689 3275 1084 3337 perageretur,
1145 3275 1205 3321 ιιι
1273 3267 1521 3324 homines
1571 3268 1843 3338 generalis
1897 3270 2079 3326 delicti

489 3359 799 3429 generalem
831 3360 1044 3415 luerent
1090 3374 1344 3430 poenam,
1374 3376 1439 3415 ex
1472 3361 1812 3430 corruptibili
1850 3362 2079 3428 semine,

490 3448 633 3503 sicut
659 3458 714 3503 et
739 3458 922 3504 cetera
955 3448 1233 3514 animalia,
1269 3457 1575 3503 nascentes.
1620 3448 1727 3504 Sed
1768 3450 1893 3504 dmn
1923 3451 2080 3518 haec,

490 3539 772 3610 multaque
816 3540 1013 3594 similia
1056 3554 1124 3594 ex
1163 3538 1428 3608 praedicti
1472 3538 1719 3607 magistri
1759 3540 2085 3597 testimoniis

491 3630 839 3700 colliguntur,
870 3629 1073 3684 multae
1111 3629 1461 3700 quaestiones
1507 3628 1743 3700 undique
1773 3631 2080 3700 prosiliunt.

493 3726 733 3794 Quarmn
775 3724 950 3794 prima
999 3738 1064 3778 ac
1108 3721 1346 3777 niaxima
1381 3722 1642 3791 impetum
1694 3723 2083 3780 validissimum

494 3816 647 3872 facit.
684 3813 740 3871 Si
769 3814 913 3869 enim
942 3829 1134 3871 omnes
1169 3813 1439 3878 homines,
1465 3829 1571 3868 nou
1601 3814 1806 3880 solum,
1837 3816 1928 3886 qui
1972 3815 2086 3872 fue-

496 3914 648 3973 runt,
676 3913 732 3959 et
768 3904 859 3975 qui
892 3913 1036 3969 sunt,
1064 3919 1251 3959 verum
1276 3914 1329 3959 et
1354 3906 1443 3975 qui
1473 3902 1639 3959 futuri
1670 3915 1818 3970 sunt,
1843 3907 2002 3962 simul
2034 3917 2090 3963 et

497 3995 665 4053 semel
697 3995 867 4051 creati
908 3995 961 4049 in
1007 3994 1095 4049 illa
1124 3994 1305 4049 divina
1337 4010 1489 4060 voce,
1515 4008 1654 4064 quae
1681 3995 1812 4050 dicit
1845 4012 1859 4051 :
1893 3994 2090 4050 Facia-

498 4105 616 4144 mus
634 4089 930 4155 hominem;
956 4088 1066 4143 etsi
1083 4088 1184 4143 ista
1213 4103 1438 4159 corpora
1468 4088 1837 4157 corruptibilia
1869 4097 1923 4143 et
1948 4103 2088 4143 mor-

501 4182 627 4237 talia
648 4182 669 4211 ⁸
713 4196 780 4235 ex
811 4182 1149 4253 corruptibili
1177 4190 1233 4235 et
1255 4180 1465 4238 mortali
1495 4192 1549 4236 et
1580 4181 1848 4236 materiali
1881 4182 2092 4237 semine

498 4273 802 4338 nascentia,
836 4273 1179 4329 extrinsecus
1219 4274 1489 4328 lmmanae
1533 4281 1759 4327 naturae
1798 4272 1865 4327 ad
1896 4273 2089 4344 imagi-

498 4380 622 4420 nem
650 4365 742 4420 Dei
768 4363 945 4421 factae
972 4365 1014 4430 ⁸,
1043 4364 1523 4436 praevaricationis
1551 4366 1745 4419 merito
1772 4378 1935 4433 super
1978 4380 2091 4418 ma-

2181 3191 2303 3251 post
2330 3179 2611 3245 delictum,
2644 3194 2753 3233 non
2783 3186 2904 3233 erat
2929 3176 3061 3231 illud
3093 3174 3653 3248 supermacbinatum,
3688 3174 3787 3229 sed

2183 3272 2249 3327 de
2273 3269 2539 3340 spirituali
2563 3277 2619 3324 et
2651 3267 3046 3338 incorruptibili
3080 3267 3134 3322 in
3169 3276 3448 3323 terrenum
3488 3272 3545 3321 et
3596 3279 3793 3320 corru-

2181 3363 2369 3435 ptibile
2393 3370 2813 3418 transmutatam
2839 3401 2854 3426 ,
2889 3375 2954 3416 ac
2985 3360 3198 3431 perhoc
3224 3358 3486 3431 praedicti
3515 3357 3785 3428 magistri,

2183 3456 2435 3527 Gregorii
2464 3454 2713 3510 videlicet
2740 3453 2999 3526 theologi,
3023 3454 3323 3509 auctoritas
3350 3451 3607 3507 vacillare
3636 3451 3788 3508 vide-

2182 3544 2510 3615 bitur,quod
2534 3544 2695 3601 absit.
2720 3544 2841 3614 ipse
2862 3544 3130 3614 siquidem
3159 3543 3541 3599 incunctanter
3566 3542 3788 3609 asserit,

2187 3646 2380 3703 totum,
2397 3637 2539 3707 quod
2556 3636 2614 3690 in
2633 3637 2807 3706 prima
2822 3634 3133 3691 conditione
3153 3634 3391 3690 hominis
3410 3634 3475 3689 ad
3493 3634 3788 3705 imaginem

2186 3726 2282 3782 Dei
2333 3726 2533 3781 factum
2566 3736 2649 3780 est
2680 3725 2746 3791 ",
2788 3724 3084 3781 secundum
3140 3716 3405 3778 rationem
3448 3722 3692 3793 corporis
3733 3731 3792 3778 et

2188 3817 2399 3871 animae
2417 3815 2459 3847 ¹³
2485 3831 2699 3886 semper
2718 3814 2761 3846 ⁸⁸
2785 3814 3268 3885 incorruptibilitcr
3292 3828 3533 3869 manere.
3557 3811 3791 3868 Utenim

2188 3922 2333 3961 nunc
2359 3907 2403 3939 ³⁸
2428 3907 2745 3961 omittamus
2761 3906 3077 3977 perspicuas
3100 3905 3244 3961 illius
3271 3906 3788 3978 argumentationes,

2188 3999 2386 4068 quibus
2411 3998 2783 4054 indubitanter
2832 3996 3085 4062 allirmat,
3130 4010 3233 4051 nec
3280 3996 3491 4051 animas
3519 4004 3646 4050 ante
3670 4009 3793 4051 eor-

2190 4107 2323 4163 pora
2347 4091 2513 4146 fuisse
2542 4098 2775 4156 creatas,
2797 4105 2896 4144 nec
2916 4101 3145 4159 corpora
3176 4097 3304 4144 ante
3338 4088 3569 4151 animas,
3601 4088 3693 4142 sed
3721 4087 3793 4142 si-

2192 4183 2303 4238 tuul
2330 4191 2381 4237 et
2424 4181 2592 4237 semel
2640 4190 2808 4236 totum
2839 4179 3039 4235 factum
3074 4181 3127 4235 in
3156 4179 3341 4236 divino
3385 4179 3634 4245 consilio,
3679 4194 3788 4250 quo

2191 4274 2396 4329 dictum
2422 4282 2505 4328 est
2536 4273 2796 4342 faciamus
2819 4271 3103 4337 hominem,
3127 4286 3190 4326 ac
3216 4269 3374 4325 simul
3395 4270 3449 4324 in
3476 4270 3620 4325 hunc
3634 4285 3794 4325 mun-

2194 4364 2321 4418 dum
2349 4362 2583 4418 secunda
2606 4361 2839 4431 quadam
2867 4359 3215 4433 generatione
3244 4358 3310 4424 ⁸⁸,
3356 4371 3497 4429 quae
3528 4357 3792 4427 superad-

500 4458 719 4513 cbiuata
741 4468 889 4523 sunt,
920 4473 985 4511 ac
1014 4473 1110 4526 per
1134 4459 1237 4511 hoc
1258 4457 1401 4511 nullo
1434 4456 1594 4511 modo
1618 4466 1825 4520 essent,
1852 4456 1897 4509 si
1930 4457 2090 4512 homo
2124 4423 2170 4483 θ
2199 4457 2309 4512 dita
2343 4465 2447 4519 est,
2479 4455 2531 4509 in
2554 4454 2745 4508 ordine
2782 4462 3083 4521 temporum
3116 4451 3286 4516 nasci,
3323 4447 3596 4519 quomodo
3624 4448 3789 4503 etiam

502 4549 717 4605 divinae
746 4548 1019 4617 imaginis,
1055 4547 1106 4600 in
1137 4563 1245 4616 qua
1270 4548 1521 4602 conditus
1551 4554 1634 4601 est
1672 4545 1712 4609 “,
1737 4545 2089 4617 pulchritudi-

504 4654 628 4695 nem
661 4654 767 4692 non
796 4637 1177 4692 dehonestaret
1209 4655 1221 4689 :
1256 4653 1362 4690 non
1404 4651 1739 4704 supervacuo
1786 4638 2086 4706 quaeritur,

504 4729 781 4800 quomodo
824 4727 1000 4798 prima
1044 4726 1285 4781 conditio
1324 4727 1391 4780 ad
1435 4727 1725 4796 imaginem
1778 4726 1871 4781 Dei
1899 4727 1919 4759 "
1948 4725 2091 4782 facta

506 4829 610 4887 cst,
636 4820 904 4890 siquidem
922 4814 1156 4874 secunda
1180 4834 1287 4874 non
1315 4820 1383 4876 ad
1404 4819 1719 4891 imaginem,
1748 4820 1842 4876 sed
1867 4828 2091 4891 propter

2199 4561 2343 4602 nunc
2370 4545 2435 4610 ",
2486 4554 2608 4615 post
2649 4551 2931 4614 peccatum
2957 4556 3245 4615 perversae
3271 4540 3562 4597 voluntatis
3607 4542 3796 4595 buma-

2200 4652 2303 4693 nae
2335 4645 2584 4701 naturae,
2608 4642 2661 4690 et
2683 4634 2928 4705 corporis
2949 4633 2995 4667 ¹⁸
3017 4633 3145 4689 illud
3166 4631 3444 4703 spirituale
3471 4639 3526 4686 et
3546 4628 3791 4685 naturale

2200 4728 2383 4783 animo
2404 4738 2616 4793 semlier
2644 4724 2945 4779 adhaerens
2971 4738 3036 4779 ac
3059 4722 3162 4779 sibi
3192 4730 3502 4777 concretum
3528 4717 3792 4773 discerni-

2202 4831 2291 4876 tur
2317 4820 2387 4875 ab
2417 4833 2503 4883 eo,
2528 4816 2670 4888 quod
2700 4816 2895 4871 merito
2931 4814 3353 4888 trangressionis
3380 4812 3646 4883 adjectum
3676 4817 3785 4875 est,

1801 4950 2060 5007 VARIAE
2095 4945 2517 5006 LECTIONESr

584 5070 600 5101 ¹
625 5067 670 5124 Α
691 5064 848 5121 simul
866 5074 914 5121 et
935 5063 1112 5121 semel.
1188 5067 1208 5097 ’
1234 5063 1325 5122 Sic
1344 5066 1419 5132 A;
1444 5064 1528 5120 Cl"
1552 5066 1678 5119 sint.
1754 5064 1776 5096 ³
1797 5063 1889 5119 Sic
1913 5062 2032 5126 CF;
2056 5062 2123 5118 Α.
2145 5062 2214 5130 Q.
2231 5062 2286 5132 «ιτ
2303 5061 2357 5115 d.
2387 5060 2497 5132 n._i.
2523 5073 2573 5132 e_.
2603 5072 2650 5113 ε.
2676 5057 2897 5132 omnino
2910 5072 3093 5132 εφρετε
3122 5063 3229 5132 est.
3302 5056 3326 5132 ξ
3355 5052 3447 5132 Sic
3677 5069 3793 5108 cor-
3846 5040 3859 5047 ’

510 5123 779 5211 ruptibilia
814 5148 861 5211 e_t
888 5135 1135 5211 mortalia
1172 5123 1422 5211 corpora;
1491 5136 1513 5167 ⁵
1546 5136 1635 5191 Sic
1656 5132 1772 5211 Clj‘;
1805 5135 1850 5188 A
1875 5123 2135 5187 conditae.
2214 5132 2235 5162 '
2265 5130 2357 5187 Sic
2379 5128 2463 5211 CF
2477 5145 2509 5211 λ
2523 5128 2575 5210 ..Α
2594 5128 2827 5211 erat“:
2858 5126 2954 5181 Dei
2976 5123 3086 5181 om.
3117 5126 3225 5182 CF.
3698 5140 3790 5177 an.

509 5210 532 5243 '
564 5204 654 5266 Sic
676 5207 793 5275 CF;
824 5208 867 5263 Α
898 5209 1160 5262 hominem
1190 5204 1273 5261 ρκ’
1294 5205 1498 5262 duabus
1553 5205 1771 5259 naturis
1806 5220 1918 5259 esse
1949 5204 2314 5272 compositum.
2392 5204 2434 5232 "'
2476 5204 2570 5254 Sic
2602 5204 2683 5263 A;
2722 5204 2807 5253 CF
2842 5213 2901 5267 pr

511 5282 557 5316 “
581 5281 672 5337 Sic
698 5277 817 5339 CF;
863 5279 905 5332 Α
936 5279 1133 5339 factum
1181 5287 1255 5332 est
1290 5276 1359 5330 ad
1398 5276 1675 5339 imaginem
1707 5274 1826 5329 Dei.
1905 5273 1950 5310 ³⁸
2004 5272 2096 5328 Sic
2120 5271 2237 5338 CF;
2267 5273 2311 5325 A
2338 5272 2547 5325 animae
2580 5279 2626 5323 et
2668 5267 2901 5339 corporis

798 5343 842 5382 ί*
862 5343 955 5405 Sic
977 5348 1093 5416 CF;
1134 5348 1181 5402 A
1208 5350 1431 5403 ratione.
1507 5343 1549 5378 ίτ
1579 5347 1624 5399 Α
1663 5361 1775 5401 nec.
1852 5344 1898 5377 “
1930 5343 2022 5400 Sic
2053 5343 2169 5410 CF;
2197 5345 2243 5398 Α
2280 5358 2488 5414 corpus.

511 5282 557 5316 ²²
581 5281 672 5337 Sic
698 5277 781 5335 CF
801 5295 817 5344 ;
863 5279 905 5332 Α
935 5279 1133 5349 factum
1181 5287 1255 5332 est
1290 5276 1359 5330 ad
1398 5276 1675 5346 imaginem
1707 5274 1826 5329 Dei.

511 5366 620 5405 om.
651 5351 720 5405 Α.
798 5349 842 5382 ¹⁶
862 5347 955 5405 Sic
977 5348 1093 5405 CF:
1134 5348 1181 5402 A
1208 5350 1431 5403 ratione.
1507 5347 1549 5378 ¹⁷
1579 5347 1624 5399 Α
1663 5361 1775 5401 nec.

511 5366 620 5408 0m.
651 5366 720 5405 Α.

3278 5197 3321 5234 ¹¹
3346 5195 3439 5251 Sic
3466 5194 3550 5250 Cl"
3578 5211 3592 5257 ;
3634 5194 3676 5247 Α
3706 5210 3787 5247 ac.

2392 5200 2434 5232 ³⁸
2476 5199 2570 5254 Sic
2602 5202 2683 5263 A;
2722 5196 2807 5253 CF
2842 5212 3198 5267 procurasses.
3278 5197 3321 5234 ιι
3346 5196 3439 5251 Sic
3466 5196 3550 5250 CF
3578 5211 3592 5257 ;
3634 5196 3676 5247 Α
3706 5210 3787 5247 ac.

2392 5272 2547 5318 rimae
2580 5279 2626 5318 et
2668 5267 2923 5318 carueris.
3000 5266 3048 5301 ³⁸
3071 5283 3274 5318 semper
3295 5281 3401 5318 om.
3435 5266 3499 5318 A.
3579 5264 3625 5297 "
3654 5279 3793 5318 nunc

3000 5266 3048 5301 ³⁸
3071 5283 3274 5339 semper
3295 5281 3401 5321 om.
3435 5266 3499 5321 A.

2017 5432 2270 5489 NOTAE.

587 5567 614 5597 ιι
663 5552 876 5609 Falsam
935 5552 984 5609 J.
1028 5553 1175 5611 Scoti
1228 5552 1564 5623 Opinionem‘
1593 5553 1661 5623 de
1699 5549 1877 5623 primo
1930 5546 2106 5623 homi-

515 5641 607 5691 ne,
653 5626 900 5696 quiante
939 5618 1472 5696 praevaricationem
1507 5618 1731 5696 simple}:
1774 5618 2103 5696 homnine-

521 5690 611 5760 rit,
643 5690 707 5750 a'c
725 5704 848 5765 post
862 5690 1144 5764 peccatum
1174 5705 1402 5751 naturae
1425 5690 1745 5753 divisionem
1772 5690 2105 5765 induplicetn

2208 5560 2420 5610 sexum,
2455 5540 2750 5598 masculum
2777 5548 2835 5596 et
2861 5539 3139 5606 feminam,
3166 5554 3360 5610 passus
3385 5539 3479 5609 sit,
3510 5535 3795 5596 recensui-

2208 5631 2332 5673 mus
2344 5629 2506 5686 supra
2536 5613 2641 5670 col.
2670 5610 2779 5669 509
2809 5621 2925 5669 not.
2962 5624 2988 5655 ι
3012 5621 3068 5669 ει
3087 5611 3316 5683 passim.
