4212 6272
353 316 451 369 801

1208 307 1297 360 DE
1335 301 1677 359 DIVISIONE
1715 295 2063 354 NATURAE.
2099 327 2171 340 —
2199 291 2405 349 LIBER
2439 290 2788 361 QUARTUS.

3508 280 3629 349 803'

357 431 412 483 in
441 427 457 457 ‘
491 423 747 479 vicesimo
792 420 1020 489 septimo
1064 417 1301 487 capitulo
1329 430 1489 484 saepe
1517 414 1643 469 dicti
1674 410 1940 467 sermonis
1969 413 2013 471 Α
2045 409 2111 464 ad
2147 409 2589 478 compositionem
2629 408 2986 489 superadjecti
3037 424 3099 463 ac
3154 407 3317 464 veluti
3360 409 3614 481 superanti

358 514 784 573 luculentissime
819 510 1088 579 explanat.
1122 507 1245 561 Non
1265 507 1424 569 enim,
1452 505 1647 574 inquit,
1696 520 1788 573 per
1827 518 1938 554 om-

360 605 472 665 nia,
492 603 632 673 quod
667 609 899 653 nostrum
926 606 1023 661 est,
1062 597 1116 649 in
1137 596 1285 665 ﬂuxu
1307 605 1355 648 et
1381 593 1819 647 transmutatione
1840 599 1934 643 est.

364 691 427 749 Si
452 694 601 762 enim
630 699 782 753 esset,
811 685 1207 758 reprehensibile
1241 683 1619 748 universaliter,
1650 680 1788 752 quod
1819 679 1939 732 nul-

361 783 471 837 lum
500 792 688 836 statum
726 779 879 831 liabet
919 793 983 831 ea:
1010 785 1202 830 natura
1224 790 1245 829 :
1272 776 1363 829 sed
1401 775 1564 845 juxta
1617 771 1937 827 subtiliorem

363 872 614 924 rationem
641 883 840 928 eorum,
862 882 996 935 quae
1016 865 1071 919 in
1093 863 1242 917 nobis
1265 871 1409 924 sunt,
1439 860 1704 932 quoddam
1729 858 1936 926 quidem

361 969 484 1021 stat,
509 956 773 1027 quoddam
812 971 928 1008 vero
957 970 1022 1007 ea:
1065 951 1412 1006 mutabilitate
1456 949 1669 1003 accidit.
1700 946 1940 1002 Mutatur

360 1047 495 1100 enim
538 1061 629 1114 per
654 1045 953 1098 auctionem
1002 1050 1050 1095 et
1102 1039 1497 1093 diminutionem
1524 1052 1733 1106 corpus,
1783 1032 1940 1089 veluti

360 1138 660 1191 uestimenta
708 1134 965 1203 quaedam
1022 1141 1385 1199 consequentes
1432 1137 1629 1181 aetates
1675 1126 1937 1180 indutum.

365 1225 480 1281 Stat
512 1240 633 1280 vero
667 1241 759 1294 per
785 1238 990 1277 omnem
1039 1220 1422 1274 conversionem
1467 1215 1940 1272 intransmutabilis

365 1319 423 1371 in
449 1334 504 1371 se
553 1317 667 1386 ipsa
697 1315 890 1385 forma,
918 1313 1089 1367 insitis
1129 1312 1230 1366 sibi
1268 1309 1424 1364 semel
1451 1324 1517 1363 ea:
1543 1318 1735 1362 natura
1781 1307 1943 1375 signis

368 1422 476 1461 non
515 1406 768 1461 desistens
793 1405 835 1468 ’,
891 1403 979 1457 sed
1033 1401 1087 1455 in
1138 1400 1376 1454 omnibus
1427 1398 1709 1453 secundum
1758 1412 1943 1466 corpus

367 1493 894 1548 transmutationibus
918 1506 1036 1543 cum
1075 1491 1186 1543 suis
1216 1489 1514 1542 nationibus
1540 1495 1754 1557 apparet
1779 1501 1798 1540 :
1821 1486 1946 1539 sub-

367 1583 606 1636 trahetur
631 1582 653 1613 ³
678 1590 872 1642 autent,
916 1595 1013 1648 per
1045 1575 1267 1631 Verbum
1303 1574 1511 1630 Domini
1536 1574 1943 1643 videlicet,ipsa,

366 1687 500 1741 quae
526 1685 591 1724 ex
610 1669 849 1738 passione
869 1677 965 1731 est,
992 1665 1233 1727 mutatio,
1275 1681 1409 1733 quae
1430 1664 1451 1695 ⁸
1477 1664 1677 1733 foratae
1693 1678 1943 1733 superae-

2039 500 2281 569 corporis
2329 499 2601 567 pertinere
2649 513 2754 552 non
2804 484 3023 552 dubium
3072 508 3173 554 est.
3225 500 3379 568 Quod
3420 516 3619 570 corpus

2038 586 2321 643 materiale
2346 596 2401 641 et
2442 585 2681 641 exterius
2726 585 2889 640 veluti
2935 587 3205 656 quoddam
3235 590 3619 644 vestimentum
3674 614 3679 643 :

2041 676 2376 747 signaculum
2405 675 2450 708 “
2478 676 2756 731 interioris
2786 684 2841 731 et
2884 677 3151 733 naturalis
3177 694 3286 732 non
3328 680 3623 751 incongrue
3676 722 3681 729 .

2040 766 2378 835 intelligitur.
2416 764 2659 819 Movetur
2698 766 2843 820 enim
2874 780 2971 836 per
3013 774 3256 835 tempora
3294 775 3354 821 et
3394 775 3618 829 aetates,
3674 804 3681 813 .

2044 863 2392 925 augmentum
2433 862 2486 908 et
2533 853 2912 908 detrimentum
2944 853 3027 908 sui
3054 853 3332 923 patiendo,
3365 854 3456 910 illo
3479 870 3625 913 sem-

2038 956 2139 1011 per
2161 941 2403 995 interiori
2432 942 2485 994 in
2513 956 2610 995 suo
2640 949 2781 994 statu
2810 940 3318 996 incommutabiliter
3342 951 3621 999 manente.

2112 1032 2200 1085 15.
2238 1030 2345 1085 Sed
2368 1031 2624 1099 quoniam
2640 1039 2690 1084 et
2708 1030 2838 1084 illud
2853 1031 3132 1085 exteriusa
3150 1030 3260 1087 Deo
3271 1031 3471 1088 factum
3484 1042 3568 1090 est
3580 1034 3627 1068 "

2043 1120 2538 1191 etsuperadditum,
2555 1119 2769 1173 divinae
2786 1120 3039 1175 bonitatis
3053 1122 3365 1191 magnitudo
3379 1133 3435 1178 et
3448 1124 3629 1180 inlini-

2045 1218 2098 1263 ta
2121 1223 2248 1277 erga
2274 1208 2479 1271 omnia,
2502 1223 2641 1276 quae
2658 1216 2803 1271 sunt,
2834 1209 3171 1278 providentia
3218 1212 3390 1267 noluit
3412 1216 3628 1282 penitus

2042 1297 2278 1367 perire“
2296 1305 2350 1352 et
2369 1298 2434 1351 ad
2450 1297 2676 1353 nihilum
2699 1299 2889 1367 redigi,
2903 1299 3028 1367 quia
3039 1300 3107 1355 ab
3129 1301 3240 1370 ipsa
3256 1312 3358 1367 est,
3378 1314 3626 1362 etextre-

2047 1402 2192 1441 mum
2217 1385 2269 1441 in
2300 1386 2564 1440 creaturis
2590 1387 2801 1441 obtinet
2823 1388 3087 1455 ordinem;
3109 1405 3268 1459 porro
3298 1393 3422 1462 quia
3443 1409 3630 1463 omne,

2046 1478 2190 1548 quod
2226 1478 2279 1531 in
2312 1476 2456 1531 hunc
2480 1476 2737 1531 mundum
2761 1494 2862 1547 per
2880 1482 3283 1546 generationem
3313 1486 3557 1541 localiter
3575 1499 3633 1541 et

2050 1564 2420 1635 temporaliter
2445 1564 2711 1628 nascitur,
2735 1582 2838 1621 non
2861 1574 3037 1637 potest
3053 1568 3156 1622 line
3167 1584 3375 1637 carere,
3394 1575 3507 1629 sive
3532 1577 3634 1629 mi-

2047 1654 2208 1708 nimis
2232 1654 2296 1717 ",
2322 1652 2531 1718 utdies,
2558 1655 2741 1718 horae,
2760 1669 3052 1723 luculenta,
3069 1660 3465 1728 sivemaximis,
3483 1672 3634 1719 utse—

367 1760 514 1811 σίδη,
551 1754 691 1810 Nam
716 1755 874 1809 νειιιιί
915 1754 1076 1823 facies
1116 1752 1374 1820 quaedam
1419 1751 1594 1805 aliena
1627 1752 1648 1783 ⁸
1689 1751 1804 1819 ipsa
1856 1767 1948 1819 per
1979 1768 2025 1827 Β
2052 1744 2195 1809 cuia,
2226 1743 2341 1797 sive
2366 1744 2582 1808 mediis,
2613 1753 2672 1799 ut
2699 1753 2922 1811 aetates,
2958 1750 3082 1802 anni
3110 1758 3434 1821 temporum,
3466 1755 3634 1810 inter.

367 1838 746 1907 iuformitatem
774 1835 1080 1904 deformitas
1112 1834 1336 1902 formam
1366 1832 1720 1901 deprehendit,
1739 1849 1845 1901 qua
1875 1835 1953 1887 in-

369 1918 634 1987 formitate
682 1932 781 1986 per
818 1913 1041 1968 Verbum
1083 1912 1488 1977 circumablata,
1518 1913 1653 1965 sicut
1704 1912 1955 1967 Naaman

371 2011 560 2081 Syrus,
582 2026 672 2063 seu
694 2007 871 2062 decem
894 2006 915 2037 ⁸
947 2006 1037 2076 qui
1059 2006 1111 2059 in
1135 2003 1415 2074 Evangelia
1437 1994 1747 2067 narrantur,
1768 2005 1955 2057 iterum

370 2099 647 2151 obscurata
673 2095 767 2151 sub
789 2095 1027 2165 passione
1041 2094 1202 2163 facies
1229 2110 1321 2163 per
1342 2094 1619 2147 sanitatem
1642 2094 1697 2146 in
1721 2093 1831 2146 suis
1862 2107 1956 2144 no-

371 2184 598 2238 tionibus
654 2183 867 2236 relucet.
905 2180 1080 2249 Igitur
1117 2182 1172 2234 in
1216 2179 1570 2248 deiformilate
1613 2181 1824 2233 animae
1845 2194 1955 2233 non

374 2271 559 2340 ﬂuxile
602 2287 694 2339 per
740 2268 1141 2323 mutabilitatem
1166 2324 1169 2327 λ
1195 2278 1245 2320 et
1296 2266 1696 2321 transntutabile
1736 2275 1832 2331 est,
1863 2266 1955 2326 sed

374 2360 512 2426 quod
534 2368 795 2427 permanet
816 2357 1158 2427 similiterque
1192 2357 1245 2409 in
1275 2366 1453 2409 nostra
1482 2357 1812 2409 concretione
1859 2357 1956 2410 Ita-

378 2448 550 2512 belur,
598 2448 694 2499 hoc
743 2447 947 2500 animae
998 2445 1266 2498 inseritur.
1298 2443 1366 2497 Et
1396 2444 1646 2514 quoniam
1691 2446 1832 2515 ipsas
1866 2460 1959 2514 per

379 2541 599 2607 speciem
625 2537 947 2607 di/Terentias
990 2537 1135 2606 ipsae
1160 2536 1431 2590 mutabiles
1457 2537 1800 2592 concretionis
1827 2553 1959 2606 qua-

378 2628 548 2680 litates
568 2626 951 2696 superformant
975 2625 1018 2688 ",
1049 2625 1307 2678 concretio
1356 2641 1475 2678 vero
1504 2641 1607 2678 non
1647 2626 1755 2678 alia
1795 2642 1957 2696 quae-

377 2716 500 2769 dam
527 2715 548 2747 ⁸
573 2724 647 2769 est
699 2724 905 2783 praeter
943 2713 1313 2769 elementorum
1356 2712 1637 2767 mixturam
1663 2729 1682 2778 ,'
1708 2714 1957 2768 elementa

377 2814 553 2859 autem
604 2804 825 2856 dicimus
872 2802 1232 2856 universitatis
1271 2817 1484 2871 corpore
1525 2799 1547 2828 '
1599 2802 1957 2855 constitutioni

380 2894 612 2962 subjecta
643 2933 659 2957 ,
719 2908 785 2946 ea;
826 2891 1018 2961 quibus
1066 2892 1226 2946 etiam
1259 2892 1544 2944 humanum
1591 2905 1778 2960 corpus
1827 2907 1953 2944 con-

382 2993 486 3038 stat
530 3007 547 3041 .-
592 2984 880 3038 necessario
940 2983 1108 3053 specie
1173 2980 1329 3036 veluti
1397 2980 1641 3048 descripti
1699 2979 1957 3051 signaculi

384 3072 587 3139 formae
630 3071 674 3102 ³ο
716 3071 771 3123 in
811 3070 985 3123 anima
1020 3079 1351 3139 permanente
1377 3110 1392 3136 ,
1447 3085 1609 3140 neque
1659 3071 1956 3139 reforman-

384 3161 456 3212 da
506 3162 561 3213 in
612 3158 882 3230 signaculo
905 3161 974 3212 ad
1019 3158 1243 3226 formam
1273 3160 1338 3212 ab
1375 3175 1456 3224 ea,
1492 3159 1722 3212 videlicet
1751 3161 1954 3225 anima,

383 3249 692 3317 ignorantur
720 3288 736 3314 ,
780 3248 875 3301 sed
931 3249 986 3302 in
1026 3259 1251 3318 tempore
1294 3247 1681 3316 reformationis
1726 3248 1819 3302 ifla
1865 3249 1960 3302 ite-

385 3339 614 3404 rumgad
676 3356 732 3393 se
796 3341 962 3405 ipsam
1034 3339 1288 3408 recipiet,
1353 3354 1687 3408 quaecunque
1756 3339 1960 3408 foratae

380 3426 670 3499 characteri
712 3428 993 3496 coaptabit.
1058 3424 1332 3496 Coaptabit
1376 3435 1552 3479 autem
1601 3428 1814 3480 omnino
1863 3425 1959 3480 illa

378 3512 460 3566 liis
494 3520 559 3578 ιι,
593 3530 728 3584 quae
777 3514 841 3567 ab
871 3515 1023 3568 initio
1066 3516 1122 3568 in
1158 3514 1329 3584 forma
1375 3514 1790 3570 cltaracterizata
1814 3527 1957 3573 sunt.

384 3597 616 3655 Videsne
640 3601 820 3670 igitur,
842 3618 1002 3672 quam
1034 3602 1302 3658 subtiliter
1325 3602 1371 3633 “
1397 3602 1606 3671 primae
1636 3604 1961 3680 conditionis

389 3688 775 3758 proprietatem
802 3691 870 3744 ab
897 3690 1002 3754 his,
1026 3704 1165 3760 quae
1193 3691 1536 3761 superaddita
1575 3702 1724 3757 sunt,
1754 3692 1958 3748 discer-

387 3779 506 3833 nit?
527 3778 892 3849 Quodcunque
912 3778 1056 3836 enim
1078 3780 1132 3833 in
1156 3780 1404 3835 humanis
1424 3783 1742 3851 corporibus
1769 3783 1963 3837 immu-

390 3868 553 3923 tabile
582 3869 913 3940 intelligitur,
955 3870 1163 3940 primae
1181 3871 1504 3927 conditionis
1529 3873 1808 3943 proprium
1840 3883 1958 3941 est;

389 3958 643 4027 quicquid
681 3973 810 4013 vero
835 3957 887 4012 in
917 3959 995 4014 eis
1028 3960 1279 4016 mutabile
1322 3976 1386 4017 ac
1417 3961 1463 3995 "
1492 3964 1701 4018 varium
1724 3966 1962 4036 percipi-

388 4057 500 4113 tur,
538 4049 665 4117 ιιιυά
692 4058 774 4105 est
801 4051 1248 4121 superadjectum,
1273 4062 1532 4124 extraque
1563 4063 1810 4110 naturam
1836 4057 1965 4111 suh-

386 4139 655 4194 stitutum.
681 4139 1065 4197 Uuiversaliter
1090 4154 1269 4197 autem
1297 4143 1350 4198 in
1372 4144 1622 4200 omnibus
1646 4147 1963 4215 corporibus

387 4230 637 4286 immanis
684 4246 790 4285 una
838 4232 1135 4301 eademque
1180 4231 1349 4287 forma
1393 4233 1695 4290 communis
1722 4235 1961 4289 omnium

387 4321 719 4392 intelligitur,
757 4331 814 4378 et
841 4339 1054 4395 semper
1088 4325 1140 4379 in
1167 4327 1417 4381 omnibus
1457 4326 1966 4385 incommutabiliter

387 4420 518 4514 ξωίσ
565 4412 698 4466 Nam
721 4415 1169 4514 .inuFmerabile‘?
1205 4415 1559 4514 (ξίπθτθηᾳθθν
1590 4420 1950 4514 ηυδε-εἰδέω
1982 4445 2029 4503 D
2055 4412 2207 4495 nolit;
2248 4442 2502 4510 descripti
2545 4443 2807 4514 signaculi
2836 4487 2851 4511 ,
2894 4412 3182 4508 exterioris

387 4499 597 4556 formae
621 4502 892 4569 accidunt,
921 4517 1028 4559 non
1048 4520 1117 4559 ex
1146 4505 1353 4561 ratione
1379 4509 1585 4576 primae
1606 4510 1953 4576 conditionis,

388 4588 481 4644 sed
521 4606 587 4646 ex
618 4591 962 4661 qualitatibus
984 4594 1411 4664 corruptibilium
1442 4597 1706 4652 seminum
1751 4599 1960 4653 contin-

387 4688 538 4747 gunt.
568 4679 685 4750 ipsa
728 4682 893 4751 igitur
936 4681 1106 4737 l‘orma
1134 4682 1430 4754 spiritualis
1459 4686 1737 4756 spirituale
1764 4705 1960 4759 corpus

388 4778 494 4833 est,
527 4771 581 4825 in
607 4771 779 4840 prima
804 4773 1116 4828 conditione
1160 4775 1392 4831 hominis
1417 4776 1619 4834 factum
1647 4798 1660 4834 :
1689 4782 1830 4850 quod
1859 4796 1958 4836 au-

393 4869 499 4912 tem
523 4875 589 4914 ex
620 4864 866 4928 materia,
888 4864 991 4917 hoc
1017 4872 1119 4929 est,
1150 4879 1216 4919 ex
1249 4867 1596 4936 qualitatibus
1619 4880 1674 4925 et
1693 4873 1962 4940 quantita-

394 4948 538 5001 tibus
581 4960 831 5018 quattuor
858 4953 1245 5009 elementorum
1297 4957 1481 5012 mundi
1521 4960 1788 5017 sensibilis
1841 4979 1963 5017 cum

394 5037 512 5104 ipsa
541 5037 706 5093 forma
729 5043 1063 5110 qualitativa,
1091 5046 1158 5100 de
1183 5060 1288 5115 qua
1317 5047 1369 5100 in
1399 5049 1667 5115 prioribus
1686 5049 1838 5106 libris
1860 5055 1968 5107 dis-

393 5126 717 5193 putavimus,
770 5130 1023 5199 quoniam
1078 5141 1135 5186 et
1174 5134 1357 5205 augeri
1393 5143 1448 5188 et
1472 5135 1638 5190 minui
1666 5139 1961 5208 patiuntur,

2052 1830 2210 1885 vallis
2259 1831 2402 1885 inter
2450 1832 2772 1902 principium
2827 1836 3122 1894 nativitatis
3174 1842 3227 1895 iu
3280 1844 3419 1899 hanc
3469 1847 3662 1903 vitam.

2053 1918 2402 1988 ejusdemque
2431 1921 2575 1976 vitae
2610 1922 2766 1978 linem
2811 1925 3164 1997 interpositis,
3216 1935 3448 1989 naturali
3484 1950 3637 1990 crea-

2055 2019 2298 2063 turarum
2323 2010 2663 2066 ordinatione
2679 2013 2946 2083 exigente.
2979 2016 3152 2073 Omne
3174 2021 3463 2089 siquidem,
3489 2026 3633 2094 quod

2057 2098 2111 2152 iu
2155 2097 2354 2152 mundo
2383 2113 2448 2153 ex
2482 2098 2680 2155 mundo
2728 2105 3083 2172 compositum
3118 2107 3305 2178 incipit
3349 2125 3491 2174 esse,
3538 2129 3636 2168 ne-

2057 2203 2214 2244 cesse
2249 2198 2334 2243 est
2370 2189 2562 2244 resolvi
2615 2200 2671 2246 et
2710 2206 2831 2247 cum
2859 2198 3067 2252 mundo
3095 2198 3332 2256 interire.
3379 2195 3639 2261 Necessa-

2056 2278 2196 2332 rium
2225 2286 2365 2342 erat,
2390 2279 2631 2333 exterius
2676 2294 2739 2334 ac
2768 2285 3046 2340 materiale
3085 2303 3282 2358 corpus
3317 2291 3452 2347 solvi
3484 2295 3535 2348 in
3573 2311 3657 2351 cat

2056 2367 2342 2431 elementa,
2378 2382 2442 2423 ex
2474 2368 2670 2438 quibus
2696 2383 3033 2443 assumptum
3062 2389 3168 2440 est,
3207 2394 3312 2433 non
3348 2391 3524 2439 autem
3551 2400 3641 2441 ne-

2056 2456 2376 2522 cessarium,
2426 2459 2623 2526 perire,
2670 2461 2922 2528 quoniam
2957 2479 3025 2518 ex
3075 2467 3183 2521 Deo
3218 2480 3354 2535 erat,
3389 2484 3641 2530 manente

2056 2561 2271 2617 semper
2313 2548 2558 2606 interiori
2604 2550 2719 2618 illo,
2745 2561 2801 2607 et
2825 2553 3336 2617 incommutabiliter
3368 2570 3547 2621 stante
3586 2567 3646 2622 in

2058 2639 2172 2694 suis
2214 2640 2533 2706 rationibus,
2587 2646 2882 2700 secundum
2914 2664 3050 2716 quas
3082 2666 3206 2705 cum
3253 2656 3432 2709 anima
3478 2666 3540 2712 et
3585 2660 3659 2714 in,

2059 2730 2239 2784 anima
2279 2739 2336 2786 et
2361 2747 2457 2802 per
2495 2733 2732 2788 animam
2774 2744 2830 2789 et
2866 2748 3085 2808 propter
3113 2742 3348 2797 animam
3376 2748 3640 2801 constitu-

2060 2831 2175 2876 tum
2218 2835 2324 2877 est.
2377 2823 2642 2890 Quoniam
2687 2840 2818 2882 vero
2865 2828 3009 2884 illius
3062 2832 3307 2900 corporis
3347 2836 3643 2891 materialis

2061 2920 2222 2981 atque
2248 2912 2493 2967 solubilis
2519 2922 2701 2968 manet
2731 2914 2784 2968 in
2815 2916 2997 2971 anima
3036 2921 3268 2987 species,
3315 2937 3421 2978 non
3467 2923 3643 2980 solum

2061 3003 2153 3058 illo
2182 3006 2414 3071 vivente,
2452 3020 2637 3060 verum
2685 3007 2850 3061 etiam
2893 3019 3017 3078 post
3046 3010 3162 3080 ejus
3212 3012 3532 3070 solutionem
3586 3027 3649 3072 et

1985 3111 2029 3172 ο
2062 3095 2116 3149 iu
2144 3094 2411 3150 elementa
2438 3097 2622 3151 mundi
2652 3099 2918 3165 reditum;
2967 3102 3256 3171 disputatio
3280 3106 3478 3176 quippe
3504 3108 3644 3163 divi-

2065 3185 2134 3238 tis
2177 3198 2318 3238 cum.
2350 3186 2624 3240 Abraham
2682 3189 2955 3244 notionem
3004 3206 3289 3262 corporum
3344 3195 3643 3254 adhaerere

2062 3274 2346 3330 animabus
2387 3285 2508 3346 post
2552 3288 2782 3334 mortem
2818 3282 3056 3338 indicat:
3092 3296 3375 3357 propterea
3405 3293 3644 3360 partium

2065 3364 2247 3429 illius,
2305 3366 2614 3436 ubicunque
2666 3370 3053 3428 elementorum
3105 3377 3247 3441 sint,
3308 3396 3416 3437 non
3466 3393 3647 3452 potest

2062 3455 2240 3510 anima
2261 3456 2531 3524 oblivisci,
2556 3470 2649 3513 aut
2673 3475 2768 3516 eas
2790 3465 3020 3520 nescire.
3050 3465 3307 3533 Quamvis
3335 3472 3477 3527 enim
3511 3486 3642 3545 pro-

2061 3555 2183 3617 pter
2210 3557 2487 3618 peccatum
2530 3553 2907 3620 superadditae
2943 3557 3055 3611 sint
3092 3558 3358 3616 humanae
3394 3574 3642 3632 naturae,

2063 3638 2130 3694 ad
2165 3654 2285 3695 eam
2318 3647 2493 3695 tamen
2536 3656 2641 3697 non
2669 3646 2943 3713 pertinere
2968 3662 3074 3702 non
3107 3661 3355 3719 possunt,
3379 3655 3643 3724 quoniam

2062 3726 2131 3782 ab
2188 3730 2377 3785 eodem
2431 3741 2657 3788 naturae
2713 3736 2992 3793 conditore
3044 3748 3099 3794 et
3159 3741 3373 3800 additae
3419 3754 3547 3800 sunt
3589 3756 3648 3801 et

2065 3816 2258 3879 factae,
2281 3833 2348 3873 ac
2377 3834 2473 3886 per
2499 3819 2604 3875 hoc
2646 3821 2699 3875 in
2746 3828 3143 3884 restauratione
3185 3831 3418 3889 hominis
3445 3835 3500 3889 in
3525 3839 3646 3892 nni-

2064 3914 2229 3960 tatem
2260 3918 2487 3963 naturae
2527 3914 2862 3969 revocandae
2894 3928 3019 3971 sunt
3056 3919 3134 3982 ”,
3176 3920 3303 3977 dum
3347 3924 3524 3985 anima
3569 3937 3655 3991 to-l

2064 4004 2176 4049 tum
2202 3996 2304 4051 sibi
2345 3998 2618 4052 subditum
2662 4006 3077 4060 resurrectionis
3122 4016 3363 4079 tempore
3394 4015 3638 4082 recipiet.

2067 4082 2130 4137 Et
2169 4082 2274 4138 hoc
2322 4092 2428 4149 est,
2476 4086 2619 4154 quod
2656 4088 2731 4142 ait
2777 4092 3071 4161 magister:
3118 4094 3431 4154 Necessario
3474 4105 3644 4170 specie

2063 4171 2219 4227 ueluti
2243 4173 2477 4242 discripti
2506 4176 2765 4245 signaculi
2806 4179 3007 4248 formae
3047 4183 3089 4215 "
3130 4185 3185 4238 in
3223 4188 3402 4242 aninta
3428 4206 3642 4259 perma-

2065 4270 2237 4326 nente,
2271 4278 2432 4333 neque
2463 4263 2798 4331 reformanda
2826 4270 2882 4322 in
2906 4272 3177 4341 signaculo
3209 4277 3279 4329 ad
3311 4276 3534 4345 formam
3574 4283 3641 4335 ab

2062 4366 2124 4403 ea
2164 4351 2494 4420 ignorantur.
2519 4354 2598 4407 Ac
2635 4354 2681 4407 si
2710 4354 2935 4423 diceret,
2982 4359 3366 4431 dum’species,
3414 4367 3518 4421 hoc
3558 4380 3642 4423 est

3219 4454 3472 4510 videlicet
3518 4474 3641 4514 cor-

2066 4529 2234 4599 poris,
2266 4530 2409 4597 quod
2432 4541 2591 4585 vocat
2615 4531 2661 4564 ”
2691 4532 3025 4604 signaculum
3057 4539 3345 4607 interioris,
3386 4545 3438 4599 in
3462 4547 3644 4604 anima

2066 4628 2367 4708 permanet,
2412 4621 2573 4675 etiam
2606 4632 2726 4693 post
2768 4626 3027 4697 signaculi
3070 4632 3392 4690 solutionem
3422 4649 3643 4708 propter

2066 4707 2211 4762 illam
2254 4709 2548 4775 notionem,
2596 4728 2758 4780 quam
2793 4731 3008 4785 semper
3051 4720 3230 4782 habet.
3281 4737 3387 4778 non
3431 4707 3647 4796 ignorat

2068 4804 2252 4862 partes
2291 4796 2552 4865 signaculi
2598 4816 2696 4870 per
2723 4803 2987 4861 elementa
3037 4823 3275 4877 sparsas,
3318 4822 3375 4866 et
3405 4831 3648 4871 resurre-

2067 4883 2260 4938 ctionis
2305 4886 2391 4939 die
2432 4886 2475 4921 ἰ
2520 4888 2573 4941 iu
2619 4890 2914 4960 signaculo,
2948 4896 3051 4952 hoc
3086 4908 3192 4962 est.
3219 4902 3272 4955 in
3311 4918 3539 4972 corpore
3577 4909 3646 4961 ad

2066 4973 2294 5029 formam
2319 4977 2551 5042 animae,
2582 4983 2723 5047 quod
2746 4991 2831 5036 est
2855 4986 3080 5042 interius
3100 5004 3314 5058 corpus,
3347 4992 3644 5050 reforman-

2068 5063 2185 5153 das.
2218 5063 2312 5117 Est
2337 5066 2480 5118 enim
2509 5070 2749 5124 exterius
2772 5080 2829 5125 et
2863 5076 3141 5130 materiale
3168 5093 3364 5146 corpus
3398 5084 3645 5153 signacu-

2070 5148 2179 5206 lum
2216 5152 2507 5219 interioris,
2534 5154 2587 5208 in
2622 5171 2729 5225 quo
2754 5158 2927 5214 lorma
2972 5163 3185 5219 animae
3213 5148 3553 5237 exprimitur,
3581 5189 3647 5227 ac

1668 5267 1923 5326 VARIAE
1955 5274 2356 5336 LECTIONES.

465 5377 697 5457 tinem.
725 5376 789 5430 Α.
869 5378 891 5408 ³
914 5375 1006 5457 Sic
1028 5379 1156 5457 C_F._;
1182 5382 1222 5434 Α
1241 5382 1415 5457 insita
1437 5383 1678 5457 sibi_s._e.
1698 5402 1752 5439 η.
1782 5387 1931 5457 signa
1958 5405 2016 5442 η.
2047 5393 2310 5449 amittens.

390 5447 990 5544 mgaﬁiq-quqe‘nmnorbg.
1032 5450 1494 5544 ai‘iapna‘liena.‘
1544 5453 1693 5544 “.Saic
1704 5457 1795 5544 gr;
1807 5447 2065 5544 ;:Asicut
2088 5462 2143 5513 in
2175 5447 2422 5544 quamn
2446 5447 2540 5520 at;
2562 5447 2933 5544 ίῖίζιέεξίςῖεἷῖἧ
2948 5447 3398 5544 ἝᾮΞὶιξςθιίοῖἔιῖ

392 5514 993 5604 ἓῖἐὲιεζρῃείονςιξᾳᾳί.
1032 5518 1319 5604 3quaedam
1335 5538 1445 5604 qui.
1462 5523 1528 5604 AA.
1564 5526 1586 5559 ⁸
1610 5524 1698 5579 Sic
1711 5524 1795 5604 ριτ
1889 5543 2165 5604 corporeae
2179 5514 2494 5604 nisini};

1719 5594 1763 5626 "
1783 5594 2111 5657 signaculum
2141 5616 2249 5654 om.
2283 5604 2348 5657 A.

390 5655 617 5717 penitus.
696 5655 737 5687 "
768 5656 889 5709 Ain
929 5658 1189 5711 minimis.
1286 5660 1330 5692 ¹⁸
1381 5655 1499 5717 sunt
1522 5679 1643 5727 \om.
1673 5664 1738 5718 Α.
1814 5655 1861 5698 ίῖ
1894 5665 2107 5733 formae
2136 5685 2245 5726 om.
2278 5655 2342 5725 A.

394 5583 439 5616 ¹¹
467 5583 558 5657 Sic
573 5583 1086 5657 CF;§7similiter.'
1136 5589 1181 5624 ⁸³
1212 5590 1305 5644 Sic
1341 5591 1457 5657 CF;
1489 5594 1534 5646 Α
1569 5604 1637 5647 et.

827 5745 1099 5806 Damon.
1125 5746 1377 5809 CXXII.

2403 5396 2426 5428 ³
2451 5397 2542 5452 Sic
2727 5403 2769 5455 Α
2801 5404 3142 5479 subtrahitur.
3197 5407 3239 5479 *ξ
3270 5406 3359 5465 Sic
3377 5410 3492 5479 CF;
3520 5416 3561 5469 A
3584 5434 3646 5474 ea

2642 5485 2741 5536 ms,
2767 5486 2855 5539 qm
2880 5489 2931 5526 in
2981 5485 3266 5544 Evangelio
3295 5489 3398 5532 cet.
3500 5485 3520 5516 ⁷
3554 5487 3647 5543 Sic

2628 5540 2694 5591 A.
2749 5541 2792 5571 ¹⁰
2807 5541 3007 5608 formae
3022 5558 3130 5595 om.
3148 5545 3210 5598 Α.
3271 5547 3310 5577 ¹¹
3341 5549 3423 5604 Itis
3441 5566 3549 5606 om.
3576 5557 3643 5608 Δ.

2427 5605 2581 5688 ’1‘???
2602 5605 2921 5688 “ﬁlatim.
3020 5610 3174 5688 “Si?
3222 5614 3305 5688 CF
3325 5632 3340 5681 ;
3390 5620 3436 5671 Α
3476 5605 3650 5688 ι)εᾶἆᾶ

2441 5676 2484 5706 ¹⁰
2520 5678 2609 5731 Sic
2638 5676 2741 5742 CF;
2772 5679 2815 5731 A
2843 5690 3075 5736 vocatur.
3151 5684 3194 5722 ἰ
3238 5676 3336 5738 ἀεί
3365 5676 3574 5746 θω.Ἀ.
3628 5676 3637 5703 ί

3174 5772 3253 5833 26
