4212 6272
604 364 709 435 sos
1981 361 2262 421 JOANNIS
2302 363 2498 420 SCOTI
3763 376 3869 432 30.,

602 495 700 553 per
721 479 826 535 hoc
863 478 1035 535 forma
1061 478 1178 548 ejus
1221 468 1615 535 rationabiliter
1658 476 1977 547 appellatur.
2013 476 2080 530 Et
2105 491 2173 532 ne
2201 481 2251 541 Α
2276 479 2415 548 quod
2448 495 2540 547 per
2582 487 2655 535 tot
2682 495 2846 534 annos
2888 496 2989 534 non
3014 491 3133 535 sunt
3181 483 3369 537 obtrita
3399 487 3437 516 ¹¹
3468 488 3639 557 :quid
3660 491 3874 559 mirum,

603 587 693 627 me
719 571 1023 633 existimes,
1052 569 1158 623 duo
1181 584 1410 638 corpora
1448 567 1712 621 naturalia
1742 566 1794 619 in
1837 581 1942 617 uno
1969 565 2186 621 homine

604 663 822 716 docere.
857 660 1032 715 Unum
1062 659 1208 715 enim
1240 667 1326 714 est
1362 672 1579 728 corpus,
1620 670 1728 725 quo
1762 653 2187 710 connatnraliter

605 761 659 804 et
683 748 1217 806 consubstantialiter
1245 749 1459 802 animae
1486 755 1771 815 compacto
1818 747 1980 800 homo
2021 744 2189 799 conti-

606 844 769 897 citur.
799 842 931 896 lllud
961 840 1227 911 siquidem
1255 838 1559 905 materiale,
1585 838 1728 907 quod
1759 844 1841 891 est
1875 834 2191 906 superaddi-

611 942 746 998 tum,
806 932 1008 986 rectius
1060 930 1441 984 vestimentum
1509 928 1778 996 quoddam
1840 925 2098 981 mutabile
2136 932 2192 979 et

609 1020 960 1092 corruptibile
1004 1018 1116 1074 veri
1169 1033 1235 1073 ac
1284 1017 1542 1072 naturalis
1602 1016 1850 1087 corporis
1901 1016 2188 1086 accipitur,

610 1126 773 1179 quam
804 1125 988 1164 verum
1033 1122 1247 1177 corpus.
1288 1106 1406 1162 Non
1455 1108 1599 1161 enim
1651 1121 1840 1159 verum
1887 1114 1991 1169 est,
2049 1103 2193 1174 quod

610 1218 824 1271 semper
854 1216 959 1255 non
1004 1208 1204 1262 ntanet,
1239 1210 1316 1264 et,
1364 1208 1424 1253 ut
1464 1199 1539 1252 ait
1577 1207 1800 1253 sanctus
1825 1198 2191 1268 Augustinus:

615 1290 771 1356 Quod
805 1290 985 1358 incipit
1017 1305 1127 1342 esse
1151 1289 1289 1359 quod
1317 1305 1420 1342 non
1450 1298 1588 1351 erat,
1612 1297 1657 1340 ct
1692 1286 1883 1340 desinit
1910 1302 2018 1340 esse
2056 1285 2194 1355 quod

614 1392 709 1442 est,
745 1380 861 1449 jam
913 1396 1015 1433 non
1052 1389 1144 1433 est.
1175 1378 1303 1432 Inde
1331 1378 1408 1439 fit,
1442 1379 1586 1446 quod
1616 1391 1830 1446 semper
1858 1392 1964 1430 nun
1991 1375 2196 1444 simpli-

614 1473 777 1537 citer,
818 1472 911 1525 sed
943 1486 1063 1525 cum
1107 1470 1473 1524 additamenta
1519 1468 1698 1537 aliquo
1743 1468 1959 1537 ponitur
2001 1481 2199 1535 corpus

617 1564 724 1617 hoc
749 1562 765 1592 ⁸
792 1560 1019 1615 mortale
1045 1559 1129 1613 vel
1155 1558 1502 1628 eorruptibile
1531 1557 1613 1611 vel
1657 1566 1927 1610 terrenum
1953 1555 2035 1609 vel
2083 1554 2201 1608 ani-

618 1652 777 1716 male,
839 1651 906 1704 ad
960 1649 1341 1703 discretionem
1395 1648 1562 1717 ipsius
1618 1646 1877 1715 simplicis
1933 1645 2196 1714 corporis,

616 1742 758 1810 quod
792 1741 1040 1811 primitus
1068 1740 1119 1792 in
1157 1739 1373 1793 homine
1414 1738 1690 1794 conditum
1744 1738 1764 1768 ⁸
1806 1744 1925 1803 est,.
1953 1746 2010 1791 et
2054 1736 2199 1791 ouod

618 1832 860 1887 futurum
888 1840 991 1887 est.

691 1920 779 1974 14.
823 1919 967 1975 Βιδο.
1018 1919 1157 1986 Quid
1195 1934 1325 1989 ergo
1347 1918 1789 1987 respondebimus
1813 1914 2199 1972 sanctissimo'

622 2008 1069 2078 divinissimoque
1117 2010 1384 2077 theolago.
1430 2009 1731 2077 Augustino
1790 2006 2057 2071 videlicet,
2109 2005 2203 2076 qui

620 2099 910 2168 praedictis
957 2098 1255 2152 rationibus
1301 2096 1557 2168 refragari
1588 2097 1830 2151 videtur?
1854 2096 1984 2149 Nam
2012 2094 2126 2150 fere
2148 2096 2204 2150 in

621 2190 875 2245 omnibus
932 2190 1045 2244 suis
1093 2188 1245 2243 libris
1308 2190 1687 2243 incunctanter
1736 2176 1947 2252 asserit,
2000 2204 2196 2256 corpus

621 2278 783 2348 primi
810 2277 1042 2333 hominis
1067 2286 1191 2332 ante
1226 2287 1504 2347 peccatum
1537 2277 1769 2332 animale
1809 2276 1995 2342 fuisse,
2029 2288 2201 2331 terre-

622 2383 775 2434 num,
806 2368 1051 2430 mortale,
1082 2370 1331 2437 quamvis
1354 2384 1459 2421 non
1501 2378 1822 2431 moreretur,
1863 2369 1906 2423 si
1940 2385 2043 2423 non
2080 2384 2205 2440 pec-

621 2468 789 2523 caret,
830 2458 1104 2529 peccando
1134 2475 1261 2513 vero
1293 2469 1582 2524 mortuum,
1605 2461 1743 2515 sicut
1772 2461 1847 2513 ait
1879 2460 2199 2530 Apostolus:

622 2552 823 2622 Corpus
851 2552 1057 2622 quidem
1081 2562 1341 2604 mortuum
1370 2562 1579 2620 propfer
1614 2562 1902 2620 peccatum.
1939 2551 2073 2606 lliuc
2098 2560 2203 2615 est,

621 2640 764 2710 quod
797 2640 849 2694 in
882 2640 1056 2709 pritno
1087 2639 1223 2693 libro
1268 2641 1334 2694 de
1370 2639 1644 2709 Baptismo
1667 2640 2030 2709 parvulorum,
2075 2656 2204 2694 cnn-

620 2736 845 2788 vincens
865 2748 975 2795 eos,
1010 2734 1099 2801 qui
1127 2734 1313 2787 dicunt
1353 2734 1523 2787 Adam
1554 2734 1633 2788 sic
1671 2744 1929 2798 creatum,
1961 2744 2020 2788 ut
2041 2736 2204 2788 etiam

622 2823 742 2877 sine
772 2823 979 2892 peccati
1021 2822 1216 2876 merito
1257 2831 1577 2886 moreretur,
1623 2837 1728 2876 non
1778 2838 1951 2892 poena
1992 2823 2201 2891 culpae,

623 2914 717 2967 sed
736 2913 1059 2967 necessitate
1089 2920 1313 2965 naturae
1337 2928 1350 2964 :
1377 2911 1516 2976 Quid
1539 2928 1683 2982 ergo,
1710 2912 1903 2980 inquit,
1928 2911 2208 2981 responde-

625 3005 751 3058 bunt
776 3004 962 3069 ﬁcum
1005 3002 1216 3073 legitur,
1242 3005 1338 3058 hoc
1378 3003 1547 3058 Deum
1596 3004 1763 3074 primo
1805 3002 2002 3057 homini
2045 3004 2202 3057 etiam

623 3104 737 3165 post
794 3104 1061 3165 peccatum
1126 3096 1445 3165 increpando
1500 3105 1547 3148 et
1598 3096 1901 3150 damnando
1947 3096 2143 3149 dixisse
2186 3111 2203 3149 :

2289 570 2335 623 si
2398 570 2655 623 obedienti
2716 571 2914 625 homini
2953 572 3187 640 ejusdem
3245 578 3534 645 praeceptis
3567 580 3612 613 ⁸⁸
3645 586 3875 648 potentia

2288 668 2661 728 praestaretur,
2695 668 2753 712 ut
2802 660 3031 714 animale
3080 662 3177 714 hoc
3220 672 3267 716 et
3325 664 3368 699 ⁸³
3415 667 3633 721 mortale
3685 671 3877 727 habens

2290 764 2495 817 corpus,
2555 749 2764 803 haberet
2816 750 2872 803 in
2918 766 2978 804 eo
3020 752 3283 815 quendam
3332 764 3552 823 statum,
3613 774 3716 830 quo
3769 764 3880 815 sine

2291 839 2493 909 defectu
2519 850 2649 893 esset
2683 856 2963 899 annosum.
3009 852 3258 908 tempore,
3284 861 3387 914 quo
3442 846 3585 901 Deus
3632 849 3801 913 vellet,
3847 870 3879 904 a

2292 929 2611 984 mortalitate
2624 930 2695 983 ad
2709 930 3156 985 immortalitatem
3185 950 3297 987 stne
3325 936 3495 989 media
3522 947 3688 991 morte
3702 953 3883 994 rentu-

2296 1035 2382 1071 rus
2401 1019 2426 1070 3’
2459 1019 2607 1073 Sicut
2635 1020 2770 1072 enim
2792 1020 2920 1073 haec
2950 1021 2978 1088 ἰ,
3003 1037 3061 1073 sa
3085 1038 3231 1086 caro,
3255 1040 3412 1092 quam
3442 1041 3579 1079 nunc
3605 1026 3875 1089 habemus,

2296 1123 2400 1160 non
2432 1108 2546 1159 ideo
2586 1122 2689 1158 non
2711 1116 2785 1160 est
2814 1105 3169 1171 t'ulnerabilis,
3193 1110 3317 1179 quia
3342 1127 3445 1165 non
3466 1122 3541 1166 est
3572 1130 3795 1179 necesse,
3825 1129 3879 1171 ut

2295 1195 2625 1259 uulneretur;
2657 1196 2733 1249 sic
2774 1196 2867 1249 illa
2898 1213 3001 1250 non
3031 1198 3146 1251 ideo
3188 1215 3291 1252 non
3326 1200 3425 1268 fuit
3464 1203 3722 1267 mortalis,
3756 1208 3877 1275 quia

2297 1302 2401 1339 non
2438 1297 2548 1339 erat
2587 1302 2789 1339 necesse
2814 1295 2870 1339 ut
2899 1297 3187 1341 moreretur
3221 1287 3285 1342 “.
3316 1287 3493 1343 Talem
3519 1300 3646 1360 puto
3680 1292 3885 1347 habitu-

2296 1376 2470 1428 dinem
2497 1375 2670 1428 adhuc
2709 1376 2764 1428 in
2801 1392 3015 1444 corpore
3046 1375 3265 1430 animali
3294 1360 3448 1447 atque
3483 1380 3693 1435 mortali
3725 1383 3879 1435 etiam

2297 1465 2424 1529 illis,
2455 1467 2543 1536 qui
2572 1466 2683 1519 sine
2710 1475 2873 1519 morte
2896 1466 3014 1518 hinc
3045 1466 3288 1520 translati
3320 1477 3465 1533 sunt,
3489 1470 3653 1538 fuisse
3676 1487 3881 1525 cantes.

2298 1573 2432 1610 sam.
2465 1555 2646 1627 Neque
2681 1557 2817 1610 enim
2848 1556 3025 1609 Enoch
3051 1567 3096 1610 et
3125 1555 3272 1611 Elius
3297 1574 3391 1628 per
3419 1572 3526 1613 tam
3557 1560 3767 1631 longam
3793 1577 3880 1615 ae-

2300 1656 2459 1698 tatem
2498 1654 2757 1699 seuectute
2798 1655 3152 1711 ntarctterunt,
3203 1664 3294 1700 nec
3327 1656 3536 1721 tamen,
3585 1651 3769 1717 credo,
3797 1668 3882 1705 eos

2292 1735 2408 1806 jaut
2434 1737 2487 1789 in
2517 1735 2664 1789 illaut
2701 1735 3024 1805 spiritualem
3048 1736 3352 1806 qualitatem
3390 1740 3624 1809 corporis
3651 1758 3878 1795 commu-

2229 1824 2273 1883 B
2302 1836 2458 1890 tatas,
2485 1827 2656 1897 qualis
2683 1829 2737 1880 in
2766 1828 3137 1881 resarrecione
3164 1830 3506 1898 promittitur,
3528 1848 3662 1902 quae
3690 1834 3743 1886 in
3778 1833 3882 1886 Do-

2306 1917 2445 1970 mino
2471 1917 2638 1987 prima
2668 1919 2977 1986 praecessit,
3009 1919 3111 1972 nisi
3137 1921 3258 1990 quia
3301 1921 3386 1973 isti
3420 1921 3645 1989 fortasse
3680 1940 3771 1978 nec
3802 1926 3882 1978 his

2306 2009 2432 2062 cibis
2459 2018 2626 2078 egent,
2652 2011 2741 2080 qui
2769 2010 2851 2063 sui
2891 2013 3279 2081 consumptione
3310 2012 3353 2045 ¹⁸
3386 2016 3641 2083 reﬁciunt.
3681 2017 3784 2072 Sed
3820 2033 3886 2073 ea:

2306 2114 2406 2170 quo
2438 2097 2680 2151 translati
2703 2109 2845 2163 sunt,
2871 2100 2946 2152 ita
2975 2101 3147 2154 vivunt
3172 2141 3188 2164 ,
3225 2112 3279 2154 ut
3309 2103 3522 2157 similem
3551 2098 3770 2160 habeant
3795 2123 3883 2160 so-

2306 2188 2540 2240 cietatem
2566 2187 2670 2240 illis
2700 2188 3050 2258 quadraginta
3079 2190 3279 2254 diebus,
3311 2192 3490 2261 quibus
3516 2192 3664 2246 Elias
3690 2209 3757 2246 ea:
3782 2209 3880 2246 ca-

2305 2275 2403 2329 lice
2429 2293 2594 2345 aquae
2613 2286 2659 2329 et
2684 2293 2749 2330 ea:
2772 2275 3022 2345 collyride
3038 2278 3191 2347 panis
3211 2279 3321 2332 sine
3341 2279 3447 2332 cibo
3468 2280 3590 2333 vixit
3610 2296 3628 2344 ;
3649 2290 3740 2334 aut
3763 2281 3808 2334 si
3831 2290 3883 2333 et

2305 2369 2385 2421 his
2414 2366 2781 2421 sustentaculis
2807 2383 2934 2436 opus
2956 2378 3052 2432 est,
3077 2369 3149 2421 ita
3178 2369 3233 2421 in
3257 2369 3502 2437 paradiso
3523 2368 3742 2437 fortasse
3764 2386 3887 2439 pas-

2306 2468 2515 2522 cuntur,
2539 2460 2672 2511 sicut
2688 2458 2880 2523 Adam,
2900 2459 3206 2527 priusquam
3226 2469 3434 2530 propter
3451 2472 3715 2529 peccatum
3742 2455 3884 2514 siin-

2305 2551 2370 2604 de
2394 2551 2533 2604 exire
2558 2551 2846 2604 meruisset.
2886 2550 3121 2605 Habebat
3160 2552 3319 2618 enim,
3347 2561 3598 2622 quantum
3625 2552 3881 2617 existimo,

2306 2651 2352 2694 et
2382 2642 2445 2695 de
2474 2641 2732 2710 lignorum
2766 2641 3022 2710 fructibus
3056 2640 3386 2710 refectionem
3423 2653 3604 2695 contra
3641 2642 3885 2711 defectio-

2308 2747 2457 2795 nem,
2488 2741 2534 2784 et
2567 2732 2631 2785 de
2661 2732 2800 2801 ligno
2834 2732 2966 2785 vitae
2989 2730 3322 2785 stabilitatem
3349 2741 3531 2785 contra
3559 2742 3880 2786 vetustatem.

2306 2822 2373 2877 Et
2409 2823 2537 2892 quid
2582 2824 2649 2877 ad
2692 2837 2838 2887 rem,
2881 2830 3029 2876 tanta
3063 2821 3107 2853 ¹⁶
3140 2822 3275 2876 tanti
3314 2832 3370 2876 et
3406 2833 3514 2877 tam
3561 2824 3740 2893 magni
3789 2822 3884 2877 vin'

2309 2914 2616 2970 testimonia
2646 2927 2996 2983 exaggerare,
3020 2928 3142 2967 cum
3172 2913 3421 2967 omnibus
3449 2912 3617 2969 libros
3641 2913 3789 2969 illius
3814 2915 3882 2967 le-

2308 3005 2575 3073 gentibus,
2610 3011 2665 3058 et
2690 3003 2923 3057 maxime
2947 3002 3013 3057 de
3040 3002 3236 3058 Genesi
3274 3003 3341 3058 ad
3383 3004 3596 3058 literam
3624 3013 3679 3060 et
3708 3005 3778 3059 de
3800 3004 3885 3059 Ci-

2305 3094 2473 3148 vitate
2516 3092 2632 3157 Dei,
2656 3090 3152 3145 manifestissimum
3191 3090 3290 3156 sit,
3323 3092 3399 3145 nil
3427 3090 3570 3145 aliud
3596 3092 3796 3147 docere
3824 3090 3888 3145 de

626 3182 793 3237 Terra
835 3199 909 3248 es,
945 3194 991 3237 et
1039 3184 1095 3237 in
1137 3194 1331 3238 terram
1359 3184 1500 3238 ibis?
1547 3182 1728 3256 Neque
1754 3186 1890 3238 enim
1921 3187 2205 3239 secundant
2235 3175 2280 3237 C
2311 3198 2540 3253 corpore
2563 3183 2718 3252 primi
2744 3182 2977 3236 hominis
2998 3189 3123 3236 ante
3143 3190 3437 3250 peccatum,
3467 3197 3628 3252 quam
3657 3181 3888 3236 animale

623 3273 878 3337 animant,
906 3272 1018 3337 sed,
1048 3274 1187 3343 quod
1218 3273 1553 3343 manifestum
1580 3284 1676 3334 est.
1706 3276 1990 3328 secundum
2018 3292 2206 3344 corpus

626 3373 767 3417 terra
792 3372 925 3425 erat,
964 3373 1012 3416 et
1054 3373 1218 3416 morte
1259 3363 1490 3432 ejusdem
1539 3365 1774 3433 corporis
1817 3374 1926 3417 erat
1953 3365 2124 3418 ituras
2150 3367 2207 3419 in

626 3467 841 3510 terram.
868 3455 1117 3520 Quamvis
1138 3457 1273 3508 enim
1291 3456 1574 3508 secundum
1596 3472 1783 3525 corpus
1813 3466 1951 3509 terra
1973 3466 2127 3521 esset,
2157 3464 2206 3510 et

628 3559 834 3613 corpus,
876 3544 930 3594 in
967 3559 1070 3612 quo
1092 3554 1297 3595 creatus
1340 3553 1435 3607 εει,
1461 3543 1691 3596 animale
1728 3553 1975 3613 gestaret,
2007 3553 2204 3610 tamen,

627 3633 673 3686 si
711 3649 813 3687 non
840 3642 1122 3701 peccasset,
1164 3633 1219 3686 in
1244 3649 1427 3701 corpus
1453 3633 1582 3701 [oret
1627 3633 1648 3665 ⁸
1686 3633 1958 3702 spirituale
1991 3644 2205 3688 mutau-

627 3723 811 3786 dus,et
836 3723 891 3775 in
928 3721 1550 3791 illautincorruptionem,
1581 3739 1713 3792 quae
1729 3722 1973 3791 ﬁdelibus
1996 3733 2043 3777 et
2081 3740 2202 3776 sau-

629 3818 726 3866 rtts
757 3814 1095 3882 promittitur,
1125 3815 1238 3866 sine
1262 3813 1684 3881 mortispericulo
1705 3814 2045 3867 transiturus.
2094 3811 2203 3867 Cu-

621 3902 713 3969 jus
747 3903 822 3955 rei
850 3902 1166 3957 desiderium
1192 3919 1284 3956 nos
1309 3901 1496 3957 habere
1518 3920 1620 3957 non
1648 3903 1816 3957 solum
1841 3904 1940 3973 ipsi
1955 3905 2204 3959 sentimus

627 3993 683 4047 in
722 3994 891 4052 nobis.
916 4009 1088 4047 verum
1119 3994 1276 4047 etiam
1309 4005 1547 4048 monente
1594 3994 1615 4027 ⁸
1660 3994 1907 4064 Apostolo
1969 3997 2208 4065 agnosci-

625 4098 741 4137 mus
762 4084 805 4148 ⁷,
828 4083 917 4136 ubi
943 4084 1019 4136 ait
1042 4098 1059 4136 :
1092 4082 1296 4137 Etenim
1316 4084 1370 4137 in
1393 4084 1489 4137 hoc
1508 4085 1911 4154 ingemiscimus,
1933 4085 2211 4138 habitacu-

626 4172 735 4226 lum
759 4183 1017 4235 nostram,
1038 4173 1176 4243 quod
1213 4172 1276 4227 de
1298 4172 1440 4227 caelo
1466 4185 1563 4238 est,
1592 4176 1897 4244 superiudai
1918 4175 2201 4244 cupientes,

625 4266 671 4316 si
696 4276 870 4318 tamen
896 4263 1086 4328 induti,
1120 4280 1223 4318 non
1255 4264 1382 4318 nudi
1418 4265 1762 4318 inveniamur.
1784 4265 1987 4318 Etenim
2004 4266 2093 4335 qui
2114 4282 2204 4319 su-

625 4371 741 4407 mas
770 4356 825 4407 in
846 4356 946 4407 hac
972 4354 1312 4417 habitatione,
1352 4356 1736 4423 ingemiscimus
1764 4356 1989 4424 gravati,
2020 4355 2072 4406 iu
2101 4371 2203 4423 quo

597 4444 869 4501 .nolumus
918 4445 1216 4513 exspoliari,
1244 4448 1332 4498 sed
1360 4448 1709 4515 sttpervestiri,
1763 4456 1816 4497 ut
1865 4446 2219 4497 absorbeatur

2309 3283 2471 3346 atque
2508 3273 2732 3329 mortale
2772 3272 2962 3328 fuisse.
3004 3272 3060 3327 Si
3097 3273 3239 3327 enim
3270 3271 3499 3327 animale
3534 3288 3639 3327 non
3672 3272 3885 3337 fuisset,

2309 3364 2578 3436 quomodo
2606 3364 2674 3418 de
2708 3362 2974 3419 fructibus
3006 3363 3245 3433 paradisi
3281 3363 3562 3418 comedere
3582 3364 3886 3433 iuberetur,

2310 3469 2378 3508 ne
2406 3453 2677 3517 deficeret,
2704 3461 2759 3506 et
2798 3453 2865 3506 de
2900 3450 3045 3524 ligno
3076 3452 3242 3517 vitae,
3268 3466 3337 3506 ne
3364 3452 3705 3507 senesceret?
3725 3451 3880 3515 Nam,

2310 3550 2368 3595 ut
2398 3543 2509 3611 ipse
2535 3555 2694 3609 saepe
2726 3541 2956 3607 asserit,
2990 3540 3147 3610 primi
3190 3539 3435 3596 homines
3461 3550 3585 3595 ante
3608 3541 3887 3609 praevari-

2308 3633 2575 3687 cationem
2598 3632 2663 3685 de
2684 3629 2949 3685 fructibus
2962 3630 3193 3701 paradisi
3217 3631 3570 3699 corporaliter
3589 3631 3889 3686 comedisse

2308 3723 2678 3792 perhibentur.
2700 3720 2837 3775 Msa.
2864 3719 3118 3789 Quisquis
3143 3721 3255 3775 vult
3284 3721 3328 3754 ¹⁷
3358 3729 3412 3775 et
3440 3730 3637 3790 potest,
3668 3737 3865 3789 respon

2309 3815 2432 3869 deat
2465 3831 2478 3867 :
2512 3813 2643 3867 tnihi
2668 3822 2846 3867 autem
2875 3822 2929 3867 et
2958 3811 3071 3876 tibi,
3101 3812 3143 3867 si
3168 3812 3360 3882 placet,
3390 3811 3640 3876 sulliciat,
3669 3821 3889 3866 senten-

2310 3904 2411 3959 tias
2439 3912 2749 3959 sanctorum
2770 3902 2990 3957 Patrum
3015 3902 3081 3958 de
3102 3902 3483 3957 constitutione
3508 3901 3739 3955 hominis
3767 3912 3889 3956 ante

2307 4004 2584 4064 peccatum
2612 3994 2811 4065 legere,
2837 4002 2911 4058 et,
2943 3992 3071 4062 quid
3092 3993 3455 4063 unusquisque
3478 4007 3665 4047 eorum
3697 3992 3885 4057 voluit,

2308 4094 2464 4139 cauta
2490 4099 2554 4137 ac
2576 4082 2813 4152 diligenti
2849 4082 3195 4152 inquisitione
3222 4097 3501 4152 quaerere.
3529 4080 3675 4135 Lites
3706 4089 3887 4135 autent

2308 4175 2450 4228 inter
2483 4188 2577 4227 eos
2624 4172 2984 4235 constituere,
3030 4187 3136 4225 non
3182 4180 3265 4224 est
3299 4179 3572 4234 nostrum,
3614 4181 3706 4224 aut
3745 4172 3886 4225 hunc

2306 4261 2633 4315 constituere
2654 4300 2669 4325 ,
2710 4260 2850 4313 hunc
2887 4266 3067 4313 autem
3099 4258 3374 4323 refellere,
3404 4260 3658 4324 scientes,
3693 4268 3816 4329 post
3846 4259 3887 4292 "

2306 4359 2523 4405 sanctos
2546 4350 2827 4419 Apostolus
2850 4349 3054 4403 nullum
3088 4352 3227 4419 apud
3256 4349 3492 4405 Graecos
3517 4350 3683 4406 fuisse
3710 4353 3761 4404 in
3794 4368 3888 4406 ex-

2305 4442 2663 4512 positionibus
2691 4441 2904 4496 divinae
2932 4440 3246 4512 Scripturae
3288 4442 3508 4510 majoris
3548 4444 3885 4498 auctoritatis

623 4536 897 4587 mortatea
938 4536 1065 4588 vita.
1098 4534 1324 4589 Proinde
1350 4538 1395 4589 si
1429 4554 1532 4589 non
1567 4546 1826 4607 peccasset
1864 4537 2053 4596 Adam,
2094 4552 2197 4589 non
2231 4531 2274 4588 D
2302 4531 2565 4601 Gregorio
2619 4531 2896 4602 theologo,
2936 4530 3140 4585 nullum
3175 4531 3315 4601 apud
3360 4531 3632 4587 Romanos
3669 4532 3884 4586 Aurelio

626 4630 736 4671 erat
758 4619 1128 4688 exspoliandus
1148 4638 1376 4690 corpore,
1402 4623 1491 4675 sed
1515 4624 1959 4691 supervestiendus
1987 4619 2202 4677 immor-

626 4705 827 4758 talitate
874 4715 921 4757 et
948 4706 1353 4775 incorruptione,
1384 4719 1441 4762 ut
1482 4712 1844 4765 absorberetur
1866 4713 1888 4745 ⁸
1912 4713 2129 4767 mortale
2166 4729 2198 4767 a

625 4804 754 4857 tuta,
777 4793 833 4846 id
860 4802 937 4846 est
973 4794 1037 4846 ab
1061 4794 1278 4846 animali
1316 4796 1370 4847 in
1394 4798 1669 4864 spirituale
1706 4801 1970 4852 transiret.
2021 4800 2200 4869 Neque

626 4884 762 4938 enim
791 4884 1121 4937 metuendum
1147 4882 1268 4951 fuit,
1299 4901 1361 4936 ne
1389 4885 1523 4952 forte
1544 4886 1739 4938 diutius
1762 4887 1844 4939 hic
1873 4889 2053 4940 viveret
2097 4891 2118 4922 ⁸
2144 4891 2198 4942 in

626 4987 840 5039 corpore
867 4969 1103 5033 animali,
1134 4981 1181 5025 et
1201 4973 1505 5025 “senectute
1525 4984 1848 5042 gravaretur,
1870 4984 1915 5027 et
1947 4974 2198 5042 paulatim

626 5061 987 5114 ueterascendo
1033 5064 1315 5132 perveniret
1358 5064 1425 5115 ml
1474 5073 1705 5117 mortem.
1758 5063 1817 5119 Si
1870 5065 2005 5118 enim
2060 5065 2198 5120 Deus

624 5147 990 5205 Israelitarum
1050 5154 1360 5207 vestimentis
1410 5162 1457 5206 et
1504 5152 1869 5209 calceamentis
1919 5157 2197 5225 praestitit,

2304 4620 2623 4692 Augustino.
2650 4619 2717 4674 Et
2740 4621 2893 4689 quid,
2916 4622 2960 4676 si
2988 4622 3039 4675 itt
3067 4621 3169 4675 hac
3194 4621 3353 4675 veluti
3377 4622 3743 4677 controversia
3772 4637 3884 4676 ma-

2304 4726 2531 4783 gnorum
2574 4712 2810 4765 virorum
2850 4712 3117 4780 quendam
3154 4726 3471 4767 consensum
3511 4714 3738 4769 velimus
3769 4730 3883 4766 ma-

2303 4801 2532 4864 chinari,
2563 4800 2823 4864 dicentes,
2855 4799 2982 4853 illud
3010 4816 3224 4870 corpus,
3255 4801 3397 4870 quod
3433 4798 3720 4869 Gregorius
3749 4800 3882 4853 dicit

2305 4892 2485 4946 divina
2531 4891 2883 4960 praescientia
2929 4899 3148 4960 prapter
3188 4891 3422 4945 futurum
3461 4897 3741 4959 peccatum
3782 4890 3881 4943 hc-

2303 4982 2437 5036 mini
2493 4981 3020 5051 supermachinatum
3069 4982 3410 5051 exteriusque
3462 4978 3776 5047 adjectum,
3824 4979 3878 5032 id

2301 5072 2473 5141 ipsum
2515 5073 2581 5127 ab
2613 5068 2912 5142 Augustino
2939 5074 3169 5127 animale
3200 5082 3449 5127 vocatum
3470 5112 3485 5135 ,
3512 5069 3755 5140 duasque
3782 5070 3874 5123 ho-

2304 5162 2465 5217 minis
2512 5163 2945 5228 constitutiones,
2997 5178 3156 5217 unam
3202 5162 3419 5232 quidem
3474 5160 3541 5214 ad
3588 5159 3872 5229 imaginem

1922 5290 2177 5346 VARIAE
2217 5291 2623 5350 LECTIONES.

696 5444 715 5473 ⁸
742 5445 837 5497 hoc
863 5460 971 5499 om.
1003 5444 1068 5498 A.
1142 5444 1162 5473 ⁹
1188 5441 1279 5498 Sic
1299 5444 1417 5508 CF;
1450 5444 1490 5496 A
1517 5445 1732 5498 editum.

621 5511 812 5637 ﬁniit
835 5519 993 5581 om.).
1065 5514 1087 5545 ⁵
1117 5511 1207 5566 Sic
1236 5513 1352 5575 CF;
1380 5514 1423 5565 A
1454 5513 1647 5582 fuerat.

684 5582 1044 5635 absorbeatur.
1137 5582 1159 5614 ’
1191 5581 1282 5633 Sic
1330 5582 1443 5637 (2F;
1500 5584 1538 5633 Α
1582 5584 1647 5634 vit

684 5582 1044 5635 absorbeatur.
1137 5582 1159 5614 ’
1191 5581 1282 5633 Sic
1330 5581 1460 5646 (2F;
1500 5584 1538 5633 Α
1582 5583 1813 5635 vivendo.

623 5641 668 5716 η
717 5648 808 5716 Sic
835 5650 947 5713 (JF;
976 5664 1071 5716 pro
1091 5650 1186 5701 hoc
1205 5662 1250 5701 et
1277 5649 1321 5703 A
1344 5641 1440 5702 ac;
1503 5650 1546 5680 “
1577 5652 1619 5701 Α
1652 5661 1708 5704 ιιι
1733 5668 1832 5703 non
1866 5663 2183 5707 tuoraretur.

628 5714 668 5753 ι’
698 5710 786 5766 Sic
813 5718 894 5767 Cl“
922 5710 944 5775 ς’
968 5710 1013 5766 Ᾰ
1040 5717 1291 5783 Quisquis
1316 5719 1473 5785 igitur
1510 5719 1641 5772 vult.
1716 5720 1759 5750 ³⁸
1787 5723 1825 5773 Α
1855 5731 2076 5788 praster.

1831 5445 1851 5476 ³
1882 5445 1969 5498 Sic
1994 5446 2110 5503 (2F:
2142 5448 2185 5499 A
2207 5448 2573 5504 scientissimo.

1768 5514 1789 5546 ⁸
1821 5516 1909 5568 Sic
1965 5516 2080 5578 CF;
2118 5517 2159 5567 Α
2209 5518 2539 5572 admonente.

1768 5601 1813 5635 0.
1937 5584 1978 5615 ³⁸
2024 5596 2069 5635 t’l
2122 5600 2231 5639 om.
2265 5588 2330 5639 Α.
2456 5586 2539 5637 ¹¹ξ

2290 5656 2334 5687 ⁸⁵
2357 5657 2451 5719 Sic
2477 5655 2550 5721 A;
2578 5655 2662 5711 CF
2692 5629 3155 5710 cotisumutatione.

2671 5448 2811 5522 f§ic
2830 5447 2949 5522 CK;
2980 5448 3028 5522 Ap
3081 5447 3219 5515 Quid
3275 5448 3440 5516 igitur
3482 5441 3872 5522 respopdehunt

2665 5519 2808 5587 iSic
2852 5509 2969 5579 CF;
3004 5519 3045 5571 Α
3088 5509 3470 5587 cognoscimus.
3565 5509 3588 5587 ἦ
3628 5512 3717 5566 Sic
3753 5509 3865 5587 illi;

2456 5589 2494 5617 “
2525 5585 2617 5640 Sic
2663 5586 2786 5649 CF;
2833 5588 2876 5639 A
2916 5590 3117 5639 attr‘ita.
3151 5578 3172 5587 ⁷
3252 5587 3294 5616 ¹⁹
3328 5584 3615 5654 praeceptis
3668 5595 3775 5633 om.
3805 5578 3869 5629 Δ.

2477 5655 2550 5719 A;
2578 5655 2662 5711 CF
2692 5657 3155 5710 consummatione.
3237 5654 3281 5686 ¹⁶
3314 5657 3404 5710 Sic
3430 5654 3545 5719 CF;
3576 5653 3616 5704 A
3650 5661 3868 5706 tantum.
