4212 6272
422 345 522 401 805

1276 338 1363 392 DE
1402 334 1741 392 DlVlSlO‘NE
1780 331 2131 389 NATL’RAE.
2174 365 2221 372 —
2279 331 2478 389 UBER
2517 333 2870 403 QUARTUS.

3591 338 3707 399 806'

422 457 518 510 Dei
552 450 977 507 substantiaiiter
1002 446 1223 510 factam,
1255 446 1479 500 alteram
1512 460 1643 510 vero
1671 447 1827 516 longe
1865 448 2003 501 ima-
2032 458 2081 512 Α
2110 459 2194 503 tus
2221 459 2295 504 est
2318 450 2372 502 in
2416 449 2573 502 corde
2600 466 2714 502 suo.
2744 449 2916 515 Quam
2957 452 3119 522 igitur
3158 454 3332 529 felices
3365 464 3513 511 erant
3540 459 3702 526 primi

419 546 548 617 gine
569 553 587 584 ι
627 544 935 604 diSIantem,
958 548 1012 592 et
1039 541 1089 593 in
1114 537 1409 591 masculum
1431 548 1487 591 et
1508 536 1762 592 feminam
1786 547 2005 607 propter

422 648 705 708 peccatum
731 635 977 694 divisam,
1002 630 1319 700 Gregorium
1347 644 1453 682 non
1499 629 1756 692 tacuisse,
1798 644 1959 682 unam
1981 629 2003 660 '

422 741 554 781 vero
583 723 727 779 illam
767 723 820 776 in
850 720 1146 774 masculum
1181 727 1237 772 et
1276 716 1532 771 feminam
1561 717 1870 785 bipertitam
1898 717 2010 770 Au-

422 816 697 887 gustinum
727 811 957 874 dixisse,
996 809 1223 863 alteram
1251 821 1410 869 vero,
1443 821 1584 875 quae
1613 807 1678 858 ad
1713 806 2005 875 imaginem

426 906 518 960 Dei
549 913 652 964 est,
676 902 932 971 unmique
957 916 1091 955 sexu
1120 907 1292 963 caret,
1315 898 1607 953 siluisse’?
1635 897 1773 964 Quid
1800 899 1867 952 ad
1895 914 2008 953 rem

420 992 733 1066 pertinebit,
757 1007 880 1046 cum
909 988 1199 1044 verisimile
1226 1003 1329 1042 uou
1357 989 1604 1042 videatur
1623 987 1687 1041 de
1709 987 2011 1057 Augustino

419 1084 734 1147 aestimare,
760 1096 880 1135 eam
910 1079 931 1110 ⁸
959 1078 1324 1134 conditionem
1350 1078 1587 1132 hominis
1628 1079 1694 1132 ad
1724 1078 2009 1146 imaginem

422 1175 517 1230 Dei
543 1174 778 1236 siluisse,
792 1186 915 1225 eam
945 1184 1251 1238 vero,quae
1278 1168 1571 1222 secundum
1596 1167 1912 1237 Gregorium
1944 1169 2011 1222 ad

423 1263 832 1318 similitudinem
847 1262 1214 1330 jumentorum
1230 1258 1596 1328 insipientium
1617 1260 1747 1312 meri
1759 1267 1810 1313 to
1825 1259 2012 1313 inube-

425 1352 665 1407 tlientiae
690 1349 831 1404 facta
854 1358 960 1413 est,
989 1348 1328 1416 explanassc,
1350 1348 1669 1415 praesertim
1697 1362 1841 1410 cum,
1863 1347 2015 1416 quis-

424 1443 550 1511 quis
584 1441 751 1495 libros
780 1440 897 1509 ejus
922 1438 1284 1507 perspexerit,
1309 1436 1649 1505 apertissime
1678 1437 1932 1499 inveniet,
1964 1436 2017 1490 in

426 1535 604 1604 primo
645 1532 863 1586 homine
900 1528 1199 1583 masculum
1242 1537 1297 1582 et
1344 1527 1599 1581 feminam
1630 1527 1698 1581 ad
1730 1528 2017 1596 imaginem

427 1625 523 1678 Dei
573 1623 743 1675 factos
784 1620 970 1683 fuisse,
1020 1618 1244 1687 ipsaque
1288 1615 1544 1671 animalia
1590 1631 1843 1686 corpora,
1879 1632 2021 1686 quae

426 1723 552 1767 ante
580 1720 861 1782 peccatum
903 1717 1284 1778 gestaverant,
1325 1724 1431 1762 non
1472 1722 1539 1762 ex
1582 1722 1752 1778 poena
1786 1709 2017 1779 peccati,

2108 539 2365 602 homines,
2407 546 2455 591 et
2500 537 2660 591 nullis
2699 539 3039 607 agitabantur
3069 544 3547 611 perturbationibus
3587 552 3704 600 ani-

2108 644 2350 691 morum,
2399 626 2558 680 nullis
2612 644 2889 698 corporum
2940 628 3280 685 laedebantur
3318 635 3706 690 incommodis:

2110 729 2218 772 tam
2252 718 2380 787 felix
2408 719 2648 771 universa
2692 720 2912 774 societas
2943 731 3072 775 esset
3111 721 3375 787 humana,
3412 725 3459 778 si
3498 741 3591 778 nec
3626 712 3719 778 illi

2111 807 2332 871 malum,
2365 807 2505 878 quod
2545 809 2701 861 etiam
2736 809 2791 862 in
2827 821 3058 879 posteros
3097 810 3420 880 trajicerent,
3447 830 3538 867 nec
3565 815 3713 884 quis-

2109 915 2266 969 quam
2323 915 2388 952 ex
2437 899 2480 930 "
2534 915 2711 952 eorum
2752 900 2912 969 stirpe
2969 901 3292 972 iniquitatem
3332 904 3711 968 committeret,

2113 1005 2247 1055 quae
2290 988 2683 1042 damnationem
2728 990 2994 1059 reciperet.
3035 990 3202 1061 Atque
3240 991 3341 1044 ista
3376 1003 3714 1057 permanente

2115 1078 2387 1148 felicitate,
2412 1079 2576 1132 donec
2601 1097 2691 1150 per
2731 1079 2877 1133 illam
2908 1081 3335 1147 benedictionem,
3366 1098 3469 1152 qua
3491 1082 3710 1146 dictum,

2116 1178 2191 1222 est
2237 1181 2257 1219 :
2312 1167 2541 1222 Crescite
2591 1180 2639 1221 rt
2689 1169 3153 1237 multiplicamini,
3202 1171 3715 1240 praedestinatorunt

2119 1257 2438 1313 Sanctorum
2468 1274 2714 1310 numerus
2738 1258 3106 1328 compleretur,
3138 1258 3246 1312 alia
3273 1260 3448 1330 major
3472 1263 3712 1328 daretur,

2116 1363 2249 1418 quae
2286 1348 2597 1400 beatissimis
2624 1346 2821 1417 angelis
2856 1348 2981 1400 data
3011 1357 3120 1413 est,
3156 1349 3244 1402 ubi
3260 1349 3372 1418 jam
3412 1360 3543 1404 esset
3570 1362 3715 1406 certa

2117 1436 2369 1491 securitas
2388 1446 2739 1505 peccatorum,
2778 1437 3132 1507 neminemque
3153 1439 3486 1506 ntoriturum,
3515 1451 3564 1494 et
3591 1442 3713 1496 talis

2118 1534 2250 1580 esset
2294 1525 2397 1577 rita
2446 1534 2748 1578 sanctorum
2796 1538 2909 1594 post
2970 1527 3172 1581 nullum
3221 1528 3441 1597 laboris,
3491 1532 3711 1597 doloris,

2121 1616 2303 1669 mortis
2339 1615 2779 1683 experimentum,
2815 1616 2986 1686 qualis
3019 1627 3115 1670 erit
3148 1629 3264 1688 post
3297 1621 3426 1674 haec
3454 1622 3629 1677 omnia
3658 1624 3715 1676 in

2121 1706 2511 1774 incorruptione
2534 1722 2810 1776 corporum
2840 1709 3043 1762 reddita
3078 1712 3452 1766 resurrectione
3476 1697 3725 1768 mortuo:

425 1805 521 1860 sed
548 1820 610 1858 ex
639 1802 966 1858 necessitate
1009 1811 1237 1855 naturae
1280 1800 1637 1871 processisse,
1667 1800 1733 1854 ad
1762 1814 2017 1869 procrea-
2050 1817 2095 1876 Β
2124 1814 2261 1877 rum.
2312 1796 2458 1850 Idem
2493 1796 2546 1850 in
2592 1800 2781 1852 eodem
2825 1800 3082 1856 vicesimo
3126 1804 3316 1873 quinto
3355 1805 3399 1839 "
3434 1807 3711 1876 capitulo:

425 1896 624 1949 tionem
663 1894 916 1948 videlicet
954 1892 1342 1963 praedestinati
1382 1902 1698 1946 sanctorum
1738 1891 2016 1946 hominum

425 1984 659 2049 numeri,
675 1993 729 2038 et
750 1981 998 2038 societati
1029 1980 1304 2051 angelicae
1324 1973 1675 2034 beatitudinis
1690 1994 1757 2034 ex
1780 1980 2017 2034 humana

426 2084 621 2130 natura
647 2074 939 2137 adunandi,
959 2074 1130 2128 donec
1148 2071 1401 2127 caelestis
1423 2072 1614 2126 civitas
1639 2072 1838 2126 sanctis
1871 2072 1892 2102 ⁸
1917 2087 2017 2125 an-

425 2166 558 2235 gulis
578 2166 888 2235 sanctisque
902 2163 1209 2219 hominibus
1223 2162 1571 2231 impleretur?
1586 2160 1690 2216 Sed
1706 2161 1892 2225 mirari
1909 2177 2015 2216 non

428 2240 742 2321 desinn,cur
757 2255 883 2309 illud
896 2270 1092 2324 corpus
1106 2253 1340 2324 appellat
1354 2252 1632 2319 animale“,
1648 2252 1790 2324 quod
1805 2253 2018 2323 magnis

430 2344 676 2397 laudibus
709 2343 911 2397 exaltat
955 2351 1213 2413 tanquam
1251 2340 1535 2410 spirituale
1576 2351 1740 2411 atque
1774 2341 2015 2395 beatum.

430 2433 655 2488 Beatum
680 2444 858 2488 autem
874 2433 1041 2487 fuisse
1063 2445 1188 2486 ante
1212 2432 1468 2487 delictum
1491 2432 1580 2487 ille
1607 2433 1722 2502 ipse
1743 2433 1796 2488 in
1822 2442 2019 2502 quarto

431 2512 642 2581 decimo
670 2524 808 2579 libro
829 2525 895 2579 de
921 2523 1092 2579 Civita
1103 2534 1151 2579 te
1174 2524 1268 2579 Dei
1296 2532 1528 2579 testatur
1548 2525 1759 2580 decimo
1783 2527 1897 2596 capi
1908 2526 2016 2582 tulo

430 2618 648 2673 dicens:
671 2617 778 2672 Sed
792 2627 968 2670 utrum
981 2618 1181 2684 primus
1197 2616 1349 2669 homo
1367 2613 1443 2669 rel
1458 2616 1616 2686 primi
1629 2616 1880 2680 homines,
1895 2617 2021 2671 duo-

430 2725 546 2762 rum
561 2719 671 2762 erat
688 2709 875 2779 quippe
888 2708 1010 2777 conj
1015 2709 1213 2775 ugium,
1231 2706 1485 2760 habebant
1502 2707 1627 2761 istos
1641 2694 1880 2777 affectus,
1897 2725 2020 2762 con-

428 2798 803 2866 cupiscentiam
826 2795 1057 2867 profecto
1078 2806 1126 2849 et
1148 2794 1423 2859 laetitiam,
1438 2796 1674 2849 timorem
1695 2804 1743 2849 et
1764 2795 2015 2862 dolorem,

429 2891 485 2942 in
515 2906 729 2958 corpore
762 2889 983 2942 animali
1025 2897 1146 2942 ante
1174 2897 1473 2957 peccatum,
1511 2884 1689 2957 quales
1715 2887 1771 2940 in
1803 2902 2018 2956 corpore

430 2977 696 3045 spirituali
727 2994 828 3032 non
860 2977 1163 3032 habebimus
1194 2978 1335 3031 omni
1366 2988 1586 3045 purgato
1624 2977 1874 3047 ﬁnitoque
1900 2995 2017 3047 pec-

430 3078 572 3131 cato,
606 3084 708 3120 non
738 3068 996 3120 immerito
1026 3066 1315 3138 quaeritur.
1342 3065 1400 3120 Si
1425 3066 1563 3119 enim
1584 3065 1857 3128 habebant,
1887 3083 2018 3137 quo-

2135 1883 2341 1939 Vivebat
2364 1887 2538 1955 itaque
2561 1887 2713 1940 homo
2741 1889 2792 1941 in
2824 1890 3093 1958 paradiso.
3123 1895 3255 1944 sicut
3286 1892 3504 1959 volebat,
3525 1912 3718 1966 quam-

2120 1975 2213 2028 diu
2250 1976 2348 2028 Itoc
2384 1977 2615 2040 uolebat,
2653 1978 2794 2047 quod
2835 1977 2974 2033 Deus
3000 1980 3276 2049 jusserat;
3315 1985 3509 2037 vivebat
3531 1985 3714 2055 fruens

2119 2064 2251 2129 Deo,
2275 2082 2341 2119 ea:
2368 2082 2470 2135 quo
2509 2067 2642 2120 bono
2679 2077 2791 2121 erat
2823 2068 3025 2135 bonus;
3064 2073 3262 2129 virebat
3302 2075 3414 2127 sine
3443 2074 3554 2128 ulla
3593 2092 3713 2145 ege-

2118 2161 2272 2222 state,
2322 2158 2399 2210 ita
2457 2174 2658 2228 semper
2700 2159 2864 2214 virere
2913 2161 3107 2217 habens
3149 2164 3203 2217 in
3244 2174 3513 2234 potestate.
3553 2166 3715 2222 Cibus

2118 2246 2335 2310 aderat,
2376 2262 2439 2300 ne
2466 2248 2724 2312 esuriret;
2756 2258 2939 2314 potus,
2978 2267 3042 2304 ne
3085 2253 3286 2319 sitiret;
3320 2255 3519 2326 lignum
3544 2259 3712 2323 vitae,

2122 2349 2185 2387 ne
2220 2334 2371 2388 illum
2421 2347 2628 2390 senecta
2680 2336 3021 2393 dissolveret:
3070 2341 3205 2395 nihil
3258 2347 3608 2415 corruptionis
3656 2349 3715 2404 in

2120 2440 2357 2493 corpore,
2382 2424 2461 2479 vel
2488 2441 2553 2479 ex
2584 2443 2799 2494 corpore
2827 2428 2966 2483 ullas
3007 2432 3272 2487 molestias
3302 2434 3426 2490 ullis
3455 2436 3569 2508 ejus
3589 2456 3714 2495 sen-

2119 2514 2262 2566 sibus
2303 2514 2591 2583 ingerebat.
2634 2515 2833 2570 Nullus
2870 2518 3182 2576 intrinsecus
3233 2524 3479 2592 morbus,
3535 2529 3714 2585 nullus

2116 2607 2250 2659 ictus
2266 2607 2589 2661 metuebatur
2597 2609 2935 2664 extrinsecus.
2953 2610 3173 2668 Summa
3186 2616 3239 2668 in
3252 2634 3410 2673 carne
3421 2623 3644 2689 sanitas,
3657 2626 3716 2679 in

2118 2697 2293 2749 animo
2319 2706 2428 2751 tota
2457 2698 2834 2769 tranquillitas.
2850 2698 2997 2755 Sicut
3012 2703 3066 2756 in
3079 2705 3328 2774 paradiso
3344 2708 3520 2763 nullus
3536 2723 3714 2767 aestus

2118 2794 2210 2838 aut
2229 2786 2418 2856 frigus,
2440 2787 2515 2840 ita
2538 2788 2592 2841 in
2617 2787 2731 2856 ejus
2755 2787 3048 2844 habitatore
3066 2791 3212 2845 nulla
3239 2809 3304 2847 ea:
3330 2796 3714 2864 cupiditatevel

2117 2875 2242 2930 ex“
2268 2878 2452 2931 timore
2476 2878 2749 2931 accedebat
2780 2880 2945 2932 bonae
2982 2880 3267 2938 voluntatis
3290 2884 3530 2954 offensio.
3560 2889 3713 2945 Nihil

2118 2969 2327 3021 omnino
2343 2967 2508 3030 triste,
2526 2967 2656 3021 nihil
2670 2978 2780 3022 erat
2797 2969 3022 3024 inaniter
3034 2970 3250 3038 laetum,
3267 2975 3518 3044 gaudium
3535 2995 3712 3034 verum

2116 3054 2522 3125 perpetuabatur
2545 3072 2609 3109 ea:
2636 3055 2764 3121 Deo,
2793 3058 2847 3109 in
2871 3074 3021 3126 quem
3050 3060 3312 3130 ﬂagrabat
3339 3065 3535 3120 caritas
3564 3068 3629 3123 de
3667 3070 3712 3100 ”’

433 3155 589 3208 modo
616 3154 762 3208 erant
792 3154 929 3208 beati
958 3155 1012 3207 in
1037 3154 1128 3207 illo
1154 3153 1480 3207 memorabili
1513 3153 1846 3207 beatitudinis
1875 3153 2010 3221 loco,

2119 3144 2274 3198 corde
2313 3162 2469 3214 puro,
2516 3155 2562 3198 et
2609 3146 2927 3201 conscientia
2971 3148 3138 3211 bona,
3178 3159 3227 3204 et
3265 3152 3371 3220 fide
3419 3170 3522 3208 non
3560 3156 3707 3225 ﬁcta.

429 3247 489 3299 id
514 3256 609 3309 est,
635 3246 884 3315 paradiso
905 3246 931 3298 .9
955 3245 1084 3310 Quis
1103 3244 1313 3298 tondent
1335 3244 1569 3298 absolute
1588 3244 1694 3298 dici
1717 3246 1894 3299 beatus
1916 3262 2014 3315 po-

428 3345 566 3402 test,
617 3337 709 3407 qni
754 3337 943 3390 timore
989 3336 1231 3406 afficitur,
1281 3335 1358 3389 vel
1400 3335 1621 3390 dolore?
1654 3334 1794 3400 Quid
1843 3347 2018 3391 autem

427 3428 609 3480 timere
629 3432 724 3480 aut
759 3426 936 3480 dolere
971 3436 1209 3495 poterant
1255 3425 1336 3479 illi
1376 3426 1610 3480 homines
1658 3428 1712 3480 in
1751 3436 2018 3481 tantorum

428 3525 577 3571 tanta
621 3502 884 3587 affluentia
926 3515 1200 3578 bonorum,
1230 3514 1318 3568 ubi
1357 3530 1450 3569 nec
1488 3531 1631 3569 mors
1670 3515 2012 3579 metuebatur,

430 3622 523 3659 nec
536 3605 657 3659 'ulla
687 3607 918 3675 corporis
942 3605 1083 3659 mala
1106 3605 1369 3670 valetudo,
1394 3623 1486 3661 nec
1512 3607 1692 3661 aberat
1714 3608 2015 3679 quicquam,

430 3695 566 3764 quod
587 3697 720 3748 bona
742 3699 980 3748 voluntas
1002 3712 1105 3749 non
1130 3696 1526 3765 adipisceretur,
1553 3712 1646 3751 nec
1671 3698 1857 3762 inerat,
1878 3697 2017 3768 quod

431 3800 641 3836 carnem
665 3785 956 3838 animumve
975 3785 1202 3838 hominis
1225 3784 1444 3854 feliciter
1467 3787 1683 3840 viventis
1698 3787 2022 3858 offenderet?

433 3871 598 3923 Amor
620 3870 730 3924 erat
756 3872 1159 3940 imperturbatus
1180 3874 1237 3927 in
1264 3872 1452 3940 Deum,
1478 3884 1632 3945 atque
1657 3875 1795 3929 inter
1811 3892 1867 3929 se
1889 3893 2016 3930 con-

426 3961 620 4033 jngum
645 3961 755 4030 ﬁda
779 3978 840 4015 ac
867 3963 889 3994 ⁷
922 3964 1123 4018 sincera
1145 3965 1390 4019 societate
1415 3966 1715 4031 viventium,
1755 3978 1803 4022 et
1825 3983 1890 4021 ea:
1921 3969 2019 4021 hoc

434 4068 616 4106 arnore
633 4054 831 4122 grande
848 4054 1121 4124 gaudium,
1146 4071 1248 4110 non
1270 4055 1565 4121 desistente,
1585 4056 1725 4127 quod
1743 4059 2022 4111 amabatur

433 4145 504 4199 ad
534 4145 836 4216 fruendum.
879 4146 1016 4202 Erat
1053 4149 1300 4204 devitatio
1345 4149 1633 4220 tranquilla
1669 4150 1889 4219 peccati,
1914 4165 2021 4218 qua

433 4246 673 4290 manente
695 4236 898 4310 nullum
919 4239 1130 4294 omnino
1152 4240 1394 4295 alicunde
1421 4240 1442 4270 ⁸
1469 4239 1690 4307 malum,
1716 4241 1856 4312 quod
1898 4257 2020 4294 con—

432 4326 663 4379 tristaret
694 4326 739 4391 ’,
788 4327 1045 4381 irruebat.
1087 4328 1170 4382 An
1209 4328 1344 4399 forte
1387 4328 1660 4399 cupiebant
1702 4327 2020 4397 prohibitum

434 4414 637 4483 lignum
660 4418 727 4467 ad
752 4417 1060 4470 vescendum
1083 4420 1398 4488 contingere,
1416 4416 1513 4471 sed
1543 4416 1677 4471 mori
1700 4415 2017 4482 metuebant,

2117 3233 2285 3302 Atque
2308 3234 2444 3286 inter
2476 3250 2531 3288 se
2563 3228 2842 3305 conjugum
2869 3236 2980 3305 ﬁda
3005 3247 3052 3291 et
3087 3256 3152 3293 ea:
3188 3240 3402 3296 honesto
3427 3260 3605 3299 amore
3631 3263 3715 3299 so-

2117 3323 2300 3388 cietas,
2331 3340 2547 3378 concors
2572 3325 2757 3379 utentis
2798 3329 3131 3398 corporisque
3157 3331 3360 3400 vigilia,
3385 3342 3433 3386 et
3472 3335 3712 3392 mandati

2117 3413 2230 3467 sine
2258 3412 2436 3467 labore
2456 3414 2716 3470 custodia.
2746 3413 2869 3468 Non
2890 3414 3150 3471 lassitudo
3174 3418 3432 3489 fatigabat
3461 3423 3710 3487 otiosum,

2120 3519 2222 3557 non
2270 3518 2500 3556 summus
2550 3504 2811 3573 premebat
2855 3506 3093 3560 invitum.
3134 3505 3205 3561 In
3256 3518 3405 3563 tanta
3453 3511 3712 3581 facilitate

2119 3610 2295 3648 rerum
2322 3603 2370 3647 et
2394 3593 2643 3663 felicitate
2667 3596 2939 3650 hominum
2966 3596 3124 3662 absit,
3149 3610 3204 3652 ut
3233 3601 3575 3671 suspicemur,
3603 3620 3712 3657 non

2118 3685 2346 3755 potuisse
2385 3685 2581 3755 prolem
2619 3687 2724 3740 seri
2758 3686 2806 3729 1⁸
2852 3689 2963 3742 sine
2998 3688 3229 3744 libidinis
3268 3693 3467 3755 morbo,
3511 3695 3603 3748 sed
3647 3711 3710 3748 eo

2119 3775 2400 3829 voluntatis
2440 3786 2569 3829 nutu
2603 3787 2932 3831 moverentur
2957 3782 3186 3833 membra
3225 3780 3340 3849 illa,
3378 3800 3480 3853 quo
3515 3794 3712 3854 cetera,

2119 3875 2168 3918 et
2213 3867 2325 3919 sine
2380 3867 2588 3920 ardoris
2643 3867 2942 3922 illecebroso
2994 3871 3233 3936 stimulo,
3289 3890 3407 3926 cum
3449 3877 3709 3947 tranquil-

2121 3961 2268 4015 litate
2322 3962 2483 4013 animi
2525 3972 2573 4014 et
2618 3963 2880 4033 corporis,
2923 3962 3069 4015 nulla
3114 3968 3449 4035 corruptione
3494 3968 3711 4035 integri-

2122 4055 2266 4117 tatis,
2326 4052 2691 4122 infunderetur
2734 4053 2929 4123 gremio
2986 4056 3208 4107 maritus
3260 4056 3462 4109 uxoris.
3524 4055 3709 4112 Vides-

2123 4157 2222 4206 ne,
2271 4149 2530 4211 quantum
2599 4140 2814 4207 laudat,
2863 4151 3126 4211 quantum
3169 4142 3439 4210 glorilicat
3479 4130 3711 4200 felicita-

2124 4240 2231 4285 tem
2262 4229 2540 4303 utriusque
2566 4244 2729 4285 sexus
2756 4230 2808 4285 iu
2837 4230 3089 4300 paradiso
3119 4240 3244 4285 ante
3279 4234 3707 4302 praevaricatio-

2125 4336 2267 4385 nem,
2300 4336 2462 4391 quam
2491 4330 2712 4376 sancute
2748 4323 3311 4394 incontaminataeque
3349 4326 3569 4395 nuptiae
3606 4329 3709 4384 lie-

2124 4420 2265 4477 rent,
2294 4409 2470 4481 qualis
2494 4425 2646 4465 amor
2667 4411 3151 4481 irreprehensibilis
3176 4400 3462 4484 coujugum
3482 4424 3538 4470 et
3568 4416 3712 4473 inse-

436 4517 500 4553 ac
518 4517 613 4570 per
643 4502 739 4555 hoc
775 4512 823 4556 et
862 4505 1123 4574 cupiditas
1145 4516 1193 4559 et
1231 4517 1399 4559 metus
1416 4505 1534 4575 jam
1569 4517 1691 4559 tunc
1714 4505 1832 4560 illos
1857 4506 2020 4559 homi-
2051 4491 2101 4553 υ
2123 4502 2383 4573 parabilis
2403 4502 2654 4566 societas,
2675 4517 2837 4571 quam
2859 4501 3083 4571 pulchra
3098 4512 3408 4558 sanctorum
3427 4504 3712 4562 hominum

436 4603 528 4642 nes
553 4590 710 4643 etiam
733 4590 787 4643 in
814 4590 904 4645 illo
923 4593 1260 4661 perturbabat
1282 4593 1394 4647 loco
1416 4593 1625 4660 ?Absit,
1650 4604 1705 4647 ut
1726 4595 1824 4648 hoc
1845 4595 2026 4648 existi-

436 4693 634 4732 memus
656 4678 842 4746 fuisse,
857 4682 946 4734 ubi
959 4681 1163 4735 nullum
1183 4692 1294 4738 erat
1310 4685 1522 4738 omnino
1533 4695 1823 4754 peccatum.
1842 4681 2025 4754 Neque

436 4769 574 4821 enim
604 4768 808 4823 nullunt
837 4782 1107 4841 peccatum
1136 4782 1233 4838 est,
1256 4790 1337 4836 ea,
1369 4792 1502 4846 quae
1531 4775 1615 4829 lex
1646 4775 1744 4829 Dei
1770 4775 2022 4846 prohibet,

439 4860 831 4927 concupiscere,
861 4870 1018 4930 atque
1046 4860 1089 4891 “
1113 4862 1176 4915 ab
1207 4862 1289 4916 his
1318 4863 1574 4918 abstinere
1600 4864 1781 4917 timore
1805 4879 2019 4933 poenae,

443 4961 547 4999 non
571 4965 746 5004 amore
763 4950 1030 5020 justitiae.
1056 4951 1224 5017 Absit,
1248 4955 1484 5025 inquam,
1507 4965 1562 5008 ut
1589 4964 1710 5007 ante
1737 4971 1886 5007 omne
1904 4970 2022 5023 pec-

444 5046 620 5089 catum
640 5038 757 5107 jam
783 5041 852 5095 ibi
881 5042 1040 5112 fuerit
1067 5043 1172 5098 tale
1225 5053 1527 5111 peccatum,
1570 5053 1626 5096 ut
1657 5043 1753 5096 hoc
1782 5043 1846 5098 de
1877 5043 2018 5114 ligno

445 5126 739 5180 amitterent
767 5132 831 5194 ιι,
858 5132 995 5202 quod
1015 5133 1081 5187 de
1101 5134 1319 5189 muliere
1361 5134 1496 5188 Deus
1518 5135 1628 5187 ait:
1659 5133 1721 5188 Si
1742 5134 1858 5189 auis
1883 5134 2024 5187 uide-

443 5215 515 5267 rit
542 5214 816 5271 mulierem
870 5220 938 5272 ad
983 5223 1449 5291 concupiscendum
1475 5238 1609 5276 eam.
1628 5223 1747 5289 jam
1778 5223 2024 5276 moecha-

2127 4592 2453 4662 procrcatio,
2481 4601 2537 4646 et
2561 4591 2614 4646 in
2642 4591 3101 4660 praedestinatum
3129 4607 3411 4647 numerum
3452 4595 3718 4664 multipli-

2128 4682 2290 4744 catio.
2330 4696 2492 4750 quam
2531 4689 2652 4749 post
2693 4679 3282 4750 paradisid‘elicitatem
3323 4682 3378 4737 in
3412 4684 3713 4753 angelicam

2127 4771 2513 4828 beatitudinem
2545 4754 2864 4841 sequerettir
2888 4772 3189 4838 translatio,
3215 4781 3275 4827 ut
3302 4788 3407 4827 non
3437 4775 3714 4829 immerito

2130 4862 2251 4930 quis
2293 4862 2539 4925 miretttr,
2588 4860 2860 4931 quomodo
2904 4862 3158 4917 animalia
3210 4878 3436 4933 corpora
3492 4865 3545 4919 in
3600 4876 3711 4920 tam

2127 4949 2338 5006 excelsa
2380 4950 2711 5004 beatitudine
2737 4949 2938 5005 vixisse
2983 4952 3239 5006 credibile
3273 4954 3360 5007 sit.
3392 4954 3537 5008 DISC.
3570 4953 3713 5009 Num

2129 5040 2269 5095 inter
2281 5053 2400 5104 nos,
2413 5038 2540 5092 dum
2558 5039 2599 5070 "'
2614 5038 2679 5093 de
2692 5039 3000 5096 conditione
3020 5042 3284 5095 humanae
3298 5050 3521 5097 naturae
3532 5041 3714 5112 dispu-

2130 5129 2401 5193 tabamus,
2429 5127 2731 5184 conlectum
2759 5137 2863 5195 est,
2890 5129 3164 5184 hominem
3193 5130 3245 5183 in
3277 5144 3475 5200 genere
3498 5130 3711 5185 anima-

2133 5220 2262 5276 lium
2292 5221 2642 5276 substitutum
2688 5220 2876 5286 fuisse,
2911 5221 3021 5274 imo
3048 5221 3211 5276 etiam
3247 5220 3424 5275 omnia
3455 5220 3712 5275 animalia

1711 5350 1967 5405 VARIAE
2026 5346 2428 5405 LECTIONES.

519 5480 799 5557 [$ch,
848 5484 896 5538 A
922 5484 997 5557 ab
1034 5484 1288 5557 imagine.
1360 5485 1382 5516 ¹
1414 5482 1618 5557 SicJCF
1635 5500 1649 5548 ;
1682 5482 1726 5537 Λ
1749 5480 1944 5557 striam:

445 5552 587 5625 {Sic
619 5553 738 5617 CF;
772 5555 815 5607 A
838 5555 1072 5610 animale
1099 5552 1346 5625 appellat.
1422 5556 1443 5586 "
1480 5553 1564 5609 CF
1601 5564 1670 5608 et.

444 5622 550 5683 Cl“.
628 5625 669 5655 “
704 5625 797 5679 Sic
827 5625 947 5687 CF;
984 5627 1025 5678 A
1069 5620 1421 5679 admitterent.
1502 5625 1545 5659 “
1574 5640 1638 5676 ex
1666 5637 1776 5678 om.
1805 5620 1913 5677 CF.

448 5691 492 5722 “
518 5696 607 5746 Sic
635 5691 743 5760 CF;
772 5695 817 5746 Α
849 5694 982 5750 ﬁeri.
1060 5696 1104 5725 ¹⁷
1137 5694 1228 5747 Sic
1252 5693 1358 5757 CF;
1383 5694 1427 5746 Λ
1450 5709 1586 5747 cum.

2041 5479 2063 5511 ⁸
2093 5478 2183 5534 Sic
2208 5477 2323 5544 CF;
2349 5479 2394 5534 Α
2415 5478 2684 5533 tacuisse.‘
2737 5477 2760 5510 ⁸
2787 5494 2902 5533 eam
2932 5493 3041 5533 om.
3069 5479 3136 5532 A.

1746 5552 1768 5583 ⁸
1794 5551 1884 5605 Sic
1908 5549 2024 5612 CF;
2055 5549 2098 5602 Α
2129 5548 2361 5602 aliunde.

1990 5619 2033 5651 ’³
2060 5618 2146 5673 CF
2172 5634 2300 5683 suo;
2334 5619 2380 5673 A
2418 5615 2662 5672 vicesimo
2690 5628 2858 5672 sexto.

3236 5479 3258 5511 '
3282 5479 3478 5534 sanctis
3504 5496 3615 5536 om.
3642 5482 3711 5535 Α.

2466 5550 2487 5620 _’
2512 5549 2602 5620 Sic
2628 5546 2744 5614 CF;
2768 5548 2816 5603 Α
2843 5549 3260 5620 contristamur.
3302 5550 3382 5620 _‘_‘
3418 5560 3574 5620 atque
3598 5567 3709 5603 om.

2958 5614 3002 5647 'l'
3037 5634 3102 5671 ex
3135 5632 3247 5679 om.
3289 5617 3396 5674 CF.
3475 5614 3520 5650 ¹’⁸
3549 5619 3596 5672 Δ
3626 5634 3713 5672 es.
