4212 6272
560 374 663 433 δίη

1941 356 2222 416 JOANNIS
2262 360 2456 417 SCOTI

3708 349 3812 408 808

561 481 987 541 substantialitcr
1019 478 1069 532 iu
1103 477 1193 531 illo
1224 484 1434 540 creata,
1486 489 1590 529 non
1638 473 1807 526 solum
1842 473 1981 540 quod
2016 487 2136 524 om-
2166 476 2214 533 Α
2244 471 2476 524 humana
2505 475 2697 524 natura
2745 467 2765 496 "
2795 467 2837 520 si
2889 481 2993 519 non
3051 473 3318 534 peccaret,
3371 460 3591 518 omnino
3644 463 3813 520 libera

563 574 709 628 nium
740 571 925 624 notitia
960 570 1128 621 inerat
1154 567 1224 629 ei,
1251 581 1435 619 verum
1460 565 1641 628 etiam,
1668 564 1789 631 quia
1816 562 2135 615 u'niversitas

561 661 789 717 visibilis
830 667 883 711 et
924 656 1204 711 invisibilis
1242 663 1526 709 creaturae
1561 653 1612 705 in
1658 667 1723 705 co
1768 652 1980 705 condita
2023 649 2139 703 est?

563 755 701 808 MAG.
729 750 1043 805 Confectum
1074 747 1248 817 plane.
1284 747 1425 800 Dtsc.
1457 744 1591 809 Quid
1628 760 1758 813 ergo
1797 744 2024 807 mirum,
2053 740 2139 795 vel

562 860 661 899 cur
690 841 1003 896 incredibile
1049 842 1146 901 sit,
1179 839 1221 890 si
1268 839 1498 891 humana
1530 850 1786 904 corpora,
1829 836 2139 904 priusquam

561 939 851 1003 peccarent
900 929 952 982 in
1008 926 1279 997 paradiso,
1342 924 1595 977 animalia
1653 922 1816 976 fuisse
1868 923 2140 986 dicantur,

564 1039 702 1093 quae
724 1024 776 1076 iu
807 1035 1001 1091 genere
1030 1018 1341 1073 animalium
1371 1017 1658 1071 constituta
1682 1015 1841 1068 sunt?
1868 1015 1907 1067 Ε
1935 1015 2141 1069 duobus

565 1115 759 1184 quippe
786 1126 947 1165 unum
976 1110 1173 1178 eligere
1194 1108 1338 1178 cogit
1360 1123 1458 1160 nos
1482 1106 1620 1159 ratio
1646 1123 1658 1158 :
1691 1114 1782 1157 aut
1808 1104 1950 1157 enim
1975 1118 2139 1170 nega-

563 1203 740 1256 hiums
768 1202 985 1256 omnino
1015 1200 1065 1252 in
1103 1212 1296 1267 genere
1334 1195 1639 1249 animalium
1670 1193 1940 1247 conditum
1975 1191 2144 1245 homi-

567 1292 771 1356 nem,si
799 1290 1044 1343 volunms
1070 1303 1284 1357 negare,
1315 1287 1364 1339 iu
1390 1301 1455 1339 co
1479 1284 1709 1337 animale
1734 1297 1928 1351 corpus
1948 1280 2142 1343 fuisse;

567 1392 678 1446 aut,
712 1383 754 1435 si
788 1397 892 1434 non
917 1393 1200 1450 possumus
1228 1377 1552 1431 contendere
1577 1383 1631 1427 et
1657 1373 1942 1440 abnegare,
1969 1371 2141 1439 ipsuxn

566 1474 781 1542 quidem
807 1472 1071 1541 quoddam
1098 1467 1296 1522 animal
1338 1468 1390 1520 in
1427 1479 1623 1535 genere
1660 1463 1972 1516 animalium
2021 1461 2037 1491 ³
2069 1461 2148 1512 fa-

568 1577 737 1630 ctum,
767 1564 1033 1634 quomodo
1058 1562 1402 1631 uegabimus,
1432 1556 1659 1611 animale
1684 1568 1878 1623 corpus
1901 1552 2148 1606 habuisse

569 1665 694 1708 ante
743 1663 1042 1722 peceatum,
1090 1660 1163 1715 et,
1210 1650 1253 1703 si
1297 1665 1398 1701 non
1439 1655 1718 1717 peccaret,
1750 1644 1987 1714 potuisse
2030 1641 2146 1695 ﬁeri

570 1743 820 1797 beatum?
851 1742 985 1796 MAG.
1020 1741 1186 1794 Acute
1216 1738 1431 1807 quidem
1460 1734 1876 1805 philosopharis.
1917 1731 2147 1784 Putasne

2240 567 2502 621 maneret,
2534 556 2983 626 quemadmodum
3011 554 3177 607 libera
3202 553 3378 607 futura
3413 563 3517 607 est.
3567 554 3679 608 [loc
3721 571 3822 609 au-

2241 658 2346 703 tem
2381 646 2503 700 dico
2553 643 2871 715 Gregorium
2917 644 3215 714 Nyssaeum
3266 659 3517 712 sequens,
3546 646 3818 713 exposito-

2241 753 2461 808 remque
2493 738 2658 806 ipsius
2703 734 3013 796 Maximum,
3062 750 3164 788 non
3196 744 3375 789 autem
3426 735 3560 789 alios
3603 746 3821 792 sanctos

2241 828 2432 881 Patres
2460 824 2755 895 spiritualis
2782 823 3080 887 doctrinae,
3110 820 3341 891 qualiter
3391 824 3643 877 videntur
3690 839 3819 878 sen-

2242 916 2395 980 sisse,
2427 915 2695 975 refellens,
2727 915 2858 967 haec
2885 913 3063 966 omnia
3092 914 3156 966 ad
3190 914 3417 982 primam
3463 923 3518 967 et
3566 914 3819 968 substan-

2244 1007 2422 1061 tialem
2450 1005 2681 1060 hominis
2710 1004 3038 1059 creationem
3069 1005 3339 1071 pertinere
3363 1012 3727 1058 autumantes.
3753 1003 3819 1057 Et

2243 1098 2289 1151 si
2318 1109 2367 1151 te
2392 1103 2586 1157 movet,
2605 1110 2772 1164 quare
2795 1094 2934 1148 Deus
2960 1090 3008 1146 in
3035 1093 3251 1146 homine
3274 1092 3484 1156 fecerit,
3508 1092 3817 1163 priusquam

2244 1193 2513 1254 peccaret,
2532 1199 2670 1252 quae
2691 1193 2909 1252 propter
2933 1191 3210 1251 peceatum
3238 1183 3377 1236 facta
3404 1192 3552 1249 sunt,
3580 1183 3819 1237 animad-

2244 1286 2414 1342 verte,
2442 1279 2583 1345 quod
2618 1277 2725 1329 Deo
2762 1275 2896 1328 nihil
2926 1285 3009 1327 est
3040 1282 3185 1336 ante,
3219 1274 3349 1327 nihil
3380 1282 3521 1344 post,
3563 1275 3648 1329 cui
3688 1275 3821 1328 nihil

2246 1370 2620 1437 praeteritum,
2653 1368 2784 1421 nihil
2813 1367 3072 1430 futurum,
3092 1366 3223 1421 nihil
3253 1369 3485 1422 medium
3518 1369 3657 1423 inter
3676 1385 3821 1438 prae-

2249 1459 2466 1511 teritqu
2495 1468 2549 1512 et
2575 1457 2834 1520 futurum,
2865 1457 3118 1526 queuiam
3150 1458 3248 1527 ipsi
3280 1459 3453 1512 omnia
3494 1459 3652 1512 simul
3677 1471 3818 1512 sunt.

2247 1546 2357 1601 Cur
2380 1563 2509 1617 ergo
2545 1562 2647 1601 non
2696 1546 2853 1601 simul
2886 1546 3106 1611 faceret,
3152 1562 3289 1615 quae
3329 1547 3572 1602 facienda
3616 1549 3767 1603 simul
3794 1551 3822 1583 '

2249 1636 2463 1689 videbat
2491 1644 2545 1690 et
2566 1634 2817 1689 volebat?
2864 1633 2998 1688 Nam
3027 1650 3146 1689 cmn
3175 1635 3405 1690 dicimus
3450 1646 3575 1691 ante
3608 1646 3662 1691 et
3701 1647 3818 1707 post

2251 1736 2551 1795 peccatum,
2606 1725 2990 1797 cogitationum
3049 1734 3356 1778 nostrarum
3412 1724 3817 1781 mutabilitatem

569 1835 772 1903 itaque,
803 1832 967 1885 Deum
1010 1828 1167 1883 simul
1194 1829 1373 1881 omnia
1402 1825 1627 1881 fecisse?
1668 1826 1811 1878 Dtsc.
1845 1824 1954 1876 lmo
1982 1823 2145 1876 credo
2176 1808 2608 1870 “monstramus
2635 1856 2649 1880 ,
2712 1816 2835 1869 dum
2893 1814 3068 1868 adhuc
3122 1813 3453 1883 temporibus
3490 1817 3763 1871 subdimur
3798 1836 3812 1868 :

569 1934 623 1976 et
664 1924 924 1993 intelligo.
953 1922 1143 1976 Omnia
1182 1919 1466 1988 siquidem,
1496 1930 1633 1985 quae
1660 1924 1957 1983 temporum
1985 1914 2149 1967 inter-

574 2014 724 2067 vallis
766 2013 818 2064 in
869 2011 1066 2064 mundo
1112 2018 1426 2068 nascuntur,
1459 2006 1615 2059 simul
1646 2012 1698 2058 et
1738 2003 1900 2057 semel
1934 2011 1989 2055 et
2026 2010 2150 2054 ante

575 2101 830 2154 mundum
879 2107 933 2151 et
981 2113 1103 2150 cuin
1150 2097 1346 2149 mundo
1396 2094 1533 2147 facta
1571 2104 1717 2156 sunt,
1755 2092 1998 2160 quamvis
2043 2104 2148 2143 non

571 2189 727 2245 simul
759 2202 854 2257 per
875 2188 895 2217 ¹
918 2187 1130 2240 divinae
1180 2185 1547 2255 providentiae
1583 2183 2103 2236 administrationem
2126 2180 2146 2210 ³

574 2279 830 2331 mundum
869 2275 1195 2329 sensibiliter
1222 2274 1577 2342 adimpleant,
1608 2274 1700 2325 sed
1729 2272 1915 2325 ordine
1948 2281 2151 2339 tempo-

575 2382 727 2429 rum,
761 2364 985 2418 Domino
1013 2363 1223 2416 dicente
1249 2380 1261 2414 :
1295 2361 1454 2413 Pater
1491 2377 1632 2413 meus
1671 2376 1831 2429 usque
1854 2361 2004 2411 modo
2029 2374 2149 2426 ape-

574 2467 744 2519 ratur,
782 2464 829 2509 et
866 2471 957 2524 ego
979 2470 1194 2522 operor.
1226 2452 1364 2506 Μεισ.
1414 2452 1579 2506 Recte
1611 2451 1851 2505 intueris.
1886 2450 2021 2503 Num
2057 2448 2150 2502 tibi

573 2548 814 2611 videtur,
853 2545 993 2614 quod
1035 2554 1314 2612 propterea
1361 2542 1500 2595 Deus
1542 2542 1810 2595 hominem
1857 2538 1909 2592 in
1957 2553 2151 2608 genere

574 2636 887 2690 animalium
935 2633 1141 2696 fecerit,
1190 2632 1311 2700 quia
1353 2631 1497 2684 illum
1539 2630 1841 2684 animaliter
1885 2629 2150 2682 victurum

574 2727 902 2797 praescivit,
936 2726 1096 2793 inque
1130 2722 1532 2776 irrationabiles
1567 2722 1589 2752 ⁸
1636 2729 1812 2774 motus
1838 2735 2024 2774 eormn
2069 2735 2152 2773 re-

574 2818 702 2872 licta
724 2818 935 2871 divinae
962 2815 1208 2885 imaginis
1231 2813 1626 2883 pulchritudine
1640 2811 1973 2881 acdignitate
1997 2825 2153 2863 casu-

576 2909 734 2962 rum?
780 2908 925 2962 DISC.
966 2907 1271 2963 -\’erisimile
1306 2907 1538 2962 videtur.
1579 2906 1729 2961 Fecit
1763 2906 1905 2960 enim
1949 2904 2151 2968 futura,

576 2998 666 3065 qui
699 2997 826 3051 fecit
852 2998 1030 3051 omnia
1076 2997 1253 3051 simul.
1286 2996 1424 3053 MAG.
1463 2997 1724 3064 Quoniam
1771 2995 1932 3063 igitur
1961 2994 2025 3047 de
2057 3008 2152 3048 sua

574 3088 955 3158 praescientia,
989 3103 1125 3156 quae
1157 3086 1265 3140 falli
1295 3104 1396 3142 non
1427 3096 1626 3157 potest,
1654 3086 1989 3140 certissimus
2009 3092 2149 3146 erat,

2249 1903 2359 1958 Deo
2381 1915 2559 1959 autem
2584 1905 2741 1960 simul
2772 1914 2923 1959 erant
2959 1913 3014 1958 et
3048 1905 3249 1973 peccati
3283 1905 3634 1973 praescientia
3683 1908 3821 1976 ejus-

2249 2007 2353 2061 que
2383 1995 2786 2061 consequentia.
2834 1992 3050 2046 llomini
3073 1994 3357 2061 siquidem,
3394 2010 3496 2047 non
3522 1995 3648 2062 Deo,
3681 1995 3822 2052 huu-

2250 2099 2367 2137 rum
2405 2091 2522 2138 erat
2559 2093 2858 2151 peceatum,
2892 2091 2946 2138 et
2992 2084 3372 2151 consequentia
3417 2086 3618 2153 peccati
3660 2102 3822 2155 prae-

2249 2171 2410 2225 cessit
2438 2179 2713 2241 peccatum
2745 2173 2796 2225 in
2830 2171 3064 2235 homine,
3083 2171 3334 2240 quoniam
3361 2183 3414 2225 et
3437 2172 3603 2241 ipsum
3629 2191 3815 2243 pecea-

2253 2269 2363 2315 tum
2398 2263 2690 2330 praecessit
2718 2261 2760 2292 ¹⁰
2795 2263 3028 2332 seipsum
3063 2265 3114 2316 in
3144 2264 3331 2316 eodem
3353 2264 3559 2319 homine
3583 2266 3647 2319 “.
3680 2266 3818 2321 Mala

2250 2354 2442 2422 quippe
2472 2354 2734 2417 voluntas,
2762 2355 2901 2422 quod
2925 2363 3009 2408 est
3031 2363 3311 2422 peccatum
3352 2357 3639 2421 occultum,
3666 2374 3822 2427 prae-

2251 2444 2413 2496 cessit
2444 2443 2593 2496 vetiti
2625 2442 2827 2497 fructus
2845 2446 3237 2512 gustum,quod
3263 2454 3345 2498 est
3370 2457 3645 2515 peccatum
3669 2464 3821 2518 aper»

2254 2539 2384 2583 tum.
2413 2531 2609 2584 Eadem
2636 2534 2840 2584 ratione
2882 2541 3055 2599 potest
3097 2531 3341 2602 intelligi,
3384 2536 3525 2601 quod
3565 2535 3818 2606 scriptum

2250 2632 2332 2675 est
2365 2639 2378 2674 :
2420 2621 2584 2674 Jacob
2623 2621 2804 2685 dilexi,
2830 2620 2972 2675 Esau
3002 2633 3174 2676 autem
3214 2624 3332 2675 odio
3366 2624 3544 2678 habui.
3580 2625 3819 2681 Nondum

2251 2710 2392 2764 enim
2426 2710 2704 2779 utriusque
2727 2710 2877 2764 malis
2896 2710 2976 2762 vel
3008 2710 3049 2741 ¹¹
3079 2711 3232 2764 bonis
3254 2712 3461 2766 actibus
3482 2717 3818 2782 perpetratis,

2252 2798 2304 2852 iu
2335 2798 2521 2852 ordine
2552 2807 2851 2866 temporum
2877 2812 3063 2852 eorum
3096 2803 3484 2868 consequentia
3518 2802 3653 2855 facta
3697 2813 3821 2856 sunt

2254 2889 2306 2942 in
2333 2903 2420 2954 eo,
2452 2890 2503 2943 in
2536 2904 2642 2957 quo
2674 2889 2998 2943 universitas
3032 2887 3188 2944 simul
3215 2898 3269 2944 et
3290 2906 3452 2944 unum
3481 2899 3562 2945 est
3592 2910 3605 2944 :
3638 2907 3823 2947 consc-

2252 2982 2469 3049 quentia
2495 2989 2672 3033 autem
2700 2980 2820 3034 dico
2840 2980 3176 3034 dilectionem
3208 2991 3261 3034 et
3285 2981 3485 3035 odium.
3518 2982 3628 3037 lloc
3660 2983 3822 3036 etiam

2254 3073 2367 3140 ipse
2404 3073 2660 3139 magister
2703 3069 3036 3139 Augustinus
3088 3070 3276 3124 edocet
3329 3070 3382 3123 in
3434 3070 3660 3139 praefati
3701 3070 3824 3125 libri

577 3145 773 3240 etiam,
818 3145 1131 3246 priusquam
1191 3177 1349 3229 Inoino
1406 3145 1682 3243 peccaret,
1718 3175 1924 3243 peccati
1961 3145 2149 3227 come.
2180 3145 2225 3207 C
2258 3161 2416 3216 tertio
2446 3161 2655 3213 decimo
2688 3158 2923 3228 capitulo
2948 3159 3014 3213 de
3042 3157 3231 3227 primis
3266 3158 3572 3213 hominibus
3599 3159 3781 3213 dicens
3808 3178 3821 3211 :
3865 3159 3869 3162 ’

577 3266 793 3332 quentia
824 3266 876 3318 in
906 3266 1120 3320 homine
1158 3274 1211 3318 et
1242 3280 1361 3318 cum
1403 3265 1614 3317 homine
1642 3263 1799 3318 simul
1827 3262 2152 3324 eoncreavit,

581 3362 638 3406 ut
666 3367 764 3407 nec
811 3354 1079 3407 immerito
1117 3353 1447 3415 aestimetur,
1489 3366 1707 3414 eorum,
1746 3365 1882 3419 quae
1911 3349 2069 3402 simul
2101 3350 2154 3401 in

581 3443 800 3495 homine
828 3441 967 3495 facta
984 3453 1128 3505 sunt,
1156 3441 1417 3507 quaedam
1443 3441 1656 3507 quidem
1678 3449 1899 3508 propter
1920 3439 2153 3492 divinam

582 3535 904 3596 bonitatem,
925 3543 985 3585 ut
1005 3542 1129 3586 sunt
1151 3532 1259 3595 illa,
1287 3532 1339 3584 in
1364 3530 1556 3599 quibus
1587 3531 1761 3599 imago
1802 3529 2097 3585 conditoris
2135 3529 2156 3559 '

585 3622 923 3691 intelligitur,
961 3622 1173 3675 animus
1201 3620 1448 3674 videlicet
1479 3629 1533 3672 et
1571 3621 1708 3673 ratio
1754 3633 2048 3686 sensusque
2078 3619 2156 3671 in-

582 3712 772 3774 terior,
800 3710 903 3773 vel,
937 3718 994 3762 ut
1029 3709 1101 3763 ita
1127 3709 1323 3773 dicam,
1349 3709 1788 3771 essentia,virtus
1814 3717 1869 3760 et
1897 3708 2154 3776 operatio,

584 3800 848 3868 quaedam
900 3812 1029 3853 vero
1076 3808 1294 3868 propter
1336 3797 1587 3851 delictqu
1631 3796 1950 3865 praescilum
1997 3805 2158 3864 atque

584 3889 887 3943 certissime
914 3886 1177 3941 futurum.
1216 3886 1377 3941 Multa
1405 3886 1549 3940 enim
1587 3886 1819 3955 praescit
1842 3887 2001 3951 Deus,
2027 3901 2155 3955 quo-

585 3998 703 4036 rum
756 3999 860 4036 non
896 3989 981 4036 est
1025 3995 1184 4035 causa
1226 3981 1360 4050 ipse,
1409 3979 1536 4048 quia
1583 3978 2006 4033 substantialiter
2051 3993 2156 4031 non

585 4083 730 4126 sunt.
789 4072 885 4125 Est
932 4080 1109 4125 autem
1158 4072 1372 4139 sapiens
1412 4069 1584 4122 factor
1632 4076 1687 4122 et
1737 4068 2037 4131 ordinator,
2092 4083 2159 4120 ne

586 4162 953 4216 universitatis
986 4160 1441 4229 pulchritudinem
1493 4158 1850 4227 perturbent,
1910 4166 1964 4210 et
2016 4155 2160 4210 solus

585 4261 778 4321 potens
820 4260 901 4306 est
939 4252 1003 4305 de
1050 4249 1187 4303 malo
1232 4248 1612 4302 irrationabilis
1654 4246 1942 4300 voluntatis
1984 4245 2161 4299 facere

586 4343 804 4396 bonum.
868 4339 1010 4394 llaec
1068 4348 1244 4392 autem
1315 4345 1440 4392 sunt
1509 4336 1890 4404 consequentia
1957 4333 2160 4403 peccati

2257 3249 2323 3304 In
2359 3248 2559 3302 occulto
2582 3257 2754 3300 autem
2780 3246 2906 3299 mali
2929 3263 3038 3300 esse
3070 3255 3362 3315 coeperunt,
3394 3256 3448 3298 ut
3497 3247 3552 3298 in
3597 3258 3825 3316 apertam

2255 3338 2655 3393 inobedientiam
2681 3336 2997 3389 laberentur.
3036 3335 3155 3389 Non
3184 3337 3318 3388 enim
3353 3338 3421 3388 ad
3462 3335 3658 3389 malum
3699 3353 3828 3407 opus

2254 3430 2624 3500 perveniretur,
2652 3429 2752 3480 nisi
2793 3428 3153 3496 praecessisset
3197 3427 3436 3481 voluntas
3464 3427 3624 3486 mala.
3660 3426 3828 3483 Porro

2256 3520 2425 3573 malae
2452 3522 2731 3573 voluntatis
2759 3520 2964 3573 initium
2984 3521 3109 3589 quid
3124 3521 3288 3590 potuit
3306 3537 3415 3574 esse
3435 3520 3535 3574 nisi
3555 3521 3789 3589 superbia
3804 3520 3833 3573 .‘

2258 3612 2477 3665 Initium
2506 3613 2642 3665 enim
2673 3613 2841 3665 omnis
2862 3611 3059 3680 peccati
3079 3612 3318 3680 superbia
3350 3621 3445 3665 est.
3483 3611 3561 3666 Ac
3594 3626 3690 3681 per
3729 3612 3831 3664 hoc

2258 3703 2416 3756 datur
2445 3702 2687 3772 intelligi,
2713 3702 2984 3755 hominem
3013 3712 3236 3769 peccato
3259 3716 3530 3769 nunquam
3558 3700 3825 3755 caruisse:

2258 3794 2397 3848 sicut
2434 3808 2707 3861 nunquam
2764 3791 3079 3860 intelligitur
3123 3791 3324 3860 absque
3368 3790 3609 3845 mutabili
3647 3789 3833 3843 volun-

2262 3894 2370 3940 tate
2398 3884 2725 3939 substitisse.
2758 3881 2891 3935 Nam
2917 3890 2971 3934 et
3001 3881 3113 3949 ipsa
3140 3880 3527 3934 irrationabilis
3562 3879 3837 3933 mutabili-

2262 3985 2343 4031 tas
2370 3974 2570 4029 liberae
2596 3962 2903 4035 voluntatis,
2937 3972 3058 4042 quia
3103 3987 3263 4025 causa
3303 3971 3427 4025 mali
3468 3980 3570 4034 est,
3608 3969 3833 4025 nonnul-

2260 4067 2370 4120 lum
2420 4066 2617 4119 malum
2644 4079 2762 4119 esse
2794 4077 3013 4117 necesse
3034 4071 3134 4116 est.
3158 4062 3385 4115 Causam
3417 4062 3678 4129 siquidem
3711 4060 3832 4114 nrali

2261 4158 2455 4212 malam
2487 4171 2590 4211 non
2619 4170 2756 4218 esse,
2781 4155 2901 4223 quis
2927 4154 3119 4207 audeat
3147 4155 3325 4207 dicere
3345 4195 3358 4216 ,
3405 4154 3832 4222 quandoquidem

2261 4248 2427 4302 libera
2464 4247 2708 4299 voluntas
2734 4246 2798 4298 ad
2824 4244 3124 4314 eligendum
3155 4245 3352 4297 bonmu
3382 4246 3500 4297 data
3533 4245 3577 4276 ⁸³
3604 4245 3832 4313 scipsam

2263 4338 2512 4391 servilem
2546 4336 2672 4390 fecit
2697 4335 2760 4388 ad
2809 4334 3141 4403 sequendum
3188 4334 3422 4386 malum?
3469 4334 3622 4399 Quod
3672 4335 3833 4388 etiam

589 4442 809 4500 propter
871 4438 1192 4498 peceatum,
1254 4428 1565 4495 priusquam
1626 4426 1777 4478 ﬁeret
1844 4432 2158 4492 peccatum,
2192 4426 2592 4525 DAugustinus
2642 4424 2940 4477 insinuasse
3001 4423 3213 4476 videtur
3260 4422 3324 4476 “.
3386 4423 3501 4477 Non
3552 4424 3693 4478 enim
3738 4424 3833 4483 ait,

592 4525 659 4574 ah
703 4536 767 4574 eo
806 4519 847 4578 °,
898 4522 1050 4583 cujus
1091 4516 1443 4583 praescientia
1495 4530 1599 4568 non
1668 4512 1909 4578 fallitur,
1964 4513 2016 4565 in
2068 4513 2160 4565 ho-

596 4611 740 4662 mine
760 4617 812 4659 et
842 4622 964 4659 cum
995 4606 1209 4659 homine
1236 4604 1397 4656 veluti
1426 4612 1579 4657 extra
1605 4604 1874 4657 hominem
1899 4617 1960 4656 ac
1982 4615 2161 4670 super-

594 4696 776 4749 addita
807 4711 818 4745 :
851 4693 1079 4745 animale
1106 4691 1318 4759 quidem
1334 4680 1559 4758 .corpus
1598 4701 1758 4759 atque
1803 4700 2071 4744 terrenum
2111 4698 2165 4744 et.

597 4785 961 4853 corruptibile,
993 4798 1149 4836 sexus
1174 4781 1397 4850 uterque
1435 4799 1500 4835 ex
1559 4785 1796 4837 masculo
1852 4793 1905 4837 et
1946 4785 2161 4848 femina,

597 4877 889 4930 bestiarum
938 4872 1283 4926 similitudine
1338 4875 1726 4942 procreationis
1773 4876 2158 4944 multiplicatio,

599 4963 888 5033 indigentia
918 4963 1019 5016 cibi
1047 4971 1099 5016 et
1124 4971 1279 5031 potus
1319 4962 1722 5032 indumentique
1753 4966 1796 5029 ⁷,
1831 4966 2162 5019 incrementa

601 5064 651 5107 et
674 5055 1012 5106 decrementa
1036 5053 1292 5120 corporis,
1319 5054 1489 5107 somni
1522 5070 1584 5107 ac
1615 5055 1914 5123 vigiliarum
1956 5054 2164 5107 alterna

602 5143 1032 5214 iaevitabilisque
1052 5145 1367 5209 necessitas,
1390 5153 1444 5196 et
1471 5143 1685 5208 similia,
1703 5145 1896 5212 quibus
1917 5143 2167 5198 omnibus

2266 4516 2573 4569 vixilhomo
2602 4515 2652 4566 in
2684 4513 2953 4581 paradiso,
2975 4512 3056 4564 vel
3082 4514 3304 4573 vixerat,
3339 4513 3672 4568 vixitfruens
3701 4512 3826 4574 Deo,

2265 4604 2350 4659 vel
2372 4604 2600 4668 vixerat,
2622 4603 2755 4655 vixit
2777 4603 2893 4655 sine
2921 4602 3025 4655 ulla
3055 4610 3310 4671 egestate,
3344 4601 3426 4655 vel
3452 4603 3683 4656 vixerat.
3703 4600 3835 4657 Nam

2266 4694 2310 4749 si
2343 4692 2537 4747 talibus
2564 4693 2742 4746 verbis
2769 4693 3040 4762 praeteriti
3084 4694 3127 4724 ³⁸
3168 4704 3425 4754 uteretur,
3455 4692 3701 4747 fortassis
3730 4708 3837 4747 non

2267 4787 2559 4852 incongrue
2581 4782 2968 4851 intelligeretur
2995 4783 3037 4813 ⁸⁸
3065 4784 3257 4837 docere
3291 4783 3536 4844 voluisse,
3562 4782 3834 4834 hominem

2269 4878 2320 4929 in
2358 4875 2607 4944 paradiso
2644 4872 2934 4943 perfectam
2970 4875 3354 4928 beatitudinem
3390 4873 3503 4926 sine
3548 4871 3658 4925 ullo
3704 4860 3869 4940 pec-l

2268 4972 2388 5019 cato
2425 4978 2517 5032 per
2542 4964 2713 5032 spatia
2758 4962 3018 5031 quaedam
3068 4963 3322 5030 temporis
3367 4958 3637 5013 habuisse.
3684 4957 3833 5013 Sed:

2274 5053 2507 5118 Vivebat,
2524 5052 2881 5123 inquit,homo
2907 5051 2958 5102 in
2977 5051 3243 5118 paradiso,
3285 5050 3475 5103 vivebat
3511 5047 3689 5116 fruens
3713 5045 3836 5109 Deo,

2267 5145 2458 5199 vivebat
2490 5145 2530 5176 "
2560 5146 2670 5198 sine
2697 5142 2809 5196 ulla
2855 5152 3095 5211 egestate.
3127 5142 3203 5195 Ac
3255 5143 3301 5196 si
3345 5150 3530 5211 aperte
3573 5140 3778 5194 diceret
3821 5156 3834 5189 :

1866 5278 2119 5334 V'ARIAE
2158 5277 2553 5334 LECTIONES.

678 5419 693 5448 ¹
718 5415 807 5470 Sic
833 5414 937 5478 CF;
964 5416 1223 5469 conditum
1252 5416 1507 5469 hominem
1543 5445 1613 5455 —-
1632 5415 1937 5470 animalium
1961 5433 2068 5472 om.
2118 5419 2182 5473 A.

605 5484 956 5538 irrationales.
1034 5486 1054 5515 ⁵
1086 5485 1175 5538 Sic
1198 5484 1303 5548 CF;
1336 5486 1377 5535 A
1406 5485 1672 5538 creatoris.
1776 5484 1797 5514 ⁸
1824 5503 1881 5539 eo
1906 5502 2014 5540 om.
2041 5489 2104 5540 A.

606 5555 627 5586 ’
657 5552 812 5608 simul
837 5568 943 5604 out.
975 5553 1035 5605 A.
1084 5554 1154 5594 ~‘°
1193 5553 1284 5607 Sic
1310 5551 1425 5614 CF;
1465 5555 1505 5605 A
1535 5569 1937 5621 praecesserunt.

608 5626 647 5676 Δ
688 5632 797 5675 aut.
876 5622 918 5652 ³³
949 5623 1073 5673 data
1102 5635 1209 5673 om.
1241 5622 1305 5674 Α.
1384 5622 1426 5653 ¹¹⁵
1453 5622 1536 5676 CF
1571 5622 1771 5674 videtur
1798 5623 2107 5681 insinuasse.

608 5691 725 5749 CF;
767 5690 806 5740 Α
837 5690 889 5740 in
915 5687 1184 5754 paradiso,
1210 5690 1483 5743 inchoabat
1524 5692 1689 5744 rit-ere
1709 5691 1825 5746 siue
1852 5702 1956 5748 cet.

2177 5489 2197 5520 ’⁷
2238 5488 2628 5558 indumentique
2680 5503 2789 5544 om.
2819 5491 2885 5543 A.

2052 5558 2087 5587 “
2120 5557 2210 5614 Sic
2239 5557 2354 5621 CF;
2393 5557 2642 5627 quoniam
2680 5567 2725 5610 et
2748 5559 2917 5626 ipsum
2938 5588 3006 5598 ——
3026 5558 3231 5609 homine
3254 5571 3363 5610 om.
3397 5558 3460 5608 A.

2052 5643 2107 5681 πρ,
2187 5628 2228 5657 ¹³
2257 5629 2523 5696 praeteriti
2552 5641 2660 5681 om.
2687 5626 2752 5680 A.
2830 5628 2872 5658 ¹⁶
2902 5626 2991 5681 Sic
3017 5626 3145 5691 CR;
3177 5625 3220 5677 Λ
3247 5625 3460 5696 intetligt

2775 5421 2794 5450 ³
2826 5418 2870 5472 Δ
2923 5420 3395 5472 administratione.

3495 5418 3516 5449 ⁸
3547 5415 3638 5470 Sic
3662 5415 3768 5480 CF;
3800 5415 3837 5467 Α

2960 5488 2981 5519 ⁸
3013 5489 3103 5541 Sic
3131 5487 3245 5550 CF;
3274 5491 3319 5540 Α
3346 5498 3537 5541 natura
3592 5486 3839 5538 Ittmtana.

2960 5588 3006 5597 —
3026 5558 3231 5609 homine
3254 5571 3363 5609 om.
3397 5558 3460 5608 A.
3541 5556 3583 5586 ¹²
3610 5552 3699 5609 Sic
3724 5552 3837 5609 CF:

2830 5628 2872 5658 ¹⁶
2902 5626 2991 5681 Sic
3017 5626 3145 5691 CR;
3177 5625 3220 5677 Λ
3247 5625 3606 5696 ὶιιῖειιίαρνειη.
3686 5626 3726 5657 ³⁷
3753 5594 3855 5683 δῑέ

2283 5425 2304 5456 ³
2337 5438 2428 5487 per
2474 5436 2583 5474 om.
2612 5419 2676 5472 A.
