4212 6272
348 276 545 351 'sos

1267 292 1354 347 DE
1394 292 1730 348 DIVISIONE
1768 291 2115 348 NATURAE.
2153 322 2224 333 —-
2261 292 2461 346 LIBER
2497 293 2845 360 QUARTUS.
3590 297 3697 352 810

445 404 734 463 inchoabat
764 404 946 460 vivere
975 404 1135 457 homo
1155 403 1207 456 in
1229 404 1504 473 paradiso,
1531 403 1817 457 inchoabat
1839 402 2019 457 vivere
2047 408 2094 466 Α
2124 419 2388 473 nunquam
2417 419 2534 456 cum
2558 403 2755 472 angelis
2795 403 3000 473 beatam
3037 405 3247 460 duxisse
3289 408 3471 472 vitam,
3502 409 3592 461 sed
3629 411 3694 463 ab

446 498 637 553 fruens
701 496 832 561 Deo,
879 494 1165 550 inchoabat
1211 493 1392 549 vivere
1444 494 1564 548 sine
1612 493 1718 548 ulla
1762 503 2020 562 egestate.

447 587 595 641 Haec
648 586 793 640 enim
841 584 1049 653 Species
1084 582 1360 652 praeteriti
1407 583 1664 651 temporis
1694 582 1762 636 ab
1798 582 1904 645 his,
1933 582 2024 651 qui

448 678 733 733 verborum
765 675 1186 746 significationes
1215 683 1372 729 acute
1405 673 1762 742 perspiciunt,
1805 673 2025 727 inchoa-

448 766 559 819 tiva
591 774 833 821 vocatur.
867 762 1268 817 lnchoationem
1293 764 1490 832 quippe
1514 771 1570 815 et.
1597 763 1894 831 auspicium
1925 778 2023 815 cu-

438 855 675 925 iuspiam
722 854 800 908 rei
857 852 1143 923 significat,
1176 867 1314 924 quae
1361 850 1476 919 jam
1519 852 1588 907 ad
1637 850 2023 922 perfectionem

444 942 592 997 nullo
626 942 784 995 modo
809 942 1075 1012 pervenit.

516 1030 605 1085 15.
632 1028 785 1097 Quod
815 1031 1001 1096 etiam,
1029 1030 1136 1085 hoc
1179 1040 1281 1096 est,
1329 1032 1477 1087 nullo
1519 1029 1796 1103 temporali
1851 1030 2026 1101 spatio

441 1123 651 1191 primos
710 1123 959 1177 homines
1024 1122 1190 1177 fuisse
1249 1124 1302 1177 in
1367 1126 1636 1194 paradiso,
1684 1124 1735 1178 in
1804 1140 1946 1178 nono
2006 1125 2022 1156 ι

443 1214 697 1269 Exemeri
723 1216 806 1269 sui
846 1215 981 1285 ipse,
1005 1217 1197 1270 edocet
1220 1216 1406 1271 dicens
1433 1236 1445 1270 :
1476 1217 1586 1270 Cur
1624 1235 1729 1271 non
1769 1220 2022 1283 coierunt,

448 1306 549 1359 nisi
574 1322 692 1359 cum
719 1307 942 1360 exissent
967 1307 1030 1359 de
1048 1308 1294 1374 paradiso
1317 1308 1342 1359 .9
1369 1307 1485 1361 Cito
1508 1308 1805 1377 responderi
1832 1317 2022 1377 potest,

442 1399 571 1468 quia
599 1415 721 1452 mox
744 1406 919 1452 creata
952 1397 1186 1464 muliere,
1208 1400 1511 1468 priusquam
1541 1401 1757 1463 coirent,
1780 1398 1922 1469 facta
1950 1408 2025 1452 est

446 1486 540 1540 illa
569 1488 937 1555 transgressio,
977 1487 1131 1556 cujus
1174 1489 1360 1541 merito
1395 1490 1448 1541 in
1500 1499 1712 1542 mortem
1758 1489 2022 1553 destinati,

442 1575 600 1627 etiam
640 1576 660 1606 ’
693 1575 758 1629 de
801 1575 912 1628 loco
950 1575 1093 1628 illius
1124 1576 1383 1644 felicitatis
1417 1580 1674 1631 exierunt.
1721 1578 1843 1632 Non
1887 1580 2025 1632 enim

439 1662 717 1734 Scriptura
742 1675 941 1735 tempus
962 1669 1233 1735 expressit,
1263 1678 1518 1735 qutmtum
1559 1668 1849 1736 interfuerit
1892 1679 2020 1722 tem-

2125 496 2235 563 ipso
2273 511 2401 548 suae
2437 494 2748 547 conditionis
2775 493 2818 523 “
2846 493 2996 547 initio
3019 496 3286 560 cecidisse,
3308 513 3412 550 non
3448 498 3523 550 sic
3560 501 3698 553 acci-

2123 585 2366 654 piendum
2406 594 2502 650 est,
2529 594 2583 638 ut
2625 601 2727 638 non
2767 585 2980 654 propria
3036 586 3297 640 voluntate
3348 587 3697 657 deprauatus,

2124 678 2213 732 sed
2239 676 2410 730 malus
2439 694 2470 729 a
2511 677 2645 731 bona
2672 672 2781 730 Deo
2803 686 3010 730 creatus
3048 686 3292 745 putetur;
3321 678 3551 747 alioquin
3592 696 3697 733 non

2123 768 2190 820 ab
2227 767 2378 820 initio
2412 767 2659 820 cecidisse
2693 768 2971 820 diceretur.
2999 765 3191 833 Neque.
3207 769 3343 820 enim
3383 768 3587 831 cecidit,
3609 768 3700 821 sed

2124 855 2246 909 talis
2268 866 2342 910 est
2372 856 2581 925 factus;
2611 858 2701 910 scd
2733 856 2903 924 [actus
2924 857 3167 909 continuo
3186 873 3239 909 se
3264 873 3296 908 a
3326 856 3438 909 luce
3476 859 3701 912 veritatis

2125 946 2594 1012 arertit,superbia
2634 946 2863 998 tumidus
2890 954 2938 997 et
2981 947 3221 1014 propriae
3262 947 3526 1012 potestatis
3564 944 3705 1000 dele-

2125 1035 2348 1088 ctatione
2408 1044 2701 1102 corruptus.
2752 1033 2902 1087 Unde
2960 1034 3138 1087 beatae
3173 1046 3327 1104 atque
3359 1034 3402 1068 ⁸³
3440 1035 3705 1104 angelicas

2126 1125 2258 1177 vitae
2295 1123 2619 1177 dulcedinem
2651 1140 2752 1177 non
2789 1125 3033 1192 gustavit,
3059 1140 3216 1193 quam
3257 1140 3359 1177 non
3403 1124 3578 1193 utique
3615 1139 3705 1176 ac-

2126 1222 2325 1280 ceptam
2385 1213 2670 1280 fastidirit,
2716 1212 2807 1265 sed
2853 1211 3077 1265 nolendo
3121 1213 3352 1282 accipere
3391 1209 3617 1267 deseruit
3655 1223 3703 1265 et

2125 1302 2320 1355 amisit.
2346 1301 2578 1356 Proinde
2603 1319 2692 1357 nec
2727 1303 2809 1355 sui
2848 1319 3003 1355 casus
3044 1305 3308 1371 praescius
3356 1320 3464 1357 esse
3513 1293 3702 1371 potuit,

2126 1392 2372 1463 quoniam
2393 1391 2733 1461 praescieutia
2762 1392 2804 1422 ’θ
2830 1393 3035 1461 pietatis
3056 1402 3128 1446 est
3155 1392 3377 1462 fructus.
3408 1391 3507 1445 Ille
3530 1402 3705 1444 autent

2126 1482 2374 1535 continuo
2419 1481 2631 1549 impius,
2664 1490 3030 1550 consequenter
3074 1491 3120 1534 et
3162 1491 3329 1535 mente
3367 1496 3570 1543 caecus,
3602 1496 3707 1533 non

2125 1587 2191 1625 ex
2216 1588 2297 1635 eo,
2320 1572 2459 1641 quod
2505 1582 2792 1641 acceperat,
2820 1573 3027 1637 cecidit,
3053 1574 3142 1626 sed
3186 1589 3249 1626 ea:
3286 1589 3364 1633 eo,
3392 1571 3529 1642 quod
3568 1570 3707 1623 acci-
3780 1587 3790 1597 ·

2127 1673 2291 1732 peret,
2337 1664 2383 1716 si
2420 1663 2572 1716 subdi
2618 1662 2726 1716 Deo
2775 1663 3037 1717 voluisset.
3088 1662 3240 1728 Quod
3296 1662 3527 1736 profecto
3579 1662 3705 1732 quia

436 1754 578 1822 poris
624 1754 646 1785 ³
683 1755 820 1808 inter
848 1772 935 1809 eos
962 1755 1132 1825 [actos
1158 1766 1209 1809 et
1235 1773 1299 1810 ex
1322 1758 1395 1810 eis
1426 1767 1604 1811 natum
1634 1755 1786 1811 Cain.
1833 1757 2015 1812 Fuisse

2128 1753 2314 1818 noluit,
2346 1764 2394 1807 et
2432 1753 2496 1806 ab
2523 1770 2603 1816 eo,
2626 1754 2763 1823 quod
2801 1764 3106 1823 accepturus
3135 1762 3266 1815 erat,
3305 1752 3509 1815 cecidit,
3538 1762 3584 1806 et
3613 1768 3706 1822 po-

436 1854 617 1898 autem
643 1842 665 1874 ⁴
708 1843 880 1897 Adam
912 1845 1285 1913 temporaliter
1316 1847 1367 1900 in
1400 1848 1674 1917 paradiso,
1707 1848 2019 1917 priusquam

434 1934 503 1986 de
526 1943 675 1988 costa
707 1936 825 2004 ejus
846 1935 1040 1989 mulier
1061 1936 1441 2002 fabricaretur,
1466 1938 1613 1992 dicat
1646 1939 1737 2008 qui
1773 1939 1794 1969 ⁵
1820 1946 2017 2009 potest.

435 2026 671 2082 Proinde
704 2028 854 2097 plus,
878 2037 938 2081 ut
968 2029 1223 2089 arbitror,
1258 2029 1374 2083 laus
1402 2029 1490 2083 illa
1520 2030 1664 2082 vitae
1701 2030 1936 2083 hominis
1965 2029 2017 2084 in

433 2116 687 2185 paradiso
716 2116 995 2171 referenda
1017 2125 1100 2171 est
1130 2118 1196 2171 ad
1227 2117 1462 2171 futuram
1494 2116 1610 2185 ejus
1662 2119 1684 2149 ⁸
1728 2119 1917 2182 vitam,
1971 2118 2016 2172 si

433 2206 692 2262 obediens
729 2215 1094 2276 permaneret,
1124 2223 1286 2277 quam
1316 2208 1383 2261 ad
1406 2216 1707 2275 peractam,
1751 2198 1891 2274 qttac
1931 2222 2017 2259 so-

436 2294 710 2351 lummodo
739 2298 1113 2363 inchoaverat,
1139 2313 1238 2352 nec
1265 2313 1499 2368 unquam
1530 2306 1777 2353 steterat.
1802 2297 1936 2351 Nam
1972 2299 2016 2351 si

435 2387 629 2442 saltem
655 2390 738 2441 vel
762 2405 926 2457 parvo
954 2390 1128 2458 spatio
1156 2390 1419 2453 stetisset,
1445 2391 1754 2443 necessario
1800 2391 1868 2443 ad
1918 2390 2017 2443 ali-

437 2494 603 2549 quam
631 2478 1017 2547 perfectionem
1043 2481 1370 2548 perveniret.
1394 2482 1471 2535 Ac
1502 2497 1599 2551 per
1624 2482 1726 2534 hoc
1749 2480 2020 2551 praefatus

438 2568 697 2637 magister
724 2568 971 2623 fortassis
1003 2584 1106 2623 non
1146 2571 1351 2624 diceret
1389 2572 1624 2632 vivebat.
1651 2574 1743 2625 sed
1779 2574 1910 2626 vixit
1938 2573 2019 2627 vel

435 2659 647 2712 vixerat
689 2676 703 2712 :
758 2673 1066 2729 quanquam
1117 2659 1162 2715 si
1209 2661 1407 2716 talibus
1467 2662 1741 2730 praeteriti
1796 2663 2015 2731 perfecti

432 2757 488 2803 et
537 2750 819 2820 plusquam
871 2750 1096 2821 perfecti
1142 2753 1319 2807 verbis
1365 2762 1625 2815 uteretur,
1659 2754 1741 2808 vel
1792 2755 1835 2807 si
1885 2756 2018 2811 alias

432 2857 568 2896 usus
616 2853 717 2903 est.
749 2842 868 2912 plus
916 2845 1243 2899 crediderim
1295 2846 1643 2915 praeteritum
1688 2862 1783 2916 pro
1836 2848 2017 2903 futuro

434 2930 705 2998 posuisse,
732 2948 892 2999 quam
921 2941 1124 2986 statum
1158 2935 1391 2988 hominis
1423 2936 1700 3005 temporali
1741 2938 1917 3006 spatio
1960 2939 2014 2993 in

436 3018 693 3075 felicitate
740 3024 975 3089 paradisi
1008 3034 1131 3078 ante
1162 3036 1439 3092 peccatum
1469 3028 1714 3081 docuisse
1737 3069 1750 3087 .
1773 3045 1835 3082 ea
1867 3029 2015 3085 vide-

2124 1853 2360 1898 testalem
2383 1844 2545 1905 illius,
2568 1845 2662 1897 sub
2692 1862 2793 1915 quo
2818 1861 2928 1898 esse
2950 1844 3135 1905 noluit,
3163 1862 3265 1898 non
3290 1845 3474 1908 evasit,
3505 1843 3704 1911 factus:

2121 1951 2219 2000 que
2263 1936 2317 1989 in
2355 1933 2445 1988 illo
2481 1944 2555 1988 est
2591 1937 2816 2005 pondere
2854 1936 3177 1997 meritorum,
3209 1944 3263 1987 ut
3315 1950 3406 1988 nec
3458 1933 3705 2002 justitiac

2121 2025 2281 2095 possit
2311 2024 2506 2078 lumine
2551 2022 2817 2087 deléc'ari,
2841 2040 2931 2079 nec
2954 2024 3015 2076 ab
3040 2024 3153 2092 ejus
3180 2023 3433 2076 sententia
3467 2020 3701 2074 liberari.

2124 2117 2255 2169 Item
2287 2115 2332 2146 ”
2365 2116 2415 2168 in
2451 2116 2617 2185 figura
2642 2115 2899 2183 principis
2925 2113 3049 2185 Tyri
3079 2129 3172 2182 per
3200 2111 3532 2165 Ezechielem
3572 2109 3706 2163 Pro-

2120 2208 2336 2275 pbetam
2366 2207 2564 2258 dicitur
2587 2206 2633 2259 ei
2664 2223 2677 2257 :
2715 2203 2790 2257 Tu
2814 2221 2866 2257 es
2886 2204 3212 2273 signaculum
3242 2200 3624 2264 similitudinis,
3654 2208 3704 2253 et

2122 2316 2314 2352 corona
2350 2300 2575 2362 decoris,
2616 2298 2673 2351 in
2712 2297 2910 2350 deliciis
2949 2296 3185 2366 paradisi
3224 2294 3320 2347 Dei
3357 2293 3529 2363 fuisti,
3561 2292 3704 2347 omni

2122 2389 2295 2456 lapide
2322 2390 2544 2458 pretioso
2571 2398 2788 2443 ornatus
2811 2405 2885 2451 es,
2914 2397 2967 2441 et
2993 2397 3191 2449 cetera,
3236 2401 3372 2454 quae
3411 2384 3564 2453 quasi
3590 2382 3704 2450 jam

2122 2479 2263 2531 facta
2290 2490 2415 2533 ante
2454 2479 2662 2532 ruinam
2694 2477 2889 2532 diaboli
2942 2478 3216 2531 dicuntur.
3266 2477 3332 2530 Et
3378 2473 3593 2544 quidem
3646 2472 3702 2526 in

2123 2569 2298 2620 divina
2329 2568 2725 2637 dispensatione
2764 2575 2919 2621 erant
2952 2566 3115 2625 facta.
3138 2580 3277 2633 quae
3304 2565 3355 2617 in
3384 2564 3496 2626 illo,
3525 2563 3569 2618 si
3596 2578 3702 2617 non

2122 2671 2325 2721 rueret,
2352 2668 2507 2715 erant
2539 2658 2804 2712 facienda.
2846 2658 3017 2711 Porro
3044 2659 3088 2712 si
3126 2659 3191 2711 de
3223 2658 3437 2712 diabolo
3475 2654 3701 2728 mystica

2122 2751 2420 2804 nmtatione
2487 2759 2784 2818 temporum
2835 2748 2960 2802 talia
3021 2749 3459 2818 pronuntiantur,
3501 2756 3556 2800 et
3600 2762 3701 2799 nec

2120 2843 2277 2894 aliter
2329 2841 2611 2910 Scriptura
2660 2849 2805 2894 recte
2859 2839 3218 2908 intelligitur:
3257 2839 3384 2908 quid
3423 2838 3621 2901 obstat,
3653 2837 3699 2891 si

2117 2934 2305 2987 eodem
2337 2933 2495 2985 modo
2529 2933 2594 2986 de
2623 2932 2840 2985 homine
2884 2932 3228 3000 praedicetur
3249 2972 3262 2994 ,
3289 2932 3341 2984 in
3375 2931 3580 2987 deliciis
3611 2946 3701 3001 pa-

2120 3023 2282 3075 radisi
2315 3021 2476 3076 fuisse
2498 3030 2622 3075 ante
2650 3030 2953 3088 peccatum,
3004 3010 3173 3090 quod,
3200 3022 3242 3076 si
3276 3038 3382 3075 non
3422 3033 3695 3090 peccaret,

437 3110 567 3167 licet
612 3114 852 3178 ratione,
885 3124 941 3168 ut
992 3117 1445 3184 praedestinatum
1498 3119 2014 3189 praedefinitamquc
2042 3105 2085 3165 (Σ
2118 3112 2360 3182 pmice!"
2401 3113 2450 3166 εἰ
2497 3113 2669 3175 θενεῖς
2715 3114 3028 3181 praesertim
3076 3129 3195 3167 cum
3229 3113 3369 3167 nulla
3404 3111 3699 3169 attollit-llas

435 3200 824 3257 beatitudinem
854 3205 1084 3283 hominis
1111 3207 1161 3259 in
1200 3208 1470 3275 paradiso,
1501 3208 1545 3261 si
1595 3224 1697 3262 non
1746 3219 2013 3278 peccaret,

433 3294 589 3361 quasi
632 3293 1111 3364 jam'perfectam
1141 3298 1406 3363 innueret,
1458 3300 1581 3352 dum
1637 3301 1811 3354 adhuc
1860 3301 1912 3355 in
1959 3317 2018 3357 re

431 3383 569 3451 ipsa,
597 3383 700 3438 hoc
732 3394 833 3449 est,
867 3387 917 3439 in
955 3386 1235 3442 effectibus
1264 3388 1534 3457 perfectae
1564 3392 2015 3460 praedestinatio—

430 3476 515 3529 nis
538 3475 718 3530 futura
750 3485 803 3530 et
842 3477 1085 3531 facienda
1120 3489 1255 3533 erat.
1310 3481 1421 3535 [loc
1456 3491 1635 3535 autem
1670 3484 1789 3536 dico
1817 3484 1859 3545 ⁸,
1889 3484 2015 3551 quia

429 3580 590 3634 saepe
621 3566 735 3635 ipse
758 3566 821 3620 de
844 3568 1095 3635 paradiso
1121 3567 1422 3638 disputans,
1448 3570 1726 3639 praeteriti
1757 3580 2014 3639 temporis

427 3652 652 3724 perfecti
683 3657 705 3687 ³
735 3663 791 3708 et
830 3656 1116 3725 plusquam
1158 3658 1385 3725 perfecti
1425 3656 1586 3710 verba
1640 3657 1841 3725 posuit,
1872 3658 2012 3711 sicut

427 3743 690 3799 librorum
723 3746 864 3800 illius
894 3747 1167 3801 studiosus
1196 3748 1365 3802 lector
1394 3749 1619 3817 reperiet
1646 3765 1659 3812 ;
1686 3757 1741 3801 ut
1771 3757 1850 3801 est
1884 3747 2010 3801 illud

432 3837 486 3890 in
512 3838 794 3892 undecimo
833 3839 1082 3893 Exemeri
1113 3840 1251 3893 libro
1282 3858 1296 3893 :
1337 3839 1404 3893 In
1448 3840 1637 3893 sudore
1692 3840 1851 3908 faciei
1889 3851 2011 3893 tuae

429 3929 550 3982 edes
604 3945 791 3997 panem
848 3938 1018 3994 tuum,
1056 3930 1218 3983 donec
1255 3932 1574 3984 conrertaris
1610 3933 1666 3985 in
1705 3942 1897 3985 terram
1946 3947 2012 3984 ex

428 4034 533 4087 qua
572 4028 805 4085 sumptus
827 4035 903 4083 es,
932 4020 1056 4088 quia
1092 4029 1230 4072 terra
1254 4037 1327 4083 es,
1357 4029 1405 4073 et
1444 4021 1495 4072 in
1516 4029 1708 4073 terram
1730 4020 1845 4072 ibis.
1876 4019 2006 4083 llos,

429 4108 628 4176 inquit,
683 4125 792 4163 esse
847 4111 903 4163 in
952 4120 1090 4165 terra
1139 4110 1339 4164 labores
1377 4112 1593 4165 humani
1656 4110 1855 4180 generis
1893 4111 2008 4180 quis

425 4198 679 4267 ignorat?
728 4200 793 4253 Et
842 4201 967 4270 quia
1020 4219 1120 4255 non
1176 4212 1364 4265 essent,
1405 4202 1450 4254 si
1512 4200 1755 4269 felicitas,
1785 4217 1915 4270 quae
1954 4201 2009 4254 in

424 4288 675 4355 paradiso
696 4290 889 4357 fuerat,
908 4299 1183 4353 teneretur,
1209 4307 1311 4342 non
1338 4300 1412 4343 est
1441 4290 1614 4358 utique
1637 4289 2003 4342 dubitandum.

425 4376 629 4430 Fuerat
660 4378 813 4441 dixit,
832 4394 936 4432 non
962 4379 1139 4432 fiebat.
1172 4379 1277 4431 Nec
1308 4379 1408 4432 hoc
1427 4378 1644 4440 mirum,
1663 4393 1783 4431 cum
1805 4379 2006 4447 saepis-

2121 3203 2203 3256 vcl
2232 3202 2412 3255 divina
2459 3201 2541 3255 vel
2575 3202 2618 3232 ¹⁶
2649 3204 2885 3257 humana
2934 3202 3235 3263 tradiderit,
3268 3210 3525 3269 quantum
3565 3210 3698 3255 tem-

2116 3294 2266 3363 poris
2324 3296 2376 3349 in
2436 3296 2704 3365 paradiso,
2759 3295 3072 3365 priusquam
3135 3302 3403 3362 peccaret,
3467 3292 3698 3346 feliciter

2116 3387 2297 3441 vixit?
2322 3387 2386 3441 Et
2424 3403 2591 3456 quare
2620 3388 2721 3441 hoc
2755 3374 3125 3448 taceretur,'si
3157 3384 3324 3437 fuisse
3371 3383 3701 3452 intelligere-

2116 3476 2235 3530 tur?
2271 3477 2600 3548 Argumenta
2640 3486 2817 3530 autem
2865 3493 2969 3530 non
3008 3477 3230 3538 desunt,
3268 3462 3698 3543 quibusappro-

2114 3565 2229 3620 bari
2283 3576 2463 3636 potest
2492 3576 2585 3620 aut
2611 3567 2931 3621 brevissimo
2955 3575 3048 3620 aut
3070 3567 3214 3623 nullo
3244 3558 3717 3637 temporis-inter-o

2114 3657 2253 3711 vallo
2292 3666 2416 3712 ante
2450 3668 2729 3726 peccatum
2759 3658 2976 3712 vixisse.
3018 3658 3095 3710 Ex
3128 3659 3210 3711 his
3234 3658 3413 3721 enim,
3462 3673 3600 3728 quae
3643 3659 3694 3712 ei

2105 3749 2255 3818 jussa
2286 3758 2429 3813 sunt,
2459 3759 2582 3803 ante
2608 3758 2887 3818 peccatum
2917 3748 3049 3802 nihil
3090 3748 3285 3819 legitur
3310 3751 3512 3819 egisse,
3540 3748 3692 3803 verbi

2113 3841 2284 3908 gratia
2316 3858 2327 3891 :
2362 3839 2586 3893 Crescite
2632 3851 2681 3893 et
2719 3839 3135 3909 multiplicamini
3170 3851 3216 3893 et
3239 3828 3443 3909 implete
3473 3836 3697 3903 terram,

2113 3928 2359 3981 videlicet
2384 3929 2639 3997 paradisi.
2671 3929 2785 3995 Qua
2824 3930 3032 3982 ratione
3062 3947 3165 3983 non
3192 3931 3447 3984 continuo
3476 3930 3687 3985 felicem

2110 4019 2315 4088 prolem
2345 4021 2603 4088 gigneret,
2646 4020 2690 4073 si
2744 4021 2795 4073 in
2846 4021 3098 4089 paradiso
3150 4020 3379 4087 quodam
3434 4022 3694 4087 temporis

2112 4107 2288 4175 spatio
2317 4119 2441 4160 ante
2467 4108 2721 4162 delictum
2753 4108 3042 4171 habitaret,
3070 4116 3126 4161 et
3153 4108 3196 4161 si
3245 4108 3311 4161 de
3357 4108 3500 4177 ligno
3544 4111 3691 4163 vitae

2110 4210 2378 4269 gustaret,
2403 4214 2469 4252 ne
2496 4198 2621 4265 quid
2651 4198 2994 4266 corruptibile
3019 4212 3213 4266 corpus
3242 4198 3284 4228 ¹⁷
3316 4197 3432 4265 ejus
3481 4209 3693 4268 patere-

2111 4291 2232 4346 tur?
2252 4292 2427 4358 Quare
2453 4291 2617 4344 divini
2644 4306 2706 4343 ac
2734 4290 2776 4321 ⁸³
2807 4289 3099 4359 spiritualis
3125 4289 3493 4343 medicaminis
3519 4290 3691 4343 virtus

2110 4383 2407 4451 incorpore
2430 4381 2544 4449 ejus
2574 4397 2677 4435 non
2704 4379 2747 4411 "
2778 4380 3090 4450 praevaluit,
3118 4395 3184 4432 ne
3223 4379 3383 4432 etiam
3418 4379 3689 4448 peccando

429 4468 564 4520 sime
584 4468 763 4521 divina
790 4470 1081 4524 auctoritas
1107 4470 1282 4523 futura
1322 4470 1476 4539 quasi
1496 4468 1607 4537 jam
1632 4477 1848 4537 peracta
1880 4485 2003 4537 pro-
2034 4446 2162 4529 Din
2197 4473 2594 4543 corruptionem
2642 4470 2889 4525 caderet?
2940 4469 3089 4539 Ligni
3134 4470 3182 4499 ¹⁰
3232 4467 3496 4538 siquidem
3544 4467 3689 4523 vitae

429 4556 655 4609 nuntiet.
683 4555 813 4622 Quis
847 4558 991 4611 enim
1014 4559 1331 4621 crediderit,
1357 4558 1628 4612 diabolum
1669 4558 1722 4612 in
1768 4558 2002 4612 beatitu-

425 4644 549 4697 dine
579 4645 812 4713 paradisi
838 4645 1129 4716 fuisse,qui
1161 4663 1304 4710 mox,
1330 4657 1387 4701 nt
1414 4649 1678 4709 conditus,
1697 4648 1877 4718 lapsus
1898 4657 1997 4710 est,

423 4734 564 4785 sicut
590 4734 849 4789 Dominus
886 4738 964 4791 ait
1008 4739 1061 4790 in
1108 4738 1432 4809 Evangelio:
1462 4740 1563 4792 Ille
1599 4739 1861 4793 homicida
1890 4747 2001 4792 erat

422 4822 487 4873 ab
525 4824 696 4889 initio,
731 4838 780 4880 et
818 4827 872 4880 in
914 4828 1128 4882 ueritate
1154 4845 1255 4881 non
1280 4830 1436 4882 stetit.
1474 4829 1642 4895 Quam
1668 4828 1999 4881 Dominicatn

426 4915 746 4969 sententiam
776 4918 829 4970 in
863 4918 1152 4973 undecimo
1178 4918 1425 4973 Exemeri
1470 4921 1551 4974 sui
1610 4921 1724 4988 ipse
1750 4917 2003 4988 Augusti-

426 5016 548 5064 nus,
568 5002 632 5056 de
654 5019 760 5074 quo
783 5023 922 5062 nunc
946 5009 988 5040 ¹⁶
1013 5010 1329 5075 tractamus,
1347 5012 1583 5080 exponit.
1616 5010 1767 5075 Quod
1795 5010 1833 5041 "
1857 5027 2001 5078 ergo,

423 5091 621 5161 itzq:sit,
639 5108 852 5164 putatur
878 5117 1143 5172 nunquam
1181 5103 1420 5158 diabolus
1457 5104 1511 5157 in
1545 5104 1756 5157 veritate
1776 5104 1999 5168 stetisse,

2107 4581 2231 4619 esca
2260 4564 2302 4617 si
2336 4563 2546 4631 corpori
2574 4562 2742 4629 ipsius
2764 4574 2870 4613 uno
2918 4559 3001 4613 vel
3052 4558 3260 4612 duobus
3302 4557 3384 4610 vel
3429 4557 3691 4626 quotlibet

2108 4656 2294 4709 dictus
2321 4653 2385 4705 ad
2419 4652 2700 4706 sanitatem
2732 4659 2785 4703 ct
2808 4648 3366 4719 incorruptibilitatcm
3389 4646 3608 4716 profuit,
3634 4656 3690 4700 ct

2110 4760 2213 4796 non
2245 4755 2477 4809 semper,
2503 4739 2742 4808 profecto
2772 4754 2874 4792 non
2917 4738 3149 4793 habebat
3195 4747 3400 4791 tantum
3449 4737 3687 4799 virtutis,

2108 4841 2365 4901 quantum
2401 4839 2456 4885 et
2494 4830 2689 4899 legitur
2738 4838 2792 4883 et
2834 4829 3069 4883 creditur
3126 4828 3395 4881 habuisse.
3428 4827 3535 4880 Aut
3579 4840 3686 4895 qua

2110 4923 2318 4976 ratione
2366 4920 2569 4989 lignum
2624 4920 2763 4972 vitae
2812 4918 3102 4981 diceretur,
3158 4917 3300 4986 quod
3349 4913 3687 4970 solummodo

2108 5013 2504 5080 corruptionem
2532 5009 2705 5077 potuit
2728 5008 3022 5070 retardare,
3050 5021 3154 5058 non
3207 5015 3382 5058 autem
3416 5000 3601 5074 potuit
3651 5018 3685 5058 ε

2106 5102 2452 5171 corruptione
2496 5099 2710 5169 penitus
2754 5095 3009 5159 liberare,
3050 5093 3469 5163 diuturnamque
3515 5094 3685 5148 vitam

1693 5261 1943 5317 VARIAE
2005 5258 2403 5315 LECTIONES.

490 5368 506 5398 '
542 5366 632 5421 Sic
662 5365 785 5432 CF;
814 5368 855 5421 A
878 5379 1075 5424 octavo.
1174 5375 1194 5405 ³
1235 5373 1324 5427 Sic
1353 5374 1436 5429 CF
1466 5391 1479 5433 ;
1506 5374 1545 5426 A
1571 5383 1617 5428 et
1668 5375 1849 5427 etiam.

411 5437 558 5508 '_Sic
585 5436 701 5496 CF;
732 5439 774 5508 Α
803 5449 934 5492 tum.
1007 5441 1031 5473 ⁸
1056 5440 1147 5497 Sic
1170 5442 1287 5508 CF;
1314 5445 1354 5497 A
1393 5444 1538 5497 dicit.
1644 5443 1666 5474 ⁹
1699 5443 1789 5496 Sic
1822 5443 1936 5503 CF;
1967 5443 2006 5495 Α

417 5506 576 5571 Quid.
682 5508 725 5542 ¹²
756 5506 849 5564 Sic
875 5508 961 5565 CF
988 5524 1004 5575 ;
1037 5512 1081 5565 A
1113 5506 1427 5568 conditionis
1456 5531 1601 5567 suae.

414 5579 462 5653 3..
489 5577 579 5631 Sic
603 5577 721 5646 CF;
755 5581 797 5634 Α
820 5589 1005 5635 aul—
1032 5592 1145 5637 aut.
1221 5586 1261 5617 "
1304 5585 1395 5640 Sic
1418 5583 1537 5651 CF;
1573 5586 1611 5637 A
1642 5584 1757 5653 ejus
1796 5599 2002 5653 corpus.

409 5645 631 5717 lignum.

1928 5373 1953 5404 ³
1978 5373 2223 5441 temporis
2246 5386 2352 5423 om.
2385 5368 2490 5441 CF.

2040 5436 2322 5512 praeteriti
2338 5438 2575 5512 perfecti
2617 5436 2880 5512 temporis.

1678 5513 1723 5545 ⁸³
1751 5513 1841 5567 Sic
1863 5513 1978 5576 CF;
2008 5514 2052 5567 A
2074 5522 2143 5566 et.

2588 5366 2801 5420 ‘autem
2830 5380 2938 5419 om.
2978 5362 3039 5415 A.
3116 5361 3139 5393 '
3170 5360 3211 5414 Α
3237 5358 3370 5430 quis.
3410 5427 3419 5430 _
3445 5358 3467 5389 ⁸
3496 5357 3581 5414 CF
3609 5360 3680 5430 ei.

2980 5432 3022 5464 ⁸ο
3058 5444 3195 5483 nunc
3244 5427 3352 5483 em.
3395 5427 3457 5482 Α.
3561 5430 3605 5460 ⁸⁸
3632 5429 3679 5483 Α

2993 5502 3035 5533 ³⁵
3066 5499 3159 5555 Sic
3191 5499 3265 5566 A;
3294 5498 3377 5551 (ΣΕ
3413 5498 3675 5551 Attamen.

2222 5511 2265 5542 "‘
2292 5503 2382 5563 Sic
2403 5508 2485 5564 CF
2504 5525 2518 5573 ;
2550 5507 2595 5561 Α
2620 5503 2894 5576 sapientia.
2993 5503 3035 5533 "
3066 5503 3159 5555 Sic
3191 5503 3265 5566 A;
3294 5503 3377 5551 ill“
3413 5503 3675 5551 Attamen.

2222 5580 2283 5631 fc
2330 5578 2451 5631 CF:
2501 5579 2545 5631 Α
2579 5585 2644 5630 et.
2749 5574 2790 5606 ¹⁹
2839 5588 2942 5626 non
2976 5586 3083 5629 om.
3112 5569 3191 5629 Α.
3295 5566 3337 5598 ’⁸
3368 5568 3459 5622 Si'e
3485 5566 3600 5631 CF;
3634 5568 3678 5621 Α

2118 5584 2161 5616 ³⁸
2192 5580 2283 5635 5ῗο
2330 5578 2451 5644 CF;
2501 5569 2545 5631 Α
2579 5585 2644 5630 et.
2681 5569 2691 5576 ⁷
2749 5574 2790 5606 ¹⁹
2839 5588 2942 5626 non
2976 5586 3083 5629 om.
3112 5569 3191 5629 Α,
