4212 6272
522 278 621 335 811

1899 270 2179 330 JOANNIS
2218 271 2413 329 SCOTl

3685 276 3795 333 8ΐῖ

521 394 806 453 edentibus
853 392 1175 465 praestare?
1231 390 1289 448 Si
1336 392 1481 449 enim
1534 392 1677 450 illius
1728 393 1859 463 ligni
1910 402 2105 448 natura
2131 392 2183 452 Α
2208 392 2467 464 imagine,
2498 391 2639 462 quod
2670 392 2832 447 etiam
2861 391 3112 461 superius
3141 391 3435 461 posuimus,
3479 402 3535 450 et
3567 412 3706 452 nunc
3740 399 3786 461 ⁵,

521 488 668 545 omni
695 486 885 543 morbo
911 487 1346 552 eratcontraria,
1371 496 1429 541 ttt
1472 488 1725 544 omnibus
1776 502 1838 542 ea
1877 486 2106 542 fruenti-

521 582 627 636 bus
652 586 958 650 praestaret
981 577 1292 644 vitam,eur
1333 579 1385 632 in
1427 579 1788 649 gustantibus,
1828 579 1915 633 vel
1942 579 2104 633 etiam

523 668 931 727 comedentibus
950 683 1057 723 non
1085 658 1328 724 vinceret
1354 671 1622 725 mortem?
1647 668 1932 724 Peccatum
1961 669 2109 724 dices

522 761 782 815 virtutem
825 758 994 829 ipsius
1034 760 1260 823 vicerat,
1300 774 1369 814 ne
1426 759 1480 814 in
1532 770 1739 815 tantum
1792 758 2110 830 prodesset?

524 849 769 907 Vaiidius
812 866 944 922 ergo
985 859 1106 905 erat
1154 851 1173 883 ³
1226 851 1431 922 peccati
1481 851 1700 917 malum,
1755 868 1916 922 quam
1967 852 2115 906 vitae

523 948 749 1003 bonum.
782 946 967 1003 Potius
996 948 1178 1017 itaque
1201 946 1503 1011 videamus,
1535 947 1678 1017 quod
1710 947 1970 1002 Dominus
1996 946 2113 1016 ipse

524 1036 605 1092 ait
632 1053 821 1093 verum
850 1037 996 1092 vitae
1023 1036 1246 1108 lignum.
1296 1036 1427 1103 Ille,
1475 1037 1664 1106 inquit,
1703 1036 1946 1091 diabolus
1988 1051 2115 1105 pro-

526 1125 693 1193 fecto,
723 1126 988 1181 homicida
1026 1136 1137 1179 erat
1159 1125 1223 1179 ab
1263 1127 1433 1180 initio.
1468 1125 1726 1190 Putasne,
1751 1126 1981 1181 alterum
2014 1127 2116 1180 ho-

528 1218 731 1272 minem
756 1215 1020 1271 occidisse
1044 1224 1260 1285 praeter
1288 1216 1433 1271 illum
1469 1232 1634 1271 unum
1664 1224 1719 1271 et
1745 1217 2114 1284 solum,quem

528 1305 677 1360 Deus
701 1306 767 1360 ad
794 1306 1081 1376 imaginem
1108 1321 1260 1363 suam
1284 1308 1524 1362 ereavit?
1570 1307 1712 1363 DlSC.
1740 1306 2112 1377 Nequaquam.

531 1395 674 1454 Mss.
695 1398 737 1452 Α
766 1413 875 1469 quo
903 1413 1033 1469 ergo
1063 1399 1215 1453 initio
1251 1400 1515 1454 homicida
1551 1408 1666 1454 erat
1696 1397 1957 1461 diabolus,
1986 1412 2114 1451 ntun

444 1552 458 1565 ,
532 1489 604 1544 ab
632 1488 786 1544 initio
810 1489 1134 1545 conditionis
1161 1505 1315 1555 suae,
1347 1506 1412 1544 an
1443 1491 1511 1543 ab
1547 1489 1700 1545 initio
1730 1488 2054 1544 conditionis
2095 1488 2117 1519 ³

531 1577 788 1645 hominis,
816 1595 883 1633 an
914 1588 1063 1634 certe
1089 1580 1159 1635 ab
1185 1580 1341 1634 initio
1365 1580 1690 1635 conditionis
1723 1581 2005 1648 utriusque
2024 1621 2037 1644 ,
2072 1578 2117 1633 si

534 1665 695 1720 simul
718 1667 919 1722 conditi
944 1676 1089 1732 sunt,
1113 1677 1169 1722 et
1188 1668 1327 1722 alter
1346 1668 1573 1724 alterum
1597 1669 1650 1723 in
1675 1669 1982 1724 conditione
2012 1684 2117 1723 non

529 1756 875 1825 praecessit?
916 1755 1023 1813 Sed
1059 1758 1103 1813 si
1132 1759 1369 1815 conditio
1401 1759 1599 1815 diaboli
1630 1759 1994 1815 conditionem
2024 1759 2120 1813 ho-

531 1846 698 1902 minis
717 1848 1156 1918 praeoccupavit,
1185 1849 1455 1920 quomodo
1482 1849 1552 1904 ab
1575 1848 1728 1902 initio
1748 1863 1847 1903 suo
1878 1847 2123 1903 diabolus

533 1936 806 1993 homicida
833 1938 990 1993 erat?
1012 1937 1069 1993 Si
1091 1953 1219 1993 vero
1241 1938 1476 1995 hominis
1498 1938 1737 1993 conditio
1758 1937 2122 1993 conditionem

536 2026 736 2082 diaboli
762 2028 1055 2091 antevenit,
1097 2030 1368 2098 quomodo
1407 2029 1651 2084 diabolus
1701 2029 1769 2083 ab
1819 2029 1974 2083 initio
2026 2028 2127 2081 hn-

534 2131 737 2172 manae
765 2118 1091 2175 conditionis
1142 2120 1408 2176 homicida
1466 2122 1665 2175 dicitur
1723 2119 1784 2174 '?
1833 2120 1889 2174 Si
1946 2128 2125 2175 autem

538 2208 888 2280 relinquitur,
916 2219 978 2266 ut
1006 2210 1075 2266 ab
1122 2210 1278 2267 initio
1324 2212 1606 2282 utriusque
1654 2212 1814 2268 simul
1866 2213 2042 2278 facto,
2074 2220 2131 2266 et

537 2299 813 2357 homicida
837 2310 958 2357 erat
989 2301 1253 2366 diabolus,
1284 2311 1339 2357 et
1364 2302 1526 2357 homo
1555 2312 1675 2358 erat
1696 2302 1943 2359 occisus:
1970 2302 2133 2372 quale

539 2393 777 2462 spatium
807 2395 967 2450 datttr
993 2395 1196 2451 homini
1229 2397 1281 2451 in
1305 2396 1557 2465 paradiso
1579 2395 1796 2457 vixisse,
1815 2395 2127 2464 priusquam

542 2500 580 2540 a
608 2485 818 2541 diabolo
850 2486 1226 2542 occideretur?
1268 2487 1380 2541 lloc
1404 2487 1568 2542 etiam
1591 2502 1654 2542 es
1685 2474 2003 2557 Evangelica
2033 2500 2128 2554 pa-

541 2579 732 2635 rabol‘a
763 2580 1049 2635 manifeste
1076 2579 1356 2649 probatur.
1396 2578 1571 2634 Homo
1605 2579 1821 2651 quidam
1847 2576 2131 2631 descende-

546 2672 636 2725 bat
685 2671 749 2725 ab
793 2670 1086 2726 Ierusalem
1124 2671 1179 2725 in
1205 2669 1439 2735 Iericho,
1494 2681 1541 2725 et
1577 2670 1760 2724 incidit
1796 2669 1851 2723 in
1881 2669 2131 2724 latrones.

544 2759 663 2817 Non
706 2762 853 2817 enim
890 2762 989 2827 ait,
1015 2761 1178 2816 homo
1216 2762 1434 2831 quidam
1473 2770 1592 2817 erat
1639 2761 1691 2816 in
1731 2760 2029 2817 Jerusalem
2079 2769 2135 2814 et

542 2852 739 2907 incidit
764 2853 817 2907 itt
848 2852 1107 2907 latrones.
1133 2852 1268 2907 Nam
1299 2852 1345 2906 si
1375 2853 1426 2907 in
1456 2851 1780 2918 Jerusalem,
1802 2852 1906 2907 hoc
1937 2860 2042 2915 est,
2079 2852 2132 2905 in

544 2943 799 3012 paradiso
848 2944 1083 2999 humana
1134 2954 1325 2999 natura
1372 2953 1739 3014 permaneret,
1786 2942 2032 3012 profecto
2079 2941 2132 2996 in

2209 492 2451 554 repetere
2473 484 2750 539 debemus.
2777 483 2881 548 Qui
2901 484 3099 549 omnia,
3120 484 3311 554 inquit,
3336 485 3557 540 adduxit
3585 488 3638 541 in
3660 506 3789 555 esse,

2208 585 2474 647 totumque
2504 577 2558 629 in
2587 593 2685 630 sua
2712 574 2979 630 voluntate
3013 575 3272 630 hominem
3299 576 3369 630 ad
3397 577 3629 633 divinam
3657 580 3799 633 inm-

2207 670 2380 739 ginem
2404 668 2670 739 fornicavit,
2697 684 2799 722 non
2819 667 3075 735 paulatim
3095 669 3472 738 adjectionilius
3494 670 3795 739 futurorum

2209 778 2384 816 moras
2405 759 2545 829 fecit,
2580 761 2788 815 sciendo
2815 761 2870 814 in
2898 777 3051 814 suam
3087 760 3465 830 plenitudinem
3498 763 3796 817 animarum

2213 867 2485 907 numerum
2506 850 2878 920 perﬁciendum
2892 868 2917 916 ;
2939 850 3039 905 sed
3062 850 3371 905 cumulatint
3402 853 3457 906 in
3491 853 3605 922 ipsa
3626 852 3788 920 pleni—

2213 940 2395 996 tudine
2424 956 2627 993 omnem
2656 940 2944 994 humanam
2974 950 3219 994 naturam
3247 943 3580 1011 prognostica
3616 958 3794 1010 opera-

2213 1029 2681 1096 tione’intellexit,
2710 1042 2757 1084 et
2781 1031 2837 1084 in
2864 1030 3253 1093 excelsitudine,
3280 1031 3395 1085 etin
3412 1032 3681 1101 coacquali
3702 1049 3796 1085 an-

2213 1121 2339 1194 gelis
2354 1123 2520 1194 quiete
2538 1123 2921 1192 honori/ienuit.
2948 1121 3047 1177 llic
3068 1121 3672 1191 intelligo,praedictum
3688 1137 3795 1175 tnu-

2215 1215 2442 1285 gistrum
2492 1214 2786 1284 praeterita
2824 1228 2923 1283 pro
2951 1210 3145 1267 futuris
3171 1211 3438 1281 posuisse.
3467 1211 3617 1277 Quod
3656 1211 3799 1265 enim

2217 1307 2312 1371 ait,
2344 1306 2685 1377 prognostica
2719 1305 3032 1376 operatione
3073 1303 3116 1340 ¹⁹
3146 1303 3315 1358 Deum
3348 1318 3561 1358 omnem
3611 1302 3800 1355 huma-

2218 1412 2343 1450 nam
2392 1407 2641 1451 naturam
2700 1396 2752 1450 iu
2809 1393 3200 1454 excelsitudine
3229 1404 3283 1448 et
3326 1392 3611 1461 inaequali
3640 1408 3797 1463 ange-

2219 1487 2287 1544 lis
2314 1487 2495 1559 quiete
2526 1486 2854 1551 condidisse,
2880 1485 3151 1555 quomodo
3174 1484 3333 1538 aliter
3355 1483 3575 1552 intelligi
3605 1493 3806 1552 potest,

2220 1581 2324 1636 nisi
2357 1581 2481 1651 quia
2498 1578 2612 1649 jam
2647 1580 2808 1634 homo
2835 1578 2887 1632 in
2916 1577 3097 1632 causis
3124 1576 3375 1630 conditus
3395 1586 3534 1639 erat,
3573 1574 3809 1628 nondum

2224 1689 2354 1729 vero
2376 1674 2430 1727 in
2460 1672 2687 1727 cllectus
2711 1686 2842 1727 suae
2865 1669 3213 1725 beatitudinis
3240 1668 3601 1738 procedebat?
3629 1667 3692 1721 Et
3711 1681 3806 1720 cur

2225 1781 2331 1822 non
2374 1773 2751 1837 processerat,
2800 1763 2976 1818 reddit
3023 1777 3241 1817 causam
3281 1761 3505 1815 dicens:
3550 1763 3807 1824 Quoniam

2226 1872 2343 1911 vero
2372 1856 2624 1926 praevidit
2657 1853 3086 1922 contemplatoria
3116 1852 3301 1907 virtute
3328 1866 3429 1906 non
3453 1864 3585 1904 recte
3607 1861 3806 1904 euntem

2227 1946 2297 2000 ad
2315 1948 2503 2000 bonum
2524 1946 2565 1976 “
2585 1939 3092 2014 voltmtatem,atque
3120 1944 3235 1996 ideo
3261 1958 3324 1996 e:r
3338 1943 3572 2012 angelica
3601 1951 3700 1996 1‘th
3731 1957 3809 1994 re-

2228 2037 2514 2101 cedentem,
2535 2053 2598 2090 ne
2625 2037 2921 2090 animarum
2947 2036 3298 2088 humanarum
3318 2033 3596 2087 multitudo
3612 2048 3812 2085 rumne-

2230 2137 2394 2192 retur,
2422 2127 2615 2181 cadens
2643 2142 2708 2180 ea:
2734 2124 2824 2178 illo
2854 2126 3031 2189 modo,
3061 2140 3314 2195 perquem
3342 2124 3507 2194 angeli
3543 2124 3612 2177 ad
3630 2123 3807 2177 multi-

2231 2218 2463 2272 tudinem
2494 2216 2638 2270 aucti
2668 2227 2808 2277 sunt,
2836 2224 3108 2285 propterea
3137 2214 3511 2270 convenientem
3540 2231 3593 2267 tn
3625 2231 3810 2284 pecca-

2232 2317 2341 2361 tum
2363 2306 2651 2360 annullatis
2676 2307 2719 2336 ¹¹
2749 2306 3052 2360 incrementi
3079 2306 3505 2376 excogitationem
3532 2321 3585 2357 in
3621 2315 3813 2359 natura

2233 2398 2599 2464 conformavit,
2627 2413 2721 2465 pro
2753 2396 2988 2467 angelica
3018 2396 3409 2466 magnificentia
3434 2394 3737 2466 pecudalem
3765 2403 3813 2449 et

2232 2489 2645 2544 irrationabilem
2673 2506 2738 2544 ea:
2766 2507 2822 2544 se
2858 2490 3073 2544 invicem
3096 2489 3435 2560 successionis
3480 2488 3691 2542 modum
3718 2488 3815 2541 hu-

2233 2582 2476 2636 manitati
2508 2583 2763 2637 inserens.
2797 2580 2855 2635 Si
2887 2581 3068 2650 itaque
3089 2582 3225 2636 hace
3247 2581 3412 2635 verba
3440 2579 3614 2634 sancti
3645 2579 3812 2632 Theo-

2235 2672 2339 2741 logi
2374 2672 2582 2727 veracia
2606 2679 2747 2732 sunt,
2778 2669 2919 2740 quod
2949 2686 3055 2725 non
3085 2678 3285 2725 temere
3310 2668 3665 2724 crediderim:
3688 2667 3814 2735 quid

2236 2762 2378 2816 aliud
2408 2762 2565 2816 datur
2586 2760 2831 2831 intelligi,
2853 2776 3036 2830 quam,
3064 2769 3123 2814 ut
3156 2760 3389 2815 humana
3422 2768 3637 2821 natura,
3662 2758 3821 2813 nullis

2240 2861 2542 2921 temporum
2570 2850 2809 2912 tuorulis,
2844 2850 3003 2904 nullis
3033 2865 3216 2905 rerum
3249 2847 3583 2904 sensibilium
3618 2846 3816 2902 ell‘ecti-

2236 2942 2353 3003 bus.
2386 2942 2437 2996 in
2468 2942 2739 3011 paradiso,
2768 2942 2819 2995 in
2841 2955 2948 3011 quo
2975 2940 3294 2994 naturaliter
3314 2939 3563 2994 conditus
3581 2946 3682 3003 est,
3708 2945 3820 2991 ste-

544 3032 817 3101 latrones,
847 3033 1119 3109 diabolum
1157 3034 1406 3092 videlicet
1450 3032 1813 3104 satellitesque
1858 3032 2001 3103 ejus,
2027 3047 2133 3087 non
2164 3068 2210 3130 C
2244 3034 2393 3096 tisse,
2425 3033 2516 3087 sed
2551 3047 2677 3086 mox
2708 3032 2773 3086 de
2804 3032 2888 3084 via
2918 3031 3162 3086 veritatis
3191 3030 3461 3095 deviasse,
3504 3040 3559 3084 et
3598 3029 3819 3084 divisio-

546 3125 869 3182 incurreret.
895 3125 1055 3181 Prius
1084 3140 1213 3197 ergo
1242 3116 1603 3180 descendebat-
1625 3125 1691 3180 de
1713 3125 1988 3195 paradiso,
2005 3139 2141 3179 suae

548 3216 847 3273 voluntatis
872 3217 1406 3274 irrationabili-motu
1440 3215 1723 3286 impulsus,
1751 3225 1807 3272 et
1835 3216 1888 3271 iu
1920 3215 2141 3271 Jericho

547 3307 1036 3379 praecipitabatur,
1086 3308 1191 3363 hoc
1234 3316 1343 3372 est,
1393 3307 1446 3361 in
1494 3306 1761 3363 defectum
1818 3307 2141 3362 instabilita-

549 3409 773 3469 temque
796 3414 980 3455 rerum
1012 3398 1419 3466 temporalium;
1455 3406 1511 3452 et
1542 3398 1783 3453 cadendo
1826 3397 2140 3453 vulneratus

535 3498 661 3574 'est,
711 3490 1072 3557 omnibusque
1092 3487 1113 3518 ⁸
1134 3487 1475 3541 naturalibus
1499 3487 1677 3551 bouis,
1708 3488 1761 3541 in
1784 3487 1981 3557 quibus
2009 3503 2138 3542 con-

554 3579 700 3634 ditus
714 3589 834 3633 erat
848 3577 891 3643 ',
907 3578 1164 3647 spoliatus
1186 3577 1226 3631 ⁸.
1247 3576 1346 3633 Ubi
1372 3577 1532 3631 datur
1554 3576 1795 3647 intelligi,
1809 3577 1950 3646 quod
1979 3578 2140 3633 homo

550 3669 708 3743 prius
733 3670 785 3724 in
808 3684 867 3725 se
893 3669 1010 3738 ipso
1036 3669 1217 3738 lapsus
1241 3678 1350 3735 est,
1371 3683 1533 3738 quam
1562 3669 1777 3725 diabolo
1807 3678 2135 3736 tentaretur;

551 3774 657 3815 nec
710 3760 816 3815 hoc
862 3759 1055 3824 solum,
1108 3774 1292 3815 verum
1343 3760 1528 3825 etiam,
1576 3761 1717 3830 quod
1774 3778 1882 3817 non
1941 3762 1996 3816 in
2045 3777 2143 3832 pa-

551 3850 758 3915 radiso,
790 3851 885 3908 sed
940 3850 1301 3906 descendente
1346 3865 1431 3915 eo,
1488 3853 1814 3923 propriaque
1863 3853 2141 3909 voluntate

551 3955 587 3996 ι
648 3940 883 4011 paradisi
946 3938 1242 4007 felicitate,
1300 3956 1439 4011 quae
1500 3940 1798 3997 Jerusalem
1857 3941 2138 4008 vocabulo,

549 4029 659 4086 hoc
714 4040 799 4086 est
854 4026 1078 4087 visionis
1132 4032 1281 4100 pacis
1337 4032 1681 4103 intelligitur,
1716 4033 2041 4096 deserente,
2086 4040 2142 4088 et

551 4118 611 4176 in
660 4118 899 4184 Jericho,
960 4121 1064 4176 hoc
1115 4129 1221 4186 cst,
1262 4122 1314 4175 in
1355 4121 1498 4177 hunc
1561 4124 1817 4177 mundum
1857 4123 2070 4178 labente
2108 4137 2139 4176 a

553 4209 769 4266 diabolo
803 4211 1077 4266 sauciatus
1105 4210 1198 4277 sit,
1220 4222 1275 4265 et
1312 4214 1642 4268 beatitudine
1663 4214 1685 4245 ⁷
1716 4213 1993 4283 spoliatus.
2023 4214 2140 4268 Non

552 4299 699 4355 enim
733 4300 989 4357 credibile
1015 4310 1118 4365 est,
1152 4302 1380 4356 eundem
1408 4302 1682 4357 hominem
1711 4315 1766 4358 ct
1807 4305 1860 4358 in
1888 4312 2137 4359 contem-

2190 3108 2210 3130 ⁴
2242 3140 2364 3179 nem
2401 3133 2626 3179 naturae
2654 3124 2706 3177 in
2734 3122 2997 3192 duplicem
3042 3137 3229 3177 sexum
3251 3161 3268 3186 ,
3307 3137 3405 3192 per
3428 3118 3819 3190 quemjumem

2241 3224 2417 3272 torum
2448 3216 2795 3271 similitudine
2825 3216 3291 3286 multiplicaretttr,
3326 3229 3613 3284 perversae
3638 3213 3821 3268 volun-

2239 3308 2367 3361 tatis
2388 3317 2533 3360 motu
2563 3305 2861 3360 meruisse?
2878 3304 2957 3360 Ac
2986 3319 3081 3373 per
3100 3306 3206 3360 hoc
3226 3305 3268 3357 si
3299 3304 3351 3356 in
3370 3318 3433 3358 ea
3465 3302 3825 3368 beatitudine,

2238 3396 2293 3450 in
2318 3410 2421 3463 qua
2452 3403 2632 3450 creata
2670 3403 2773 3458 est,
2804 3403 3177 3462 permaneret,
3212 3393 3494 3461 utriusque
3531 3407 3696 3448 sexus
3732 3406 3821 3447 co-

2238 3487 2362 3557 pula
2388 3486 2432 3517 ¹³
2461 3486 2529 3540 ad
2552 3484 3055 3554 multiplicationem
3092 3499 3244 3540 suam
3285 3498 3391 3538 non
3417 3483 3681 3553 indigeret
3711 3498 3726 3536 :
3758 3496 3826 3536 eo

2238 3578 2383 3632 enim
2431 3577 2614 3641 modo,
2658 3590 2767 3644 quo
2794 3576 2967 3646 angeli
2998 3575 3338 3644 multiplicati
3379 3584 3527 3637 sunt,
3555 3574 3673 3628 sine
3716 3573 3830 3627 ullo

2240 3683 2373 3724 sexu
2404 3667 2870 3737 multiplicaretur.
2908 3667 3045 3721 lluic
3089 3667 3267 3722 sensui
3296 3664 3621 3720 venerabilis
3659 3662 3824 3734 magi-

2240 3770 2353 3818 ster
2380 3761 2667 3825 Maximus,
2715 3759 2940 3829 praefati
2983 3758 3237 3830 Theologi
3276 3758 3575 3826 expositor,
3614 3769 3822 3810 scruto-

2240 3869 2363 3909 nem
2401 3836 2611 3922 ejns'de
2652 3851 2920 3920 baptismo
2954 3865 3248 3919 exponens,
3278 3849 3547 3904 cutiscntit
3589 3847 3776 3902 dicens
3806 3861 3825 3897 :

2241 3944 2422 4007 Aiunt,
2454 3943 2541 4013 qui
2584 3942 2761 3996 divina
2790 3943 3005 4012 mystice
3034 3951 3383 4011 assequuntur
3406 3939 3642 4011 eloquia,
3669 3948 3715 3992 et
3741 3935 3828 3989 al-

2241 4035 2480 4099 tioribus,
2508 4044 2764 4104 quantum
2793 4050 3108 4104 consequens
3133 4043 3231 4097 est,
3258 4031 3555 4103 glori/icant
3584 4029 3825 4099 specula-

2242 4124 2486 4187 tionibus,
2510 4125 2791 4178 secundum
2819 4123 3096 4191 imaginem
3120 4121 3215 4175 Dei
3240 4136 3333 4190 per
3351 4120 3609 4189 principia
3628 4119 3827 4189 factum

2241 4214 2500 4267 hominem
2532 4213 2723 4282 fuisse,
2772 4212 2983 4265 omnino
3030 4210 3289 4263 nascendo
3317 4210 3604 4263 secundum
3633 4222 3822 4277 propo-

2240 4305 2400 4359 situm
2426 4301 2615 4370 spiritu
2646 4301 2708 4365 ³⁵,
2730 4310 2779 4355 et
2799 4299 3097 4368 accipiendo
3121 4300 3408 4352 secundum
3435 4297 3829 4351 similitudinem

548 4392 789 4462 platione
821 4403 1074 4449 aeternae
1104 4394 1254 4463 pacis
1281 4394 1526 4458 stetisse,
1563 4404 1618 4448 et
1644 4394 1905 4450 suadente
1935 4394 2134 4450 femina
2166 4420 2213 4479 υ
2240 4411 2332 4464 per
2360 4392 2742 4447 observantiam
2770 4391 2931 4445 divini
2972 4390 3229 4451 mandati,
3275 4389 3415 4459 quod
3456 4388 3556 4442 sibi
3590 4387 3827 4456 futurum

550 4483 822 4553 serpentis
859 4498 1066 4537 veneno
1095 4492 1348 4552 corrupta
1378 4484 1674 4549 corruisse,
1703 4498 1796 4537 aut
1823 4485 1998 4553 ipsum
2021 4499 2136 4538 ser-

548 4581 791 4639 pentem,
822 4570 1094 4624 diabolum
1139 4571 1278 4635 dico,
1315 4570 1428 4640 jam
1459 4574 1524 4627 de
1557 4573 1830 4643 paradiso,
1872 4574 2137 4644 dignitate

548 4661 802 4717 videlicet
825 4661 1101 4732 angelicae
1129 4674 1377 4728 naturae,
1394 4664 1623 4733 lapsum,
1643 4668 1695 4721 in
1722 4668 1937 4722 homine
1959 4668 2136 4722 adhuc

548 4767 658 4808 non
698 4762 987 4821 peccante,
1036 4768 1211 4820 neque
1259 4754 1576 4810 celsitudine
1623 4758 1837 4812 divinae
1887 4759 2137 4828 imaginis

549 4851 843 4898 eorruente
882 4841 1265 4912 praevaluisse.
1313 4843 1369 4897 ld
1417 4845 1592 4913 ipsum
1633 4861 1869 4914 quoque,
1906 4847 2010 4902 hoc
2052 4857 2137 4902 est

549 4934 849 4997 hominem,
900 4932 1178 5002 aequalem
1213 4934 1415 5005 angelis
1457 4936 1732 4991 conditum
1776 4934 1979 5002 fuisse,
2027 4952 2134 4991 non

550 5032 736 5078 autem
761 5023 814 5078 in
846 5023 935 5077 illa
970 5023 1230 5095 dignitate
1268 5026 1509 5089 stetisse,
1548 5026 1642 5081 sed
1672 5042 1796 5081 mox
1834 5042 1939 5082 non
1988 5036 2136 5083 recte

551 5114 620 5168 ad
645 5113 846 5170 bonum
879 5114 1085 5185 ingredi
1116 5115 1432 5181 inchoasse,
1474 5124 1691 5171 sanctus
1717 5116 2011 5186 Gregorius
2034 5117 2132 5173 do-

549 5218 677 5260 cere
705 5203 920 5259 videtur
946 5205 1003 5258 in
1031 5204 1244 5261 decimo
1266 5214 1460 5262 octavo
1496 5206 1734 5277 capitulo
1771 5210 2039 5264 sermonis
2065 5211 2133 5264 de

2238 4494 2373 4548 erat,
2401 4494 2454 4537 ut
2486 4493 2613 4538 esset
2661 4483 2798 4536 idem
2842 4483 2995 4535 homo
3023 4481 3327 4551 ﬁgmentum
3371 4481 3580 4549 quidem
3612 4479 3707 4532 Dei
3734 4472 3827 4531 se-

2238 4577 2467 4631 cundum
2519 4576 2563 4608 ³⁵
2609 4585 2877 4641 naturam,
2926 4575 3068 4644 ﬁlius
3106 4584 3281 4628 autent
3330 4572 3445 4636 Dei,
3472 4582 3520 4625 et
3549 4570 3710 4630 Deus.
3738 4584 3835 4637 per

2239 4670 2484 4739 spiritum
2508 4668 2793 4721 secundum
2819 4669 3065 4737 gratiam.
3098 4663 3223 4719 Non
3247 4665 3386 4718 enim
3423 4661 3666 4733 possibile
3692 4670 3827 4720 erat,

2240 4759 2395 4812 aliter
2415 4757 2587 4826 ﬁlium
2612 4755 2704 4808 Dei
2733 4755 2936 4809 ostendi
2963 4765 3009 4808 et
3034 4755 3200 4807 Deum
3228 4752 3510 4806 secundum
3535 4748 3832 4814 deiﬁcatio—

2243 4864 2358 4900 nem
2388 4862 2452 4899 ex
2480 4846 2651 4916 gratia
2677 4844 2875 4913 factum
2905 4843 3165 4896 hominem
3184 4881 3198 4906 ,
3235 4841 3337 4894 nisi
3365 4838 3507 4909 prius
3535 4833 3829 4888 secundum

2239 4938 2559 5008 prepositum
2589 4946 2881 4989 nascentem
2925 4936 3166 5004 spiritum
3199 4934 3242 4964 “
3274 4946 3364 5001 per
3405 4928 3693 4982 adunatant
3730 4923 3829 4978 sibi

2243 5025 2559 5080 naturaliter
2585 5042 2678 5091 per
2703 5027 2927 5094 seipsam
2957 5033 3150 5077 motam
3192 5032 3239 5075 et
3274 5021 3488 5073 liberam
3519 5013 3824 5085 potentiam.

2245 5104 2417 5183 Quam
2462 5116 2704 5184 deiﬁcum
2756 5115 3086 5183 divinumque
3127 5121 3175 5164 et
3205 5104 3603 5163 immaterialem
3644 5100 3830 5156 natiii-

2242 5220 2399 5265 tatem
2427 5210 2468 5241 "
2504 5207 2906 5279 intelligibilium
2945 5215 2991 5259 et
3030 5201 3353 5258 occultorum
3379 5199 3638 5252 duntaxat
3678 5194 3830 5247 bono-

1803 5301 2060 5356 VARIAE
2099 5299 2496 5356 LECTIONES.

626 5395 644 5424 ¹
675 5405 789 5448 erat
823 5408 935 5450 om.
964 5399 1030 5451 A.

546 5463 596 5518 Α
623 5474 736 5517 erat
761 5468 1023 5520 conditus.

548 5534 841 5605 gnosticam
868 5539 1245 5605 operationem.

550 5603 982 5676 ῗ-(ἷῗεουηίάσο
1056 5606 1101 5638 ’τ’
1121 5608 1211 5665 Sic
1237 5605 1322 5663 CF
1342 5624 1355 5673 ;
1387 5606 1432 5661 A
1456 5603 1719 5676 spiritum.

549 5669 669 5736 CF;
704 5673 746 5726 A
778 5675 1120 5727 uicinitatem.
1149 5713 1153 5717 -

1108 5404 1130 5433 ²
1156 5414 1285 5451 suae
1307 5413 1377 5449 an
1404 5398 1468 5450 ab
1493 5396 1643 5450 initio
1675 5394 1999 5451 conditionis
2024 5410 2133 5449 om.
2162 5397 2230 5448 A.

1099 5469 1120 5500 ⁸
1145 5468 1236 5524 Sic
1264 5466 1342 5531 A;
1374 5483 1471 5535 pro
1498 5465 1751 5535 spoliatus
1783 5465 1870 5521 CF
1899 5467 2116 5518 abusus.
2192 5466 2212 5495 ⁷
2238 5464 2558 5535 beatitudine
2581 5479 2688 5535 om.
2708 5462 2773 5535 ᾼἐ

1321 5537 1364 5568 ¹⁰
1391 5536 1432 5590 Δ
1462 5553 1554 5605 per
1600 5536 2408 5605 prognosticamAgnerationent.

1800 5604 1844 5635 "
1874 5603 1966 5659 Sic
1987 5602 2102 5671 CF;
2130 5606 2169 5660 Α
2195 5605 2293 5662 Dei
2314 5603 2600 5661 secundum
2623 5603 2832 5675 quidem
2857 5612 3125 5657 naturam.

2309 5395 2330 5426 ⁸
2355 5395 2399 5449 Α
2425 5395 2648 5447 dicetur.
2723 5394 2745 5424 ⁵
2771 5392 2856 5448 CF
2861 5392 3100 5447 omnibus
3126 5386 3449 5461 (-queom.).
3526 5384 3548 5416 ⁵
3587 5384 3679 5438 Sic
3705 5378 3789 5436 CF
3809 5396 3827 5445 ;

2309 5464 2558 5494 ..ειηικη
2581 5479 2667 5494 ην..
2717 5462 2744 5494 Α
2878 5462 2899 5494 s
2938 5463 2964 5494 Α
2989 5479 3091 5494 ..ηη
3216 5459 3238 5488 9
3261 5456 3350 5494 ςῖο
3368 5453 3453 5494 nn
3476 5472 3490 5484 -
3529 5454 3560 5494 Δ
3591 5470 3681 5494 mw
3704 5462 3827 5494 nm-

2503 5480 2558 5516 ne
2581 5479 2688 5517 om.
2708 5462 2773 5517 A.
2878 5462 2899 5494 ⁸
2930 5453 3145 5516 Αηοη.’
3191 5453 3238 5488 ’⁸
3261 5456 3352 5511 Sic
3368 5453 3492 5516 CF;
3523 5454 3565 5507 A
3590 5470 3681 5523 per
3704 5462 3830 5532 pro-

2503 5534 2542 5565 “
2573 5533 2665 5589 Sic
2703 5532 2824 5597 CF;
2867 5533 2909 5586 A
2938 5534 3145 5585 bonam.
3206 5594 3212 5597 _
3245 5526 3288 5558 "
3314 5526 3407 5597 Sic
3426 5524 3545 5597 CF;
3574 5525 3620 5579 Α
3645 5523 3827 5597 lapsis.

3203 5594 3247 5630 ⁸⁸
3277 5596 3363 5654 CF
3383 5595 3590 5666 spiritu.
3669 5592 3710 5625 ιτ
3737 5589 3831 5647 Sic
