4212 6272
373 285 481 341 813

1210 285 1300 341 DE
1338 285 1676 344 DlVlSlONE
1714 286 2063 345 NATCRAE.
2099 319 2169 329 --
2203 288 2404 347 LIBER
2445 291 2794 358 QUARTUS.

3538 289 3672 346 8M.

376 413 494 450 ram
525 393 770 450 deserens
802 397 1003 466 primus
1046 401 1220 463 homo,
1251 398 1775 468 praehonoriﬁcando
1820 399 1959 469 quod
1987 403 2037 467 Α
2064 401 2280 469 dentur,
2323 404 2503 458 dicere
2538 403 2967 472 procuravlmus,
3010 404 3235 459 aliorum
3266 421 3396 460 vero
3431 413 3647 461 senten-

374 486 663 540 secundum
688 502 895 540 sensum
932 496 980 542 et
1018 492 1035 524 ι
1076 485 1378 541 delectabile
1401 498 1473 541 est
1517 497 1562 543 et
1596 488 1953 557 manifestum,

377 576 564 631 merito
602 591 667 629 es;
712 577 1014 646 corporibus
1043 578 1400 631 inordinatam
1438 581 1458 609 '
1485 589 1532 631 et
1564 578 1886 633 materialem
1910 588 1957 632 et

319 720 337 741 λλ
377 663 764 734 corruptibilem
790 665 980 718 habere
1006 665 1285 717 damnatus
1309 674 1387 719 est
1426 667 1773 732 nativitatem,
1804 668 1958 737 digne

377 751 491 807 Deo
523 753 817 822 jndicante,
846 752 1026 823 pejora
1066 753 1365 808 melioribus
1409 756 1699 810 voluntarie
1736 772 1958 825 praepo-

378 851 582 897 nentem
603 840 626 873 ³
653 843 710 895 in
728 828 1030 911 poisibilem
1055 852 1102 896 et
1122 844 1363 897 servilem
1389 854 1435 897 et
1458 854 1858 915 coangustatam
1882 861 1961 898 se-

376 932 604 986 cundum
629 932 1027 986 similitudinem
1053 932 1109 986 in
1138 941 1277 985 terra
1305 933 1751 986 irrationabilium
1782 934 1961 986 bruto-

376 1038 595 1093 rumque
625 1024 988 1093 jumentorum
1026 1026 1412 1094 generationem
1444 1024 1605 1077 libera
1634 1035 1680 1077 et
1721 1026 1962 1095 impossi-

375 1116 467 1168 bili
489 1124 538 1168 et
572 1116 595 1147 ⁵
621 1127 905 1185 spontauea
938 1126 985 1168 et
1021 1125 1166 1169 casta
1196 1114 1419 1169 alienari
1450 1116 1739 1179 nativitate,
1783 1128 1828 1170 et
1867 1132 1961 1184 pro

374 1206 490 1274 ipso
534 1222 653 1258 cum
684 1204 792 1258 Deo
831 1206 1005 1258 cli;ino
1044 1216 1091 1259 et
1131 1204 1385 1274 ineffabili
1430 1203 1657 1268 honore,
1689 1221 1807 1258 cum
1837 1206 1961 1258 insi-

376 1295 638 1363 pientibus
669 1294 927 1363 jumentis
970 1293 1246 1363 ignobilem
1292 1294 1515 1362 recipere
1560 1294 1957 1362 copulationem.

378 1385 503 1449 Qua
523 1385 781 1437 hominem
810 1383 1047 1447 liberare,
1066 1395 1112 1437 et
1134 1383 1202 1435 ad
1228 1382 1460 1436 divinam
1486 1384 1853 1437 beatitudinem
1887 1402 1967 1438 re-

378 1475 571 1528 ducere
620 1474 825 1539 colens,
875 1485 1119 1529 naturam
1163 1473 1431 1527 hominum
1479 1490 1682 1538 creans,
1743 1471 1965 1528 Verbum

377 1567 534 1618 homo
561 1582 627 1619 ex
663 1565 959 1619 hominibus
1004 1580 1117 1618 vere
1139 1564 1221 1632 ﬁt,
1266 1572 1314 1617 et
1362 1564 1598 1618 nascitur
1629 1561 1969 1633 corporaliter

379 1655 494 1709 sine
517 1664 728 1724 peccato
754 1671 846 1724 per
873 1656 1157 1709 hominem.
1178 1654 1249 1709 Ut
1267 1664 1449 1709 autem
1479 1669 1795 1726 cognoscas,
1823 1654 1966 1724 quod

2061 498 2211 560 tiam,
2240 497 2331 565 qui
2365 496 2587 551 aliter”
2621 496 2861 563 sapiunt,
2909 493 3175 561 refellere,
3224 512 3318 550 seu
3367 510 3642 563 spernere,

2058 606 2151 645 seu
2178 590 2507 644 falsameSse
2528 588 2878 658 pronuntiare
2900 587 3023 639 dum
3051 587 3091 617 “
3118 587 3300 642 adnos
3323 586 3468 641 nullo
3490 587 3665 640 modo.

2059 682 2292 750 pertinet
2310 698 2322 733 :
2339 680 2405 732 ad
2422 679 2588 748 ipsius
2609 677 2841 747 paradisi
2854 676 3344 732 considerationem
3365 687 3649 729 transeun-

2060 774 2185 827 dum
2221 788 2342 828 csse
2392 772 2567 826 video.
2627 771 2769 825 [διες.
2810 768 3217 824 Transeundum
3254 768 3432 837 plane.
3482 766 3653 821 Ret-te

2059 863 2255 933 quippe
2271 862 2624 916 ratiocinandi
2650 860 2731 914 via
2758 861 2983 915 tenenda
3007 869 3108 920 est,
3127 869 3185 913 ut
3203 859 3441 928 uequein
3466 861 3655 913 dexte-

2063 976 2199 1022 ram,
2240 974 2413 1027 neque
2441 958 2493 1012 in
2526 957 2798 1011 sinistram
2844 956 3057 1011 deviare
3083 956 3390 1015 videamur;
3418 953 3518 1007 hoc
3546 961 3651 1015 cst,

2062 1066 2237 1122 neque
2271 1051 2379 1115 his,
2410 1066 2545 1119 quos
2571 1064 2815 1103 summae
2843 1064 2907 1101 ac
2933 1056 3151 1102 sanctae
3171 1045 3509 1100 auctoritatis
3532 1060 3657 1099 esse

2061 1140 2339 1195 Catholica
2370 1138 2548 1192 sanxit
2593 1137 2855 1200 Ecclesia,
2901 1137 3270 1200 detrahamus,
3320 1150 3493 1205 neque
3534 1150 3652 1196 eos,

2063 1246 2198 1300 quos
2244 1229 2562 1299 simpliciter
2609 1227 2936 1281 intellexisse
2979 1227 3350 1298 cognovimus,
3394 1226 3650 1295 quoniam

2065 1320 2205 1373 intra
2236 1318 2545 1373 Catholicae
2570 1316 2688 1371 ﬁdei
2709 1317 3072 1371 sinceritatem
3108 1317 3476 1379 nominentur,
3502 1331 3654 1383 sper-

2065 1426 2276 1465 namus.
2309 1407 2672 1479 Unusquisque
2700 1409 2859 1469 enim,
2884 1408 3029 1461 utait
3055 1406 3358 1477 Apostolus,
3389 1423 3485 1460 suo
3499 1422 3657 1460 sensu

2066 1499 2314 1554 abundet.
2368 1497 2620 1552 Nostrum
2670 1497 2869 1566 quippe
2917 1512 3133 1551 sensum
3181 1496 3505 1566 approbare,
3560 1504 3658 1548 aut

2065 1604 2276 1652 eorum,
2301 1602 2438 1656 quos
2467 1594 2675 1640 ceteros
2697 1572 3023 1655 praecellere
3046 1585 3396 1649 arbitramur,
3424 1585 3654 1639 aliorttm

2070 1696 2199 1736 vero
2243 1693 2459 1733 sensum
2492 1676 2808 1746 rcprobare,
2857 1685 2949 1729 aut
2983 1675 3497 1746 periculosissimum
3547 1688 3654 1741 est,

379 1760 486 1799 non
515 1759 581 1799 ex
628 1745 788 1800 nobis
833 1745 963 1815 ipsis
1009 1746 1370 1815 accipientes,
1405 1760 1591 1799 verum
1632 1760 1699 1799 ex
1738 1744 1967 1814 praefati

2073 1780 2165 1826 aut
2192 1769 2658 1840 superbissimum,
2689 1776 2781 1820 aut
2809 1776 2956 1822 certe
2999 1767 3417 1821 contentiusum.
3467 1765 3657 1836 Ingre-

376 1835 635 1898 auctoris,
668 1835 884 1890 Maximi
913 1834 1183 1898 vide!icet,
1212 1835 1499 1899 discentes,
1528 1835 1801 1889 hominem
1833 1834 1969 1888 diei-

377 1943 501 1983 mus
524 1928 592 1983 de
629 1927 776 1999 ligno
805 1928 947 1982 vitae
972 1943 1078 1982 non
1105 1936 1369 1997 gustasse,
1399 1927 1493 1980 sed
1524 1926 1756 2001 primum
1788 1926 1967 1980 cibum

376 2010 716 2074 mortiferum
743 2019 812 2074 de
837 2019 979 2090 ligno
1003 2019 1172 2073 vetito
1201 2019 1451 2088 primitus
1480 2017 1797 2088 sumpsisse,
1817 2026 1872 2073 et
1901 2017 1969 2071 ad

376 2110 621 2165 divinum
655 2110 833 2165 lumen
862 2111 1058 2189 mentis
1085 2109 1300 2165 oculum
1330 2126 1435 2164 non
1466 2109 1778 2164 sublevasse
1799 2150 1814 2174 ,
1842 2107 1969 2162 audi

378 2204 554 2273 ipsum
595 2203 648 2257 in
675 2202 933 2258 vicesimo
970 2211 1167 2258 octavo
1209 2202 1388 2271 capite
1414 2202 1818 2271 expositionum
1850 2216 1969 2254 ver-

379 2291 571 2346 borum
595 2291 840 2362 Gregorii
865 2292 1132 2347 dicentem
1158 2305 1174 2344 :
1203 2289 1340 2345 Huic
1370 2291 1744 2362 itaque‘divino
1780 2288 1970 2343 lumini

384 2380 563 2434 uolens
611 2380 808 2434 elevare
853 2379 1061 2433 oculum
1110 2380 1318 2433 animae
1353 2382 1555 2450 primus
1584 2391 1733 2450 pater
1778 2380 1969 2445 Adam,

382 2473 526 2528 caeci
554 2473 577 2505 ⁸
628 2474 797 2526 instar
818 2474 1002 2526 merito
1028 2473 1083 2525 in
1111 2472 1334 2526 tenebris
1368 2473 1696 2542 ignorantiae
1722 2472 1973 2525 ambabus

383 2563 630 2616 manibus
652 2561 910 2616 materiali
930 2560 1291 2615 immunditiae
1312 2561 1640 2614 voluntariae
1661 2562 1973 2625 adhaerens,

381 2651 485 2708 soli
524 2652 703 2705 sensui
732 2651 956 2719 seipsum
986 2659 1150 2703 totum
1178 2667 1374 2720 pronus
1402 2651 1655 2717 tradidit,
1705 2668 1795 2720 per
1823 2668 1975 2721 quem

380 2742 744 2797 amarissimae
767 2740 959 2795 bestiae
977 2741 1331 2809 corruptivum
1355 2741 1496 2795 virus
1517 2741 1727 2809 accepit.
1748 2741 1858 2795 Hoc
1880 2757 1973 2794 au-

385 2839 497 2886 tem
527 2831 682 2893 dicit,
722 2829 978 2900 quoniam
1026 2818 1348 2900 carpereum
1389 2846 1647 2895 sensum,
1688 2846 1786 2900 per
1814 2846 1972 2899 quem

386 2919 561 2974 Adam
602 2920 861 2990 deceptus
906 2930 1033 2983 est,
1086 2921 1139 2974 in
1215 2920 1383 2991 figura
1433 2920 1673 2975 mulieris
1721 2922 1833 2975 vnit
1894 2923 1976 2975 iu-

388 3010 581 3082 telligi.
622 3010 762 3064 Nam
808 3012 948 3081 apud
994 3010 1231 3067 Graecos
1270 3012 1508 3075 αἴσθησις
1536 3055 1549 3076 ,
1608 3014 1658 3068 id
1718 3022 1803 3068 est
1855 3032 1975 3069 scn-

391 3114 525 3164 sus,
594 3098 839 3156 feminini
921 3101 1135 3170 generis
1196 3110 1302 3156 est.
1363 3102 1771 3157 Amarissimam
1844 3112 2045 3173 veroc

390 3188 619 3244 bestiam
661 3190 929 3245 diabolum
958 3199 1147 3254 vocat,
1202 3192 1291 3261 qui
1336 3207 1433 3262 per
1462 3191 1486 3224 ⁸
1524 3209 1741 3247 sensum
1779 3210 1972 3263 corpo-

388 3293 546 3334 reum
594 3280 834 3335 humano
868 3282 1049 3336 animo
1069 3283 1220 3336 virus
1261 3284 1537 3352 nequitiae
1586 3300 1716 3340 suae
1756 3284 1972 3339 infudit.

387 3368 594 3424 Deinde
626 3371 702 3423 ait
739 3371 898 3440 paulo
932 3380 1090 3442 post:
1124 3371 1192 3425 Et
1231 3389 1295 3426 ea:
1336 3372 1485 3428 vetito
1509 3375 1649 3443 ligno
1692 3376 1782 3438 qui
1815 3375 1975 3428 etiam

386 3468 605 3513 mortem
634 3461 800 3513 inesse
826 3462 975 3530 prius
1014 3462 1289 3525 didicerat,
1335 3479 1492 3516 sensu
1536 3464 1767 3532 fructum
1805 3465 1977 3533 porri-

386 3557 536 3617 gente
557 3549 662 3602 cibi
682 3550 943 3619 primitias
962 3551 1183 3621 faciens,
1199 3556 1581 3607 convenientem
1600 3554 1796 3623 fructui
1820 3556 1974 3608 vitam

388 3642 629 3706 mutarit,
654 3632 925 3697 mortalem
950 3642 1182 3698 videlicet
1205 3662 1267 3698 ac
1285 3645 1518 3715 fluxilom
1535 3662 1627 3715 per
1646 3661 1831 3714 corpus
1854 3664 1973 3701 cor-

390 3733 657 3803 ruptibile.
707 3733 909 3789 Deinde
967 3734 1235 3805 subjungit
1280 3755 1295 3790 :
1333 3735 1390 3790 Si
1438 3738 1612 3807 itaque
1654 3736 1765 3790 Deo
1808 3739 1975 3807 magis

389 3838 550 3892 quam
577 3838 838 3888 conservo,
884 3827 1056 3879 sensui
1091 3827 1345 3891 videlicet,
1394 3829 1628 3889 credens,
1660 3827 1800 3898 ligno
1843 3830 1976 3883 vitae

392 3921 705 3975 vesceretur,
727 3928 827 3966 non
850 3913 1086 3983 fortassis
1108 3915 1286 3969 datam
1309 3917 1581 3985 deponeret
1608 3918 1979 3971 immortalita-

393 4012 522 4067 tem,
551 4017 1119 4071 semperconservazam
1138 4007 1535 4075 par:icipatione
1554 4008 1708 4071 vitae,
1729 4008 1977 4076 quoniam

393 4097 565 4147 omnis
588 4096 692 4147 vita
719 4109 784 4149 ea:
807 4096 1017 4165 propria
1037 4111 1083 4150 et
1104 4098 1703 4167 consequemiconsuevit
1726 4114 1840 4151 esca
1854 4115 1978 4153 con-

392 4184 609 4239 servari.
643 4186 779 4241 Esca
813 4203 934 4241 vero
960 4187 1139 4242 beatae
1167 4188 1206 4241 il
1217 4190 1309 4243 'ius
1338 4190 1472 4243 vitae
1492 4198 1565 4241 est
1588 4189 1762 4257 panis,
1800 4190 1888 4259 qui
1914 4191 1977 4243 de

394 4277 539 4331 caelo
575 4279 862 4344 descendit,
906 4290 954 4332 et
988 4281 1148 4334 vitam
1176 4280 1268 4333 dat
1298 4280 1515 4344 mundo,
1552 4279 1685 4333 sicut
1720 4280 1889 4348 ipsum
1914 4280 1979 4333 de

393 4367 566 4438 seipse
608 4368 666 4422 in
713 4369 1007 4439 Evangeliis
1048 4388 1151 4425 non
1182 4371 1410 4425 mendax
1452 4371 1804 4441 pronuntiavit
1856 4368 1977 4424 Ver-

2070 1865 2283 1917 diamur
2310 1862 2489 1931 itaque
2517 1868 2692 1922 caute,
2719 1858 3018 1921 humiliter,
3051 1858 3311 1921 modeste,
3342 1866 3658 1919 sanctorum

2069 1955 2289 2011 Patrum
2323 1954 2375 2007 in
2406 1952 2497 2007 tali
2535 1952 2747 2023 negotio
2776 1952 3000 2023 vestigia
3031 1960 3337 2021 sequentes.

2144 2089 2228 2145 16.
2257 2088 2393 2142 Mne.
2430 2086 2663 2140 Sanctus
2700 2084 3028 2154 Augustinus
3072 2082 3125 2136 in
3165 2089 3356 2136 octavo
3404 2078 3657 2134 Exemeri

2072 2181 2194 2236 sui:
2227 2177 2351 2233 Non
2397 2178 2601 2248 ignoro,
2639 2176 2828 2244 inquit,
2860 2175 2926 2229 de
2972 2174 3220 2244 paradiso
3264 2172 3454 2226 nmltos
3491 2170 3659 2225 multa

2072 2270 2288 2323 dixisse.
2315 2265 2625 2320 Trestamen
2643 2265 2709 2318 de
2730 2265 2829 2317 hac
2850 2280 2906 2317 re
2928 2264 3081 2333 quasi
3100 2262 3364 2334 generales
3394 2271 3512 2316 sunt
3534 2278 3657 2316 sen—

2074 2362 2286 2416 tentiae.
2326 2357 2446 2413 Una
2473 2373 2676 2419 eorum,
2705 2356 2796 2425 qui
2825 2355 3185 2409 tantummodo
3203 2352 3545 2424 corporaliter
3562 2368 3661 2423 pa-

2076 2452 2311 2504 radisum
2336 2446 2558 2518 intelligi
2579 2444 2783 2501 volunt.
2817 2443 2935 2498 Alia
2962 2460 3162 2509 eorum,
3188 2443 3278 2514 qui
3316 2443 3662 2514 spiritualiter

2072 2551 2298 2594 tantum.
2338 2538 2513 2592 Tertia
2538 2552 2742 2599 eorum,
2780 2536 2869 2604 qui
2912 2545 3134 2604 utroque
3159 2534 3313 2587 modo
3353 2532 3660 2603 paradisum

2075 2630 2354 2700 accipiunt,
2385 2626 2518 2681 alias
2542 2623 2904 2695 corporaliter,
2934 2624 3068 2677 alias
3096 2633 3268 2677 autem
3294 2622 3658 2693 spiritualiter.

2075 2720 2308 2775 Breviter
2333 2735 2453 2789 ergo
2494 2726 2550 2770 ut
2598 2716 2791 2779 dicam,
2832 2716 3041 2768 tertiam
3083 2714 3214 2768 mihi
3260 2715 3430 2783 fateor
3455 2712 3663 2782 placere

2074 2811 2404 2866 sententiam.
2453 2807 2595 2861 Idem
2630 2806 2683 2860 in
2733 2812 2929 2873 quarto
2952 2803 3165 2858 decimo
3192 2803 3259 2857 de
3297 2801 3531 2857 Civitate
3564 2801 3659 2856 lbi

2076 2900 2361 2955 undecimo
2383 2896 2655 2968 capitulo:
2693 2892 2904 2947 Vivebat
2943 2893 3138 2963 itaque,
3165 2890 3358 2960 inquit,
3386 2891 3540 2943 homo
3580 2906 3666 2942 se~

2075 2992 2306 3045 cundum
2330 2989 2498 3042 Deum
2532 2988 2587 3041 in
2613 2985 2884 3056 paradiso,
2919 2994 2966 3037 et
3003 2983 3264 3053 corporali
3292 2992 3338 3036 et
3372 2980 3658 3051 spirituali.

2080 3081 2262 3150 Neque
2289 3078 2425 3132 enim
2445 3085 2558 3131 erat
2583 3075 2860 3146 paradisus
2887 3073 3175 3144 corporalis
3199 3082 3409 3142 propter
3426 3073 3663 3141 corporis

2077 3174 2232 3235 bona,
2265 3179 2314 3224 et
2340 3178 2550 3238 propter
2576 3168 2763 3222 mentis
2790 3182 2893 3220 non
2919 3175 3031 3219 erat
3053 3163 3359 3234 spiritualis.
3408 3163 3515 3216 Aut
3542 3177 3660 3217 vero

2075 3272 2186 3317 erat
2206 3260 2520 3331 spiritualis,
2549 3273 2651 3328 quo
2679 3273 2771 3327 per
2806 3256 3096 3316 interiores,
3128 3264 3176 3309 et
3204 3271 3306 3308 non
3335 3262 3445 3307 erat
3474 3268 3661 3318 corpo-

2078 3351 2229 3413 ralis,
2259 3367 2360 3421 quo
2390 3365 2483 3420 per
2509 3348 2792 3402 exteriores
2820 3362 3002 3400 sensus
3022 3345 3177 3398 homo
3206 3344 3506 3413 frueretur?
3527 3341 3662 3395 Erat

2074 3442 2229 3513 plane
2256 3452 2531 3511 utrumque
2558 3447 2766 3507 propter
2790 3446 3083 3505 utrumque.
3130 3431 3324 3487 Postea
3350 3447 3471 3485 vero
3503 3445 3663 3501 quam

2075 3537 2328 3609 superbus
2353 3534 2441 3589 ille
2476 3532 2695 3604 angelus
2732 3547 2794 3584 ac
2822 3546 2914 3600 per
2936 3530 3035 3583 hoc
3063 3527 3290 3589 inuidus,
3317 3539 3409 3594 per
3442 3520 3664 3576 eandem

2075 3628 2369 3701 superbiam
2398 3645 2429 3680 a
2464 3626 2570 3679 Deo
2598 3624 2668 3676 ad
2705 3623 3037 3689 semetipsum
3076 3632 3370 3679 conversus,
3403 3613 3468 3667 de
3501 3612 3663 3680 spiri-

2077 3720 2207 3773 tuali
2230 3717 2479 3789 paradiso
2508 3710 3035 3794 regidit,malesuada
3073 3708 3299 3763 versutia
3324 3706 3382 3757 in
3414 3702 3663 3765 hominis,-

2077 3825 2285 3864 sensunt
2313 3820 2537 3876 serpere~
2556 3792 2833 3871 affectans,
2871 3801 2955 3853 cui
2981 3800 3159 3866 utique
3203 3795 3388 3857 stanti,
3416 3792 3666 3862 quoniam

2077 3900 2185 3968 ipse
2211 3897 2487 3957 ceciderat,
2528 3892 2815 3952 invidebat,
2861 3889 3071 3942 coluber
3097 3888 3153 3938 in
3189 3884 3441 3955 paradiso
3476 3895 3669 3949 corpon

2080 3988 2180 4043 rali
2208 4026 2223 4051 ,
2275 3986 2363 4039 ubi
2409 3999 2525 4037 cum
2580 3981 2781 4034 duobus
2832 3979 2938 4031 illis
2989 3976 3285 4029 hominibus
3337 3968 3572 4024 masculo
3617 3977 3667 4021 et

2078 4082 2273 4152 femina
2311 4073 2563 4130 animalia
2620 4072 2782 4125 etiam
2831 4067 3095 4121 terrestria
3147 4073 3322 4152 cetera
3362 4059 3573 4152 subdita

2078 4145 2298 4225 innoxia
2344 4165 2708 4224 versabantur,
2758 4155 2959 4212 animal
3004 4153 3199 4208 scilicet
3248 4149 3507 4203 lubricum
3547 4154 3595 4199 et
3621 4145 3666 4176 ⁸³

2080 4260 2328 4316 tortuosis
2357 4254 2684 4320 anfractibus
2708 4249 2911 4312 mobile,
2942 4245 3203 4315 operi'suo
3235 4253 3542 4309 congruunt,
3576 4252 3669 4303 per

2079 4369 2230 4425 quem
2255 4352 2570 4420 loqueretur,
2593 4343 2764 4414 elegit.
2788 4335 3190 4400 Animadverte,
3221 4330 3490 4425 quomodo
3533 4330 3668 4425 duos

401 4419 411 4421 '
472 4419 552 4438 1⁷⁷⁷
614 4419 664 4422 ’⁷“
714 4419 1004 4439 “”“””“ΰ⁷’”’⁷
1049 4419 1150 4425 ""‘
1183 4419 1405 4425 """"""
1452 4419 1500 4441 r'
1520 4419 1800 4425 """""""
1862 4419 1870 4423 '
1898 4419 1938 4424 “”

397 4456 545 4510 bum.
592 4457 712 4523 Quo
734 4461 877 4512 vesci
901 4460 1090 4514 nolens
1128 4461 1334 4529 primus
1363 4465 1542 4523 homo,
1579 4458 1773 4514 merito
1801 4459 1980 4514 divina

2086 4419 2369 4513 paradisus
2394 4436 2591 4491 asserit
2624 4447 2766 4497 esse,
2794 4443 2960 4484 unum
2982 4424 3197 4497 quidem
3228 4419 3584 4493 spiritualem,
3613 4419 3665 4471 in

398 4547 672 4620 proiectus
691 4561 773 4607 est
804 4552 935 4616 vita,
966 4552 1128 4606 aliam
1156 4568 1286 4606 vero
1313 4567 1380 4606 ex
1408 4561 1581 4606 morte
1608 4551 1871 4621 genitriee
1893 4567 1986 4607 ac-

395 4641 559 4711 cepit,
614 4655 711 4710 per
756 4657 918 4710 quam
967 4640 1388 4695 irrationabilcm
1440 4640 1655 4696 sibimet
1695 4642 1716 4674 ⁷
1753 4640 1983 4695 formam

397 4733 705 4801 imponens,
745 4733 929 4787 divine
961 4747 1091 4787 vero
1136 4732 1161 4765 ⁸
1189 4734 1717 4803 supersplendentem
1757 4732 1985 4787 abscon-

399 4820 534 4875 dens
553 4821 1034 4891 pulchritudinem,
1050 4822 1314 4877 vescendo
1336 4837 1548 4876 onmem
1563 4831 1808 4875 naturam
1824 4820 1985 4875 morti

401 4910 640 4963 tradidit.
666 4911 769 4966 Sed
791 4913 917 4981 quia
941 4913 1203 4966 adversus
1230 4927 1344 4976 eos,
1369 4913 1459 4980 qui
1487 4909 1693 4975 dicunt,
1716 4909 1985 4964 hominem

404 5000 635 5055 feliciter
672 5004 694 5034 '
768 5004 820 5058 in
877 5004 1129 5074 paradiso
1184 5012 1310 5058 ante
1360 5012 1642 5072 peccatum
1701 5000 1983 5071 temporali

403 5092 582 5160 spatio
604 5093 799 5149 risisse
820 5096 884 5158 ³⁸,
914 5095 1041 5149 illud
1068 5103 1248 5150 autem
1266 5076 1499 5162 spatium
1518 5101 1778 5162 quantum
1803 5091 1984 5158 fuerit,

405 5181 682 5236 allii-mare
713 5200 815 5238 non
841 5186 1060 5249 audent,
1084 5202 1190 5241 non
1217 5194 1299 5240 est
1322 5184 1489 5240 nostri
1513 5182 1768 5252 propositi
1792 5197 1983 5252 agere;

402 5288 467 5329 ea
507 5274 774 5344 siquidem
819 5276 1175 5345 solummodo,
1223 5291 1361 5347 quae
1400 5274 1555 5330 nobis
1578 5272 1890 5329 verisimilia
1917 5273 1990 5327 vi-

2085 4512 2193 4602 quo
2216 4531 2377 4584 homo
2401 4524 2447 4556 ¹¹⁶
2481 4520 2775 4578 secundum
2809 4517 3064 4579 animam,
3114 4512 3347 4573 alterum
3391 4522 3520 4562 vero
3548 4522 3668 4560 cor-

2086 4596 2349 4693 poralem,
2380 4618 2432 4671 in
2458 4630 2567 4685 quo
2596 4612 2736 4667 idem
2760 4610 2923 4664 homo
2946 4604 3245 4661 Secundum
3271 4596 3666 4693 corpus—felici-

2088 4690 2170 4768 ter
2194 4711 2428 4765 vivebat.
2470 4706 2527 4759 ln
2555 4705 2692 4759 libro
2725 4710 2927 4767 autem,
2955 4712 3115 4767 quem
3144 4697 3211 4751 de
3239 4693 3376 4748 Vera
3411 4690 3671 4760 religione

2089 4803 2329 4873 scripsit,
2357 4814 2521 4855 unum
2570 4792 2942 4851 tantummodo
2964 4786 3309 4860 paradisum,
3331 4784 3671 4873 eundemque

2088 4872 2422 4964 spiritualem
2473 4889 2687 4943 videtur
2739 4897 2983 4940 asserere
3020 4895 3035 4934 :
3087 4879 3183 4933 Est
3219 4887 3445 4964 autem,
3473 4872 3669 4964 inquit,

2086 4960 2265 5039 vitium
2289 4981 2514 5052 primum
2537 4977 2744 5030 animae
2768 4966 3067 5032 rationalis,
3096 4966 3332 5021 voluntas
3343 4980 3404 5017 ea
3419 4960 3666 5030 faciendi,

2087 5092 2220 5147 quae
2249 5082 2385 5128 vetat
2422 5084 2625 5125 summa
2650 5076 2698 5120 et
2725 5065 2909 5119 intima
2938 5060 3147 5115 veritas.
3174 5056 3261 5147 Ita
3300 5057 3466 5147 homo-
3478 5053 3543 5105 de
3576 5067 3671 5119 pa-

2090 5142 2268 5220 radiso
2288 5164 2342 5217 in
2364 5163 2460 5216 hoc
2485 5156 2718 5213 seculum
2739 5153 2985 5223 expulsus
3010 5160 3082 5203 est
3109 5148 3175 5210 ",
3210 5146 3263 5198 id
3288 5153 3382 5206 est,
3412 5142 3477 5194 ab
3503 5150 3669 5193 aeter-

2092 5254 2171 5308 nis
2194 5252 2263 5305 ud
2289 5248 2619 5320 temporalia,
2649 5260 2681 5298 a
2706 5242 2928 5314 copiosis
2954 5238 3023 5293 ad
3045 5251 3224 5307 egena,
3254 5250 3287 5286 a
3326 5229 3574 5301 firmitate
3597 5226 3669 5280 ad

1681 5402 1938 5458 VARIAE
1971 5400 2374 5460 LECTIONES.

479 5544 497 5575 ⁸
546 5552 593 5597 et
630 5559 740 5599 om.
784 5544 891 5602 CF.
1025 5547 1046 5577 ²
1079 5545 1171 5602 Sic
1215 5543 1334 5610 CF;
1382 5543 1423 5600 A
1475 5540 1863 5613 indispositam.

407 5684 594 5753 spatio.
676 5686 715 5717 “
749 5681 841 5740 Sic
865 5681 926 5754 F;
982 5686 1073 5742 AC
1101 5685 1346 5756 qualiter.
1427 5685 1471 5718 ¹²
1498 5684 1622 5738 dum
1660 5697 1770 5740 om.
1804 5681 1868 5735 A.

2005 5536 2026 5567 ³
2054 5535 2100 5592 Α
2145 5542 2532 5604 vroponentem.

407 5615 428 5644 ⁸
454 5597 676 5694 εἰςεὴ
771 5597 1060 5700 quem.
1080 5597 1168 5650 ﬁ".
1516 5597 1632 5668 sibi:
1709 5613 1731 5643 ⁸
1761 5626 1878 5664 vero
1917 5624 2024 5662 om.
2046 5606 2110 5660 Α.
2187 5605 2208 5635 ³
2240 5597 2459 5688 feliciter
2487 5597 2685 5655 om..A.

407 5694 594 5733 spatio.
676 5686 715 5717 ιι
749 5687 841 5733 Sic
866 5687 925 5733 lt:
986 5686 1072 5733 AC
1101 5685 1346 5733 qualiter.
1427 5685 1471 5718 ¹²
1498 5684 1622 5733 dum
1660 5697 1770 5733 orn.
1804 5681 1868 5733 A.
1950 5678 1993 5710 ”
2017 5688 2063 5731 et
2095 5692 2205 5733 om.
2236 5673 2342 5730 Cl‘.
2447 5670 2488 5703 ιδ
2528 5671 2683 5722 homo

2635 5529 2656 5559 ⁸
2688 5534 2738 5581 et
2766 5540 2875 5579 om.
2899 5523 2963 5578 A.
3069 5520 3090 5553 ⁸
3126 5517 3217 5573 Sic
3244 5516 3362 5584 CF;
3389 5515 3433 5571 Α
3462 5517 3668 5570 cecidit.

2763 5594 2805 5626 ¹⁰
2831 5593 2922 5647 Sic
2947 5590 3136 5653 (lFrA
3173 5589 3363 5643 vixisse
3399 5585 3671 5654 temporali

2447 5670 2488 5703 ιδ
2528 5671 2683 5722 homo
2714 5680 2824 5722 om.
2852 5663 2915 5717 A.
3035 5662 3080 5697 "
3112 5658 3203 5717 Sic
3229 5655 3337 5724 CF;
3378 5667 3453 5712 est
3483 5672 3571 5713 om
3597 5655 3664 5709 Α.
