4212 6272
562 333 689 390 '8l5

1964 319 2246 380 IOANNIS
2285 320 2476 379 SCOTI

3745 332 3854 387 816

578 447 793 516 inﬁrma
819 448 838 478 ¹
872 460 889 496 :
932 461 1035 499 non
1072 459 1196 514 ergo
1242 460 1275 496 a
1318 441 1451 497 bono
1480 440 1822 497 substantiali
1850 441 1920 494 ad
1962 439 2160 494 malum
2190 437 2244 499 Α
2269 442 2443 494 minus
2488 440 2646 495 Iesus
2704 441 2959 504 Cln‘istus,
2985 442 3104 513 fons
3143 442 3274 497 vitae
3330 452 3609 510 aeternae,
3646 448 3854 507 cicuta

578 537 943 600 substantiale,
976 540 1101 606 quia
1136 534 1281 589 nulla
1313 536 1606 590 substantia
1641 533 1838 587 malum
1881 544 1978 598 es',
2022 533 2111 588 sed
2134 550 2165 586 a

582 630 717 684 bono
749 638 959 681 aeterno
990 625 1059 679 ad
1097 625 1289 679 bonum
1328 628 1632 696 temporale,
1664 642 1696 677 a
1736 627 1868 679 bono
1905 622 2169 693 spirituali

583 720 655 774 ad
698 720 889 773 bonum
936 717 1173 783 carnale,
1216 735 1249 771 a
1306 719 1440 772 bono
1490 717 1806 787 intelligibili
1858 717 1929 770 ad
1977 716 2168 770 bonum

492 830 503 837 ί
584 810 845 874 sensibile,
861 827 891 863 a
909 809 1043 863 bono
1058 825 1263 863 summo
1279 809 1347 863 ad
1366 810 1557 863 bonum
1583 810 1824 878 inﬁmum
1843 815 1884 863 ⁸.
1911 808 2167 871 Videsne,

583 899 727 965 quod
763 897 873 962 ait,
913 914 945 951 a
982 899 1125 951 bono
1161 896 1480 965 intelligibili
1524 897 1591 951 ad
1630 898 1828 952 bonum
1882 897 2170 952 sensibile?

584 987 776 1042 Nonne
814 998 998 1059 aperte
1024 988 1163 1042 dixit
1192 987 1588 1057 intelligibilem
1631 988 1939 1055 paradisum
1978 989 1999 1020 ³
2026 1004 2169 1053 esse,

584 1096 693 1137 non
720 1089 900 1135 autem
926 1080 1274 1136 sensibilem?
1296 1079 1430 1134 Nam
1452 1078 1496 1134 si
1519 1080 1827 1135 sensibilem
1849 1095 1969 1136 esse
1991 1081 2171 1145 vellet,

588 1171 815 1228 dixisset
840 1172 1027 1241 utique
1060 1187 1089 1224 a
1118 1172 1258 1225 bono
1288 1170 1525 1225 sensibili
1550 1212 1562 1231 ,
1596 1170 1699 1225 hoc
1727 1178 1828 1233 est,
1862 1187 1889 1223 a
1923 1172 2173 1239 paradiso

587 1261 855 1330 cerporali
885 1262 948 1314 ad
978 1260 1202 1315 inferius
1226 1261 1425 1314 bonum
1457 1260 1867 1315 sensibilc.'Nisi
1894 1260 2031 1315 forte
2053 1262 2176 1332 quis

587 1350 757 1415 dicat,
786 1350 852 1405 de
879 1351 995 1404 solo
1017 1348 1280 1420 spirituali
1308 1349 1559 1418 paradiso
1577 1390 1590 1409 ,
1621 1364 1685 1402 ex
1712 1365 1816 1418 quo
1847 1350 2023 1403 anima
2049 1366 2175 1420 pce-

589 1441 762 1495 catrix
802 1442 1020 1510 expulsa
1047 1449 1164 1504 est,
1214 1441 1354 1495 hanc
1396 1442 1716 1495 sententiam
1754 1443 2073 1512 protulisse,
2110 1442 2177 1496 de

587 1534 905 1604 expulsione
934 1548 1061 1588 vero
1089 1534 1335 1603 corporis
1374 1531 1491 1600 ejus
1535 1534 1601 1587 de
1623 1532 1643 1563 ⁸
1671 1534 1937 1604 corporali
1964 1535 2179 1603 paradi-

588 1638 651 1679 so
678 1624 729 1677 in
766 1624 877 1692 ipsa
927 1624 1194 1678 sententia
1239 1624 1473 1678 siluisse.
1504 1621 1620 1677 Non
1656 1625 1798 1679 enim
1824 1624 2177 1694 ait,primnm

585 1712 841 1779 hominis,
884 1715 978 1768 sed
1013 1714 1245 1784 primum
1277 1715 1490 1769 animae
1523 1714 1800 1769 rationalis
1823 1715 2011 1769 vitium
2052 1724 2136 1769 est
2164 1734 2176 1768 :

2271 529 2469 598 Pater;
2500 534 2624 603 quia
2647 535 2897 603 scriptum
2919 543 3013 596 est,
3037 535 3286 604 quoniam
3307 535 3448 604 apud
3469 545 3517 589 te
3543 537 3661 605 fons
3682 541 3855 607 vitae;

2271 623 2511 693 denique,
2538 626 2761 694 flumina
2790 626 2852 680 de
2872 634 3046 679 ventre
3071 626 3185 694 ejus
3207 626 3371 695 ﬂuent
3395 643 3565 697 aquae
3589 630 3751 685 vivae.
3786 631 3855 686 Et

2269 714 2390 784 fons
2433 716 2624 786 legitur
2672 726 2719 770 et
2749 717 2942 787 ﬂuvius
2990 715 3216 786 legitur,
3267 717 3356 787 qui
3382 717 3567 788 irrigat
3616 722 3856 788 paradisi

2270 803 2471 873 lignum
2509 805 2837 874 fructuosum
2864 846 2878 870 ,
2909 806 3049 875 quod
3082 807 3125 839 ’ί
3170 806 3308 876 [erat
3358 807 3587 875 fructum
3612 811 3667 864 in
3695 813 3859 869 vitam

2271 901 2558 945 aeternam.
2598 890 2700 945 Hic
2723 909 2845 962 ergo
2868 893 3009 962 fons,
3033 893 3166 947 sicut
3187 893 3378 964 legisti,
3408 897 3463 950 in
3488 899 3735 965 paradiso
3757 911 3856 955 est.

2272 979 2420 1035 Fons
2459 981 2595 1035 enim
2619 981 2871 1049 procedit,
2896 983 3086 1053 inquit,
3107 1000 3171 1037 ex
3196 983 3370 1049 Edeu,
3395 984 3450 1037 id
3470 995 3565 1050 est,
3599 988 3661 1040 in
3677 992 3856 1044 anima

2273 1081 2364 1125 tua
2412 1072 2530 1141 fons
2572 1081 2666 1125 est.
2696 1070 2846 1126 Unde
2881 1083 2931 1126 et
2976 1072 3231 1128 Salomon
3266 1076 3384 1129 ait:
3419 1075 3547 1130 Bibe
3574 1095 3764 1148 aquam
3791 1081 3857 1136 de

2273 1163 2376 1236 tuis
2412 1162 2548 1239 vasis
2596 1172 2644 1216 et
2672 1163 2737 1216 de
2762 1162 2804 1194 η
2825 1172 3101 1233 puteorum
3129 1174 3336 1217 tuorum
3368 1165 3618 1234 fontibus.
3651 1167 3754 1222 Hic
3779 1180 3856 1225 est

2275 1250 2391 1319 fons
2425 1250 2489 1312 ",
2540 1250 2631 1319 qui
2671 1251 2902 1320 procedit
2945 1269 3010 1305 ea:
3046 1251 3137 1306 illa
3164 1256 3449 1309 exercitata
3494 1266 3542 1310 et
3579 1256 3732 1325 plena
3768 1276 3860 1314 vo-

2276 1338 2493 1409 luptatis
2516 1342 2736 1407 anima;
2767 1342 2852 1396 hic
2880 1343 3020 1411 fons,
3053 1346 3145 1414 qui
3174 1346 3358 1415 irrigat
3393 1349 3728 1416 paradisum,
3757 1352 3859 1405 sir-

2277 1440 2360 1484 tus
2401 1433 2714 1485 est.animae
2760 1433 3165 1487 eminentissimo
3203 1435 3349 1504 fonte
3376 1436 3644 1504 pullulans
3676 1438 3741 1491 “*.
3790 1438 3854 1495 Et

2278 1525 2532 1578 dividitur
2555 1566 2570 1589 ,
2600 1526 2800 1597 inquit,
2824 1526 2908 1578 hic
2948 1526 3066 1594 forts
3093 1528 3144 1580 in
3168 1538 3417 1597 quattuor
3442 1529 3616 1583 initia.
3658 1530 3860 1586 Nomen

2278 1625 2353 1670 est
2376 1617 2466 1669 uni
2496 1614 2715 1679 Phison,
2736 1625 2789 1670 et
2809 1626 3010 1680 cetera,
3036 1619 3473 1688 qnae;prael‘atus
3498 1631 3717 1675 sanctus
3735 1622 3860 1677 Am—

2281 1706 2493 1761 brosius
2508 1706 2575 1761 de
2593 1716 2850 1775 quattuor
2864 1708 3094 1776 paradisi
3113 1706 3423 1765 ﬂuminibus
3443 1709 3863 1768 luculentissima

587 1814 760 1859 totum
787 1813 967 1860 tamen
1000 1805 1273 1860 hominem
1301 1805 1538 1860 melioris
1556 1806 1724 1874 partis
1749 1805 2006 1860 vocabulo
2022 1805 2183 1876 signi-
2213 1779 2257 1838 Β
2285 1798 2543 1867 disputat,
2593 1798 2799 1866 singula
2829 1798 3049 1854 ﬂumina
3081 1800 3306 1871 singulis
3337 1801 3550 1857 animae
3572 1804 3863 1860 virtutibus

583 1895 781 1951 ﬁcasse
804 1896 1148 1950 crediderim.
1173 1894 1286 1949 Non
1316 1896 1458 1950 enim
1487 1895 1748 1950 credibile
1773 1903 1872 1956 est,
1908 1896 2178 1949 hominem

587 2003 655 2041 ex
679 1988 944 2056 spirituali
974 1987 1247 2056 paradiso,
1270 2003 1374 2041 non
1404 1997 1582 2041 autem
1614 2002 1681 2040 ex
1707 1986 1995 2056 corporali,
2020 2000 2184 2056 prae-

586 2078 940 2132 varieationis
971 2078 1165 2133 merito
1194 2076 1474 2147 expulsum
1505 2076 1694 2141 fuisse,
1727 2078 1773 2132 si
1810 2078 1916 2131 duo
1942 2077 2178 2147 paradisi

587 2167 675 2222 vel
721 2167 874 2222 fuere
922 2167 1006 2222 vel
1049 2168 1228 2223 adhuc
1258 2178 1405 2222 sunt.
1448 2167 1562 2223 Nisi
1605 2169 1743 2222 torte
1769 2168 1890 2236 quis
1916 2169 2082 2230 dicat,
2114 2168 2181 2222 de

593 2257 861 2327 spirituali
896 2257 1148 2326 paradiso
1173 2257 1544 2327 expulsionem
1585 2257 1819 2312 hominis
1845 2257 2181 2312 solummodo

588 2350 648 2403 in
695 2349 800 2404 hoc
833 2349 954 2404 loco
995 2350 1335 2418 exposuisse,
1383 2346 1623 2416 ejusdem
1660 2364 1788 2403 vero
1833 2365 1901 2404 ex
1938 2348 2178 2404 sensibili

589 2440 803 2509 lapsum
822 2440 1056 2495 siluisse.
1076 2439 1307 2495 Sanctus
1324 2453 1538 2508 quoque
1558 2438 1875 2494 Ambrosinus
1888 2440 1938 2493 in
1952 2440 2182 2508 primor-

592 2530 684 2584 dio
698 2529 841 2593 libri,
864 2545 1025 2599 quem
1053 2530 1270 2599 scrip-it
1286 2531 1351 2584 de
1367 2529 1641 2598 paradiso,
1660 2532 1794 2583 duos
1819 2530 2070 2585 similiter
2089 2545 2182 2598 pa-

589 2620 801 2675 radisos
817 2635 939 2675 esse
956 2618 1168 2675 videtur
1183 2618 1472 2684 aliirmare,
1492 2635 1558 2674 eo
1575 2619 1675 2674 loci
1695 2621 1948 2683 maxime,
1967 2620 2054 2674 ubi
2070 2620 2145 2673 ait
2166 2636 2179 2674 :

593 2710 664 2765 In
696 2711 793 2765 hoc
813 2727 934 2781 ergo
965 2712 1215 2781 paradiso
1238 2711 1498 2765 hominem
1512 2710 1655 2765 Deus
1681 2713 1852 2780 posuit
1874 2728 2025 2781 quem
2046 2711 2185 2782 plas-

591 2802 752 2855 mauit
777 2801 819 2855 ⁸.
848 2800 1087 2872 Intellige
1111 2801 1289 2865 etiam,
1316 2802 1442 2872 quia
1464 2801 1484 2832 ⁸
1515 2818 1618 2855 non
1643 2820 1759 2856 eum
1788 2803 2067 2866 hominem,
2093 2802 2184 2873 qui

592 2891 883 2945 secundum
911 2890 1191 2961 imaginem
1221 2891 1317 2944 Dei
1353 2901 1451 2956 est,
1491 2892 1664 2961 posuit
1701 2894 1754 2946 in
1782 2893 2053 2963 paradiso,
2092 2894 2183 2947 sed

594 2997 737 3045 eum,
770 2980 860 3050 qui
887 2981 1172 3034 secundum
1201 2997 1391 3051 corpus
1420 2991 1531 3047 est;
1560 2983 1905 3050 incorporalis
1945 2985 2084 3038 enim
2126 2985 2183 3037 in

593 3070 712 3123 loco
739 3087 840 3124 non
862 3080 959 3124 est.
1000 3071 1105 3126 Sed
1131 3070 1291 3141 paulo
1319 3081 1439 3141 post
1466 3073 1534 3127 ad
1563 3073 1993 3141 explanationem
2025 3089 2180 3143 para-

596 3158 701 3214 disi
746 3161 1088 3229 perveniens,
1133 3176 1239 3215 nou
1282 3161 1453 3216 solum
1493 3160 1800 3229 paradisum
1828 3163 2183 3232 spiritualiter

595 3250 844 3320 intelligi,
888 3266 1077 3306 verum
1120 3252 1285 3306 etiam
1333 3252 1464 3306 nihil
1517 3254 1661 3307 aliud
1709 3268 1827 3308 esse
1872 3255 2180 3323 paradisum

597 3339 704 3394 nisi
737 3339 912 3409 ipsum
931 3327 1228 3407 hominem,
1252 3342 1697 3398 manifestissime
1710 3346 1922 3409 astruit,
1936 3347 2179 3411 omnino,

594 3439 660 3483 ut
688 3430 938 3494 aestimo,
969 3430 1242 3498 Originem
1269 3445 1522 3498 sequens,
1565 3433 1811 3500 quamvis
1846 3447 1967 3487 eum
1997 3443 2182 3503 aperte

596 3533 708 3572 non
737 3520 1054 3571 nominavit.
1084 3518 1175 3572 Ait
1201 3519 1346 3572 enim
1374 3539 1386 3571 :
1417 3519 1549 3573 Ante
1579 3536 1672 3574 nos
1701 3521 1824 3590 fuit,
1852 3524 1943 3592 qui
1969 3540 2063 3593 per
2088 3541 2179 3578 vo-

596 3608 850 3677 luptatem
882 3609 901 3640 ⁷
949 3618 998 3662 et
1047 3620 1258 3663 sensum
1322 3611 1816 3679 praevaricationem
1865 3615 1929 3667 ab
1974 3617 2180 3670 homine

596 3699 963 3752 memoraverit
1017 3714 1130 3753 esse
1173 3700 1504 3755 commissam
1534 3742 1549 3766 ,
1598 3702 1657 3756 in
1719 3704 1885 3773 specie
1929 3707 2178 3773 serpentis

597 3786 831 3855 ﬁguram
872 3790 1131 3857 accipiens
1178 3790 1567 3858 delectationis,
1604 3793 1659 3847 in
1718 3794 1892 3864 ﬁgura
1944 3796 2179 3851 mulieris

598 3895 829 3946 sensum,
854 3881 911 3935 in
936 3883 1099 3935 animi
1132 3885 1419 3955 mentisque
1449 3895 1568 3956 typo
1616 3888 1783 3941 virum
1830 3889 2178 3955 constituens;

596 3987 771 4043 quem,
795 3990 1006 4027 sensum
1042 3975 1299 4041 videlicet,
1328 3975 1563 4036 αἴσθησιν
1605 3988 1787 4033 vocant
1825 3979 2045 4047 Graeci;
2082 3983 2177 4037 de-

597 4071 746 4131 cepto
784 4073 958 4117 autem
991 4080 1145 4118 sensu
1167 4067 1648 4134 praevaricatricem
1682 4079 1905 4124 mentem
1933 4072 2174 4137 asseruit,

560 4160 563 4163 ‘
596 4169 757 4221 quam
795 4152 985 4207 Graeci
1009 4160 1124 4208 νοῦν
1148 4165 1353 4209 vocant.
1384 4154 1541 4209 Recte
1566 4158 1728 4225 igitur
1752 4160 1807 4213 in
1838 4157 2039 4214 Graeco
2061 4168 2180 4222 vos.-

596 4244 654 4297 ὖη
679 4242 700 4273 ³
747 4242 919 4313 ﬁgura
971 4244 1069 4297 viri
1105 4245 1396 4313 accipitur,
1447 4245 1685 4310 αἴσθησις
1729 4265 1845 4303 vero
1878 4250 1934 4303 θη
1967 4251 2180 4321 ’Μυῖα

504 4344 507 4347 ⁷
596 4334 857 4388 mulieris.
892 4333 1043 4388 Unde
1063 4336 1277 4405 quidam
1303 4338 1471 4389 Adam
1497 4346 1612 4392 νοῦν
1631 4347 1895 4392 terrenum
1930 4341 2180 4410 interpre-

514 4444 519 4449 ο
597 4423 695 4476 tati
715 4432 855 4476 sunt.
886 4423 952 4476 Et
975 4432 1097 4490 post
1118 4424 1393 4494 aliquanta
1418 4442 1431 4477 :
1466 4425 1559 4479 Est
1580 4443 1702 4497 ergo
1721 4427 2012 4482 Paradisus
2038 4440 2179 4483 terra

597 4513 858 4579 quaedam
906 4514 1092 4580 fertilis
1117 4554 1133 4579 ,
1181 4517 1278 4568 hoc
1315 4525 1413 4580 est,
1457 4519 1634 4571 anima
1671 4520 1919 4587 fecunda,
1946 4521 2001 4574 in
2030 4521 2177 4576 Eden

597 4600 859 4668 plantam,
884 4603 982 4653 hoc
1014 4612 1107 4663 est,
1140 4605 1196 4656 in
1224 4604 1479 4673 voluptate
1502 4608 1752 4675 quadam,
1790 4608 1865 4663 vel
1893 4611 2178 4665 exercitata

600 4701 773 4755 terra,
815 4694 873 4745 in
900 4709 1005 4760 qua
1052 4694 1261 4748 animae
1298 4696 1357 4762 fit
1406 4697 1699 4755 delectatio.
1734 4701 1828 4755 Est
1864 4704 2022 4756 etiam
2059 4711 2179 4765 νοῦς

601 4790 850 4847 tanquam
874 4779 1065 4845 Adam,
1094 4790 1140 4834 et
1162 4791 1235 4835 est
1256 4782 1504 4847 αἴσθησις,
1527 4787 1581 4838 id
1604 4797 1676 4841 est
1700 4805 1900 4853 sensus,
1927 4801 2177 4860 tanquam

600 4870 735 4924 Eva.
756 4871 829 4923 Ac
849 4887 913 4924 ne
932 4872 1167 4936 haberes,
1189 4875 1327 4944 quod
1349 4876 1419 4929 ad
1449 4876 1715 4944 infirmum
1737 4889 2055 4951 retorqueres
2085 4898 2177 4934 na-

602 4970 771 5025 turae,
801 4961 878 5014 vel
919 4962 987 5013 ad
1022 4962 1299 5019 obnoxiam
1324 4966 1378 5020 in
1415 4967 1700 5022 tolerandis
1724 4971 1969 5037 periculis
1995 4973 2177 5025 condi-

598 5052 813 5114 tionem,
837 5053 1129 5117 considera,
1156 5072 1289 5125 quae
1313 5057 1463 5110 habet
1498 5059 1539 5090 ¹⁰
1587 5060 1763 5112 anima
1794 5060 1896 5114 ista
1918 5060 2173 5116 subsidia.

599 5142 734 5196 Erat
766 5142 905 5211 fons,
945 5147 1037 5215 qui
1071 5146 1313 5217 irrigaret
1341 5149 1668 5218 paradisum.
1712 5148 1842 5213 Quis
1868 5150 1985 5218 fons
2008 5152 2033 5204 7
2069 5152 2176 5206 Do-

2283 1903 2627 1957 comparans,
2663 1888 2864 1945 Phison
2893 1890 3109 1959 quidem
3135 1930 3149 1954 ,
3182 1891 3273 1959 qui
3305 1893 3598 1948 secundum
3629 1893 3862 1951 Graecos

2282 1980 2492 2052 szges
2524 1983 2737 2043 dicitur,
2773 1981 3107 2051 prudentiae,
3138 1982 3285 2038 (ἱεοη
3312 1992 3513 2051 autem,
3541 1987 3633 2055 qui
3661 1996 3743 2042 est
3764 1986 3862 2042 Ni-

2280 2070 2363 2124 lus
2386 2112 2402 2135 ,
2432 2072 2837 2140 temperantiae,
2868 2070 3087 2143 Tygrin,
3117 2073 3208 2142 qui
3240 2072 3516 2128 velocitate
3542 2076 3622 2130 sui
3670 2091 3864 2132 cursus

2281 2161 2500 2226 dicitur,
2525 2159 2843 2221 fortitudini,
2862 2162 3173 2232 Euphraten
3188 2178 3317 2219 vero
3336 2164 3860 2233 justitiaeNidesne,

2281 2254 2732 2322 quemadmodum
2798 2253 3151 2323 spiritualiter
3193 2255 3437 2326 intelligit
3505 2255 3863 2326 paradisum?

2282 2346 2622 2402 Dtsc.Video.
2650 2344 2754 2401 Sed
2775 2345 3023 2401 fortassis
3044 2348 3167 2417 quis
3188 2348 3401 2410 dixerit,
3428 2348 3600 2418 magis
3612 2350 3864 2421 allegori~

2282 2453 2407 2493 zare
2430 2476 2445 2502 ,
2475 2451 2634 2506 quam
2661 2437 2973 2506 paradisum
3021 2438 3359 2507 corporalem
3391 2453 3590 2511 negare
3626 2439 3861 2497 videtur.

2281 2527 2416 2583 Nam
2444 2530 2486 2584 si
2518 2528 2854 2598 corporalem
2879 2536 2933 2583 et
2960 2526 3181 2583 localem
3209 2529 3519 2599 paradisum
3547 2545 3653 2584 nou
3676 2530 3859 2585 existi-

2283 2628 2459 2675 maret
2490 2635 2629 2685 esse,
2658 2637 2764 2675 non
2793 2620 3039 2676 fortassis
3064 2621 3115 2675 in
3150 2636 3402 2690 processu
3425 2621 3652 2692 praelati
3680 2623 3858 2692 Operis

2282 2722 2403 2781 post
2422 2711 2720 2782 spiritualis
2743 2712 3002 2780 paradisi,
3027 2712 3118 2780 qui
3142 2712 3255 2766 sive
3277 2712 3392 2781 ipsa
3417 2711 3597 2765 anima
3619 2719 3718 2776 est,
3744 2711 3857 2765 sive

2283 2802 2484 2871 aliquid
2512 2802 2813 2872 spirituale,
2860 2802 2914 2855 in
2959 2818 3067 2872 quo
3106 2801 3287 2855 anima
3332 2801 3375 2833 ¹⁸
3413 2802 3704 2856 constituta
3754 2809 3857 2862 est,

2282 2893 2673 2963 expositionem
2703 2894 2949 2960 adderet,
2971 2909 3246 2964 exponens
3270 2893 3415 2947 illum
3440 2893 3642 2957 locum,
3675 2892 3725 2946 in
3754 2907 3858 2962 quo

2284 2986 2542 3055 scriptum
2571 2994 2694 3039 est:
2730 2985 2798 3038 Et
2847 2985 3182 3055 apprehendit
3221 2984 3361 3038 Deus
3403 2983 3662 3037 hominem
3711 2997 3859 3052 quem

2286 3076 2429 3143 fecit,
2460 3084 2506 3127 et
2530 3076 2699 3144 posuit
2741 3091 2858 3128 eum
2881 3076 2935 3129 in
2979 3074 3226 3145 paradiso
3261 3073 3466 3144 operari
3501 3081 3549 3127 et
3583 3071 3858 3126 custodire.

2301 3162 2469 3228 Vides,
2497 3165 2685 3233 inquit,
2708 3165 2975 3235 quoniam,
2999 3164 3087 3234 qui
3109 3173 3242 3226 erat,
3264 3160 3706 3232 apprehenditur?
3731 3158 3858 3212 Erat

2283 3265 2456 3309 autem
2504 3256 2561 3308 in
2623 3265 2762 3308 terra
2817 3254 3180 3325 plasmationis
3228 3254 3271 3284 ¹⁶
3325 3269 3470 3306 suae.
3514 3249 3859 3322 Apprehcudit

2280 3363 2403 3416 ergo
2431 3362 2549 3399 eum
2596 3347 2761 3400 virtus
2810 3345 2941 3412 Dei,
2972 3346 3178 3416 spirans
3221 3346 3263 3377 ¹⁷
3290 3360 3562 3414 processus
3600 3352 3650 3396 et
3697 3343 3857 3396 incre-

2280 3446 2454 3491 menta
2487 3438 2717 3490 virtutis.
2741 3435 2971 3507 Denique
2995 3437 3053 3490 in
3071 3435 3319 3506 paradiso
3340 3450 3457 3488 eum
3485 3432 3778 3495 collocavit,
3805 3438 3858 3483 ut

2281 3527 2657 3596 apprehensum
2693 3526 2845 3597 quasi
2891 3528 3067 3597 afﬂatu
3119 3526 3325 3579 divinae
3371 3524 3631 3578 servitutis
3656 3522 3721 3574 η.
3748 3520 3858 3587 Qua

2280 3618 2381 3672 loci
2404 3617 2536 3671 illud
2557 3619 2791 3685 adverte,
2812 3620 2937 3688 quia
2966 3628 3113 3675 extra
3141 3618 3446 3687 paradisum
3473 3618 3550 3670 vir
3570 3617 3742 3684 factus
3764 3623 3855 3677 est,

2279 3719 2326 3762 et
2360 3708 2400 3739 ¹⁹
2431 3708 2621 3763 mulier
2656 3710 2795 3763 intra
2826 3710 3156 3779 paradisum,
3208 3718 3263 3762 ut
3292 3709 3566 3771 advertas,
3597 3705 3734 3778 quod
3757 3720 3858 3758 non

2280 3800 2402 3864 loci,
2430 3816 2531 3853 non
2568 3802 2767 3869 generis
2812 3798 3115 3863 nobilitate,
3162 3799 3252 3852 sed
3287 3800 3474 3852 virtute
3510 3796 3858 3865 unusquisque

2278 3894 2501 3962 gratiam
2515 3891 2612 3945 sibi
2628 3900 2916 3955 comparat.
2936 3888 3165 3958 Denique
3188 3898 3338 3942 extra
3350 3886 3655 3956 paradisum
3669 3884 3854 3953 factm,

2280 3985 2375 4037 hoc
2397 3994 2491 4048 est,
2523 3985 2577 4037 in
2605 3983 2852 4052 inferiore
2881 3982 2996 4037 loco
3030 3982 3110 4036 vir
3151 3981 3337 4037 melior
3362 3980 3645 4042 invenitur,
3667 3986 3717 4030 et
3744 3974 3856 4039 illa,

2279 4090 2411 4144 quae
2432 4074 2485 4127 in
2502 4073 2715 4127 meliore
2731 4072 2862 4135 loco,
2879 4073 2977 4125 hoc
3000 4080 3096 4136 est,
3119 4073 3173 4124 in
3183 4072 3431 4141 paradiso
3445 4069 3586 4137 facta
3607 4075 3682 4121 est
3702 4066 3860 4132 ",in-

2280 4163 2442 4233 {erior
2461 4162 2715 4230 reperitur
2737 4164 2801 4215 ²¹.
2830 4161 3025 4216 Mulier
3044 4163 3181 4215 enim
3207 4162 3353 4230 prior
3375 4160 3585 4229 decepta
3606 4167 3684 4213 est
3709 4157 3774 4224 “,
3808 4164 3857 4211 et

2280 4239 2443 4308 virum
2481 4255 2593 4324 ipsa
2614 4255 2829 4323 decepit.
2860 4253 3112 4323 Nunquid
3139 4253 3223 4306 his
3248 4253 3431 4308 verbis
3456 4251 3740 4306 manifeste
3764 4250 3856 4305 da-

2283 4353 2371 4397 tur
2402 4344 2650 4414 intelligi,
2679 4345 2904 4400 localem
2934 4344 3276 4414 paradisum,
3307 4359 3372 4398 ac
3403 4358 3500 4413 per
3534 4344 3638 4396 hoc
3666 4354 3856 4410 corpo-

2208 4473 2257 4531 Β
2286 4434 2450 4488 ralem
2476 4444 2637 4503 atque
2658 4435 2965 4489 sensibilem
2989 4434 3222 4489 voluisse
3248 4432 3537 4488 astruere?
3568 4430 3706 4487 Mss.
3728 4429 3858 4485 Cum

2287 4523 2388 4586 his,
2421 4523 2511 4591 qui
2540 4523 2584 4552 ³³
2632 4523 2757 4576 talia
2789 4523 3001 4587 volunt,
3028 4538 3135 4577 non
3177 4531 3261 4576 est
3289 4532 3534 4574 nostrum
3562 4517 3856 4574 colluctari.

2285 4614 2471 4682 Neque
2496 4614 2639 4668 enim
2670 4615 2803 4667 duos
2832 4613 3111 4683 paradisus
3133 4626 3272 4676 esse,
3302 4627 3467 4666 unum
3494 4610 3710 4679 quidem
3743 4621 3860 4662 cor-

2283 4702 2545 4773 poralem,
2591 4702 2821 4755 alterum
2867 4716 2996 4756 vero
3038 4699 3375 4771 spiritualem
3426 4712 3711 4768 negamus,
3761 4708 3861 4749 nec

2284 4790 2632 4843 aﬂirmamus.
2663 4787 2984 4843 Sanctorum
3032 4797 3212 4844 autem
3261 4787 3480 4842 Patrum
3523 4783 3861 4839 solummodo

2285 4880 2584 4933 sententias
2618 4879 2832 4932 interim
2861 4880 3004 4933 inter
3030 4895 3130 4934 nos
3155 4878 3515 4934 conferimus:
3550 4873 3644 4945 qui
3674 4880 3857 4928 autem

2284 4970 2455 5039 magis
2502 4969 2761 5036 sequendi
2810 4979 2959 5034 sunt,
3008 4985 3114 5023 non
3165 4977 3249 5023 est
3290 4976 3532 5022 nostrum
3569 4962 3853 5032 judicare;

2285 5060 2653 5130 unusquisque
2678 5075 2777 5114 suo
2817 5076 2975 5114 sensu
3023 5062 3293 5120 abundet,
3328 5067 3383 5112 et
3411 5071 3551 5127 quos
3579 5062 3856 5125 sequatur,

2283 5153 2466 5223 eligat,
2495 5151 2883 5222 litigationibus
2911 5152 3131 5205 relictis.
3168 5152 3274 5205 Sed
3302 5164 3402 5204 ‘uo
3429 5163 3591 5204 sensu
3614 5160 3855 5202 summae

1882 5240 2136 5298 VARIAE
2174 5244 2350 5302 LECT
2358 5242 2466 5297 ION
2476 5241 2579 5296 ES.

672 5327 952 5401 f_Sic_CF;
985 5331 1031 5385 A
1058 5332 1346 5401 inﬁrmant.
1422 5332 1444 5401 Ρ
1476 5331 1582 5396 CF;
1610 5332 1895 5400 inﬁrmum.

598 5397 619 5428 ⁵
651 5394 744 5451 Sic
768 5398 886 5463 CF;
912 5402 955 5454 A
985 5394 1248 5468 formavit.
1358 5402 1380 5433 ⁸
1411 5400 1502 5456 Sic
1531 5394 1641 5466 CF;
1665 5394 1713 5455 ’Δ
1777 5403 1900 5455 uad.

599 5467 644 5518 Δ
678 5466 885 5521 ltabeat.
987 5471 1027 5502 ”
1055 5472 1139 5521 CF
1184 5487 1306 5521 auo.
1383 5473 1425 5505 ι’
1452 5474 1516 5521 de
1539 5488 1648 5521 om.
1680 5420 1785 5521 (Ζὲ.
1867 5472 1900 5505 υ

603 5544 685 5611 est
713 5536 921 5611 virtutes
951 5540 1161 5611 animae
1189 5536 1238 5595 ὁ.
1270 5540 1669 5611 ἰέναιιιιιαηιεε.

600 5602 686 5675 CF
699 5621 718 5675 7;
763 5609 808 5658 Α
851 5608 1133 5675 inspirans.

604 5672 648 5703 '°
678 5674 821 5741 facta
848 5672 1051 5728 estom.
1086 5680 1189 5732 CF.

1997 5333 2023 5437 ξ
2045 5333 2153 5437 ﬁl?
2185 5332 3113 5437 ἷξείἐηέίέζί¹ί¹ί⁹ξ⁴¹ἒὶἭῗηίὲίδίίωῖἔ
3130 5349 3294 5437 εῗίδὲἓξ

987 5404 1248 5468 formavi!-
1358 5404 1380 5433 ⁸
1411 5404 1502 5456 Sic
1531 5404 1641 5466 CF;
1673 5404 1900 5525 Alguod.
1997 5404 2020 5437 "
2045 5404 2149 5470 CF;
2185 5408 2516 5462 wluntatem.
2622 5406 2644 5437 ⁸
2674 5405 2730 5457 in
2762 5420 2870 5458 om.
2905 5404 2969 5457 A.
3082 5404 3102 5433 °
3130 5405 3185 5457 in
3205 5419 3313 5484 om.
3344 5404 3411 5456 Α.
3540 5404 3586 5483 ίξ
3636 5404 3727 5454 Sic
3748 5404 3853 5463 CF;

1055 5472 1139 5527 CF
1184 5487 1306 5554 quo.-
1383 5473 1516 5554 ψ
1680 5474 1720 5528 υ
1749 5472 1908 5554 .1..."
1941 5473 2043 5554 [θέε
2068 5487 2168 5554 αρε.
2192 5477 2310 5547 rom
2335 5492 2446 5531 οηι⁸
2474 5473 2603 5554 ρετ
2658 5473 2701 5541 ιε
2727 5473 2818 5554 sic
2846 5472 3145 5554 saw
3185 5475 3374 5554 urgeat
3397 5468 3858 5554 parad-summe

1346 5542 1669 5625 pullulantes.
1699 5621 1709 5625 Δ
1748 5543 1910 5625 πβίο
1938 5544 2022 5600 CF
2040 5561 2053 5608 ;
2154 5542 2208 5599 in
2228 5564 2334 5616 qua
2354 5545 2642 5625 constituta
2666 5553 2769 5625 est.
2829 5544 3009 5625 .f'Sic
3029 5543 3146 5608 CF;
3250 5542 3603 5625 formationis.

1214 5610 1256 5643 "
1302 5610 1391 5666 Sic
1419 5611 1542 5672 CF:
1583 5614 1627 5667 A
1650 5621 1712 5668 ut
1742 5615 1876 5668 scias
1922 5610 2315 5683 apprehensum

1290 5686 1332 5712 ‘"
1372 5686 1462 5738 Sic
1507 5683 1623 5750 CF;
1676 5685 1722 5739 Δ
1765 5688 2019 5755 reperitur
2061 5685 2301 5754 inferior.

3399 5331 3534 5387 ‘Sic
3566 5329 3691 5395 CF;
3729 5329 3771 5382 A
3808 5345 3853 5379 ε.

2622 5406 2644 5437 ⁸
2674 5405 2730 5457 in
2762 5420 2870 5458 om.
2905 5397 2969 5457 Ᾱ.
3082 5401 3102 5433 ⁸
3130 5405 3185 5457 in
3205 5419 3313 5459 om.
3344 5402 3411 5456 Α.
3540 5401 3586 5433 ¹⁶
3636 5399 3727 5454 Sic
3748 5397 3853 5463 CF;

3699 5537 3744 5569 ιτ
3768 5537 3823 5569 ας

2396 5545 2642 5599 Justituta
2666 5540 2769 5598 est.
2848 5544 2891 5575 “
2918 5535 3009 5599 Sic
3029 5535 3146 5608 CF;
3178 5544 3224 5598 A
3250 5535 3603 5611 humationis.
3699 5537 3744 5569 "
3768 5535 3860 5592 Sic

2396 5614 2509 5668 nasi
2542 5614 2772 5677 aﬂiatum
2806 5614 2986 5667 divina
3024 5630 3134 5667 esse
3161 5616 3370 5668 virtute.
3449 5612 3491 5645 “
3520 5621 3568 5665 et
3610 5623 3718 5665 om.
3749 5604 3858 5663 CF.

2406 5685 2424 5715 ¹
2456 5693 2529 5737 est
2571 5697 2679 5739 om.
2729 5687 2833 5738 CF.
2910 5690 2957 5716 "
3003 5684 3047 5739 A
3078 5691 3221 5755 quia.
