4212 6272
560 317 666 372 319

1944 310 2226 370 JOANNIS
2262 311 2458 370 SCOTI

3721 309 3846 364 8ἒο

559 435 876 500 sequuntur.
915 427 1033 484 Non
1069 429 1136 483 al)
1167 444 1226 485 re
1265 428 1429 485 etiam
1461 428 1513 492 ⁸,
1561 433 1620 481 ut
1653 426 1863 496 opinor,
1915 434 2134 482 senten-
2163 427 2215 484 Α
2239 440 2398 493 gnum
2426 423 2577 486 vitae,
2614 429 2664 477 et
2704 437 2854 476 omne
2894 419 3119 492 lignum,
3165 421 3318 492 cujus
3343 421 3512 475 cibum
3547 422 3835 476 secundum

561 521 690 574 tiam
721 521 909 591 magni
928 521 1171 590 Gregorii
1201 519 1422 591 Nyssaei
1449 519 1518 574 de
1545 535 1668 575 esca
1699 517 1929 588 paradisi
1957 557 1971 581 ,
2001 525 2055 570 et
2080 517 2148 572 de

561 611 704 682 ligno
737 612 901 676 vitae,
934 613 1105 681 deque
1137 611 1395 666 scientiae
1426 609 1550 666 boni
1580 619 1634 664 et
1665 608 1790 663 mali
1821 607 1964 676 ligno
1999 607 2144 661 inse-

560 717 702 757 rere.
743 701 798 756 In
829 702 1089 757 vicesimo
1119 701 1355 771 capitulo
1377 699 1641 756 sermonis
1665 700 1728 754 de
1747 698 1982 768 lmagine
2008 715 2020 750 :
2047 697 2148 750 Re-

562 801 663 857 cte,
695 791 883 860 inquit,
927 791 1144 860 quisque
1192 793 1213 820 ³
1260 806 1364 844 non
1411 791 1466 842 in
1506 789 1722 842 eandem
1778 788 1966 840 iterum
2017 786 2148 840 ritae

561 883 783 950 speciem
807 897 1132 935 reversurum
1157 897 1266 934 esse
1285 879 1544 932 hominem
1578 879 1726 940 dicit,
1765 886 1812 931 et
1845 877 1889 941 ³,
1927 877 1972 930 si
1999 877 2146 944 prius

559 971 616 1024 in
647 969 960 1024 comedenda
987 969 1130 1024 nobis
1156 969 1347 1036 species
1386 969 1519 1021 vitae
1549 977 1684 1031 erat,
1732 969 1945 1036 posthac
1978 965 2000 997 ⁸
2050 984 2148 1020 au-

557 1067 662 1112 tem
689 1059 782 1112 tali
805 1059 1258 1113 administratione
1285 1057 1639 1110 liberabimur.
1675 1054 1779 1110 Sed
1809 1073 1899 1126 ego
1935 1065 2148 1109 sanctae

557 1148 866 1203 auscultans
896 1149 1220 1216 Scripturae,
1250 1165 1352 1202 non
1389 1147 1558 1201 solum
1599 1147 1916 1216 corporalem
1959 1163 2148 1216 cogno-

557 1253 648 1292 sco
675 1238 868 1303 cibum,
903 1255 1064 1308 neque
1099 1238 1264 1292 solam
1313 1238 1485 1290 carnis
1533 1237 1808 1301 laetitiam,
1858 1235 1947 1288 sed
1989 1237 2146 1288 etiam

556 1325 775 1382 alteram
803 1329 1068 1398 quandam
1092 1344 1286 1389 escam,
1311 1326 1608 1396 analogiam
1629 1327 1894 1396 quandam
1929 1326 1997 1379 ad
2032 1343 2148 1380 cor-

553 1419 698 1488 poris
717 1419 962 1473 alimenta
983 1419 1272 1483 habentem,
1297 1419 1449 1487 cujus
1496 1419 1674 1488 fruitio
1695 1419 1718 1451 ⁸
1739 1421 1790 1472 in
1812 1420 2040 1473 animam
2063 1437 2148 1474 so-

555 1505 661 1560 lam
688 1509 990 1576 pertransit.
1007 1507 1273 1562 Comedite
1285 1527 1349 1563 ex
1364 1511 1488 1562 meis
1502 1510 1745 1577 panibus,
1759 1512 2014 1580 sapientia
2029 1529 2148 1565 esu-

553 1599 805 1652 rientibus
814 1600 1050 1668 jubet,et
1063 1617 1170 1664 eos,
1185 1601 1274 1670 qui
1303 1601 1456 1654 talem
1483 1601 1654 1654 cibum
1677 1603 1936 1666 esuriant,
1962 1602 2146 1656 Domi-

555 1701 654 1740 nus
683 1687 946 1756 beatiﬁcat
974 1703 993 1740 :
1021 1688 1171 1743 Beati
1200 1691 1288 1760 qui
1317 1693 1554 1745 esuriunt
1583 1702 1630 1746 et
1657 1692 1838 1746 sitiunt
1859 1692 2148 1762 justitiam,

2249 511 2417 565 Deum
2446 513 2670 579 formato
2710 510 2794 564 lex
2819 511 2928 564 dat.
2985 509 3030 562 E
3063 512 3324 564 contrario
3355 521 3528 565 autem
3558 523 3834 580 separatur

2248 604 2314 656 ab
2342 603 2438 655 hoc
2467 601 2605 670 ligno
2632 600 2855 654 alterum
2877 599 3096 668 lignum,
3123 599 3276 668 cujus
3305 600 3450 653 cibus
3479 599 3600 652 boni
3629 610 3676 652 et
3705 600 3840 652 mali

2249 693 2463 747 scientia
2499 700 2595 754 est,
2657 691 2780 744 dum
2826 707 2930 744 non
2977 690 3274 761 specialiter
3317 690 3627 744 alterutrum
3657 705 3684 744 e
3710 708 3832 744 con-

2249 783 2414 836 trario
2450 781 2865 851 signi/iratorum
2905 783 2959 834 in
3009 793 3156 850 parte
3196 782 3473 850 fructi/ica!
3503 795 3520 832 :
3547 784 3637 834 sed
3671 797 3842 850 quen-

2249 873 2370 924 dam
2393 871 2668 940 confusum
2691 871 3011 940 mixtumque
3035 871 3262 937 fructum
3287 871 3533 940 pullulat,
3557 872 3836 926 contrariis

2247 961 2583 1032 qualitatibus
2627 971 2940 1014 concretum.
3009 959 3174 1030 Cujus
3225 977 3396 1014 escam
3441 959 3674 1031 prohibet
3723 960 3834 1014 dux

2250 1055 2402 1116 vitae,
2432 1053 2707 1107 consilium
2735 1069 2850 1106 vero
2881 1052 3034 1106 dat“
3061 1069 3297 1120 serpens,
3341 1060 3395 1104 ut
3425 1053 3582 1104 morti
3613 1069 3830 1119 praepa-

2251 1150 2388 1193 raret
2419 1141 2712 1192 introitum.
2748 1138 2813 1192 Et
2843 1156 3034 1193 suasor
3062 1140 3234 1209 factus
3259 1149 3331 1192 est
3361 1139 3635 1193 consilium
3673 1140 3825 1202 dans,

2250 1230 2370 1283 boni
2402 1230 2450 1262 "
2469 1229 2698 1300 quadam
2731 1227 3117 1298 pulchritudine
3152 1246 3214 1283 ac
3245 1227 3584 1282 delectatione
3633 1228 3758 1282 mali
3782 1228 3834 1260 "

2249 1321 2476 1392 fructum
2501 1317 2961 1382 circumcolorans,
2989 1329 3043 1371 ut
3065 1317 3438 1372 delectabiliter
3465 1319 3744 1380 videretur,
3767 1335 3832 1370 ac

2248 1410 2564 1462 desiderium
2581 1409 2649 1461 ad
2669 1418 2872 1478 gustum
2895 1417 3330 1477 superponeretur
3348 1407 3416 1460 ”.
3439 1407 3586 1460 Idem
3616 1406 3669 1460 in
3683 1407 3824 1485 rice-

2249 1504 2386 1558 simo
2407 1503 2644 1571 ejusdem
2667 1501 2931 1554 sermonis
2951 1499 3214 1566 capitulo:
3236 1497 3376 1564 Quid
3389 1515 3510 1568 ergo
3522 1508 3619 1560 est,
3637 1498 3833 1568 inquit,

2247 1592 2380 1646 illud
2411 1593 2606 1662 lignum
2636 1590 2868 1646 videlicet
2900 1593 2968 1656 ’⁸,
3004 1592 3143 1662 quod
3199 1591 3330 1642 bono
3356 1598 3406 1644 et
3450 1590 3590 1644 malo
3615 1589 3660 1622 ”
3691 1608 3829 1645 com-

2247 1683 2468 1736 mixtam
2495 1682 2645 1736 habet
2675 1681 2966 1744 scientiam,
3008 1680 3460 1744 delectationibus,
3491 1697 3624 1752 quae
3647 1698 3828 1735 secun-

549 1789 598 1832 et
629 1794 648 1832 :
677 1775 734 1833 Si
755 1780 872 1844 quis
893 1781 1021 1843 siit,
1055 1759 1221 1850 inquit
1245 1781 1296 1846 ‘,
1341 1783 1508 1836 veniat
1536 1783 1605 1835 ad
1635 1799 1716 1837 me
1740 1793 1786 1837 et
1816 1759 1976 1837 bibat.
2021 1783 2139 1837 Ma-
2173 1764 2213 1822 Β
2240 1773 2365 1826 dum
2391 1789 2598 1826 sensum
2625 1772 2994 1852 sunt,insitam
3019 1771 3066 1802 ”
3090 1771 3116 1825 .9
3138 1759 3260 1824 Non
3285 1769 3437 1840 longe
3461 1773 3676 1842 it‘aquea
3700 1773 3834 1826 veri-

548 1885 683 1938 gnus
708 1869 830 1922 item
853 1868 1024 1924 Isaias
1046 1885 1064 1922 :
1098 1871 1251 1925 bibite
1271 1873 1291 1904 ⁷
1325 1871 1602 1937 laetitiam,
1630 1873 1916 1928 ualentibus
1943 1875 2145 1944 magni-

549 1957 815 2025 ﬁcentiam
865 1959 979 2027 ejus
1034 1960 1254 2015 laudare
1293 1963 1570 2030 praecepit.
1628 1961 1722 2017 Est
1774 1973 1949 2017 autem
1987 1978 2146 2034 quae.

551 2045 677 2098 dam
713 2047 1044 2101 comminatio
1076 2051 1373 2118 prophetica
1407 2053 1654 2106 adversus
1685 2069 1793 2118 eos,
1825 2055 1914 2124 qui
1945 2054 2144 2108 ultione

548 2133 696 2203 digni
725 2145 845 2187 sunt
871 2174 886 2199 ,
924 2135 1084 2189 veluti
1115 2137 1256 2206 [ante
1287 2141 1620 2208 (arguendos.
1673 2139 1866 2195 Fames
1895 2157 2010 2194 vero
2040 2157 2143 2196 non

550 2224 703 2293 panis
725 2233 798 2278 est
823 2225 1080 2294 quaedam
1108 2237 1306 2296 egestus
1339 2239 1384 2282 et
1407 2247 1596 2299 aquae.
1617 2231 1706 2284 sed
1729 2231 1863 2284 verbi
1887 2232 2138 2300 defectus.

552 2311 678 2365 Non
708 2313 844 2367 enim
875 2313 1066 2381 famem
1091 2317 1266 2383 panis,
1299 2318 1484 2388 inquit,
1513 2319 1591 2374 vel
1618 2320 1639 2352 ⁸
1662 2322 1804 2375 sitim
1835 2339 2022 2392 aquae,
2052 2323 2142 2376 sed

549 2401 742 2470 famem
799 2404 1050 2460 audiendi
1122 2407 1332 2461 verbum
1397 2407 1628 2464 Domini.
1697 2410 1970 2480 Numquid
2019 2429 2140 2483 ergo

545 2491 890 2562 plantationis
917 2494 1015 2548 Dei
1041 2497 1095 2550 in
1120 2493 1268 2550 Edon
1299 2499 1517 2553 deliciae
1544 2511 1700 2566 sunt;
1726 2519 1847 2556 nam
1870 2506 1891 2535 ³
1921 2503 2142 2556 deliciae

547 2579 700 2637 Eden
727 2584 1117 2654 interpretatur.
1137 2583 1423 2656 Lignorum
1440 2588 1752 2659 “quendam
1768 2594 2000 2646 convenit
2028 2592 2140 2660 fru-

547 2683 689 2726 ctum
713 2674 754 2704 “
783 2675 1088 2743 intelligere,
1117 2695 1178 2730 ac
1193 2695 1284 2744 per
1308 2679 1404 2732 hoc
1434 2679 1714 2736 comedisse
1745 2683 2006 2738 hominem
2037 2699 2140 2737 non

549 2761 791 2817 dubitare
817 2803 832 2828 ,
861 2772 908 2817 et
940 2765 980 2795 ³¹
1025 2775 1128 2818 non
1174 2767 1384 2820 omnino
1421 2770 1776 2823 transitoriam
1807 2770 2142 2842 [luxilemque

547 2851 686 2904 hanc
737 2867 908 2905 escam
952 2853 1007 2906 in
1063 2854 1300 2919 paradisi
1362 2857 1750 2910 conversatione
1807 2861 2029 2928 recipere
2083 2853 2140 2912 in

546 2939 643 2992 hoc
671 2955 689 2994 :
717 2939 786 2992 Ab
814 2943 955 2995 omni
982 2943 1024 2974 "
1051 2944 1210 3013 ligno,
1236 2945 1376 3014 quod
1405 2955 1477 2998 est
1500 2948 1551 3000 in
1574 2947 1843 3017 paradiso,
1863 2949 2033 3000 cibum
2048 2966 2138 3002 co-

545 3030 752 3083 metite.
779 3027 909 3094 Quis
929 3031 1070 3085 dabit
1091 3035 1326 3088 sanando
1349 3035 1423 3088 sic
1440 3036 1481 3066 “
1497 3039 1744 3092 esurienti
1763 3038 1959 3108 lignum
1981 3038 2133 3104 illud,

544 3115 685 3188 quod
710 3129 783 3172 est
816 3121 870 3174 in
897 3123 1175 3189 paradiso,
1207 3125 1346 3195 quod
1379 3143 1530 3180 omne
1566 3128 1756 3181 bonum
1795 3130 2132 3196 comprehcn-
2163 3111 2207 3172 ο

545 3207 641 3270 dit,
673 3209 756 3262 cui
787 3227 970 3264 nomen
999 3222 1072 3266 est
1100 3219 1226 3280 πᾶν,
1267 3215 1323 3268 id
1349 3225 1424 3267 est
1457 3231 1632 3280 onme,
1669 3217 1820 3286 cujus
1844 3219 2134 3286 participa-

543 3297 736 3351 tionem
781 3299 980 3352 homini
1025 3300 1109 3355 lex
1150 3315 1370 3356 naturae
1402 3303 1445 3334 "
1464 3303 1669 3358 donat?
1715 3302 1956 3358 Cenerati
1997 3307 2134 3358 enim

541 3397 591 3441 et
613 3389 1014 3454 supereminenti
1046 3391 1245 3465 ratione
1269 3392 1491 3445 “omnis
1525 3393 1776 3446 bonorum
1799 3393 1970 3462 forma
1993 3395 2133 3465 apud

543 3475 769 3544 seipsum
829 3479 1240 3533 connaturaliter
1294 3481 1446 3534 habet
1500 3493 1690 3548 totum,
1735 3493 1782 3536 et
1833 3501 1994 3538 unum
2035 3495 2130 3541 est.

549 3561 682 3627 Quis
709 3581 788 3617 me
822 3566 1100 3620 commixto
1127 3585 1192 3621 ex
1222 3581 1440 3640 utroque
1469 3571 1596 3642 ligni
1630 3582 1783 3643 gustu
1811 3577 2135 3646 segregabit?

546 3649 774 3706 Omnino
800 3654 936 3707 enim
965 3673 1068 3710 non
1097 3666 1169 3711 est
1201 3661 1664 3729 perspicacioribus
1684 3665 1982 3733 obscurum,
2008 3671 2133 3740 quid

543 3755 698 3795 omne
732 3741 898 3810 illud,
940 3745 1090 3814 cujus
1119 3747 1321 3815 fructus
1351 3750 1452 3804 vita
1489 3769 1509 3806 :
1535 3762 1585 3806 et
1627 3753 1834 3820 iterum,
1875 3760 2002 3828 quid
2037 3761 2133 3815 hoc

542 3831 767 3885 mixtum
791 3873 806 3901 ,
851 3835 1002 3905 cujus
1045 3837 1168 3907 ﬁnis
1213 3850 1288 3894 est
1321 3859 1460 3896 mors
1494 3843 1555 3897 ".
1585 3843 1724 3898 Nam
1773 3849 1862 3917 qui
1891 3849 1956 3901 ab
1992 3853 2134 3904 omni

544 3936 700 3976 usum
725 3923 768 3958 ¹⁸
797 3927 1000 3995 copiose
1034 3931 1274 3998 proponit
1303 3973 1318 3997 ,
1351 3933 1549 3988 ratione
1577 3937 1808 4006 quadam
1839 3940 2048 3994 omnino
2082 3951 2132 3996 et

541 4013 868 4082 providentia
935 4020 1354 4088 promiscuorum
1405 4025 1802 4093 participatione
1871 4029 2129 4084 hominem

543 4107 795 4177 prohibet.
841 4109 909 4164 Et
951 4113 1078 4167 mihi
1125 4115 1328 4169 videtur
1366 4133 1586 4188 magnus
1624 4118 1794 4172 Dat-id
1839 4131 1885 4174 et
1924 4123 2130 4192 sapiens

545 4198 800 4257 Salomon
812 4205 1057 4275 magister
1067 4207 1225 4278 hujus
1242 4207 1368 4280 legis
1381 4211 1750 4280 expositionem
1765 4215 2046 4284 suscepisse
2061 4215 2126 4282 ¹⁹;

545 4301 758 4362 uterque
797 4295 935 4350 enim
974 4313 1246 4354 concessae
1285 4317 1433 4354 escae
1473 4317 1632 4355 unam
1655 4299 1908 4372 intelligat
1933 4304 1980 4335 ¹⁰
2008 4322 2132 4374 gra-

543 4385 693 4452 tiam,
715 4389 882 4458 ipsum
896 4391 1108 4457 bonum,
1124 4393 1260 4462 quod
1284 4410 1397 4448 vere
1421 4403 1516 4458 est,
1543 4393 1682 4465 quod
1707 4395 1862 4448 etiam
1884 4413 2033 4450 omne
2053 4408 2126 4451 est

543 4475 733 4532 bonum
757 4495 775 4530 :
800 4479 968 4534 David
987 4485 1194 4551 quidem
1225 4477 1419 4548 dicens,
1451 4484 1706 4539 delectare
1729 4484 1773 4514 ²¹
1791 4485 1844 4538 in
1875 4484 2122 4553 Domina,

545 4565 798 4622 Salomon
841 4581 1014 4623 autem
1058 4573 1226 4639 ipsam
1272 4590 1442 4627 escam
1469 4576 1688 4645 “,qnae
1741 4585 1816 4630 est
1847 4575 2123 4643 Dominus,

544 4652 744 4725 lignum
770 4659 906 4712 vitae
933 4661 1244 4716 .nominans.
1277 4660 1401 4718 Non
1436 4681 1557 4735 ergo
1579 4667 1624 4698 ³³
1655 4667 1710 4720 id
1748 4668 1917 4736 ipsum
1951 4678 2024 4722 est
2056 4668 2126 4724 li-

2246 1876 2352 1920 tate
2385 1867 2632 1919 intueor:
2661 1863 2860 1934 lignum
2895 1864 3142 1920 scientiae
3175 1863 3294 1916 boni
3337 1872 3385 1917 et
3436 1863 3565 1918 mali
3608 1865 3835 1938 γνωστὸν

2247 1953 2433 2014 Graeci
2457 1964 2664 2020 vocant,
2692 1956 2893 2025 lignum
2941 1971 3060 2008 vero
3087 1954 3220 2008 vitae
3245 1957 3348 2008 πᾶν
3369 1942 3538 2028 ἀνιῶσι.
3573 1951 3722 2024 Ligni
3747 1954 3836 2006 in-

2245 2045 2449 2100 tellectu
2479 2047 2534 2098 in
2564 2047 2886 2100 occasionem
2917 2044 3147 2098 theoriae
3169 2053 3290 2097 utor
3313 2043 3380 2096 ".
3406 2043 3641 2097 Arbitror
3665 2045 3824 2110 enim,

2245 2151 2350 2188 non
2379 2133 2707 2204 disciplinam
2732 2135 2816 2188 hic
2843 2152 2874 2188 a
2901 2133 3175 2203 Scriptura
3201 2132 3421 2203 intelligi
3431 2149 3521 2202 per
3533 2135 3820 2196 scientiam,

2243 2234 2290 2278 et
2309 2225 2633 2294 “quandam
2661 2225 3012 2292 differentiam
3043 2239 3106 2276 ex
3134 2220 3433 2290 Scripturae
3454 2225 3835 2278 consuetudine

2245 2317 2446 2370 invenio
2469 2316 2716 2368 scientiae
2746 2324 2792 2368 et
2819 2313 3237 2384 dijudicationis,
3261 2314 3357 2366 hoc
3380 2321 3449 2366 est
3477 2312 3826 2367 discretionis.

2247 2405 2389 2460 Nam
2417 2405 2710 2458 discernere
2747 2401 3202 2474 disciplinabiliter
3233 2402 3422 2455 bonum
3453 2418 3515 2456 ex
3544 2400 3683 2456 malo
3711 2418 3830 2472 per-

2207 2513 2224 2522 ·
2243 2495 2410 2564 [ectae
2439 2493 2761 2546 habitudinis
2789 2509 2900 2546 esse
2927 2491 3207 2562 Apostolus
3242 2492 3400 2556 dicit,
3435 2501 3482 2546 et
3513 2493 3822 2546 exercitato-

2243 2599 2360 2636 rum
2389 2581 2600 2652 ofﬁcii”
2615 2597 2884 2636 sensuum.
2905 2577 3130 2649 Propter
3151 2581 3306 2633 etiam
3342 2589 3670 2650 praeceptum
3698 2582 3828 2650 facit

2242 2677 2418 2730 omnia
2443 2674 2698 2746 probandi
2721 2715 2737 2740 ,
2760 2683 2809 2728 et
2833 2673 3124 2744 spiritualis
3143 2673 3366 2726 hominis
3388 2672 3680 2742 diiudicare
3701 2689 3820 2742 pro-

2243 2768 2416 2837 prium
2449 2783 2559 2820 esse
2583 2766 2732 2820 dicit.
2795 2764 3025 2820 Scientia
3073 2781 3192 2818 vero
3233 2781 3336 2818 non
3374 2764 3565 2833 ubique
3593 2763 3816 2832 discipli-

2246 2876 2366 2914 nam
2395 2868 2444 2913 et
2473 2859 2715 2930 peritiam
2741 2858 2905 2922 illius,
2937 2857 3073 2927 quod
3104 2855 3452 2925 signiﬁcatur,
3484 2855 3700 2917 indicat,
3729 2853 3822 2907 sed-

2244 2949 2314 3004 ad
2335 2949 2415 3015 id,
2431 2950 2516 3002 cui
2540 2949 2710 3019 gratia
2733 2949 2927 3002 donata
2950 2957 3047 3010 est,
3063 2949 3331 3015 affectum.
3352 2943 3417 2998 Ut
3435 2961 3550 2998 cum
3573 2945 3822 3012 scriptum

2241 3051 2316 3093 est
2339 3039 2385 3071 “
2414 3053 2432 3091 :
2461 3037 2712 3109 Cognovit
2742 3036 2996 3090 Dominus
3023 3037 3112 3106 qui
3141 3037 3243 3090 sint
3277 3034 3394 3106 ejus
3413 3075 3425 3098 ,
3453 3035 3548 3088 hoc
3573 3046 3646 3088 est
3671 3049 3822 3088 suam

2237 3131 2460 3200 gratiam
2483 3130 2555 3183 eis
2577 3128 2810 3181 donarit.
2838 3125 2904 3180 Et
2935 3127 3004 3180 ad
3027 3125 3208 3180 Mosen
3237 3127 3310 3179 ait
3335 3139 3353 3177 :
3380 3124 3517 3191 Quia
3550 3140 3823 3195 cognosce-

2241 3218 2356 3272 bam
2381 3228 2430 3272 te
2448 3233 2604 3288 super
2630 3232 2826 3271 omnes.
2864 3214 2961 3270 llis
2990 3225 3186 3278 autem,
3215 3216 3302 3285 qui
3328 3216 3380 3268 in
3409 3215 3613 3269 malitia
3643 3215 3822 3268 redar-

2236 3319 2487 3380 guuntur,
2517 3309 2642 3362 dicit
2673 3309 2763 3377 qui
2791 3309 2966 3362 omnia
3003 3309 3158 3368 navit,
3184 3307 3307 3380 quia
3339 3323 3604 3378 nunquam
3631 3323 3818 3377 cogno-

2235 3401 2441 3454 scebam
2482 3416 2568 3454 vos
2593 3439 2608 3464 ,
2652 3400 2749 3452 hoc
2777 3407 2852 3453 est
2876 3439 2891 3464 ,
2939 3415 3107 3477 meam
3131 3397 3354 3466 gratiam
3385 3413 3646 3466 nunquam
3678 3395 3822 3448 vobis

2236 3489 2517 3559 largiebar.
2545 3489 2670 3543 Non
2699 3505 2820 3558 ergo
2842 3489 2890 3520 ⁸⁸
2907 3488 3130 3558 lignum,
3171 3504 3235 3541 ex
3267 3504 3368 3558 quo
3409 3487 3571 3540 mixta
3601 3487 3819 3540 scientia

2237 3582 2606 3655 fructi/icatur,
2639 3581 2954 3653 prohibitum
2984 3591 3078 3634 est.
3111 3579 3363 3635 Miscetur
3401 3590 3575 3634 autem
3607 3596 3671 3634 ex
3695 3597 3818 3633 con-

2234 3677 2434 3742 trariis,
2463 3676 2595 3752 bona
2633 3675 2862 3730 videlicet
2893 3684 2942 3729 et
2973 3674 3130 3737 malo,
3164 3674 3365 3742 fructus
3398 3673 3505 3738 ille,
3532 3673 3622 3744 qui
3646 3675 3816 3738 causi-

2234 3769 2410 3822 dicum
2435 3807 2450 3832 ,
2492 3769 2588 3822 hoc
2617 3778 2689 3821 est
2715 3808 2730 3833 ,
2779 3767 3088 3822 advocatum
3118 3782 3270 3818 suum
3305 3765 3455 3818 habet
3483 3774 3766 3834 serpentem
3796 3781 3816 3820 :

2224 3859 2383 3930 juxta
2407 3861 2542 3912 hanc
2569 3859 2790 3928 forsitan
2811 3859 3088 3921 rationem,
3106 3857 3228 3927 quia
3257 3856 3302 3887 ³⁸
3338 3871 3440 3908 non
3469 3855 3666 3908 nudum
3695 3866 3821 3923 pro-

2231 3949 2461 4019 ponitur,
2487 3948 2542 4002 id
2569 3957 2667 4012 est,
2707 3947 2998 4001 ostenditur
3021 3949 3214 3998 malum
3242 3946 3409 4014 ipsum
3438 3945 3492 3998 in
3538 3945 3705 4014 seipse
3735 3962 3814 3999 se-

2232 4038 2461 4090 cundum
2501 4037 2765 4106 propriam
2811 4045 3054 4090 naturam
3107 4035 3462 4102 manifestum.
3511 4032 3635 4102 Ipsa
3678 4034 3812 4088 enim

2232 4125 2433 4178 malitia
2457 4126 2623 4179 otiosa
2647 4134 2775 4178 esset
2801 4123 2944 4178 nullo
2969 4123 3199 4176 colorata
3218 4120 3262 4154 ³⁷
3280 4121 3435 4185 bono,
3471 4138 3574 4192 quo
3596 4122 3664 4174 ad
3688 4139 3816 4176 con-

2232 4218 2603 4284 cupiscentiam
2619 4233 2766 4270 suam
2788 4216 3076 4280 seductum,
3093 4215 3348 4268 hominem
3363 4215 3556 4268 scilicet
3569 4214 3636 4279 ³⁸,
3655 4225 3812 4268 attra-

2229 4307 2406 4360 heret:
2429 4323 2565 4358 nunc
2586 4316 2756 4358 autem
2779 4306 3057 4358 commixta
3077 4303 3458 4374 quodannnodo
3480 4303 3680 4357 malitia
3700 4315 3810 4367 est;

2229 4398 2284 4452 in
2331 4398 2592 4468 profundo
2641 4397 2891 4466 siquidem
2937 4395 3249 4466 perniciem,
3283 4394 3439 4448 veluti
3487 4398 3740 4466 quasdam
3761 4397 3812 4429 "

2231 4491 2452 4546 insidias
2477 4487 2706 4543 occultas
2736 4489 2928 4542 habens
2956 4529 2970 4552 ,
3015 4496 3194 4556 aperte
3226 4502 3344 4540 vero
3375 4487 3428 4539 in
3457 4488 3808 4542 seductionem

2231 4578 2498 4649 quandam
2538 4577 2656 4630 boni
2681 4577 3010 4646 phantasiam
3050 4576 3339 4630 ostendens.
3369 4573 3575 4629 Bonum
3607 4579 3808 4631 videtur

2209 4667 2404 4722 avaris
2421 4667 2666 4720 materiae
2693 4665 3027 4736 pulchritudo
3053 4683 3069 4721 :
3098 4667 3188 4722 sed
3216 4667 3368 4720 radix
3395 4668 3627 4722 omnium
3649 4669 3808 4724 malo-

1791 4780 1877 4834 VA
1888 4780 2044 4834 RIAE
2081 4779 2480 4836 LECTIONES.

625 4903 640 4936 '
677 4899 768 4956 Sic
789 4900 904 4966 CF;
934 4901 978 4954 A
1003 4901 1117 4956 Non
1152 4905 1236 4984 ob
1279 4921 1336 4960 re
1360 4907 1548 4974 placet,
1577 4918 1636 4964 ul
1683 4911 1894 4978 opinor.
1971 4917 1992 4945 '
2028 4913 2092 4966 A-
2117 4913 2382 4976 Fortasse.
2426 4916 2618 4986 inquit,
2656 4915 2866 4987 aliquis.
2945 4918 2966 4950 ³
3003 4929 3052 4972 et
3097 4935 3205 4975 om.
3247 4925 3308 4977 Α.

625 4974 815 5048 ψῃιεεσ.⁸
901 4973 924 5004 ⁸
961 4972 1045 5027 CF
1070 4989 1234 5048 _CIljllS
1265 4977 1560 5048 perfruitio.
1637 4981 1658 5013 ⁸
1684 4982 1850 5048 inquit
1885 4997 1996 5037 om.
2049 4983 2154 5039 CF.
2231 4988 2251 5019 ⁷
2293 4988 2333 5039 Α
2372 4987 2560 5040 bibere.
2660 4987 2682 5018 ⁸
2717 4989 2761 5042 Α
2791 4999 2901 5042 aut.
3013 4990 3033 5020 ⁹
3073 4991 3164 5045 Sic
3213 4993 3294 5047 CF

543 4974 807 5042 posthaec.

901 4973 924 5004 ⁸
961 4972 1045 5027 CF
1071 4971 1234 5047 cujus
1265 4971 1560 5047 perfruitio.

544 5042 762 5112 deliciae
782 5042 841 5112 7A7
861 5053 1034 5099 autem
1063 5045 1196 5112 ipsa.

1293 5047 1336 5120 f"
1378 5047 1468 5103 Sic
1491 5048 1604 5117 CF;
1657 5052 1698 5104 A
1725 5047 1959 5120 dignum.

2079 5057 2120 5089 ¹¹
2162 5057 2253 5125 Sic
2297 5054 2422 5119 CF;
2460 5057 2502 5108 Δ
2534 5057 2762 5125 fructum
2793 5059 3046 5112 convenit.

3407 4924 3428 4955 ⁵
3467 4923 3558 4977 Sic
3591 4922 3715 4988 CF;
3759 4927 3804 4979 Α

3013 4990 3033 5020 ⁹
3073 4991 3164 5045 Sic
3213 4993 3327 5058 CF;
3377 5009 3472 5061 pro
3505 5004 3648 5056 sunt,
3677 5011 3805 5050 nam

3155 5063 3196 5092 "
3236 5065 3325 5117 Sic
3352 5065 3428 5129 A;
3463 5063 3547 5118 CF
3577 5081 3648 5117 an
3674 5081 3800 5120 non.

2231 4988 2251 5019 ⁷
2293 4988 2333 5039 Α
2372 4987 2560 5040 bibere.
2660 4987 2682 5018 ⁸
2717 4989 2761 5042 Α
2791 4999 2901 5042 aut.

760 5111 1008 5196 CFI;_pro
1039 5109 1260 5199 recipere
1287 5111 1738 5199 ἱηιίιοιιξχιὸΛρ-ηιηίΔ
1757 5109 2132 5199 Ᾰ-ξηιεηίθρνε.
2164 5109 2247 5178 Abi
2268 5109 2428 5199 omni;
2473 5109 2639 5195 inquit
2658 5109 3159 5199 rDeusiJ‘iliiiquis
3189 5109 3800 5189 dubii.

549 5181 596 5213 ¹⁵
632 5180 677 5234 Α
705 5180 922 5238 homini
940 5201 1036 5239 rox
1061 5180 1243 5240 donat.

1347 5189 1390 5264 '_‘
1432 5191 1519 5245 Sic
1547 5191 1664 5264 CF;
1795 5191 1910 5246 "ac
1952 5189 2087 5248 enim
2121 5195 2364 5264 generali
2383 5203 2430 5248 et
2457 5189 2858 5264 supereminenti
2893 5214 3028 5251 voce.

3127 5201 3167 5232 ¹⁷
3207 5201 3357 5268 cujus
3406 5203 3527 5270 ﬁnis
3555 5214 3630 5257 est
3663 5221 3801 5257 mors

683 5252 1255 5343 Aqui
1287 5257 1430 5343 illius
1459 5263 1623 5343 omnis
1638 5252 1961 5343 finitionem.
1994 5333 2007 5343 _
2041 5263 2084 5343 ‘_'
2120 5252 2775 5343 iiﬁtmihilib'etmagno
2802 5265 3001 5343 Doride
3023 5278 3070 5343 et
3093 5252 3622 5339 sapien'ii-Sdlo'nion-e
3645 5252 3802 5343 magi-

545 5323 668 5396 stris
681 5321 734 5396 i_n
747 5323 945 5396 harum
959 5340 1130 5378 rerum
1145 5321 1462 5396 expositione
1487 5333 1582 5384 uti.

677 5389 849 5464 igitur
879 5393 1130 5464 idipsum.
1207 5389 1254 5427 ⁵⁸
1284 5398 1327 5450 Α
1353 5401 1538 5453 suadet
1559 5410 1756 5454 autem.

548 5456 596 5488 θ’
621 5457 662 5509 Α
688 5457 808 5510 boni
837 5473 891 5515 et
917 5456 1064 5518 niali.
1142 5464 1187 5497 ³⁸
1213 5466 1254 5520 Α
1286 5469 1519 5522 insitum.

547 5525 768 5594 intelligi
795 5528 921 5584 haec
945 5543 1184 5598 possunt,
1221 5536 1319 5590 hac
1346 5539 1459 5607 ipsa
1485 5540 1897 5600 consideratione
1929 5525 2069 5594 αἶαν.

548 5593 652 5646 (ΠΡ.
747 5594 794 5625 ³⁸
822 5598 863 5646 Α
897 5599 1083 5646 luitur-
1159 5605 1205 5638 ³⁸
1238 5607 1270 5646 Δ
1296 5610 1435 5646 ηηηιΙ
1533 5609 1575 5642 ³7
1622 5607 1708 5646 [ἶΙΐ
1741 5607 1973 5646 ηιΙηνηηι

1833 5401 1880 5432 ³⁸
1910 5403 1956 5455 Α
1993 5401 2144 5456 bona.

1661 5333 1704 5363 ²⁰
1721 5331 1811 5386 Sic
1837 5332 1920 5384 CF
1947 5333 2020 5396 ;A
2055 5332 2318 5396 intelligit.

2397 5335 2439 5366 ²¹
2467 5335 2510 5388 A
2539 5335 2758 5390 delecta.

2224 5335 2318 5409 git.
2391 5335 2439 5409 ξι
2467 5335 2510 5388 A
2539 5335 2779 5409 delecta;
2824 5335 3016 5409 _“Pro
3040 5335 3445 5407 ipsamescamA
3465 5335 3798 5409 sapientiam.

2224 5403 2270 5434 “
2295 5403 2422 5457 ntali
2446 5419 2555 5459 om.
2591 5405 2657 5458 A.

2737 5405 2779 5437 ³⁷
2807 5405 2852 5458 Α
2877 5405 3172 5475 proritaret.
3248 5409 3292 5440 ³⁸
3330 5405 3564 5466 videlicet
3593 5427 3700 5465 om.
3736 5413 3797 5464 Α.

1596 5470 1641 5552 ³οι
1673 5471 1718 5522 Α
1737 5467 1860 5550 Non
1885 5471 2036 5539 longe
2060 5471 2282 5540 itaquea
2303 5475 2514 5529 veritate
2537 5467 2924 5540 aberrarero,si
2949 5478 3134 5530 mentis
3161 5477 3519 5550 intelligentia,
3548 5490 3805 5552 quatenus

1596 5541 1897 5593 nderattone
1929 5550 2069 5594 utar.
2149 5543 2192 5575 "
2223 5542 2266 5596 Α
2293 5544 2402 5596 sed.
2479 5543 2526 5574 ³³
2547 5544 2699 5596 atticii
2717 5559 2826 5596 om.
2857 5544 2922 5596 A.
2999 5545 3043 5576 3‘
3077 5545 3144 5596 Ut
3167 5564 3285 5596 cum
3302 5552 3550 5596 scrinlum
3575 5561 3650 5596 nl
3688 5567 3795 5596 nm-

2293 5560 2402 5596 801i.

747 5594 794 5625 ³⁸
822 5598 864 5650 Α
895 5594 1084 5670 Igitur.
1159 5594 1205 5638 δ’
1231 5594 1456 5676 Aquod.
1533 5597 1575 5642 ³⁷
1622 5607 1708 5666 CF
1741 5607 1992 5664 colorata.
2029 5647 2033 5652 -
2092 5613 2136 5647 ³³
2184 5594 2600 5670 scilicet—om.“

2479 5543 2526 5574 ³³
2547 5544 2826 5618 ofﬁciiom.
2857 5544 2922 5598 A.
2967 5545 3043 5618 ‘3‘
3077 5545 3144 5618 Ut
3167 5564 3285 5618 cum
3302 5543 3650 5618 scriptum'est
3688 5567 3796 5606 om.

2675 5613 2720 5647 ⁸⁸
2743 5613 2786 5668 Α
2805 5615 3064 5685 quendam
3086 5617 3262 5672 dolum
3291 5613 3534 5676 insidias.
