4212 6272
1206 313 1295 368 DE
1333 309 1671 367 DIVISIONE
1708 303 2060 364 NATURAE.
2100 324 2169 343 '—
2207 303 2408 359 LIBER
2445 306 2798 373 QUARTUS.

3546 307 3657 364 82!

377 452 495 490 rum
515 428 839 503 philargyria
868 427 1058 494 ‘.Quis
1077 425 1300 495 forsitan
1319 426 1375 478 in
1397 423 1647 492 faetidam
1669 424 1692 454 ⁹
1713 423 1957 493 paludem
1989 427 2034 486 Α
2063 420 2261 485 disum,
2290 429 2345 475 et
2373 419 2555 489 qualia
2601 418 2769 489 ligna,
2812 428 2867 476 et
2896 421 3083 490 quales
3124 419 3333 477 fructus
3378 423 3655 492 praefatus

377 509 806 591 intemperantiae
831 516 1152 587 perderetur,
1193 513 1294 567 nisi
1332 512 1725 565 delectationem
1769 512 1961 564 bonum

380 623 538 684 atque
558 611 579 643 ³
608 609 856 665 eximium
901 604 1165 676 quoddam
1194 604 1489 657 aestimaret
1532 618 1647 655 eam
1674 600 1719 665 ⁸,
1749 602 1838 670 qui
1866 599 1962 653 tuli

380 700 623 754 illecebra
651 698 719 752 ad
745 695 1038 765 passionem
1061 693 1347 747 attrahitur
1372 692 1435 745 ‘?
1456 690 1714 745 Similiter
1737 691 1924 744 habent
1941 689 1964 721 ⁸

380 802 432 846 et
458 800 627 845 cetera
670 795 882 857 peccata
921 785 1147 849 occulta,
1172 784 1530 852 differentiam
1552 782 1798 837 habentia
1840 798 1964 851 pro-

378 883 551 951 priam
575 878 970 933 delectationem
1011 892 1030 932 ε
1067 891 1133 930 ea:
1155 874 1388 945 quadam
1417 873 1720 927 seductione
1764 872 1959 926 eximia

364 968 619 1023 ’eidentur
670 969 845 1020 minus
888 964 1340 1020 considerantibus
1396 964 1418 996 ⁷
1447 980 1541 1033 pro
1583 964 1717 1017 bono
1769 962 1967 1017 sollici-

378 1058 565 1111 tanda.
601 1056 864 1122 Quoniam
886 1056 1051 1124 igitur
1077 1054 1229 1107 multi
1253 1053 1408 1118 illud,
1437 1054 1494 1106 in
1519 1070 1622 1123 quo
1660 1069 1842 1107 sensus
1876 1053 1965 1106 de-

379 1150 659 1210 lectantur,
693 1149 884 1200 bonum
907 1146 1173 1216 judicant,
1201 1155 1248 1198 et
1277 1146 1400 1215 quia
1429 1145 1453 1175 ⁸
1484 1154 1558 1198 est
1586 1144 1965 1213 cognominatio

382 1241 673 1303 existentis,
700 1240 799 1293 hoc
811 1249 910 1304 est,
926 1240 1030 1292 veri
1045 1239 1165 1292 boni
1176 1248 1223 1291 et
1247 1238 1410 1307 ipsius
1426 1237 1546 1290 boni
1561 1236 1603 1300 °,
1618 1235 1754 1305 quod
1771 1234 1970 1288 videtur

384 1344 514 1389 esse,
531 1327 655 1379 dum
674 1342 776 1379 non
789 1326 855 1379 sit
877 1327 1065 1379 bonum
1084 1339 1101 1376 .'
1121 1325 1279 1395 hujus
1294 1324 1365 1378 rei
1380 1324 1552 1392 gratia
1569 1325 1679 1393 ipsa
1691 1324 1759 1376 ad
1772 1322 1969 1375 malum

385 1415 557 1470 relati.
576 1415 645 1468 ad
687 1413 880 1467 bonum
928 1414 1069 1483 facta
1113 1414 1559 1482 concupiscentia,
1600 1414 1719 1466 boui
1766 1423 1813 1466 et
1842 1410 1972 1465 mali

386 1508 606 1561 scientia
648 1524 681 1560 a
721 1505 994 1575 Scriptura
1030 1506 1298 1559 nominata
1335 1516 1452 1570 est,
1489 1506 1611 1558 dum
1642 1506 1971 1574 affectionem

385 1599 651 1669 quandam
681 1607 728 1651 et
750 1596 1126 1651 concretionem
1152 1599 1272 1652 boni
1295 1608 1343 1651 et
1366 1599 1492 1652 mali
1513 1599 1555 1629 ¹⁰
1581 1599 1970 1667 interpretatur,

387 1690 485 1741 hoc
507 1698 602 1752 est,
632 1686 895 1756 significat
918 1688 1159 1741 scientia.
1187 1686 1370 1759 Neque
1402 1688 1636 1742 absolute
1658 1687 1878 1753 malum,
1910 1704 1971 1741 eo

2063 511 2264 565 astruit
2308 509 2634 577 Theologus.
2708 510 2852 564 DISC.
2910 510 3334 573 Animadverto,
3404 510 3657 580 clareque

2063 601 2369 673 perspicio:
2411 599 2750 671 spiritualem
2781 598 3025 669 profecto
3066 609 3120 653 et
3166 600 3450 655 illocalem.
3483 602 3657 655 Velim

2065 704 2244 748 tamen
2273 701 2463 762 aperte
2491 708 2554 746 ac
2578 691 2819 747 breviter
2862 705 2948 755 ea,
2980 706 3115 759 quae
3146 690 3213 744 ab
3241 693 3355 761 ipso
3377 691 3661 745 obscurius

2063 784 2331 853 explicata
2359 791 2505 846 sunt,
2531 798 2557 835 a
2593 792 2644 837 te
2673 782 2893 851 aperiri.
2921 780 3058 836 Mne.
3090 780 3347 849 Quisquis
3371 781 3661 848 diligenter

2064 872 2292 941 praefati
2336 871 2597 940 Theologi
2647 870 2811 925 verba
2859 868 3219 939 perspexerit,
3256 867 3331 921 nil
3383 866 3550 933 aliud,
3603 877 3666 922 ut

2065 964 2277 1032 opinor,
2319 964 2372 1017 in
2398 963 2477 1017 eis
2497 964 2734 1032 reperiet
2780 962 3016 1026 suaderi,
3045 977 3207 1030 quam
3251 961 3540 1014 humanam
3567 975 3663 1013 ua-

2068 1060 2244 1106 turam
2278 1053 2345 1105 ad
2397 1052 2685 1122 imaginem
2717 1051 2810 1104 Dei
2853 1050 3050 1105 iactam
3094 1048 3330 1118 paradisi
3379 1048 3663 1113 voeabula,

2068 1141 2333 1211 ﬁguratae
2380 1142 2667 1195 locutionis
2708 1141 2891 1203 modo,
2922 1156 2951 1193 a
2977 1139 3155 1193 divina
3190 1138 3470 1207 Scriptura
3493 1139 3672 1209 signi-

2068 1232 2245 1286 ﬁcari.
2287 1232 2420 1286 Vera
2464 1231 2606 1286 enim
2656 1231 2920 1300 plantatio
2964 1229 3060 1283 Dei
3086 1238 3170 1283 est
3208 1229 3256 1259 "
3301 1237 3495 1283 natura
3524 1230 3667 1298 ipsa,

2071 1336 2231 1391 quam
2266 1322 2330 1376 ad
2364 1320 2652 1389 imaginem
2683 1328 2737 1374 et
2782 1319 3192 1373 similitudinem
3225 1333 3399 1380 suam,
3432 1319 3535 1373 hoc
3558 1327 3664 1382 est,

2073 1412 2141 1467 ad
2175 1412 2465 1481 imaginem
2489 1411 2709 1464 omnino
2740 1410 2842 1465 sibi
2874 1410 3126 1476 similem,
3152 1419 3368 1480 praeter
3397 1410 3666 1465 rationem

2075 1502 2329 1574 subjecti,
2357 1512 2415 1557 ut
2439 1502 2775 1572 praedictum
2804 1511 2905 1565 est,
2931 1504 3133 1556 ereavit
3163 1502 3216 1556 in
3242 1501 3413 1566 Eden,
3434 1503 3537 1555 hoc
3560 1510 3666 1567 est,

2074 1598 2129 1652 in
2156 1596 2360 1652 deliciis
2393 1604 2645 1651 aeternae
2675 1595 2972 1659 felicitatis,
3005 1603 3060 1650 et
3097 1595 3429 1649 beatitudine
3455 1594 3669 1650 divinae

2076 1684 2463 1749 similitudinis,
2498 1684 2671 1754 major
2695 1694 2752 1739 et
2785 1684 2975 1738 melior
3008 1685 3155 1738 omni
3198 1684 3437 1738 sensibili
3467 1685 3673 1739 mundo

383 1782 524 1850 quod
549 1779 780 1832 ambitur
810 1778 964 1844 bono,
992 1795 1155 1849 neque
1183 1795 1312 1848 pure
1344 1779 1559 1842 bonum,
1591 1794 1650 1832 eo
1679 1778 1817 1848 quod
1846 1783 1969 1832 sub-
2000 1782 2048 1841 Β
2076 1789 2185 1830 non
2213 1774 2376 1839 mole,
2404 1775 2499 1829 sed
2533 1775 2794 1843 dignitate
2826 1782 3074 1828 naturae.
3109 1773 3271 1841 Cujus
3303 1784 3448 1827 terra
3480 1773 3669 1829 fertilis

385 1872 682 1926 occultatur
703 1870 901 1925 malum
927 1884 944 1922 :
970 1877 1061 1924 sed
1087 1874 1423 1927 commixtum
1453 1889 1517 1927 ea:
1547 1873 1778 1943 utrisque
1801 1873 1971 1926 inter-

386 1962 511 2014 dicti
534 1960 664 2031 ligni
677 1959 910 2029 fructum
938 1976 1048 2014 esse
1074 1959 1352 2030 Scriptura
1374 1962 1561 2031 inquit,
1584 1961 1737 2030 cujus
1761 1969 1971 2031 gustum

387 2055 521 2108 dixit
560 2053 615 2106 in
656 2061 875 2106 ntortem
922 2060 1189 2120 tangentes
1225 2051 1455 2117 ducere,
1498 2050 1827 2105 solummodo
1868 2065 1974 2103 non

386 2153 562 2213 aperte
589 2142 881 2196 doctrinam
925 2140 1194 2206 clamans,
1243 2142 1369 2211 quia
1405 2142 1630 2203 bonum,
1680 2140 1820 2211 quod
1860 2156 1976 2195 rere

388 2242 435 2286 et
484 2231 729 2301 simplum
801 2240 851 2284 et
924 2231 1189 2300 uniforme
1255 2241 1446 2285 natura
1511 2242 1586 2286 est
1613 2236 1681 2297 “,
1734 2231 1976 2301 omnique

390 2322 694 2392 duplicitute
721 2330 768 2375 et
796 2321 865 2374 ad
886 2324 1210 2376 contrarium
1235 2323 1564 2392 copulatione
1587 2323 1837 2376 alienum.
1864 2321 1979 2376 Ma-

393 2410 504 2463 lum
547 2426 667 2463 vero
706 2411 910 2463 varium
952 2420 1000 2464 et
1058 2412 1444 2480 conﬁguratum
1490 2423 1585 2478 est,
1634 2411 1795 2465 alicui
1847 2413 1979 2465 bono

394 2499 755 2563 commixtum,
771 2507 819 2551 et
841 2497 1084 2564 alterum,
1097 2516 1186 2564 per
1203 2501 1624 2569 experimentum.
1640 2503 1683 2534 “
1704 2501 1821 2555 Non
1846 2501 1982 2554 enim

395 2590 471 2642 ita
496 2587 775 2652 invenitur,
813 2587 945 2641 sicut
985 2589 1326 2655 aestimatur;
1356 2606 1466 2643 esse
1494 2603 1780 2660 assumptio
1804 2591 1983 2644 mortis

395 2690 445 2735 et
485 2678 835 2747 corruptionis
877 2680 1192 2749 principium
1244 2697 1506 2750 causaque
1554 2682 1790 2751 efficitur.
1844 2679 1982 2733 Pro-

395 2780 570 2840 pterea
598 2785 808 2839 serpens
851 2780 1238 2840 praemonstrat
1283 2771 1568 2841 malignum
1613 2774 1846 2842 peccanti
1869 2772 1988 2841 fru-

397 2871 562 2924 ctum,
589 2861 663 2916 sic
684 2876 749 2914 ea;
770 2860 1047 2930 propatulo
1073 2859 1271 2914 malum
1292 2878 1393 2914 non
1411 2863 1597 2915 habere
1622 2864 1893 2916 ostendens
1917 2863 1982 2917 ¹³.

401 2951 527 3005 Νοη
576 2952 714 3005 enim
754 2951 978 3019 forsitan
1023 2952 1357 3007 seduceretur
1400 2953 1554 3006 homo
1599 2963 1773 3022 aperto
1820 2954 1982 3019 malo,

400 3041 491 3094 sed
517 3056 610 3109 per
651 3040 914 3110 quandam
943 3042 1323 3110 speciositatem
1365 3053 1598 3112 apertum
1635 3043 1915 3097 declaravit
1942 3043 1989 3075 “

2073 1875 2188 1919 erat
2209 1881 2404 1934 corpus
2423 1865 2708 1919 essentiale
2725 1865 2794 1930 ",
2810 1864 3111 1919 immortale
3129 1881 3227 1936 per
3239 1865 3666 1935 possibilitatem.

2073 1953 2330 2010 Naturale
2354 1956 2551 2023 quippe
2579 1970 2774 2024 corpus
2820 1955 2954 2008 mori
2980 1955 3198 2019 dicitur,
3245 1956 3369 2024 quia
3407 1954 3668 2023 superad—

2078 2044 2191 2100 dito
2213 2043 2477 2099 commori
2516 2042 2749 2109 videtur,
2777 2044 2901 2096 dum
2945 2045 3013 2097 sit
3045 2058 3259 2113 semper
3282 2042 3583 2098 immortale
3615 2043 3669 2097 in

2079 2148 2170 2200 se;
2212 2133 2410 2203 quippe
2451 2134 2703 2197 refertur,
2734 2133 2877 2202 quod
2918 2131 3016 2187 sibi
3050 2132 3477 2202 superadjectum
3531 2132 3670 2202 pati-

2077 2231 2186 2290 tur,
2212 2225 2313 2278 hoc
2358 2232 2459 2288 est,
2490 2238 2649 2292 posse
2696 2224 2854 2288 mori,
2883 2237 3040 2292 posse
3066 2238 3170 2277 non
3203 2224 3339 2277 mori
3370 2223 3437 2275 "'.
3463 2224 3672 2293 Corpus

2079 2330 2315 2384 namque
2343 2315 2500 2383 primi
2534 2315 2784 2380 hominis,
2829 2323 2890 2369 ut
2934 2314 3009 2368 ait
3044 2314 3376 2384 Augustinus
3400 2314 3468 2379 ’⁸,
3499 2315 3676 2385 potuit

2083 2422 2189 2462 non
2220 2407 2390 2472 mori,
2417 2422 2515 2461 nec
2538 2417 2861 2469 moreretur,
2894 2406 2938 2460 si
2967 2421 3170 2461 veneno
3199 2406 3675 2476 praevaricationis

2084 2512 2191 2551 non
2208 2506 2665 2565 corrumperetur,
2690 2496 2782 2549 sed
2813 2494 3032 2550 ﬂoribus
3054 2496 3346 2565 spiritualis
3374 2495 3673 2565 pulchritu-

2086 2586 2228 2640 dinis
2254 2586 2569 2649 viresceret,
2602 2600 2778 2654 neque
2804 2600 3041 2653 unquam
3077 2586 3462 2655 temporalibus
3491 2586 3671 2639 incre-

2089 2681 2289 2734 mentis
2340 2687 2667 2734 senesceret.
2723 2676 2887 2745 Cujus
2959 2692 3097 2747 aqua
3152 2676 3446 2730 formarum
3502 2691 3675 2746 capax

2088 2785 2280 2827 sensus
2326 2768 2748 2837 incorruptibilis
2785 2768 3048 2836 corporis,
3102 2767 3438 2822 sensibilium
3490 2781 3675 2820 rerum

2088 2863 2206 2917 sine
2253 2862 2357 2914 ulla
2402 2858 2655 2914 falsitatis
2696 2859 3009 2927 deceptione
3035 2857 3332 2926 phantasiis
3368 2854 3670 2909 formatus:

2091 2956 2245 3022 cujus
2271 2957 2366 3009 aér
2396 2955 2608 3008 divinae
2644 2953 2945 3022 sapientiae
2988 2951 3154 3005 radiis
3184 2949 3518 3003 illuminatus
3541 2948 3677 3002 ratio

2092 3056 2229 3111 erat,
2252 3062 2356 3115 qua
2390 3060 2569 3100 rerum
2591 3045 2831 3099 omnium
2865 3054 3089 3097 naturas
3110 3048 3495 3112 cognosceret:
3525 3039 3680 3109 cujus

401 3130 1015 3200 malum,quandamque
1039 3130 1431 3184 delectationem
1453 3131 1735 3185 secundum
1775 3150 1984 3187 sensum
2013 3128 2056 3189 C
2088 3139 2295 3201 aether,
2344 3136 2576 3199 animus,
2622 3137 2766 3189 circa
2795 3135 3029 3187 divinam
3083 3142 3329 3185 naturam
3373 3141 3596 3185 aeterno
3624 3140 3681 3186 et

400 3222 674 3285 seducens,
693 3221 867 3290 gustui
895 3220 1120 3274 suadens
1141 3218 1347 3273 mulieri
1369 3220 1716 3289 manifestauit
1742 3222 1805 3275 ".
1837 3222 1986 3277 Sicut

400 3311 475 3365 ait
504 3308 783 3379 Scriptura
804 3323 823 3360 .'
851 3307 920 3362 Et
946 3310 1076 3363 vidit
1104 3311 1321 3378 femina,
1352 3310 1474 3379 quia
1492 3309 1543 3387 ,ιο
1566 3312 1757 3364 bonum
1785 3311 1985 3381 lignunt

398 3403 455 3454 in
474 3416 666 3465 escam,
693 3410 742 3454 et
767 3402 890 3470 quia
916 3399 1174 3469 placabile
1195 3401 1236 3432 ⁸⁷
1282 3400 1471 3464 videre,
1496 3412 1543 3456 et
1573 3404 1863 3471 speciosum
1900 3420 1989 3456 co-

399 3505 661 3561 gnoscere,
704 3499 754 3543 et
801 3489 1057 3558 accipiens
1108 3490 1339 3558 fructum
1388 3490 1501 3558 ejus
1552 3493 1794 3544 comedit.
1850 3491 1988 3544 Esca

400 3583 496 3638 illa
521 3584 564 3615 ³⁸
607 3592 778 3636 mater
813 3583 997 3636 mortis
1030 3582 1325 3636 hominibus
1359 3583 1501 3651 facta
1542 3592 1636 3637 est.
1679 3582 1807 3652 Ipsa
1830 3584 1991 3652 igitur

403 3672 663 3725 mixturae
704 3681 779 3724 est
822 3670 1095 3739 fructifera
1125 3671 1386 3737 “,aperte
1426 3671 1739 3725 intellectum
1791 3672 1991 3724 ratione

403 3763 796 3831 interpretante,
833 3777 924 3831 per
964 3777 1116 3830 quem
1148 3762 1267 3815 boni
1303 3772 1351 3816 et
1375 3763 1501 3815 mali
1527 3762 1752 3832 cognitio
1790 3762 1990 3832 lignum

404 3850 540 3907 illud
585 3851 910 3905 nominatum
958 3861 1054 3915 est,
1075 3852 1200 3921 quia
1212 3852 1374 3918 juxta
1412 3853 1799 3921 mortiferorum
1841 3852 1994 3906 mali-

408 3940 562 4001 tiam,
584 3955 717 4009 quae
736 3940 792 3993 in
822 3939 969 3994 melle
994 3940 1151 4009 ﬁunt,
1202 3942 1257 3995 in
1283 3952 1536 4012 quantum
1556 3943 1765 4014 quidem
1808 3943 1991 3997 dulco—

408 4036 494 4082 rat
515 4027 571 4082 in
603 4043 812 4082 sensum
837 4028 909 4095 '°,
937 4030 1121 4083 bonum
1143 4045 1253 4083 esse
1279 4030 1500 4096 videtur,
1533 4033 1586 4083 in
1607 4043 1858 4101 quantum
1879 4044 1995 4087 uero

409 4126 704 4187 tangentem
725 4118 1030 4186 corrumpit,
1078 4119 1246 4172 ontnis
1280 4118 1406 4172 mali
1444 4120 1724 4186 pessimum
1745 4120 1992 4188 efﬁcitur.

409 4207 543 4263 Cum
588 4208 766 4279 itaque
807 4219 1076 4278 operatum
1114 4219 1188 4264 est
1218 4210 1272 4263 in
1320 4210 1362 4240 ³⁸
1391 4210 1618 4263 hominis
1652 4211 1757 4262 vita
1799 4210 1996 4262 malum

408 4298 761 4368 mortiferum,
791 4308 913 4353 tunc
944 4301 1118 4364 homo,
1148 4315 1339 4369 magna
1369 4315 1449 4353 res
1482 4310 1530 4353 et
1561 4315 1770 4365 nomen,
1791 4300 1999 4353 divinae

374 4424 377 4429 -
411 4396 633 4440 naturae
657 4388 848 4457 imago,
880 4390 1122 4453 vanitati,
1150 4388 1283 4441 sicut
1307 4390 1380 4441 ait
1411 4385 1700 4457 Propheta,
1730 4388 1996 4441 assimila-

2089 3228 2363 3283 itterrabili
2394 3236 2540 3282 motu
2573 3226 2891 3281 immutabili
2921 3235 2976 3280 et
3005 3223 3246 3278 mutabili
3274 3233 3415 3278 statu
3448 3222 3683 3277 circuat-

2087 3319 2426 3383 volveretur,
2456 3325 2510 3372 et
2553 3324 2763 3381 cetera,
2790 3332 2930 3385 quae
2958 3316 3025 3369 de
3060 3313 3238 3367 divina
3285 3312 3517 3381 imagine
3553 3318 3683 3366 sunt

2090 3407 2470 3477 praedicanda,
2503 3407 2612 3461 imo
2642 3406 2828 3470 etiam,
2881 3405 3135 3476 quoniam
3167 3402 3393 3469 intelligi
3423 3417 3526 3456 non
3557 3417 3687 3471 pos-

2089 3505 2232 3559 sunt,
2262 3496 2476 3551 silentio
2529 3506 2657 3550 sunt.
2685 3494 3111 3549 ltonoriﬁcanda.
3151 3491 3208 3545 ln
3238 3492 3338 3547 hoe
3369 3492 3548 3560 itaque
3588 3507 3687 3560 pa-

2093 3587 2271 3641 radiso
2299 3586 2500 3641 fontem
2542 3587 2684 3640 vitae
2737 3600 2960 3640 manare
3007 3582 3286 3654 Scriptura
3335 3590 3585 3647 testatur,
3616 3596 3685 3637 ex

2093 3693 2201 3747 quo
2256 3685 2514 3745 quattuor
2554 3677 2815 3728 virtutum
2860 3672 3082 3727 ﬂumina
3120 3672 3172 3726 in
3218 3672 3386 3743 figura
3429 3681 3687 3741 quattuor

2091 3768 2466 3838 principalium
2520 3766 2703 3820 mundi
2776 3765 3049 3820 sensibilis
3097 3764 3141 3797 ²⁹
3190 3762 3472 3819 fluviorum
3520 3765 3689 3819 dividi

2093 3867 2386 3911 narrantur
2411 3875 2422 3910 :
2454 3856 2790 3925 prudentiam
2820 3855 2963 3919 dico,
3008 3855 3441 3923 temperantiam,
3471 3855 3687 3909 fortitu-

2094 3946 2600 4014 dinem,justitiam.
2659 3944 2808 4010 Quae
2838 3943 3135 4013 spiritualia
3168 3944 3365 3998 fluenta
3411 3960 3477 3999 ex
3507 3945 3685 3997 divina

2095 4035 2379 4105 sapientia,
2408 4050 2545 4102 quae
2572 4042 2656 4089 est
2695 4034 2859 4087 totius
2887 4033 3027 4086 vitae
3075 4032 3197 4086 fons
3239 4041 3401 4100 atque
3447 4033 3682 4097 virtutis,

2095 4124 2456 4193 erumpentia,
2488 4123 2716 4193 irrigant
2745 4121 3085 4192 superficiem
3116 4123 3383 4175 humanae
3421 4131 3681 4175 naturae:

2097 4218 2247 4288 prius
2269 4216 2483 4284 quidem
2534 4215 2587 4268 in
2623 4214 2846 4268 secretis
2877 4211 3226 4266 humanitatis
3260 4211 3489 4276 sinibus,
3519 4211 3687 4267 veluti

2099 4311 2163 4384 in.
2202 4307 2580 4364 occultissimis
2614 4304 2961 4374 intelligihilis
3007 4312 3183 4357 terrae
3217 4303 3383 4372 poris,
3419 4304 3473 4357 in
3501 4303 3693 4357 invisi-

2101 4399 2236 4454 biles
2269 4399 2496 4452 virtutes
2530 4394 2827 4466 surgentia,
2854 4392 3049 4447 deinde
3096 4393 3148 4445 in
3179 4400 3395 4462 apertos
3423 4393 3687 4447 bonarum

411 4486 499 4532 tus
522 4487 619 4531 est.
652 4474 794 4548 Ergo
831 4479 1087 4549 siquidem
1138 4481 1311 4550 imago
1354 4480 1423 4533 ad
1449 4480 1529 4543 id,
1575 4480 1715 4550 quod
1742 4479 1923 4534 melius
1943 4481 1997 4533 in

2103 4489 2373 4543 actionum
2412 4486 2635 4541 ell‘ectus
2676 4484 2958 4549 scatentia,
3004 4481 3424 4538 imunnerabiles
3479 4483 3690 4553 species

402 4567 561 4623 .stobis
586 4568 915 4639 intelligitur,
941 4572 1175 4624 sociatur
1209 4589 1227 4625 :
1273 4587 1609 4643 quaecunque
1634 4573 1773 4627 circa
1797 4573 1842 4605 ²¹
1865 4574 2000 4627 hanc

410 4659 572 4713 vitam
609 4659 781 4713 tristia
810 4660 1101 4729 miseraque
1123 4671 1266 4725 sunt,
1295 4662 1653 4717 similitudinis
1683 4664 1748 4729 ⁸³,
1774 4680 1908 4734 quae
1931 4664 1999 4716 ad

412 4747 581 4804 Deum
614 4758 711 4816 est,
752 4765 859 4805 non
905 4750 954 4783 ”
988 4762 1132 4805 sunt.
1162 4751 1561 4821 Animadverte,
1603 4755 1813 4824 qualem
1845 4772 2001 4824 para-

2101 4577 2360 4630 virtutum
2387 4585 2441 4629 et
2476 4574 2745 4629 actionum
2772 4574 3023 4643 produnt.
3073 4571 3148 4625 Ex
3184 4572 3312 4642 ipsis
3341 4572 3485 4627 enim
3511 4572 3689 4629 omnis

2101 4668 2273 4720 virtus
2299 4674 2354 4720 et
2395 4666 2537 4720 actio
2578 4664 2942 4734 progreditur,
2971 4672 3027 4718 et
3073 4663 3125 4716 in
3160 4661 3302 4731 ipsas
3356 4663 3684 4717 revertitur:

2102 4755 2251 4824 ipsae
2300 4770 2428 4810 vero
2470 4769 2537 4810 ex
2581 4753 2761 4809 divina
2805 4752 3069 4822 sapientia
3121 4753 3491 4824 egrediuntur,
3526 4763 3581 4808 et
3631 4753 3686 4808 in

1703 4883 1953 4939 VARIAE
1989 4884 2387 4941 LECTIONES.

494 5015 621 5091 "(AF
639 5017 946 5091 phylargia;
975 5020 1023 5091 Α
1043 5020 1367 5091 philargyria
1425 5022 1622 5075 existit.

1699 5023 1720 5051 ³
1742 5021 1786 5075 Α
1807 5022 2033 5091 foedam.

2138 5024 2160 5056 ³
2181 5024 2445 5093 Aitaque.
2543 5025 2698 5077 ‘eam
2730 5039 2838 5079 om.
2871 5025 2939 5078 Δ.
3049 5024 3070 5056 ⁸
3096 5024 3142 5077 Α
3172 5033 3444 5077 attractus.
3544 5023 3563 5051 ⁶
3599 5021 3689 5078 Sic

416 5086 473 5163 A_
500 5085 609 5163 ριν.
642 5085 648 5086 “
684 5085 791 5141 ΓΛ
828 5085 1089 5163 Similiter
1138 5085 1325 5144 habent
1379 5101 1428 5163 et
1472 5103 1640 5163 cetera
1667 5085 1899 5160 peccata,
1948 5110 2107 5161 quum
2172 5085 2428 5147 occultam
2498 5096 2777 5163 perniciem
2824 5094 3054 5158 habent,
3102 5094 3296 5163 prima
3347 5106 3519 5163 tamen
3584 5095 3690 5147 rice

417 5155 666 5236 uidentur
717 5160 1024 5236 capetenda,
1053 5169 1101 5236 et
1156 5177 1247 5230 per
1296 5155 1682 5236 seductionent:
1710 5155 1973 5236 quand-ain
2035 5155 2562 5218 inconsiderantibus.

421 5226 586 5278 rentis
637 5226 785 5280 boni.
862 5226 905 5258 ⁸ο
957 5229 1075 5282 boni
1106 5226 1165 5283 et'
1200 5230 1327 5283 ntali
1356 5248 1465 5285 om.
1497 5231 1562 5283 A.

2658 5165 2679 5194 ⁸
2721 5164 2860 5245 .qut'la
2912 5178 3022 5245 om.
3085 5162 3163 5245 Axn
3258 5162 3279 5191 °
3328 5162 3370 5213 A
3415 5171 3478 5245 ut
3524 5178 3689 5227 appa-

1642 5232 1683 5262 “
1710 5234 1754 5284 A
1781 5231 2042 5303 clamans,
2089 5236 2227 5303 quod
2255 5249 2451 5295 verum,
2511 5233 2653 5301 quod
2686 5229 2905 5301 simplex
2937 5241 2991 5303 et
3024 5229 3309 5303 uniforme
3350 5240 3424 5282 est
3473 5243 3686 5303 natura.

420 5294 468 5332 ⁸⁸
493 5296 539 5348 Α
581 5301 638 5349 et
660 5294 1054 5373 conﬁguratum
1081 5309 1185 5364 est,
1219 5302 1366 5373 aliud
1386 5301 1720 5373 judicatum,
1749 5310 1796 5354 et
1826 5302 1972 5354 aliud
2001 5294 2546 5373 per'rexperimentunt;
2576 5294 2858 5372 cognitum.
2925 5302 2979 5373 _”
3006 5301 3050 5353 A
3095 5306 3491 5373 praemonstrat
3538 5299 3691 5373 mali-

419 5378 584 5465 gnum
623 5365 826 5446 peccati
855 5365 1085 5448 fructum
1130 5388 1234 5424 non
1287 5365 1438 5424 illum
1489 5370 1698 5440 quidem
1747 5380 1941 5441 aperte,
1994 5365 2193 5441 qualis'
2220 5391 2253 5426 a
2291 5383 2481 5425 natura
2507 5365 2657 5437 erat;
2690 5388 2794 5426 non
2852 5370 2995 5424 enim
3026 5365 3131 5426 cei.

445 5432 468 5466 '
492 5434 534 5488 A
566 5445 747 5494 gustui
772 5447 829 5488 ut
855 5447 930 5489 tta
959 5439 1162 5493 mulieri
1190 5441 1327 5494 quod
1354 5440 1498 5494 vellet
1530 5442 1879 5494 persuaderet.
1959 5441 2003 5472 “
2032 5443 2071 5494 A
2103 5443 2260 5494 quod.
2338 5442 2378 5473 ¹⁷
2410 5442 2450 5494 Α
2484 5453 2528 5494 ct
2550 5442 2687 5494 auod
2723 5439 2884 5493 oculis
2912 5451 3131 5494 aratum.

1982 5443 2003 5471 ⁸
2032 5443 2071 5494 Α
2103 5443 2260 5513 quod.
2338 5447 2341 5471 τ

1982 5512 2025 5542 ⁸⁸
2052 5513 2107 5565 in
2137 5528 2244 5566 om.
2277 5510 2341 5564 A.

1834 5580 1880 5612 “
1908 5583 2181 5636 essentiale
2214 5597 2323 5635 om.
2374 5581 2438 5636 A.
2514 5582 2559 5612 ’⁷

862 5646 908 5679 ³⁸
932 5661 985 5704 ut
1011 5651 1084 5706 ait
1111 5646 1432 5721 Augustinus
1462 5668 1569 5708 ora.
1603 5652 1667 5707 Α.
1743 5652 1793 5689 ’⁸
1821 5652 2079 5709 sensibilis
2098 5667 2207 5709 om.
2242 5652 2307 5706 A.

566 5436 747 5514 gustui
772 5447 832 5514 ut
855 5437 930 5489 ita
959 5439 1162 5514 mulieri
1190 5441 1327 5514 quod
1354 5434 1879 5514 uellet-persuaderet.

612 5505 654 5537 "
684 5506 928 5585 Αλιιξξιτια
958 5520 1031 5563 est
1055 5502 1426 5585 fructiferatio:

423 5568 660 5650 litudine.
735 5576 788 5650 ξ’
808 5576 916 5650 Pro
941 5596 1041 5633 non
1055 5568 1108 5633 ’Λ
1136 5568 1306 5650 longe.

421 5647 554 5699 mori
577 5662 687 5702 om.
718 5644 782 5702 A.

1503 5511 1549 5542 ¹⁰
1574 5511 1621 5565 A
1651 5512 1705 5566 in
1729 5527 1904 5565 sensu.

1382 5581 1432 5613 ’⁸
1457 5593 1534 5636 est
1558 5597 1669 5636 om.
1688 5580 1755 5637 A.

3235 5366 3279 5399 ”
3306 5369 3350 5421 Α
3397 5369 3685 5420 exornarit.

2338 5442 2378 5473 ¹⁷
2410 5442 2450 5494 Α
2484 5453 2528 5495 ct
2550 5442 2687 5511 quod
2723 5439 2884 5493 oculis
2911 5451 3139 5511 gratum.
3218 5436 3261 5468 ¹⁸
3284 5437 3494 5511 ,ΛΑΕξεὶὶ
3517 5446 3691 5511 autem

2417 5513 2462 5543 “
2502 5511 2541 5563 A
2562 5507 2924 5577 quaecunque
2953 5525 3069 5562 vero
3095 5508 3261 5563 circa.
3336 5507 3383 5538 ’⁸
3411 5508 3454 5560 Α
3481 5523 3513 5559 a
3539 5507 3688 5558 simi-

2586 5527 2591 5563 ῑ
2614 5527 2924 5577 uaccunque
2953 5527 3069 5562 vero
3095 5527 3261 5563 eirea.
3337 5527 3383 5538 ον
3411 5527 3454 5560 Α
3481 5527 3513 5559 η
3539 5527 3688 5558 sum-

2586 5527 2846 5635 katurale
2870 5578 3055 5649 quippe
3095 5592 3280 5659 corpus
3313 5608 3379 5618 —
3404 5589 3555 5647 posse
3587 5589 3690 5626 non
