4212 6272
633 267 748 326 ὃςὶό

2009 263 2126 320 1οΑ
2136 261 2291 318 NNIS
2331 263 2524 319 SCOTI

3785 260 3900 318 884

633 391 752 428 eam
803 375 1164 430 revolvuntur.
1195 375 1250 428 ln
1281 377 1468 431 eodem
1501 375 1747 444 paradiso
1777 375 1881 430 duo
1915 375 2054 444 ligna
2089 389 2208 429 esse
2233 376 2282 436 Α
2313 375 2494 444 itaque
2525 375 2669 428 omni
2699 375 2860 445 ligno,
2893 361 3055 431 idest
3080 377 3318 432 omnium
3347 389 3606 432 nonarum
3645 378 3906 447 ptenitu-

633 461 907 534 praefatus
949 465 1268 536 Theologus,
1317 483 1543 537 magnus
1589 467 1841 521 videlicet
1895 466 2206 536 Gregorius,

635 557 891 624 exponit:
938 571 1156 624 quorum
1189 557 1300 620 uni,
1333 565 1391 610 ut
1441 557 1517 609 ait
1556 555 1689 624 ipse,
1739 571 1926 608 nomen
1967 564 2042 608 est
2087 563 2206 619 πᾶν,

638 647 739 700 hoc
764 655 866 711 est,
893 662 1074 707 omne,
1097 646 1248 702 alteri
1271 665 1384 702 vero
1411 649 1650 720 γνωστὸν,
1682 648 1821 716 quod
1847 655 1928 701 est
1949 646 2134 700 scibile
2167 647 2206 698 ¹.

636 735 801 806 Cujus
845 737 1076 790 nominis
1103 739 1472 804 interpretatio
1507 738 1550 790 si
1582 739 1649 790 ad
1685 737 1939 806 liquidmu
1971 737 2210 804 profera-

637 835 742 887 tur,
771 840 876 879 non
905 827 1035 879 satis
1077 808 1402 880 intellectum
1435 826 1561 896 ligni
1598 826 1867 894 exprimit.
1900 825 2209 895 Propterea,

636 924 695 968 ut
737 913 946 970 facilius
991 915 1338 986 intelligatur,
1383 916 1510 985 quid
1545 932 1610 970 eo
1657 917 1800 985 ligno
1851 915 2208 986 signiﬁcatur,

634 1005 836 1075 placuit
877 1006 1030 1059 nobis
1071 1007 1296 1080 γνωστὸν
1334 1014 1547 1060 vertere
1590 1007 1642 1058 in
1691 1008 1930 1059 mixtum.
1963 1006 2099 1072 Quid
2130 1012 2214 1058 est

634 1108 764 1162 ergo
807 1097 925 1157 πᾶν,
955 1094 1020 1147 de
1068 1093 1220 1162 cujus
1257 1094 1433 1148 fructu
1478 1095 1662 1163 jussus
1699 1101 1784 1148 est
1832 1093 1990 1147 homo
2033 1093 2213 1147 cibum

635 1181 884 1235 sumere?
929 1187 1030 1238 Πᾶν
1084 1182 1323 1250 profecto
1393 1191 1475 1236 est
1537 1182 1666 1235 illud
1718 1181 1944 1251 lignum,
1992 1181 2057 1234 de
2103 1197 2211 1250 quo

637 1272 915 1340 Scriptura
937 1273 1067 1326 dicit
1091 1291 1103 1325 ε
1137 1271 1494 1344 Produxitque
1525 1272 1776 1328 Dominus
1805 1271 1946 1324 Deus
1967 1271 2030 1325 de
2053 1272 2210 1324 Immo

635 1377 786 1414 omne
807 1361 1002 1430 lignum
1045 1360 1320 1431 pulchrum
1348 1363 1456 1416 visu
1493 1372 1541 1416 et
1589 1362 1657 1414 ad
1685 1362 1988 1415 vescendum
2032 1377 2210 1426 suave,

636 1450 832 1520 lignum
860 1450 1017 1503 etiam
1048 1451 1180 1504 vitae
1218 1452 1272 1504 in
1318 1452 1486 1504 medio
1520 1451 1776 1520 paradisi.
1805 1452 2208 1516 Animadverte,

635 1543 905 1611 quomodo
935 1557 1098 1595 unutn
1141 1541 1479 1612 idipsumque
1524 1543 1727 1612 lignum
1777 1529 1982 1597 duobus
2038 1543 2211 1596 modis

633 1633 947 1702 prophetica
995 1633 1198 1687 theoria
1248 1643 1303 1688 et
1343 1643 1530 1687 narrat
1559 1642 1614 1686 et
1673 1633 1929 1688 nominat.
1967 1633 2205 1687 Primqu

2311 465 2456 526 diue,
2495 464 2654 534 primi
2703 465 2950 520 lmtnincs
2981 465 3116 533 jussi
3157 477 3282 522 sunt
3309 468 3488 521 cibum
3540 483 3795 532 sumere;
3845 480 3898 525 et

2312 555 2489 608 adhuc.
2517 556 2661 610 onmi
2695 557 2878 622 generi
2912 558 3150 611 lnunano
3176 557 3300 612 inde
3329 559 3510 612 virere
3539 559 3898 626 praecipitur.

2311 645 2574 712 Quoniam
2623 662 2750 700 vero
2777 648 2934 715 primi
2964 657 3216 716 parentes
3251 647 3428 701 cibum
3457 649 3579 702 inde
3611 650 3632 681 "
3673 665 3910 709 sumere

2311 735 2622 798 noluerunt,
2673 748 3070 806 praeponentes
3117 739 3163 792 ei
3213 737 3464 807 prohibiti
3502 737 3626 806 ligni
3657 740 3899 793 mortife-

2313 841 2431 879 rum
2480 825 2740 887 fructum,
2779 844 2883 882 non
2913 829 3084 882 solum
3134 829 3228 892 illi,
3280 844 3466 882 verum
3523 831 3687 883 etiam
3725 840 3898 884 totum

2311 927 2478 982 genus
2507 916 2574 966 ab
2603 915 2683 968 eis
2719 927 3098 986 propagatum,
3141 915 3456 983 justissima
3481 917 3665 970 divino
3692 917 3898 984 judicio

2311 1012 2366 1054 et
2402 1017 2466 1056 ex
2511 1003 2770 1070 dignitate
2803 1016 3027 1058 naturae
3058 1005 3261 1073 expulsi
3288 1015 3411 1058 sunt
3445 1022 3508 1060 ac
3537 1016 3716 1060 morte
3749 1006 3900 1060 dam-

2313 1093 2446 1144 nati.
2479 1092 2709 1146 Videsne
2741 1093 2923 1159 igitur,
2947 1095 3074 1162 quid
3097 1097 3271 1149 omnis
3310 1095 3440 1163 ligni
3472 1093 3738 1148 vocabulo
3763 1093 3895 1162 ligu-

2313 1189 2430 1232 rate
2478 1180 2692 1234 divinus
2733 1181 3024 1250 PrOpheta.
3075 1183 3182 1236 imo
3243 1183 3478 1252 Spiritus
3529 1193 3758 1236 sanctus
3805 1196 3898 1251 per

2310 1266 2634 1337 Propltetam
2682 1270 2988 1340 significare
3011 1272 3211 1325 voluit?
3248 1273 3394 1328 DISC.
3427 1273 3592 1327 Plane
3630 1273 3817 1334 video,
3845 1281 3906 1326 et.

2313 1355 2386 1407 nil
2415 1357 2582 1417 aliud,
2607 1367 2665 1411 ut
2695 1361 2954 1424 arbitror,
3002 1371 3214 1428 praeter
3245 1362 3424 1416 Deum.
3456 1363 3696 1415 Verbum
3723 1362 3898 1416 homi-

2313 1461 2434 1498 nem
2465 1446 2664 1501 factum
2720 1465 2879 1502 omne
2907 1449 3104 1504 bonum
3152 1452 3322 1505 totius
3368 1452 3628 1519 paradisi,
3658 1451 3769 1506 hoc
3817 1461 3902 1506 est

2313 1539 2479 1594 totius
2533 1551 2753 1594 nostrae
2786 1552 3034 1608 naturae,
3063 1551 3116 1596 et
3140 1558 3244 1596 non
3277 1543 3420 1597 aliud
3469 1551 3690 1613 praeter
3723 1544 3902 1612 ipsum

2313 1628 2628 1694 subsistere,
2661 1633 2726 1684 de
2753 1646 2860 1700 quo
2897 1633 3201 1696 comedere,
3233 1633 3335 1686 hoc
3363 1641 3466 1695 est,
3491 1633 3582 1702 pio
3619 1633 3902 1688 intellectu

633 1723 850 1790 quidem
901 1737 1060 1776 onme
1117 1722 1312 1792 lignum
1361 1723 1496 1778 dixit
1547 1723 1824 1792 pulchrum
1869 1724 1986 1777 visu
2042 1734 2096 1777 et
2139 1723 2206 1778 ad
2239 1713 2281 1771 Β
2310 1733 2430 1773 eum
2459 1723 2481 1753 ⁸
2530 1723 2807 1793 percipere
2843 1738 2934 1778 seu
2976 1725 3078 1780 ﬁde
3129 1726 3350 1780 credere
3400 1727 3508 1780 vita
3549 1735 3772 1780 aeterna
3815 1735 3902 1781 est.

632 1811 956 1865 vescendum
987 1826 1168 1874 suave,
1215 1821 1268 1866 et
1313 1813 1504 1866 iterum
1542 1814 1740 1884 lignum
1779 1815 1941 1868 etiam
1991 1815 2130 1870 vitae
2161 1815 2216 1870 in

634 1900 812 1954 medio
871 1902 1124 1970 paradisi.
1157 1904 1178 1934 ¹
1225 1903 1292 1957 Et
1336 1905 1491 1973 paulo
1539 1915 1690 1974 post:
1751 1906 1836 1960 Ex
1885 1908 2026 1961 omni
2075 1907 2214 1977 ligno

631 1989 869 2060 paradisi
916 1991 1144 2055 comede,
1195 2007 1358 2072 unum
1399 1993 1598 2062 lignum
1643 2009 1802 2048 omne
1828 1995 2026 2064 lignum
2070 1997 2214 2051 voci-

635 2088 774 2132 tans.
834 2078 1000 2134 Nemo
1057 2095 1186 2152 ergo
1241 2083 1576 2152 sequentium
1643 2085 1900 2152 praedicti
1959 2083 2214 2155 Theologi

634 2169 932 2222 doctrinam
961 2169 1250 2234 existimet,
1278 2170 1328 2224 in
1387 2171 1636 2240 paradiso
1671 2187 1788 2226 esse
1811 2173 2040 2242 plurima
2071 2173 2214 2243 ligna

635 2260 969 2316 diversarum
1037 2263 1330 2317 formarum
1395 2264 1838 2335 diversorumque
1903 2265 2210 2331 fructuum,

634 2351 796 2404 veluti
838 2351 1103 2422 quandam
1135 2353 1336 2425 sylvam
1385 2355 1566 2410 multis
1604 2355 1886 2410 arboribus
1915 2357 2210 2425 copiosam,

634 2441 741 2508 sed,
781 2441 888 2495 duo
935 2443 1288 2508 solummodo,
1337 2460 1498 2498 unmn
1531 2445 1746 2515 quidem
1803 2453 1927 2510 πᾶν,
1981 2447 2209 2500 alterum

633 2545 765 2585 vero
809 2535 1052 2602 γνωστόν.
1109 2535 1173 2589 Et
1201 2546 1284 2590 est
1307 2543 1409 2592 πᾶν
1444 2539 1608 2602 ξύλον,
1642 2538 1743 2593 hoc
1781 2547 1886 2600 est.
1944 2556 2092 2592 omne
2143 2540 2210 2592 Ii-

632 2638 792 2691 gnum
840 2625 1072 2693 paradisi
1139 2626 1158 2657 ³
1205 2625 1433 2682 Verbum
1482 2637 1535 2682 et
1564 2628 1838 2698 Sapientia
1867 2629 2063 2694 Patris,
2107 2633 2206 2686 Do-

633 2713 812 2767 minus
837 2723 1016 2768 noster
1054 2713 1208 2776 Jesus
1245 2717 1513 2784 Christus,
1561 2719 1652 2788 qui
1691 2731 1776 2774 est
1821 2736 1981 2775 onme
2009 2721 2211 2790 lignum

632 2804 990 2871 fructifernm,
1009 2808 1060 2860 in
1085 2809 1258 2862 medio
1274 2811 1538 2867 humanae
1561 2820 1782 2867 naturae
1806 2813 2038 2881 paradisi
2063 2813 2214 2881 plan-

633 2907 826 2960 tatum,
859 2897 1054 2966 duplici
1087 2897 1334 2954 videlicet
1358 2902 1544 2954 modo:
1580 2903 1754 2970 primo
1775 2903 1988 2972 quidem
2019 2919 2212 2958 secun-

631 2986 756 3039 dum
775 3002 924 3040 suam
951 2989 1308 3052 divinitatem,
1337 3006 1441 3060 qua
1458 3001 1698 3046 nostram
1715 3002 2209 3060 uaturametcreat,

631 3085 685 3129 et
736 3079 995 3141 continet,
1043 3089 1097 3133 et
1143 3081 1331 3144 nutrit,
1363 3088 1417 3134 et
1446 3081 1696 3145 viviﬁcat,
1741 3091 1796 3137 et
1845 3083 2128 3142 illuminat,
2157 3094 2211 3139 et

633 3167 868 3231 (icilicat,
907 3177 960 3221 et
1010 3178 1209 3234 movet,
1255 3178 1454 3226 etesse
1484 3171 1646 3237 facit;
1694 3173 1746 3224 iu
1778 3174 1889 3241 ipso
1923 3175 2058 3227 enim
2087 3174 2213 3226 viri-

631 3257 808 3310 τητιεεί
826 3273 1089 3312 movemur
1109 3270 1154 3312 et
1170 3276 1348 3314 sumus
1369 3277 1387 3313 :
1405 3261 1640 3314 secundo
1667 3276 1818 3325 vero,
1843 3278 1948 3330 quo
1972 3270 2209 3315 nostram

631 3354 902 3410 naturam,
959 3355 1016 3400 ut
1053 3349 1287 3402 salvaret
1333 3365 1476 3409 eam,
1515 3361 1569 3404 et
1605 3351 1656 3404 in
1697 3359 1892 3404 statum
1919 3352 2210 3420 pristiuttm

635 3445 933 3498 revocaret,
973 3437 1028 3490 in
1075 3439 1332 3492 unitatem
1365 3439 1386 3468 ³⁸
1407 3440 1738 3495 substantiae
1765 3442 1866 3496 sibi
1897 3443 1918 3473 ⁸
1947 3441 2208 3510 adjuuxit,

633 3535 694 3579 ut
729 3527 780 3579 in
810 3527 1015 3582 duabus
1037 3531 1243 3584 naturis
1276 3532 1610 3593 subsisteret,
1646 3535 1825 3588 divina
1855 3535 2105 3589 videlicet
2130 3545 2207 3590 at.

631 3630 738 3684 que
761 3617 1014 3670 humana.
1053 3618 1120 3672 Et
1165 3619 1267 3675 hoc
1291 3629 1373 3674 est
1419 3623 1559 3692 quod
1593 3623 1872 3693 Scriptura
1911 3626 1987 3680 ait
2019 3645 2030 3678 :
2070 3627 2204 3680 Pro-

631 3705 884 3770 duxitque
919 3704 1164 3761 Dominus
1191 3708 1212 3739 θ
1245 3709 1385 3763 Deus
1427 3710 1492 3763 de
1532 3711 1709 3775 humo,
1743 3713 1843 3768 hoc
1872 3725 1974 3778 est,
2010 3730 2073 3769 ex
2106 3733 2212 3768 nm-

635 3795 808 3848 teriali
837 3805 1017 3850 nostra
1048 3807 1258 3861 natura,
1283 3817 1434 3855 omne
1463 3801 1680 3871 lignum,
1713 3803 1812 3858 hoc
1841 3815 1943 3870 est,
1977 3807 2206 3862 Verbum

633 3886 993 3954 incarnatum,
1047 3889 1101 3943 in
1133 3906 1239 3958 quo
1271 3897 1325 3944 et
1364 3908 1459 3960 per
1493 3895 1633 3962 quod
1684 3893 1824 3949 facta
1856 3907 1979 3950 sunt
2004 3900 2204 3963 omnia,

631 3985 686 4029 et
709 3976 848 4045 quod
869 3989 954 4032 est
979 3980 1182 4034 omnia.
1215 3981 1388 4051 Ipsum
1419 3985 1560 4038 enim
1591 3987 1929 4041 solummodo
1953 3997 2035 4042 est
2074 3990 2204 4044 sub-

631 4067 882 4123 stautiale
937 4070 1155 4127 bomnn.
1189 4075 1380 4129 Cetera
1425 4077 1588 4140 enim,
1624 4094 1762 4146 quae
1807 4080 2060 4134 dicuntur
2090 4097 2208 4135 esse

630 4161 792 4226 bona,
845 4179 948 4216 non
981 4180 1076 4233 per
1119 4181 1196 4229 se,
1242 4167 1334 4222 sed
1374 4170 1782 4238 participatione
1843 4171 2010 4240 ipsius
2064 4173 2204 4226 bona

602 4263 779 4330 .sunt,
809 4253 900 4323 qui
929 4270 1022 4322 per
1045 4271 1103 4310 se
1143 4273 1268 4312 vere
1315 4260 1553 4314 existens
1595 4261 1794 4314 bonum
1823 4271 1921 4326 est,
1955 4270 2008 4316 et
2049 4277 2207 4316 onme

2318 1825 2370 1868 et
2400 1816 2820 1886 ineorruptibilis
2869 1819 3091 1881 sanitas,
3139 1818 3387 1888 ignorare
3427 1835 3556 1871 vero
3579 1819 3658 1872 vel
3697 1834 3896 1885 negare

2320 1921 2463 1960 mors
2511 1917 2729 1960 aeterna
2761 1916 2844 1962 est
2875 1917 2930 1961 et
2966 1909 3172 1962 inﬁnita
3213 1909 3509 1976 corruptio.
3553 1907 3692 1964 Mtte.
3736 1909 3896 1963 Clare

2317 1996 2595 2062 perspicis.
2645 1996 2832 2050 Restat
2865 1999 3042 2066 itaque
3066 2002 3128 2051 de
3157 2007 3370 2071 γνωστῷ
3409 1997 3620 2064 dicere,
3655 2000 3757 2054 hoc
3786 2012 3890 2061 est,

2316 2085 2382 2140 de
2405 2085 2546 2154 ligno
2569 2087 2825 2142 scientiae
2845 2088 2970 2142 boui
3001 2097 3055 2142 et
3076 2089 3220 2142 mali.
3246 2089 3366 2144 Iam
3388 2090 3637 2154 diximus,
3659 2094 3902 2162 γνωστὺι

2316 2190 2420 2226 non
2461 2175 2525 2228 de
2553 2176 2716 2230 verbo
2739 2177 2805 2230 ad
2838 2177 3080 2242 verbum,
3121 2179 3212 2232 sed
3259 2179 3326 2232 de
3375 2194 3527 2233 sensu
3555 2179 3620 2231 ad
3663 2194 3890 2233 sensum

2318 2262 2546 2318 faciliori
2606 2266 2880 2320 intellectu
2929 2269 3150 2320 mixtum
3201 2267 3542 2337 interpretari
3584 2283 3761 2336 posse.
3818 2267 3898 2320 Et.

2314 2363 2396 2407 est
2425 2354 2637 2421 quidem
2681 2358 2899 2428 γνωστὸν
2924 2355 3075 2425 juxta
3107 2354 3406 2423 praefatum
3432 2357 3766 2426 magistrum,
3796 2371 3900 2409 cu-

2307 2440 2396 2509 jus
2435 2443 2755 2496 sententiam
2781 2445 2847 2498 de
2885 2444 3134 2514 paradiso
3156 2453 3211 2497 et
3241 2445 3536 2513 sequimur,
3561 2459 3616 2498 et
3642 2445 3896 2514 aperiem-

2315 2537 2414 2589 dae
2469 2536 2818 2590 obscuritatis
2866 2537 3038 2608 gratia
3088 2538 3536 2606 recapitulamus,
3585 2539 3788 2592 malitia
3835 2538 3886 2591 in

2315 2625 2596 2694 phantasia
2623 2625 2746 2680 boni
2775 2623 3035 2690 colorata,
3065 2628 3310 2696 corporis
3359 2626 3380 2657 ’
3431 2627 3677 2682 sensibus
3702 2627 3895 2690 insita,

2314 2717 2458 2787 ligno
2503 2717 2686 2785 priori,
2739 2718 2878 2786 quod
2905 2725 2988 2771 est
3012 2722 3138 2780 πᾶν,
3169 2717 3390 2770 onmiuo
3437 2717 3782 2771 contrarium.
3816 2715 3888 2772 Ut

2313 2809 2458 2861 enim
2488 2809 2540 2862 in
2589 2808 2676 2862 illo
2707 2823 2864 2862 onme
2895 2809 3092 2862 bonum
3125 2807 3452 2876 imaginatur
3487 2816 3542 2861 et
3593 2821 3748 2861 omne
3793 2809 3885 2861 bo-

2317 2914 2442 2952 num
2467 2907 2571 2961 est,
2604 2898 2674 2951 ita
2706 2898 2756 2950 in
2789 2899 2890 2952 isto
2917 2898 3240 2952 universitas
3263 2899 3426 2952 totius
3458 2897 3604 2951 mali.
3637 2898 3771 2952 Illud
3798 2897 3888 2967 igi-

2319 2993 2403 3038 tur
2427 2994 2508 3038 est
2539 3001 2696 3038 (mille
2748 2987 2944 3038 bonum
2992 3000 3119 3039 vere
3167 2986 3484 3052 subsistens,
3545 2988 3649 3043 hoc
3708 2976 3964 3062 autem".

2316 3092 2474 3132 oume
2528 3079 2748 3141 malum,
2778 3093 2874 3146 per
2925 3079 3262 3146 phantasiam
3311 3080 3434 3133 boui
3495 3095 3687 3135 omnes
3725 3081 3896 3134 malos
3961 3085 3966 3117 ῖ

2316 3169 2594 3222 seducens.
2635 3168 2744 3221 Cur
2800 3176 2980 3222 autem
3050 3179 3338 3238 utrumque
3385 3169 3610 3239 lignum,
3662 3171 3771 3226 hoc
3814 3179 3890 3225 est
3951 3167 3962 3237 ἶ

2314 3274 2472 3314 omne
2503 3260 2724 3329 lignum,
2758 3263 2898 3328 quod
2933 3262 3094 3314 etiam
3128 3261 3330 3331 lignum
3375 3264 3514 3316 vitae
3551 3273 3800 3328 vocatur,
3839 3271 3892 3316 et
3947 3316 3951 3327 ,

3873 3331 3953 3354 -Ἷ

2315 3350 2541 3402 alterum
2571 3351 2770 3420 lignum
2815 3353 3074 3406 scientiae
3102 3351 3227 3404 boni
3259 3363 3314 3405 et
3341 3353 3463 3407 mali
3496 3355 3547 3407 iu
3579 3353 3764 3408 medio
3797 3370 3885 3422 pa-

2315 3443 2474 3496 radisi
2507 3458 2622 3495 esse
2641 3453 2956 3506 narrantur,
2993 3459 3095 3497 non
3119 3445 3290 3498 otiosa
3323 3455 3404 3498 est
3429 3447 3674 3514 quaestio
3701 3465 3713 3499 :
3759 3460 3888 3514 quae

2315 3539 2514 3594 tamen,
2567 3540 2622 3582 ut
2668 3532 2876 3600 opinor,
2924 3532 3012 3585 Iali
3047 3534 3201 3586 modo
3232 3535 3363 3587 solvi
3409 3534 3680 3604 pOIHSl.Si
3709 3537 3756 3568 '°
3789 3536 3886 3606 pri-

2315 3639 2457 3676 mum
2495 3623 2714 3690 quidem
2769 3632 2876 3676 tota
2924 3623 3157 3676 humana
3195 3635 3411 3688 natura,
3438 3625 3669 3679 visibilis
3707 3627 3892 3679 videlis

2313 3723 2396 3766 eet
2427 3722 2482 3766 et
2528 3713 2832 3776 invisibilis,
2869 3714 3106 3768 exterior
3134 3724 3188 3768 et
3229 3717 3472 3780 interior,
3505 3717 3572 3770 ad
3603 3717 3892 3786 imaginem

2313 3805 2402 3858 Dei
2434 3803 2593 3866 facta,
2621 3813 2676 3856 et
2701 3815 2920 3871 propter
2954 3816 3229 3873 peccatqu
3255 3807 3597 3874 superaddita
3631 3807 3885 3860 intiman-

2311 3895 2376 3945 da
2414 3893 2574 3946 fuerit
2597 3894 2662 3952 η.
2695 3894 2938 3962 quisquis
2967 3893 3144 3961 itaque
3199 3903 3400 3947 textum
3451 3897 3720 3948 sermonis
3747 3893 3893 3948 heat't

2310 3985 2553 4054 Gregorii
2587 3985 2652 4038 de
2680 3985 2913 4054 lmagine
2941 3986 3178 4039 intentus
3208 3986 3500 4054 inspexerit
3523 3987 3588 4050 ι’,
3620 3987 3890 4040 senarium

2311 4077 2474 4130 totius
2506 4077 2770 4128 humanae
2803 4083 3024 4128 naturae
3041 4084 3094 4127 et
3125 4063 3452 4144 generaliter
3477 4076 3530 4129 in
3556 4074 3813 4130 omnibus
3839 4082 3888 4129 et

2309 4167 2612 4234 Speeialiter
2669 4167 2718 4218 in
2775 4165 2996 4234 singulis
3036 4165 3376 4234 partitionem
3429 4164 3472 4196 ¹⁸
3515 4167 3764 4236 reperiet.
3816 4166 3888 4218 Ac

2309 4259 2538 4328 primum
2569 4258 2620 4310 in
2646 4257 2778 4309 duas
2801 4255 2964 4308 veluti
2989 4255 3314 4324 principales
3336 4265 3516 4324 partes
3540 4266 3884 4324 segregatur:

631 4345 850 4408 bonum,
893 4357 948 4402 et
983 4347 1213 4411 bonitas,
1269 4359 1324 4405 et
1363 4353 1524 4406 totius
1571 4352 1694 4406 boui
1725 4363 1779 4406 et
1806 4353 2060 4407 bonitatis
2089 4354 2207 4409 fons
2237 4388 2290 4448 Β
2315 4359 2366 4402 et
2393 4364 2495 4400 una
2536 4349 2749 4417 quidem
2783 4348 2996 4416 corpori
3034 4348 3366 4412 attribuitur,
3399 4349 3569 4402 altera
3610 4365 3736 4402 vero
3773 4347 3889 4404 aui-

629 4449 686 4494 et
719 4441 889 4510 origo,
943 4457 1104 4496 causa
1160 4453 1213 4496 et
1263 4443 1614 4514 principium,
1668 4445 1791 4499 linis
1827 4453 1881 4500 et
1919 4446 2204 4516 perfectio,

633 4539 811 4582 trotus
846 4539 1005 4596 atque
1039 4531 1212 4598 quies,
1259 4533 1488 4587 medium
1521 4545 1573 4588 et
1599 4535 1940 4599 extremitas,
1973 4538 2207 4592 auditus

631 4626 688 4668 et
737 4618 906 4681 locus,
955 4618 1105 4685 cujus
1135 4619 1340 4674 fructus
1378 4624 1486 4676 vita
1519 4633 1734 4679 aeterna
1763 4635 1866 4688 est,
1903 4627 2056 4697 Cujus
2082 4642 2207 4682 esus

631 4705 888 4774 gaudium
949 4717 1003 4761 et
1057 4709 1256 4763 laetitia
1303 4720 1360 4765 et
1397 4713 1692 4772 ineﬂhbiles
1751 4719 2010 4781 deliciae,
2052 4721 2204 4790 cujus

632 4801 881 4862 aspectus
919 4795 1141 4865 pulcher
1195 4808 1294 4852 est.
1336 4790 1452 4867 Ipse
1493 4803 1755 4870 siquidem
1806 4806 2088 4872 pulchrum
2151 4819 2206 4864 et

631 4883 976 4955 pulchritudo
1012 4886 1173 4942 totius
1221 4888 1449 4956 pulchri,
1494 4901 1548 4943 et
1591 4891 2006 4960 pulchritudinis
2043 4913 2204 4954 causa

631 4984 686 5027 et
715 4973 1009 5042 plenitudo,
1051 4975 1204 5046 Cujus
1237 4989 1424 5049 gustus
1452 4990 1506 5036 et
1531 4987 1789 5040 eomestio
1822 4991 1994 5044 nescit
2011 4993 2211 5048 saturi-

633 5067 830 5126 tatem;
873 5079 937 5119 eo
985 5065 1269 5135 siquidem,
1303 5069 1356 5122 iu
1395 5081 1674 5140 quantum,
1715 5077 1837 5145 quis
1866 5081 2118 5146 vescitur,
2153 5085 2206 5139 iu

636 5163 842 5208 tantum
899 5156 950 5210 in
1005 5157 1330 5215 desiderium
1361 5165 1608 5218 vescendi
1635 5169 1947 5244 suscitatur.
2002 5173 2076 5229 De
2103 5175 2208 5232 hoc

2317 4457 2452 4494 mae.
2483 4441 2548 4494 Et
2575 4456 2636 4492 ea
2667 4441 2906 4509 quidem,
2929 4455 3067 4510 quae
3094 4441 3330 4509 corpori,
3363 4441 3617 4496 exteriori
3641 4441 3888 4494 videlicet

2313 4533 2515 4587 homini
2549 4532 2725 4594 datur,
2760 4533 2812 4585 in
2847 4541 2956 4585 tres
2984 4541 3164 4601 partes
3195 4532 3500 4588 rationabili
3533 4531 3776 4587 contuitu
3805 4545 3886 4584 se—

2313 4631 2554 4693 paratur.
2595 4622 2836 4688 Quarum
2868 4623 3040 4692 prima
3091 4639 3286 4692 corpus
3335 4623 3504 4691 ipsum
3535 4633 3619 4677 est
3661 4623 3886 4677 formata

2311 4713 2538 4768 materia
2587 4714 2937 4766 constitutum
2965 4752 2981 4776 ,
3031 4713 3096 4767 de
3117 4729 3228 4781 quo
3251 4713 3584 4768 solummodo
3607 4713 3886 4781 praedica—

2314 4816 2400 4862 tur
2444 4822 2587 4867 esse,
2617 4820 2724 4873 quo
2754 4803 2806 4858 in
2836 4805 3068 4858 lnunana
3097 4814 3286 4859 natura
3332 4805 3405 4858 nil
3435 4803 3655 4858 inferius
3685 4802 3882 4855 intelli-

2309 4899 2472 4968 gitur.
2505 4895 2752 4951 Secunda
2804 4911 2930 4964 pars
2955 4905 3038 4950 est
3059 4912 3272 4950 sursum
3305 4911 3508 4958 versus,
3539 4908 3676 4962 quae
3699 4893 3882 4947 multis

2311 4990 2622 5044 nominibus
2645 4987 2900 5058 appellari
2943 4995 2995 5041 et
3035 4987 3172 5041 solet
3197 4995 3251 5042 et
3279 4993 3470 5054 potest.
3499 4983 3708 5038 Dicitur
3736 4984 3878 5038 enim

2309 5083 2570 5138 nutritiva
2601 5091 2655 5135 et
2699 5079 2936 5142 auctiva,
2974 5077 3098 5147 quia
3150 5078 3321 5131 nutrit
3345 5089 3538 5145 corpus
3575 5083 3631 5128 et
3652 5077 3882 5142 augetet

2311 5177 2549 5232 continet
2579 5174 2634 5228 in
2668 5187 2799 5238 uno,
2834 5185 2902 5225 ne
2937 5168 2982 5200 “‘
3011 5167 3212 5224 deﬂuat
3253 5177 3308 5224 et
3359 5167 3617 5222 solvatur.
3651 5163 3879 5220 Vocatur

1926 5285 2178 5341 VARIAE
2215 5283 2613 5343 LECTIONES.

714 5377 892 5466 fauos!
913 5388 1011 5466 fit”
1041 5383 1218 5462 scibile
1259 5399 1368 5466 oar.
1414 5386 1513 5466 A._
1550 5389 2031 5466 LAuintadverte-e
2054 5397 2290 5465 paradisi
2319 5413 2406 5452 om
2437 5397 2500 5452 Α.
2579 5397 2601 5428 ⁸
2627 5395 2864 5466 paradisi
2887 5394 3085 5466 onitA.
3107 5395 3198 5466 ._:
3211 5393 3252 5447 A
3286 5393 3695 5466 universitatem.
3726 5385 3877 5466 η’,β

633 5461 780 5495 suae.
853 5445 874 5476 ⁸
903 5447 1155 5507 Dominus
1185 5454 1389 5508 omxA.

632 5509 752 5576 CF;
781 5513 820 5565 A
857 5511 962 5570 Sic.

632 5582 676 5632 Α
725 5584 967 5640 continet
991 5595 1044 5641 ut
1086 5606 1209 5648 non.

1493 5459 1513 5490 "
1548 5457 1639 5514 Sic
1677 5459 1794 5522 CF;
1852 5461 1896 5514 A
1941 5457 2064 5518 inde
2104 5467 2294 5521 cibum.

1251 5523 1334 5580 CF
1353 5541 1367 5591 ἲ
1401 5526 1440 5580 Α
1483 5527 1672 5596 [πένητα
1709 5609 1718 5618 ο
1754 5531 1796 5564 ⁸³
1837 5529 1928 5611 sic
1953 5533 2036 5587 CF
2065 5551 2078 5600 ;
2111 5535 2151 5588 A
2187 5539 2518 5608 perspexerit.

2397 5468 2419 5500 ⁸
2467 5485 2582 5522 eum
2621 5463 2729 5518 oni.
2791 5466 2854 5518 A.
2929 5465 2952 5499 ⁹
2995 5463 3085 5518 Sic
3114 5463 3238 5528 CF;
3272 5465 3316 5518 Α
3345 5480 3404 5517 co

2625 5535 2669 5568 ”
2709 5533 2799 5589 Sic
2827 5533 2943 5600 CF;
2973 5533 3014 5588 Δ
3043 5533 3508 5604 participationem.

3412 5462 3628 5532 rporeis.
3664 5529 3690 5532 μ
3704 5531 3711 5532 7
3725 5455 3878 5532 "_S_ic

3592 5532 3634 5564 “
3655 5529 3750 5604 ‘Sic
3766 5524 3844 5584 CF
3861 5539 3876 5589 ἱ
