  <div class='ocr_page' id='page_1' title='image "/cluster/home/n/w/nwhite01/storage/ocr_20150623/122/pst.000018028355/450.png"; bbox 0 0 4212 6272; ppageno 0'>
   <div class='ocr_carea' id='block_1_1' title="bbox 423 326 529 382">
    <p class='ocr_par' dir='ltr' id='par_1_1' title="bbox 423 326 529 382">
     <span class='ocr_line' id='line_1_1' title="bbox 423 326 529 382; baseline 0.019 -2"><span class='ocrx_word' id='word_1_1' title='bbox 423 326 529 382; x_wconf 74' lang='lat'><strong>825</strong></span> 
     </span>
    </p>
   </div>
   <div class='ocr_carea' id='block_1_2' title="bbox 1238 316 2822 383">
    <p class='ocr_par' dir='ltr' id='par_1_2' title="bbox 1238 316 2822 383">
     <span class='ocr_line' id='line_1_2' title="bbox 1238 316 2822 383; baseline -0.004 -4"><span class='ocrx_word' id='word_1_2' title='bbox 1238 323 1327 379; x_wconf 84' lang='lat' dir='ltr'><strong>DE</strong></span> <span class='ocrx_word' id='word_1_3' title='bbox 1362 320 1699 379; x_wconf 78' lang='lat' dir='ltr'><strong>DIViSIONE</strong></span> <span class='ocrx_word' id='word_1_4' title='bbox 1735 317 2085 376; x_wconf 78' lang='lat' dir='ltr'><strong>NATURAE.</strong></span> <span class='ocrx_word' id='word_1_5' title='bbox 2124 348 2195 358; x_wconf 89' lang='lat'><strong>-—</strong></span> <span class='ocrx_word' id='word_1_6' title='bbox 2231 316 2430 371; x_wconf 80' lang='lat' dir='ltr'><strong>LIBER</strong></span> <span class='ocrx_word' id='word_1_7' title='bbox 2473 316 2822 383; x_wconf 79' lang='lat' dir='ltr'><strong>QUARTUS.</strong></span> 
     </span>
    </p>
   </div>
   <div class='ocr_carea' id='block_1_3' title="bbox 3567 320 3675 378">
    <p class='ocr_par' dir='ltr' id='par_1_3' title="bbox 3567 320 3675 378">
     <span class='ocr_line' id='line_1_3' title="bbox 3567 320 3675 378; baseline 0.009 -1"><span class='ocrx_word' id='word_1_8' title='bbox 3567 320 3675 378; x_wconf 74' lang='lat'><strong>826</strong></span> 
     </span>
    </p>
   </div>
   <div class='ocr_carea' id='block_1_4' title="bbox 424 426 3676 505">
    <p class='ocr_par' dir='ltr' id='par_1_4' title="bbox 424 426 3676 505">
     <span class='ocr_line' id='line_1_4' title="bbox 424 426 3676 505; baseline -0.002 -12"><span class='ocrx_word' id='word_1_9' title='bbox 424 439 588 493; x_wconf 82' lang='lat' dir='ltr'><strong>etiam</strong></span> <span class='ocrx_word' id='word_1_10' title='bbox 617 429 796 505; x_wconf 81' lang='lat' dir='ltr'><strong>vitalis</strong></span> <span class='ocrx_word' id='word_1_11' title='bbox 821 444 999 489; x_wconf 79' lang='lat' dir='ltr'><strong>monts</strong></span> <span class='ocrx_word' id='word_1_12' title='bbox 1020 437 1161 498; x_wconf 60' lang='lat' dir='ltr'><strong>{nec</strong></span> <span class='ocrx_word' id='word_1_13' title='bbox 1204 432 1495 496; x_wconf 86' lang='lat' dir='ltr'><strong>immerito,</strong></span> <span class='ocrx_word' id='word_1_14' title='bbox 1525 432 1669 501; x_wconf 89' lang='lat' dir='ltr'><strong>quod</strong></span> <span class='ocrx_word' id='word_1_15' title='bbox 1694 446 1799 485; x_wconf 90' lang='lat' dir='ltr'><strong>non</strong></span> <span class='ocrx_word' id='word_1_16' title='bbox 1823 430 1995 484; x_wconf 91' lang='lat' dir='ltr'><strong>solum</strong></span> <span class='ocrx_word' id='word_1_17' title='bbox 2026 431 2077 491; x_wconf 83' lang='grc' dir='ltr'><strong>Λ</strong></span> <span class='ocrx_word' id='word_1_18' title='bbox 2104 428 2268 495; x_wconf 84' lang='lat' dir='ltr'><strong>ligna,</strong></span> <span class='ocrx_word' id='word_1_19' title='bbox 2300 432 2402 482; x_wconf 84' lang='grc' dir='ltr'><strong>πᾶν</strong></span> <span class='ocrx_word' id='word_1_20' title='bbox 2441 426 2690 481; x_wconf 88' lang='lat' dir='ltr'><strong>videlicet</strong></span> <span class='ocrx_word' id='word_1_21' title='bbox 2734 436 2789 482; x_wconf 91' lang='lat' dir='ltr'><strong>et</strong></span> <span class='ocrx_word' id='word_1_22' title='bbox 2829 429 3074 499; x_wconf 72' lang='grc' dir='ltr'><strong>γνωστόν,</strong></span> <span class='ocrx_word' id='word_1_23' title='bbox 3118 430 3490 501; x_wconf 83' lang='lat' dir='ltr'><strong>intelliguntur</strong></span> <span class='ocrx_word' id='word_1_24' title='bbox 3518 452 3531 485; x_wconf 86' lang='lat'><strong>:</strong></span> <span class='ocrx_word' id='word_1_25' title='bbox 3570 441 3676 491; x_wconf 78' lang='grc' dir='ltr'><strong>πᾶν</strong></span> 
     </span>
    </p>
   </div>
   <div class='ocr_carea' id='block_1_5' title="bbox 424 520 1998 596">
    <p class='ocr_par' dir='ltr' id='par_1_5' title="bbox 424 520 1998 596">
     <span class='ocr_line' id='line_1_5' title="bbox 424 520 1998 596; baseline -0.004 -15"><span class='ocrx_word' id='word_1_26' title='bbox 424 530 593 582; x_wconf 86' lang='lat' dir='ltr'><strong>vitam</strong></span> <span class='ocrx_word' id='word_1_27' title='bbox 629 527 841 596; x_wconf 84' lang='lat' dir='ltr'><strong>corpori</strong></span> <span class='ocrx_word' id='word_1_28' title='bbox 890 534 1150 594; x_wconf 89' lang='lat' dir='ltr'><strong>praestat,</strong></span> <span class='ocrx_word' id='word_1_29' title='bbox 1201 539 1387 576; x_wconf 87' lang='lat' dir='ltr'><strong>verum</strong></span> <span class='ocrx_word' id='word_1_30' title='bbox 1437 524 1604 576; x_wconf 89' lang='lat' dir='ltr'><strong>etiam</strong></span> <span class='ocrx_word' id='word_1_31' title='bbox 1644 531 1825 575; x_wconf 87' lang='lat' dir='ltr'><strong>movet</strong></span> <span class='ocrx_word' id='word_1_32' title='bbox 1869 520 1998 574; x_wconf 87' lang='lat' dir='ltr'><strong>illud</strong></span> 
     </span>
    </p>
   </div>
   <div class='ocr_carea' id='block_1_6' title="bbox 426 614 2000 684">
    <p class='ocr_par' dir='ltr' id='par_1_6' title="bbox 426 614 2000 684">
     <span class='ocr_line' id='line_1_6' title="bbox 426 614 2000 684; baseline -0.004 -11"><span class='ocrx_word' id='word_1_33' title='bbox 426 619 543 673; x_wconf 89' lang='lat' dir='ltr'><strong>sive</strong></span> <span class='ocrx_word' id='word_1_34' title='bbox 596 617 837 671; x_wconf 91' lang='lat' dir='ltr'><strong>localiter</strong></span> <span class='ocrx_word' id='word_1_35' title='bbox 863 628 960 684; x_wconf 92' lang='lat' dir='ltr'><strong>per</strong></span> <span class='ocrx_word' id='word_1_36' title='bbox 986 616 1155 683; x_wconf 83' lang='lat' dir='ltr'><strong>spatia</strong></span> <span class='ocrx_word' id='word_1_37' title='bbox 1179 614 1441 675; x_wconf 89' lang='lat' dir='ltr'><strong>locorum,</strong></span> <span class='ocrx_word' id='word_1_38' title='bbox 1469 614 1583 666; x_wconf 85' lang='lat' dir='ltr'><strong>sive</strong></span> <span class='ocrx_word' id='word_1_39' title='bbox 1622 627 1717 681; x_wconf 91' lang='lat' dir='ltr'><strong>per</strong></span> <span class='ocrx_word' id='word_1_40' title='bbox 1747 627 2000 666; x_wconf 91' lang='lat' dir='ltr'><strong>numeros</strong></span> 
     </span>
    </p>
   </div>
   <div class='ocr_carea' id='block_1_7' title="bbox 427 700 1999 773">
    <p class='ocr_par' dir='ltr' id='par_1_7' title="bbox 427 700 1999 773">
     <span class='ocr_line' id='line_1_7' title="bbox 427 700 1999 773; baseline -0.004 -14"><span class='ocrx_word' id='word_1_41' title='bbox 427 707 670 761; x_wconf 89' lang='lat' dir='ltr'><strong>locorum</strong></span> <span class='ocrx_word' id='word_1_42' title='bbox 715 714 769 759; x_wconf 89' lang='lat' dir='ltr'><strong>et</strong></span> <span class='ocrx_word' id='word_1_43' title='bbox 799 714 1095 773; x_wconf 89' lang='lat' dir='ltr'><strong>temporum</strong></span> <span class='ocrx_word' id='word_1_44' title='bbox 1135 720 1149 755; x_wconf 89' lang='lat'><strong>:</strong></span> <span class='ocrx_word' id='word_1_45' title='bbox 1180 701 1418 756; x_wconf 90' lang='lat' dir='ltr'><strong>locorum</strong></span> <span class='ocrx_word' id='word_1_46' title='bbox 1465 715 1607 754; x_wconf 91' lang='lat' dir='ltr'><strong>nunc</strong></span> <span class='ocrx_word' id='word_1_47' title='bbox 1633 701 1772 763; x_wconf 87' lang='lat' dir='ltr'><strong>dico,</strong></span> <span class='ocrx_word' id='word_1_48' title='bbox 1804 700 1999 768; x_wconf 80' lang='lat' dir='ltr'><strong>quibus</strong></span> 
     </span>
    </p>
   </div>
   <div class='ocr_carea' id='block_1_8' title="bbox 427 792 1996 867">
    <p class='ocr_par' dir='ltr' id='par_1_8' title="bbox 427 792 1996 867">
     <span class='ocr_line' id='line_1_8' title="bbox 427 792 1996 867; baseline -0.005 -18"><span class='ocrx_word' id='word_1_49' title='bbox 427 796 704 867; x_wconf 88' lang='lat' dir='ltr'><strong>plenitudo</strong></span> <span class='ocrx_word' id='word_1_50' title='bbox 754 793 1117 848; x_wconf 86' lang='lat' dir='ltr'><strong>membrorum</strong></span> <span class='ocrx_word' id='word_1_51' title='bbox 1150 792 1424 859; x_wconf 92' lang='lat' dir='ltr'><strong>impletur,</strong></span> <span class='ocrx_word' id='word_1_52' title='bbox 1485 800 1785 858; x_wconf 88' lang='lat' dir='ltr'><strong>temporum</strong></span> <span class='ocrx_word' id='word_1_53' title='bbox 1834 804 1996 851; x_wconf 79' lang='lat' dir='ltr'><strong>vero,</strong></span> 
     </span>
    </p>
   </div>
   <div class='ocr_carea' id='block_1_9' title="bbox 429 876 2001 952">
    <p class='ocr_par' dir='ltr' id='par_1_9' title="bbox 429 876 2001 952">
     <span class='ocr_line' id='line_1_9' title="bbox 429 876 2001 952; baseline -0.004 -16"><span class='ocrx_word' id='word_1_54' title='bbox 429 883 622 952; x_wconf 87' lang='lat' dir='ltr'><strong>quibus</strong></span> <span class='ocrx_word' id='word_1_55' title='bbox 670 883 1000 936; x_wconf 89' lang='lat' dir='ltr'><strong>incrementa</strong></span> <span class='ocrx_word' id='word_1_56' title='bbox 1032 890 1268 935; x_wconf 77' lang='lat' dir='ltr'><strong>aetatum</strong></span> <span class='ocrx_word' id='word_1_57' title='bbox 1295 879 1361 932; x_wconf 89' lang='lat' dir='ltr'><strong>ad</strong></span> <span class='ocrx_word' id='word_1_58' title='bbox 1390 876 1773 948; x_wconf 67' lang='lat' dir='ltr'><strong>perfectionem</strong></span> <span class='ocrx_word' id='word_1_59' title='bbox 1802 878 2001 932; x_wconf 79' lang='lat' dir='ltr'><strong>ducun~</strong></span> 
     </span>
    </p>
   </div>
   <div class='ocr_carea' id='block_1_10' title="bbox 430 969 1997 1041">
    <p class='ocr_par' dir='ltr' id='par_1_10' title="bbox 430 969 1997 1041">
     <span class='ocr_line' id='line_1_10' title="bbox 430 969 1997 1041; baseline -0.003 -15"><span class='ocrx_word' id='word_1_60' title='bbox 430 984 534 1028; x_wconf 91' lang='lat' dir='ltr'><strong>tur.</strong></span> <span class='ocrx_word' id='word_1_61' title='bbox 562 972 744 1027; x_wconf 87' lang='lat' dir='ltr'><strong>Tertia</strong></span> <span class='ocrx_word' id='word_1_62' title='bbox 776 987 901 1041; x_wconf 89' lang='lat' dir='ltr'><strong>pars</strong></span> <span class='ocrx_word' id='word_1_63' title='bbox 939 980 1043 1036; x_wconf 91' lang='lat' dir='ltr'><strong>est,</strong></span> <span class='ocrx_word' id='word_1_64' title='bbox 1093 985 1233 1038; x_wconf 86' lang='lat' dir='ltr'><strong>quae</strong></span> <span class='ocrx_word' id='word_1_65' title='bbox 1263 969 1316 1022; x_wconf 90' lang='lat' dir='ltr'><strong>in</strong></span> <span class='ocrx_word' id='word_1_66' title='bbox 1341 970 1776 1038; x_wconf 83' lang='lat' dir='ltr'><strong>quinquepertito</strong></span> <span class='ocrx_word' id='word_1_67' title='bbox 1804 982 1997 1036; x_wconf 91' lang='lat' dir='ltr'><strong>corpo-</strong></span> 
     </span>
    </p>
   </div>
   <div class='ocr_carea' id='block_1_11' title="bbox 428 1060 2002 1131">
    <p class='ocr_par' dir='ltr' id='par_1_11' title="bbox 428 1060 2002 1131">
     <span class='ocr_line' id='line_1_11' title="bbox 428 1060 2002 1131; baseline -0.004 -15"><span class='ocrx_word' id='word_1_68' title='bbox 428 1079 522 1118; x_wconf 87' lang='lat' dir='ltr'><strong>reo</strong></span> <span class='ocrx_word' id='word_1_69' title='bbox 544 1078 722 1118; x_wconf 76' lang='lat' dir='ltr'><strong>.sensu</strong></span> <span class='ocrx_word' id='word_1_70' title='bbox 773 1062 1128 1131; x_wconf 78' lang='lat' dir='ltr'><strong>dignoscitur,</strong></span> <span class='ocrx_word' id='word_1_71' title='bbox 1159 1075 1300 1128; x_wconf 86' lang='lat' dir='ltr'><strong>quae</strong></span> <span class='ocrx_word' id='word_1_72' title='bbox 1347 1060 1596 1113; x_wconf 82' lang='lat' dir='ltr'><strong>videlicet</strong></span> <span class='ocrx_word' id='word_1_73' title='bbox 1622 1075 1749 1127; x_wconf 88' lang='lat' dir='ltr'><strong>pars</strong></span> <span class='ocrx_word' id='word_1_74' title='bbox 1776 1062 2002 1127; x_wconf 86' lang='lat' dir='ltr'><strong>phanta-</strong></span> 
     </span>
    </p>
   </div>
   <div class='ocr_carea' id='block_1_12' title="bbox 428 1149 2000 1218">
    <p class='ocr_par' dir='ltr' id='par_1_12' title="bbox 428 1149 2000 1218">
     <span class='ocr_line' id='line_1_12' title="bbox 428 1149 2000 1218; baseline -0.002 -13"><span class='ocrx_word' id='word_1_75' title='bbox 428 1153 538 1205; x_wconf 87' lang='lat' dir='ltr'><strong>sias</strong></span> <span class='ocrx_word' id='word_1_76' title='bbox 562 1151 802 1205; x_wconf 84' lang='lat' dir='ltr'><strong>omnium</strong></span> <span class='ocrx_word' id='word_1_77' title='bbox 833 1164 1014 1204; x_wconf 89' lang='lat' dir='ltr'><strong>rerum</strong></span> <span class='ocrx_word' id='word_1_78' title='bbox 1054 1151 1070 1180; x_wconf 79' lang='grc'>³</span> <span class='ocrx_word' id='word_1_79' title='bbox 1104 1149 1458 1212; x_wconf 82' lang='lat' dir='ltr'><strong>sensibilium,</strong></span> <span class='ocrx_word' id='word_1_80' title='bbox 1492 1165 1629 1218; x_wconf 91' lang='lat' dir='ltr'><strong>quae</strong></span> <span class='ocrx_word' id='word_1_81' title='bbox 1652 1150 1795 1203; x_wconf 89' lang='lat' dir='ltr'><strong>circa</strong></span> <span class='ocrx_word' id='word_1_82' title='bbox 1830 1149 2000 1202; x_wconf 80' lang='lat' dir='ltr'><strong>homi-</strong></span> 
     </span>
    </p>
   </div>
   <div class='ocr_carea' id='block_1_13' title="bbox 431 1238 2004 1309">
    <p class='ocr_par' dir='ltr' id='par_1_13' title="bbox 431 1238 2004 1309">
     <span class='ocr_line' id='line_1_13' title="bbox 431 1238 2004 1309; baseline 0 -17"><span class='ocrx_word' id='word_1_83' title='bbox 431 1255 555 1293; x_wconf 88' lang='lat' dir='ltr'><strong>nem</strong></span> <span class='ocrx_word' id='word_1_84' title='bbox 583 1239 909 1292; x_wconf 79' lang='lat' dir='ltr'><strong>exteriorem</strong></span> <span class='ocrx_word' id='word_1_85' title='bbox 943 1238 1577 1308; x_wconf 86' lang='lat' dir='ltr'><strong>intelliguntur,.recipit,</strong></span> <span class='ocrx_word' id='word_1_86' title='bbox 1606 1239 2004 1309; x_wconf 85' lang='lat' dir='ltr'><strong>memoriaeque</strong></span> 
     </span>
    </p>
   </div>
   <div class='ocr_carea' id='block_1_14' title="bbox 433 1328 2005 1397">
    <p class='ocr_par' dir='ltr' id='par_1_14' title="bbox 433 1328 2005 1397">
     <span class='ocr_line' id='line_1_14' title="bbox 433 1328 2005 1397; baseline 0.001 -16"><span class='ocrx_word' id='word_1_87' title='bbox 433 1329 620 1381; x_wconf 90' lang='lat' dir='ltr'><strong>tradit.</strong></span> <span class='ocrx_word' id='word_1_88' title='bbox 663 1328 721 1382; x_wconf 92' lang='lat' dir='ltr'><strong>In</strong></span> <span class='ocrx_word' id='word_1_89' title='bbox 755 1329 839 1383; x_wconf 91' lang='lat' dir='ltr'><strong>his</strong></span> <span class='ocrx_word' id='word_1_90' title='bbox 880 1330 1053 1382; x_wconf 88' lang='lat' dir='ltr'><strong>tribus</strong></span> <span class='ocrx_word' id='word_1_91' title='bbox 1101 1329 1345 1397; x_wconf 88' lang='lat' dir='ltr'><strong>partilms</strong></span> <span class='ocrx_word' id='word_1_92' title='bbox 1377 1329 1520 1383; x_wconf 87' lang='lat' dir='ltr'><strong>totus</strong></span> <span class='ocrx_word' id='word_1_93' title='bbox 1561 1331 1801 1384; x_wconf 74' lang='lat' dir='ltr'><strong>exterior</strong></span> <span class='ocrx_word' id='word_1_94' title='bbox 1845 1331 2005 1383; x_wconf 89' lang='lat' dir='ltr'><strong>homo</strong></span> 
     </span>
    </p>
   </div>
   <div class='ocr_carea' id='block_1_15' title="bbox 436 1417 2004 1485">
    <p class='ocr_par' dir='ltr' id='par_1_15' title="bbox 436 1417 2004 1485">
     <span class='ocr_line' id='line_1_15' title="bbox 436 1417 2004 1485; baseline 0 -14"><span class='ocrx_word' id='word_1_95' title='bbox 436 1417 800 1471; x_wconf 83' lang='lat' dir='ltr'><strong>constituitur.</strong></span> <span class='ocrx_word' id='word_1_96' title='bbox 842 1417 1071 1471; x_wconf 87' lang='lat' dir='ltr'><strong>lnlerior</strong></span> <span class='ocrx_word' id='word_1_97' title='bbox 1095 1432 1224 1471; x_wconf 86' lang='lat' dir='ltr'><strong>vero</strong></span> <span class='ocrx_word' id='word_1_98' title='bbox 1251 1417 1434 1476; x_wconf 87' lang='lat' dir='ltr'><strong>homo.</strong></span> <span class='ocrx_word' id='word_1_99' title='bbox 1467 1419 1559 1485; x_wconf 87' lang='lat' dir='ltr'><strong>qui</strong></span> <span class='ocrx_word' id='word_1_100' title='bbox 1600 1419 1652 1471; x_wconf 91' lang='lat' dir='ltr'><strong>in</strong></span> <span class='ocrx_word' id='word_1_101' title='bbox 1685 1418 1864 1471; x_wconf 85' lang='lat' dir='ltr'><strong>anima</strong></span> <span class='ocrx_word' id='word_1_102' title='bbox 1893 1419 2004 1472; x_wconf 90' lang='lat' dir='ltr'><strong>sola</strong></span> 
     </span>
    </p>
   </div>
   <div class='ocr_carea' id='block_1_16' title="bbox 437 1505 2006 1574">
    <p class='ocr_par' dir='ltr' id='par_1_16' title="bbox 437 1505 2006 1574">
     <span class='ocr_line' id='line_1_16' title="bbox 437 1505 2006 1574; baseline -0.001 -14"><span class='ocrx_word' id='word_1_103' title='bbox 437 1506 702 1569; x_wconf 87' lang='lat' dir='ltr'><strong>subsistit,</strong></span> <span class='ocrx_word' id='word_1_104' title='bbox 742 1514 797 1559; x_wconf 89' lang='lat' dir='ltr'><strong>et</strong></span> <span class='ocrx_word' id='word_1_105' title='bbox 836 1507 904 1559; x_wconf 90' lang='lat' dir='ltr'><strong>ad</strong></span> <span class='ocrx_word' id='word_1_106' title='bbox 944 1506 1230 1574; x_wconf 80' lang='lat' dir='ltr'><strong>imaginem</strong></span> <span class='ocrx_word' id='word_1_107' title='bbox 1270 1505 1363 1559; x_wconf 89' lang='lat' dir='ltr'><strong>Dei</strong></span> <span class='ocrx_word' id='word_1_108' title='bbox 1417 1505 1592 1560; x_wconf 88' lang='lat' dir='ltr'><strong>factus</strong></span> <span class='ocrx_word' id='word_1_109' title='bbox 1637 1515 1742 1567; x_wconf 88' lang='lat' dir='ltr'><strong>est,</strong></span> <span class='ocrx_word' id='word_1_110' title='bbox 1782 1506 2006 1559; x_wconf 90' lang='lat' dir='ltr'><strong>alteram</strong></span> 
     </span>
    </p>
   </div>
   <div class='ocr_carea' id='block_1_17' title="bbox 436 1596 2006 1665">
    <p class='ocr_par' dir='ltr' id='par_1_17' title="bbox 436 1596 2006 1665">
     <span class='ocr_line' id='line_1_17' title="bbox 436 1596 2006 1665; baseline 0 -16"><span class='ocrx_word' id='word_1_111' title='bbox 436 1598 756 1665; x_wconf 78' lang='lat' dir='ltr'><strong>tripertitam</strong></span> <span class='ocrx_word' id='word_1_112' title='bbox 780 1596 969 1665; x_wconf 85' lang='lat' dir='ltr'><strong>recipit</strong></span> <span class='ocrx_word' id='word_1_113' title='bbox 992 1597 1395 1650; x_wconf 83' lang='lat' dir='ltr'><strong>discretionem.</strong></span> <span class='ocrx_word' id='word_1_114' title='bbox 1424 1597 1597 1650; x_wconf 85' lang='lat' dir='ltr'><strong>Ilabet</strong></span> <span class='ocrx_word' id='word_1_115' title='bbox 1620 1597 1764 1650; x_wconf 87' lang='lat' dir='ltr'><strong>enim</strong></span> <span class='ocrx_word' id='word_1_116' title='bbox 1789 1612 2006 1651; x_wconf 81' lang='lat' dir='ltr'><strong>sensum</strong></span> 
     </span>
    </p>
   </div>
   <div class='ocr_carea' id='block_1_18' title="bbox 436 1686 2007 1756">
    <p class='ocr_par' dir='ltr' id='par_1_18' title="bbox 436 1686 2007 1756">
     <span class='ocr_line' id='line_1_18' title="bbox 436 1686 2007 1756; baseline 0.001 -17"><span class='ocrx_word' id='word_1_117' title='bbox 436 1686 769 1750; x_wconf 83' lang='lat' dir='ltr'><strong>interiorem,</strong></span> <span class='ocrx_word' id='word_1_118' title='bbox 813 1701 909 1755; x_wconf 89' lang='lat' dir='ltr'><strong>per</strong></span> <span class='ocrx_word' id='word_1_119' title='bbox 933 1701 1092 1754; x_wconf 84' lang='lat' dir='ltr'><strong>quem</strong></span> <span class='ocrx_word' id='word_1_120' title='bbox 1116 1688 1290 1741; x_wconf 87' lang='lat' dir='ltr'><strong>anima</strong></span> <span class='ocrx_word' id='word_1_121' title='bbox 1325 1688 1637 1756; x_wconf 79' lang='lat' dir='ltr'><strong>phantasias</strong></span> <span class='ocrx_word' id='word_1_122' title='bbox 1669 1689 2007 1742; x_wconf 88' lang='lat' dir='ltr'><strong>sensibilium</strong></span> 
     </span>
    </p>
   </div>
   <div class='ocr_carea' id='block_1_19' title="bbox 2101 518 3672 591">
    <p class='ocr_par' dir='ltr' id='par_1_19' title="bbox 2101 518 3672 591">
     <span class='ocr_line' id='line_1_19' title="bbox 2101 518 3672 591; baseline 0.006 -19"><span class='ocrx_word' id='word_1_123' title='bbox 2101 519 2315 589; x_wconf 80' lang='lat' dir='ltr'><strong>quidem</strong></span> <span class='ocrx_word' id='word_1_124' title='bbox 2344 518 2397 571; x_wconf 92' lang='lat' dir='ltr'><strong>in</strong></span> <span class='ocrx_word' id='word_1_125' title='bbox 2426 518 2668 571; x_wconf 85' lang='lat' dir='ltr'><strong>interiori</strong></span> <span class='ocrx_word' id='word_1_126' title='bbox 2691 534 2872 580; x_wconf 87' lang='lat' dir='ltr'><strong>sensu,</strong></span> <span class='ocrx_word' id='word_1_127' title='bbox 2901 523 3127 591; x_wconf 75' lang='grc' dir='ltr'><strong>γνωστὸν</strong></span> <span class='ocrx_word' id='word_1_128' title='bbox 3163 540 3292 578; x_wconf 90' lang='lat' dir='ltr'><strong>vero</strong></span> <span class='ocrx_word' id='word_1_129' title='bbox 3317 526 3368 578; x_wconf 92' lang='lat' dir='ltr'><strong>in</strong></span> <span class='ocrx_word' id='word_1_130' title='bbox 3396 526 3672 582; x_wconf 80' lang='lat' dir='ltr'><strong>exteriori.</strong></span> 
     </span>
    </p>
   </div>
   <div class='ocr_carea' id='block_1_20' title="bbox 2099 608 3678 671">
    <p class='ocr_par' dir='ltr' id='par_1_20' title="bbox 2099 608 3678 671">
     <span class='ocr_line' id='line_1_20' title="bbox 2099 608 3678 671; baseline 0.005 -8"><span class='ocrx_word' id='word_1_131' title='bbox 2099 610 2156 663; x_wconf 82' lang='lat' dir='ltr'><strong>In</strong></span> <span class='ocrx_word' id='word_1_132' title='bbox 2203 610 2441 663; x_wconf 89' lang='lat' dir='ltr'><strong>interiori</strong></span> <span class='ocrx_word' id='word_1_133' title='bbox 2481 608 2628 663; x_wconf 90' lang='lat' dir='ltr'><strong>enim</strong></span> <span class='ocrx_word' id='word_1_134' title='bbox 2676 610 2893 664; x_wconf 85' lang='lat' dir='ltr'><strong>homine</strong></span> <span class='ocrx_word' id='word_1_135' title='bbox 2932 611 3139 664; x_wconf 88' lang='lat' dir='ltr'><strong>habitat</strong></span> <span class='ocrx_word' id='word_1_136' title='bbox 3169 615 3368 669; x_wconf 88' lang='lat' dir='ltr'><strong>veritas</strong></span> <span class='ocrx_word' id='word_1_137' title='bbox 3415 624 3470 669; x_wconf 90' lang='lat' dir='ltr'><strong>et</strong></span> <span class='ocrx_word' id='word_1_138' title='bbox 3515 630 3678 671; x_wconf 86' lang='lat' dir='ltr'><strong>omne</strong></span> 
     </span>
    </p>
   </div>
   <div class='ocr_carea' id='block_1_21' title="bbox 2100 699 3675 776">
    <p class='ocr_par' dir='ltr' id='par_1_21' title="bbox 2100 699 3675 776">
     <span class='ocr_line' id='line_1_21' title="bbox 2100 699 3675 776; baseline 0.004 -22"><span class='ocrx_word' id='word_1_139' title='bbox 2100 703 2322 765; x_wconf 84' lang='lat' dir='ltr'><strong>bonum,</strong></span> <span class='ocrx_word' id='word_1_140' title='bbox 2348 701 2488 769; x_wconf 89' lang='lat' dir='ltr'><strong>quod</strong></span> <span class='ocrx_word' id='word_1_141' title='bbox 2519 711 2602 756; x_wconf 90' lang='lat' dir='ltr'><strong>est</strong></span> <span class='ocrx_word' id='word_1_142' title='bbox 2627 699 2862 755; x_wconf 80' lang='lat' dir='ltr'><strong>Verbum</strong></span> <span class='ocrx_word' id='word_1_143' title='bbox 2894 701 3009 766; x_wconf 90' lang='lat' dir='ltr'><strong>Dei,</strong></span> <span class='ocrx_word' id='word_1_144' title='bbox 3038 703 3205 757; x_wconf 83' lang='lat' dir='ltr'><strong>Filius</strong></span> <span class='ocrx_word' id='word_1_145' title='bbox 3221 704 3314 758; x_wconf 76' lang='lat' dir='ltr'><strong>Dei</strong></span> <span class='ocrx_word' id='word_1_146' title='bbox 3344 708 3675 776; x_wconf 82' lang='lat' dir='ltr'><strong>unigenitus,</strong></span> 
     </span>
    </p>
   </div>
   <div class='ocr_carea' id='block_1_22' title="bbox 2102 787 3677 861">
    <p class='ocr_par' dir='ltr' id='par_1_22' title="bbox 2102 787 3677 861">
     <span class='ocr_line' id='line_1_22' title="bbox 2102 787 3677 861; baseline 0.006 -20"><span class='ocrx_word' id='word_1_147' title='bbox 2102 788 2360 842; x_wconf 83' lang='lat' dir='ltr'><strong>Dominus</strong></span> <span class='ocrx_word' id='word_1_148' title='bbox 2405 798 2589 843; x_wconf 84' lang='lat' dir='ltr'><strong>noster</strong></span> <span class='ocrx_word' id='word_1_149' title='bbox 2615 787 2770 843; x_wconf 83' lang='lat' dir='ltr'><strong>Jesus</strong></span> <span class='ocrx_word' id='word_1_150' title='bbox 2800 789 3068 856; x_wconf 84' lang='lat' dir='ltr'><strong>Christus,</strong></span> <span class='ocrx_word' id='word_1_151' title='bbox 3099 801 3250 845; x_wconf 72' lang='lat' dir='ltr'><strong>extra</strong></span> <span class='ocrx_word' id='word_1_152' title='bbox 3282 809 3442 861; x_wconf 89' lang='lat' dir='ltr'><strong>quem</strong></span> <span class='ocrx_word' id='word_1_153' title='bbox 3473 794 3677 850; x_wconf 88' lang='lat' dir='ltr'><strong>nullum</strong></span> 
     </span>
    </p>
   </div>
   <div class='ocr_carea' id='block_1_23' title="bbox 2105 877 3678 947">
    <p class='ocr_par' dir='ltr' id='par_1_23' title="bbox 2105 877 3678 947">
     <span class='ocr_line' id='line_1_23' title="bbox 2105 877 3678 947; baseline 0.004 -16"><span class='ocrx_word' id='word_1_154' title='bbox 2105 877 2304 931; x_wconf 84' lang='lat' dir='ltr'><strong>bonum</strong></span> <span class='ocrx_word' id='word_1_155' title='bbox 2335 887 2437 942; x_wconf 91' lang='lat' dir='ltr'><strong>est,</strong></span> <span class='ocrx_word' id='word_1_156' title='bbox 2470 879 2721 946; x_wconf 90' lang='lat' dir='ltr'><strong>quoniam</strong></span> <span class='ocrx_word' id='word_1_157' title='bbox 2768 880 2881 947; x_wconf 92' lang='lat' dir='ltr'><strong>ipse</strong></span> <span class='ocrx_word' id='word_1_158' title='bbox 2922 890 3006 934; x_wconf 89' lang='lat' dir='ltr'><strong>est</strong></span> <span class='ocrx_word' id='word_1_159' title='bbox 3048 896 3207 935; x_wconf 90' lang='lat' dir='ltr'><strong>omne</strong></span> <span class='ocrx_word' id='word_1_160' title='bbox 3236 896 3419 935; x_wconf 89' lang='lat' dir='ltr'><strong>verum</strong></span> <span class='ocrx_word' id='word_1_161' title='bbox 3459 892 3514 937; x_wconf 91' lang='lat' dir='ltr'><strong>et</strong></span> <span class='ocrx_word' id='word_1_162' title='bbox 3551 887 3678 938; x_wconf 80' lang='lat' dir='ltr'><strong>sub-</strong></span> 
     </span>
    </p>
   </div>
   <div class='ocr_carea' id='block_1_24' title="bbox 2102 967 3680 1029">
    <p class='ocr_par' dir='ltr' id='par_1_24' title="bbox 2102 967 3680 1029">
     <span class='ocr_line' id='line_1_24' title="bbox 2102 967 3680 1029; baseline 0.006 -8"><span class='ocrx_word' id='word_1_163' title='bbox 2102 967 2355 1021; x_wconf 90' lang='lat' dir='ltr'><strong>stantiale</strong></span> <span class='ocrx_word' id='word_1_164' title='bbox 2403 968 2601 1021; x_wconf 90' lang='lat' dir='ltr'><strong>bonum</strong></span> <span class='ocrx_word' id='word_1_165' title='bbox 2632 978 2686 1022; x_wconf 93' lang='lat' dir='ltr'><strong>et</strong></span> <span class='ocrx_word' id='word_1_166' title='bbox 2715 969 2947 1022; x_wconf 82' lang='lat' dir='ltr'><strong>bonitas.</strong></span> <span class='ocrx_word' id='word_1_167' title='bbox 2981 970 3078 1024; x_wconf 92' lang='lat' dir='ltr'><strong>Cui</strong></span> <span class='ocrx_word' id='word_1_168' title='bbox 3106 987 3136 1024; x_wconf 91' lang='lat' dir='ltr'><strong>e</strong></span> <span class='ocrx_word' id='word_1_169' title='bbox 3167 973 3441 1026; x_wconf 89' lang='lat' dir='ltr'><strong>contrario</strong></span> <span class='ocrx_word' id='word_1_170' title='bbox 3487 990 3551 1028; x_wconf 81' lang='lat' dir='ltr'><strong>ex</strong></span> <span class='ocrx_word' id='word_1_171' title='bbox 3601 975 3680 1029; x_wconf 88' lang='lat' dir='ltr'><strong>di-</strong></span> 
     </span>
    </p>
   </div>
   <div class='ocr_carea' id='block_1_25' title="bbox 2102 1058 3676 1134">
    <p class='ocr_par' dir='ltr' id='par_1_25' title="bbox 2102 1058 3676 1134">
     <span class='ocr_line' id='line_1_25' title="bbox 2102 1058 3676 1134; baseline 0.006 -26"><span class='ocrx_word' id='word_1_172' title='bbox 2102 1070 2254 1111; x_wconf 87' lang='lat' dir='ltr'><strong>versa</strong></span> <span class='ocrx_word' id='word_1_173' title='bbox 2304 1066 2455 1126; x_wconf 87' lang='lat' dir='ltr'><strong>parte</strong></span> <span class='ocrx_word' id='word_1_174' title='bbox 2502 1058 2701 1111; x_wconf 84' lang='lat' dir='ltr'><strong>malum</strong></span> <span class='ocrx_word' id='word_1_175' title='bbox 2748 1068 2804 1113; x_wconf 94' lang='lat' dir='ltr'><strong>et</strong></span> <span class='ocrx_word' id='word_1_176' title='bbox 2850 1060 3051 1114; x_wconf 88' lang='lat' dir='ltr'><strong>malitia</strong></span> <span class='ocrx_word' id='word_1_177' title='bbox 3088 1064 3395 1130; x_wconf 89' lang='lat' dir='ltr'><strong>opponitur.</strong></span> <span class='ocrx_word' id='word_1_178' title='bbox 3444 1065 3509 1118; x_wconf 87' lang='lat' dir='ltr'><strong>Et</strong></span> <span class='ocrx_word' id='word_1_179' title='bbox 3547 1066 3676 1134; x_wconf 89' lang='lat' dir='ltr'><strong>quia</strong></span> 
     </span>
    </p>
   </div>
   <div class='ocr_carea' id='block_1_26' title="bbox 2102 1146 3681 1208">
    <p class='ocr_par' dir='ltr' id='par_1_26' title="bbox 2102 1146 3681 1208">
     <span class='ocr_line' id='line_1_26' title="bbox 2102 1146 3681 1208; baseline 0.007 -11"><span class='ocrx_word' id='word_1_180' title='bbox 2102 1161 2261 1199; x_wconf 88' lang='lat' dir='ltr'><strong>omne</strong></span> <span class='ocrx_word' id='word_1_181' title='bbox 2307 1146 2502 1199; x_wconf 88' lang='lat' dir='ltr'><strong>malum</strong></span> <span class='ocrx_word' id='word_1_182' title='bbox 2552 1162 2652 1200; x_wconf 91' lang='lat' dir='ltr'><strong>nec</strong></span> <span class='ocrx_word' id='word_1_183' title='bbox 2701 1148 2752 1199; x_wconf 91' lang='lat' dir='ltr'><strong>in</strong></span> <span class='ocrx_word' id='word_1_184' title='bbox 2800 1158 2990 1201; x_wconf 88' lang='lat' dir='ltr'><strong>natura</strong></span> <span class='ocrx_word' id='word_1_185' title='bbox 3028 1166 3206 1203; x_wconf 90' lang='lat' dir='ltr'><strong>rerum</strong></span> <span class='ocrx_word' id='word_1_186' title='bbox 3253 1154 3681 1208; x_wconf 76' lang='lat' dir='ltr'><strong>substantialitcr</strong></span> 
     </span>
    </p>
   </div>
   <div class='ocr_carea' id='block_1_27' title="bbox 2104 1237 3676 1311">
    <p class='ocr_par' dir='ltr' id='par_1_27' title="bbox 2104 1237 3676 1311">
     <span class='ocr_line' id='line_1_27' title="bbox 2104 1237 3676 1311; baseline 0.005 -21"><span class='ocrx_word' id='word_1_187' title='bbox 2104 1237 2397 1299; x_wconf 81' lang='lat' dir='ltr'><strong>invenitur,</strong></span> <span class='ocrx_word' id='word_1_188' title='bbox 2418 1252 2600 1305; x_wconf 85' lang='lat' dir='ltr'><strong>neque</strong></span> <span class='ocrx_word' id='word_1_189' title='bbox 2613 1252 2675 1289; x_wconf 79' lang='lat' dir='ltr'><strong>ex</strong></span> <span class='ocrx_word' id='word_1_190' title='bbox 2702 1247 2849 1290; x_wconf 88' lang='lat' dir='ltr'><strong>certa</strong></span> <span class='ocrx_word' id='word_1_191' title='bbox 2879 1253 3038 1292; x_wconf 87' lang='lat' dir='ltr'><strong>causa</strong></span> <span class='ocrx_word' id='word_1_192' title='bbox 3068 1250 3122 1292; x_wconf 92' lang='lat' dir='ltr'><strong>et</strong></span> <span class='ocrx_word' id='word_1_193' title='bbox 3153 1242 3381 1295; x_wconf 84' lang='lat' dir='ltr'><strong>naturali</strong></span> <span class='ocrx_word' id='word_1_194' title='bbox 3415 1245 3676 1311; x_wconf 80' lang='lat' dir='ltr'><strong>procedit;</strong></span> 
     </span>
    </p>
   </div>
   <div class='ocr_carea' id='block_1_28' title="bbox 2104 1326 3680 1401">
    <p class='ocr_par' dir='ltr' id='par_1_28' title="bbox 2104 1326 3680 1401">
     <span class='ocr_line' id='line_1_28' title="bbox 2104 1326 3680 1401; baseline 0.005 -22"><span class='ocrx_word' id='word_1_195' title='bbox 2104 1340 2200 1394; x_wconf 90' lang='lat' dir='ltr'><strong>per</strong></span> <span class='ocrx_word' id='word_1_196' title='bbox 2228 1341 2286 1379; x_wconf 92' lang='lat' dir='ltr'><strong>se</strong></span> <span class='ocrx_word' id='word_1_197' title='bbox 2312 1326 2459 1379; x_wconf 92' lang='lat' dir='ltr'><strong>enim</strong></span> <span class='ocrx_word' id='word_1_198' title='bbox 2502 1326 2896 1380; x_wconf 81' lang='lat' dir='ltr'><strong>consideratam</strong></span> <span class='ocrx_word' id='word_1_199' title='bbox 2942 1330 3161 1382; x_wconf 79' lang='lat' dir='ltr'><strong>omnino</strong></span> <span class='ocrx_word' id='word_1_200' title='bbox 3194 1331 3324 1384; x_wconf 86' lang='lat' dir='ltr'><strong>nihil</strong></span> <span class='ocrx_word' id='word_1_201' title='bbox 3350 1342 3431 1386; x_wconf 90' lang='lat' dir='ltr'><strong>est</strong></span> <span class='ocrx_word' id='word_1_202' title='bbox 3466 1343 3680 1401; x_wconf 88' lang='lat' dir='ltr'><strong>praeter</strong></span> 
     </span>
    </p>
   </div>
   <div class='ocr_carea' id='block_1_29' title="bbox 2108 1417 3678 1490">
    <p class='ocr_par' dir='ltr' id='par_1_29' title="bbox 2108 1417 3678 1490">
     <span class='ocr_line' id='line_1_29' title="bbox 2108 1417 3678 1490; baseline 0.004 -20"><span class='ocrx_word' id='word_1_203' title='bbox 2108 1417 2529 1471; x_wconf 77' lang='lat' dir='ltr'><strong>irrationabilen&#39;i</strong></span> <span class='ocrx_word' id='word_1_204' title='bbox 2559 1427 2611 1470; x_wconf 90' lang='lat' dir='ltr'><strong>et</strong></span> <span class='ocrx_word' id='word_1_205' title='bbox 2641 1432 2949 1486; x_wconf 87' lang='lat' dir='ltr'><strong>perversum</strong></span> <span class='ocrx_word' id='word_1_206' title='bbox 2989 1421 3468 1490; x_wconf 86' lang='lat' dir='ltr'><strong>imperfectumque</strong></span> <span class='ocrx_word' id='word_1_207' title='bbox 3509 1424 3678 1478; x_wconf 81' lang='lat' dir='ltr'><strong>ratio-</strong></span> 
     </span>
    </p>
   </div>
   <div class='ocr_carea' id='block_1_30' title="bbox 2108 1509 3681 1568">
    <p class='ocr_par' dir='ltr' id='par_1_30' title="bbox 2108 1509 3681 1568">
     <span class='ocr_line' id='line_1_30' title="bbox 2108 1509 3681 1568; baseline 0.003 -5"><span class='ocrx_word' id='word_1_208' title='bbox 2108 1509 2302 1563; x_wconf 88' lang='lat' dir='ltr'><strong>nabilis</strong></span> <span class='ocrx_word' id='word_1_209' title='bbox 2355 1517 2581 1562; x_wconf 89' lang='lat' dir='ltr'><strong>naturae</strong></span> <span class='ocrx_word' id='word_1_210' title='bbox 2628 1517 2828 1562; x_wconf 91' lang='lat' dir='ltr'><strong>motum</strong></span> <span class='ocrx_word' id='word_1_211' title='bbox 2867 1528 2879 1562; x_wconf 90' lang='lat'>:</span> <span class='ocrx_word' id='word_1_212' title='bbox 2911 1511 3107 1564; x_wconf 89' lang='lat' dir='ltr'><strong>nullam</strong></span> <span class='ocrx_word' id='word_1_213' title='bbox 3155 1512 3312 1565; x_wconf 88' lang='lat' dir='ltr'><strong>aliam</strong></span> <span class='ocrx_word' id='word_1_214' title='bbox 3346 1513 3397 1565; x_wconf 91' lang='lat' dir='ltr'><strong>in</strong></span> <span class='ocrx_word' id='word_1_215' title='bbox 3432 1514 3681 1568; x_wconf 87' lang='lat' dir='ltr'><strong>universa</strong></span> 
     </span>
    </p>
   </div>
   <div class='ocr_carea' id='block_1_31' title="bbox 2108 1597 3680 1670">
    <p class='ocr_par' dir='ltr' id='par_1_31' title="bbox 2108 1597 3680 1670">
     <span class='ocr_line' id='line_1_31' title="bbox 2108 1597 3680 1670; baseline 0.003 -19"><span class='ocrx_word' id='word_1_216' title='bbox 2108 1606 2352 1651; x_wconf 87' lang='lat' dir='ltr'><strong>creatura</strong></span> <span class='ocrx_word' id='word_1_217' title='bbox 2383 1597 2562 1651; x_wconf 89' lang='lat' dir='ltr'><strong>sedem</strong></span> <span class='ocrx_word' id='word_1_218' title='bbox 2613 1598 2833 1665; x_wconf 90' lang='lat' dir='ltr'><strong>reperit,</strong></span> <span class='ocrx_word' id='word_1_219' title='bbox 2884 1599 2985 1653; x_wconf 86' lang='lat' dir='ltr'><strong>nisi</strong></span> <span class='ocrx_word' id='word_1_220' title='bbox 3034 1599 3123 1653; x_wconf 91' lang='lat' dir='ltr'><strong>ubi</strong></span> <span class='ocrx_word' id='word_1_221' title='bbox 3173 1599 3380 1655; x_wconf 79' lang='lat' dir='ltr'><strong>falsitas</strong></span> <span class='ocrx_word' id='word_1_222' title='bbox 3420 1602 3680 1670; x_wconf 84' lang='lat' dir='ltr'><strong>possidet.</strong></span> 
     </span>
    </p>
   </div>
   <div class='ocr_carea' id='block_1_32' title="bbox 2108 1685 3681 1760">
    <p class='ocr_par' dir='ltr' id='par_1_32' title="bbox 2108 1685 3681 1760">
     <span class='ocr_line' id='line_1_32' title="bbox 2108 1685 3681 1760; baseline 0.006 -22"><span class='ocrx_word' id='word_1_223' title='bbox 2108 1685 2331 1755; x_wconf 86' lang='lat' dir='ltr'><strong>Propria</strong></span> <span class='ocrx_word' id='word_1_224' title='bbox 2362 1696 2540 1740; x_wconf 89' lang='lat' dir='ltr'><strong>autem</strong></span> <span class='ocrx_word' id='word_1_225' title='bbox 2582 1686 2828 1740; x_wconf 80' lang='lat' dir='ltr'><strong>falsitatis</strong></span> <span class='ocrx_word' id='word_1_226' title='bbox 2860 1690 3127 1755; x_wconf 80' lang='lat' dir='ltr'><strong>possessio</strong></span> <span class='ocrx_word' id='word_1_227' title='bbox 3152 1698 3237 1743; x_wconf 90' lang='lat' dir='ltr'><strong>est</strong></span> <span class='ocrx_word' id='word_1_228' title='bbox 3263 1705 3454 1745; x_wconf 89' lang='lat' dir='ltr'><strong>sensus</strong></span> <span class='ocrx_word' id='word_1_229' title='bbox 3481 1706 3681 1760; x_wconf 87' lang='lat' dir='ltr'><strong>corpo-</strong></span> 
     </span>
    </p>
   </div>
   <div class='ocr_carea' id='block_1_33' title="bbox 434 1766 3678 1847">
    <p class='ocr_par' dir='ltr' id='par_1_33' title="bbox 434 1766 3678 1847">
     <span class='ocr_line' id='line_1_33' title="bbox 434 1766 3678 1847; baseline 0.002 -18"><span class='ocrx_word' id='word_1_230' title='bbox 434 1793 634 1838; x_wconf 88' lang='lat' dir='ltr'><strong>rcrum,</strong></span> <span class='ocrx_word' id='word_1_231' title='bbox 683 1792 819 1846; x_wconf 89' lang='lat' dir='ltr'><strong>quas</strong></span> <span class='ocrx_word' id='word_1_232' title='bbox 876 1792 973 1845; x_wconf 90' lang='lat' dir='ltr'><strong>per</strong></span> <span class='ocrx_word' id='word_1_233' title='bbox 1019 1792 1336 1847; x_wconf 90' lang='lat' dir='ltr'><strong>corporeum</strong></span> <span class='ocrx_word' id='word_1_234' title='bbox 1383 1794 1600 1832; x_wconf 89' lang='lat' dir='ltr'><strong>sensum</strong></span> <span class='ocrx_word' id='word_1_235' title='bbox 1622 1779 1842 1847; x_wconf 79' lang='lat' dir='ltr'><strong>excipit,</strong></span> <span class='ocrx_word' id='word_1_236' title='bbox 1897 1780 2006 1833; x_wconf 85' lang='lat' dir='ltr'><strong>dis-</strong></span> <span class='ocrx_word' id='word_1_237' title='bbox 2039 1779 2083 1838; x_wconf 77' lang='grc' dir='ltr'><strong>Β</strong></span> <span class='ocrx_word' id='word_1_238' title='bbox 2113 1790 2252 1827; x_wconf 89' lang='lat' dir='ltr'><strong>reus.</strong></span> <span class='ocrx_word' id='word_1_239' title='bbox 2282 1774 2429 1827; x_wconf 86' lang='lat' dir='ltr'><strong>Nulla</strong></span> <span class='ocrx_word' id='word_1_240' title='bbox 2459 1777 2599 1828; x_wconf 90' lang='lat' dir='ltr'><strong>enim</strong></span> <span class='ocrx_word' id='word_1_241' title='bbox 2632 1776 2733 1828; x_wconf 85' lang='lat' dir='ltr'><strong>alia</strong></span> <span class='ocrx_word' id='word_1_242' title='bbox 2769 1793 2896 1845; x_wconf 91' lang='lat' dir='ltr'><strong>pars</strong></span> <span class='ocrx_word' id='word_1_243' title='bbox 2924 1780 3186 1834; x_wconf 90' lang='lat' dir='ltr'><strong>humanae</strong></span> <span class='ocrx_word' id='word_1_244' title='bbox 3217 1792 3442 1836; x_wconf 88' lang='lat' dir='ltr'><strong>naturae</strong></span> <span class='ocrx_word' id='word_1_245' title='bbox 3470 1766 3678 1837; x_wconf 75' lang='lat' dir='ltr'><strong>falsita-</strong></span> 
     </span>
    </p>
   </div>
   <div class='ocr_carea' id='block_1_34' title="bbox 432 1867 2005 1937">
    <p class='ocr_par' dir='ltr' id='par_1_34' title="bbox 432 1867 2005 1937">
     <span class='ocr_line' id='line_1_34' title="bbox 432 1867 2005 1937; baseline 0.002 -18"><span class='ocrx_word' id='word_1_246' title='bbox 432 1868 607 1920; x_wconf 82' lang='lat' dir='ltr'><strong>cernit</strong></span> <span class='ocrx_word' id='word_1_247' title='bbox 655 1876 816 1936; x_wconf 89' lang='lat' dir='ltr'><strong>atque</strong></span> <span class='ocrx_word' id='word_1_248' title='bbox 872 1867 1150 1933; x_wconf 89' lang='lat' dir='ltr'><strong>dijudicat.</strong></span> <span class='ocrx_word' id='word_1_249' title='bbox 1202 1868 1403 1922; x_wconf 77' lang='lat' dir='ltr'><strong>Deinde</strong></span> <span class='ocrx_word' id='word_1_250' title='bbox 1450 1868 1714 1922; x_wconf 90' lang='lat' dir='ltr'><strong>rationem</strong></span> <span class='ocrx_word' id='word_1_251' title='bbox 1745 1868 2005 1937; x_wconf 88' lang='lat' dir='ltr'><strong>possidet,</strong></span> 
     </span>
    </p>
   </div>
   <div class='ocr_carea' id='block_1_35' title="bbox 432 1957 2007 2026">
    <p class='ocr_par' dir='ltr' id='par_1_35' title="bbox 432 1957 2007 2026">
     <span class='ocr_line' id='line_1_35' title="bbox 432 1957 2007 2026; baseline 0.001 -17"><span class='ocrx_word' id='word_1_252' title='bbox 432 1973 530 2026; x_wconf 80' lang='lat' dir='ltr'><strong>per</strong></span> <span class='ocrx_word' id='word_1_253' title='bbox 558 1971 717 2024; x_wconf 81' lang='lat' dir='ltr'><strong>quam</strong></span> <span class='ocrx_word' id='word_1_254' title='bbox 761 1957 1001 2010; x_wconf 90' lang='lat' dir='ltr'><strong>omnium</strong></span> <span class='ocrx_word' id='word_1_255' title='bbox 1057 1971 1259 2020; x_wconf 91' lang='lat' dir='ltr'><strong>rerum,</strong></span> <span class='ocrx_word' id='word_1_256' title='bbox 1288 1973 1425 2025; x_wconf 87' lang='lat' dir='ltr'><strong>quas</strong></span> <span class='ocrx_word' id='word_1_257' title='bbox 1468 1957 1551 2011; x_wconf 87' lang='lat' dir='ltr'><strong>vel</strong></span> <span class='ocrx_word' id='word_1_258' title='bbox 1600 1958 1899 2025; x_wconf 85' lang='lat' dir='ltr'><strong>intelligere</strong></span> <span class='ocrx_word' id='word_1_259' title='bbox 1925 1959 2007 2011; x_wconf 89' lang='lat' dir='ltr'><strong>vel</strong></span> 
     </span>
    </p>
   </div>
   <div class='ocr_carea' id='block_1_36' title="bbox 433 2047 2009 2117">
    <p class='ocr_par' dir='ltr' id='par_1_36' title="bbox 433 2047 2009 2117">
     <span class='ocr_line' id='line_1_36' title="bbox 433 2047 2009 2117; baseline 0.001 -18"><span class='ocrx_word' id='word_1_260' title='bbox 433 2049 637 2102; x_wconf 69' lang='lat' dir='ltr'><strong>sentire</strong></span> <span class='ocrx_word' id='word_1_261' title='bbox 661 2057 860 2117; x_wconf 85' lang='lat' dir='ltr'><strong>potest,</strong></span> <span class='ocrx_word' id='word_1_262' title='bbox 895 2048 1131 2102; x_wconf 90' lang='lat' dir='ltr'><strong>rationes</strong></span> <span class='ocrx_word' id='word_1_263' title='bbox 1176 2049 1479 2116; x_wconf 83' lang='lat' dir='ltr'><strong>investigat.</strong></span> <span class='ocrx_word' id='word_1_264' title='bbox 1523 2047 1803 2102; x_wconf 89' lang='lat' dir='ltr'><strong>Summum</strong></span> <span class='ocrx_word' id='word_1_265' title='bbox 1836 2050 2009 2101; x_wconf 83' lang='lat' dir='ltr'><strong>homi-</strong></span> 
     </span>
    </p>
   </div>
   <div class='ocr_carea' id='block_1_37' title="bbox 431 2141 2009 2210">
    <p class='ocr_par' dir='ltr' id='par_1_37' title="bbox 431 2141 2009 2210">
     <span class='ocr_line' id='line_1_37' title="bbox 431 2141 2009 2210; baseline 0 -16"><span class='ocrx_word' id='word_1_266' title='bbox 431 2143 516 2196; x_wconf 89' lang='lat' dir='ltr'><strong>nis</strong></span> <span class='ocrx_word' id='word_1_267' title='bbox 546 2152 629 2196; x_wconf 89' lang='lat' dir='ltr'><strong>est</strong></span> <span class='ocrx_word' id='word_1_268' title='bbox 681 2144 916 2206; x_wconf 87' lang='lat' dir='ltr'><strong>animus,</strong></span> <span class='ocrx_word' id='word_1_269' title='bbox 974 2142 1114 2196; x_wconf 89' lang='lat' dir='ltr'><strong>ultra</strong></span> <span class='ocrx_word' id='word_1_270' title='bbox 1151 2157 1308 2210; x_wconf 90' lang='lat' dir='ltr'><strong>quem</strong></span> <span class='ocrx_word' id='word_1_271' title='bbox 1354 2143 1407 2195; x_wconf 89' lang='lat' dir='ltr'><strong>in</strong></span> <span class='ocrx_word' id='word_1_272' title='bbox 1446 2141 1678 2195; x_wconf 89' lang='lat' dir='ltr'><strong>humana</strong></span> <span class='ocrx_word' id='word_1_273' title='bbox 1710 2152 1901 2195; x_wconf 87' lang='lat' dir='ltr'><strong>natura</strong></span> <span class='ocrx_word' id='word_1_274' title='bbox 1937 2142 2009 2195; x_wconf 82' lang='lat' dir='ltr'><strong>nil</strong></span> 
     </span>
    </p>
   </div>
   <div class='ocr_carea' id='block_1_38' title="bbox 435 2231 2012 2301">
    <p class='ocr_par' dir='ltr' id='par_1_38' title="bbox 435 2231 2012 2301">
     <span class='ocr_line' id='line_1_38' title="bbox 435 2231 2012 2301; baseline -0.001 -16"><span class='ocrx_word' id='word_1_275' title='bbox 435 2233 681 2300; x_wconf 83' lang='lat' dir='ltr'><strong>superius</strong></span> <span class='ocrx_word' id='word_1_276' title='bbox 708 2233 996 2295; x_wconf 90' lang='lat' dir='ltr'><strong>invenitur,</strong></span> <span class='ocrx_word' id='word_1_277' title='bbox 1042 2233 1195 2301; x_wconf 85' lang='lat' dir='ltr'><strong>cujus</strong></span> <span class='ocrx_word' id='word_1_278' title='bbox 1232 2233 1507 2301; x_wconf 85' lang='lat' dir='ltr'><strong>preprium</strong></span> <span class='ocrx_word' id='word_1_279' title='bbox 1554 2231 1790 2286; x_wconf 77' lang='lat' dir='ltr'><strong>ollicium</strong></span> <span class='ocrx_word' id='word_1_280' title='bbox 1820 2240 1922 2295; x_wconf 88' lang='lat' dir='ltr'><strong>est,</strong></span> <span class='ocrx_word' id='word_1_281' title='bbox 1957 2240 2012 2285; x_wconf 89' lang='lat' dir='ltr'><strong>et</strong></span> 
     </span>
    </p>
   </div>
   <div class='ocr_carea' id='block_1_39' title="bbox 435 2320 2012 2392">
    <p class='ocr_par' dir='ltr' id='par_1_39' title="bbox 435 2320 2012 2392">
     <span class='ocr_line' id='line_1_39' title="bbox 435 2320 2012 2392; baseline 0.004 -21"><span class='ocrx_word' id='word_1_282' title='bbox 435 2321 741 2388; x_wconf 87' lang='lat' dir='ltr'><strong>praedictas</strong></span> <span class='ocrx_word' id='word_1_283' title='bbox 769 2330 951 2390; x_wconf 88' lang='lat' dir='ltr'><strong>partes</strong></span> <span class='ocrx_word' id='word_1_284' title='bbox 999 2320 1283 2375; x_wconf 85' lang='lat' dir='ltr'><strong>inferiores</strong></span> <span class='ocrx_word' id='word_1_285' title='bbox 1317 2338 1376 2376; x_wconf 89' lang='lat' dir='ltr'><strong>se</strong></span> <span class='ocrx_word' id='word_1_286' title='bbox 1420 2337 1631 2392; x_wconf 85' lang='lat' dir='ltr'><strong>regere,</strong></span> <span class='ocrx_word' id='word_1_287' title='bbox 1670 2331 1725 2378; x_wconf 89' lang='lat' dir='ltr'><strong>et</strong></span> <span class='ocrx_word' id='word_1_288' title='bbox 1752 2339 1837 2386; x_wconf 88' lang='lat' dir='ltr'><strong>ea,</strong></span> <span class='ocrx_word' id='word_1_289' title='bbox 1870 2339 2012 2392; x_wconf 90' lang='lat' dir='ltr'><strong>quae</strong></span> 
     </span>
    </p>
   </div>
   <div class='ocr_carea' id='block_1_40' title="bbox 441 2413 2014 2483">
    <p class='ocr_par' dir='ltr' id='par_1_40' title="bbox 441 2413 2014 2483">
     <span class='ocr_line' id='line_1_40' title="bbox 441 2413 2014 2483; baseline 0.003 -20"><span class='ocrx_word' id='word_1_290' title='bbox 441 2425 599 2478; x_wconf 82' lang='lat' dir='ltr'><strong>supra</strong></span> <span class='ocrx_word' id='word_1_291' title='bbox 631 2425 690 2464; x_wconf 91' lang='lat' dir='ltr'><strong>se</strong></span> <span class='ocrx_word' id='word_1_292' title='bbox 737 2421 883 2472; x_wconf 88' lang='lat' dir='ltr'><strong>sunt,</strong></span> <span class='ocrx_word' id='word_1_293' title='bbox 930 2413 1098 2466; x_wconf 90' lang='lat' dir='ltr'><strong>Deum</strong></span> <span class='ocrx_word' id='word_1_294' title='bbox 1150 2428 1305 2465; x_wconf 89' lang='lat' dir='ltr'><strong>suum</strong></span> <span class='ocrx_word' id='word_1_295' title='bbox 1336 2413 1607 2477; x_wconf 80' lang='lat' dir='ltr'><strong>videlicet,</strong></span> <span class='ocrx_word' id='word_1_296' title='bbox 1647 2423 1702 2467; x_wconf 88' lang='lat' dir='ltr'><strong>et</strong></span> <span class='ocrx_word' id='word_1_297' title='bbox 1744 2429 1830 2475; x_wconf 90' lang='lat' dir='ltr'><strong>ea,</strong></span> <span class='ocrx_word' id='word_1_298' title='bbox 1875 2429 2014 2483; x_wconf 88' lang='lat' dir='ltr'><strong>quae</strong></span> 
     </span>
    </p>
   </div>
   <div class='ocr_carea' id='block_1_41' title="bbox 443 2500 2013 2573">
    <p class='ocr_par' dir='ltr' id='par_1_41' title="bbox 443 2500 2013 2573">
     <span class='ocr_line' id='line_1_41' title="bbox 443 2500 2013 2573; baseline 0.006 -21"><span class='ocrx_word' id='word_1_299' title='bbox 443 2500 496 2552; x_wconf 91' lang='lat' dir='ltr'><strong>in</strong></span> <span class='ocrx_word' id='word_1_300' title='bbox 523 2501 640 2568; x_wconf 89' lang='lat' dir='ltr'><strong>ipso</strong></span> <span class='ocrx_word' id='word_1_301' title='bbox 663 2508 718 2553; x_wconf 90' lang='lat' dir='ltr'><strong>et</strong></span> <span class='ocrx_word' id='word_1_302' title='bbox 743 2500 987 2568; x_wconf 77' lang='lat' dir='ltr'><strong>proxime</strong></span> <span class='ocrx_word' id='word_1_303' title='bbox 1013 2502 1157 2555; x_wconf 89' lang='lat' dir='ltr'><strong>circa</strong></span> <span class='ocrx_word' id='word_1_304' title='bbox 1206 2502 1380 2570; x_wconf 92' lang='lat' dir='ltr'><strong>ipsum</strong></span> <span class='ocrx_word' id='word_1_305' title='bbox 1406 2503 1729 2568; x_wconf 89' lang='lat' dir='ltr'><strong>subsistunt,</strong></span> <span class='ocrx_word' id='word_1_306' title='bbox 1752 2514 2013 2573; x_wconf 89' lang='lat' dir='ltr'><strong>quantum</strong></span> 
     </span>
    </p>
   </div>
   <div class='ocr_carea' id='block_1_42' title="bbox 443 2588 2017 2664">
    <p class='ocr_par' dir='ltr' id='par_1_42' title="bbox 443 2588 2017 2664">
     <span class='ocr_line' id='line_1_42' title="bbox 443 2588 2017 2664; baseline 0.005 -23"><span class='ocrx_word' id='word_1_307' title='bbox 443 2588 645 2641; x_wconf 89' lang='lat' dir='ltr'><strong>sinitur</strong></span> <span class='ocrx_word' id='word_1_308' title='bbox 707 2589 1016 2649; x_wconf 87' lang='lat' dir='ltr'><strong>ascendere.</strong></span> <span class='ocrx_word' id='word_1_309' title='bbox 1089 2590 1467 2659; x_wconf 89' lang='lat' dir='ltr'><strong>contemplari.</strong></span> <span class='ocrx_word' id='word_1_310' title='bbox 1554 2591 1787 2647; x_wconf 76' lang='lat' dir='ltr'><strong>Videsne</strong></span> <span class='ocrx_word' id='word_1_311' title='bbox 1856 2594 2017 2664; x_wconf 81' lang='lat' dir='ltr'><strong>igitur</strong></span> 
     </span>
    </p>
   </div>
   <div class='ocr_carea' id='block_1_43' title="bbox 440 2676 2014 2748">
    <p class='ocr_par' dir='ltr' id='par_1_43' title="bbox 440 2676 2014 2748">
     <span class='ocr_line' id='line_1_43' title="bbox 440 2676 2014 2748; baseline 0.004 -20"><span class='ocrx_word' id='word_1_312' title='bbox 440 2676 713 2730; x_wconf 90' lang='lat' dir='ltr'><strong>senariam</strong></span> <span class='ocrx_word' id='word_1_313' title='bbox 748 2677 1016 2731; x_wconf 86' lang='lat' dir='ltr'><strong>humanae</strong></span> <span class='ocrx_word' id='word_1_314' title='bbox 1047 2688 1273 2732; x_wconf 90' lang='lat' dir='ltr'><strong>naturae</strong></span> <span class='ocrx_word' id='word_1_315' title='bbox 1297 2680 1713 2735; x_wconf 85' lang='lat' dir='ltr'><strong>discretionem?</strong></span> <span class='ocrx_word' id='word_1_316' title='bbox 1733 2682 1827 2735; x_wconf 86' lang='lat' dir='ltr'><strong>Est</strong></span> <span class='ocrx_word' id='word_1_317' title='bbox 1848 2683 2014 2748; x_wconf 89' lang='lat' dir='ltr'><strong>enim,</strong></span> 
     </span>
    </p>
   </div>
   <div class='ocr_carea' id='block_1_44' title="bbox 434 2767 2011 2846">
    <p class='ocr_par' dir='ltr' id='par_1_44' title="bbox 434 2767 2011 2846">
     <span class='ocr_line' id='line_1_44' title="bbox 434 2767 2011 2846; baseline 0.002 -25"><span class='ocrx_word' id='word_1_318' title='bbox 434 2778 496 2821; x_wconf 84' lang='lat' dir='ltr'><strong>et</strong></span> <span class='ocrx_word' id='word_1_319' title='bbox 522 2767 671 2830; x_wconf 84' lang='lat' dir='ltr'><strong>vivit,</strong></span> <span class='ocrx_word' id='word_1_320' title='bbox 716 2774 772 2819; x_wconf 92' lang='lat' dir='ltr'><strong>et</strong></span> <span class='ocrx_word' id='word_1_321' title='bbox 822 2767 985 2846; x_wconf 78' lang='lat' dir='ltr'><strong>sentit</strong></span> <span class='ocrx_word' id='word_1_322' title='bbox 1014 2780 1111 2834; x_wconf 90' lang='lat' dir='ltr'><strong>per</strong></span> <span class='ocrx_word' id='word_1_323' title='bbox 1140 2783 1372 2836; x_wconf 89' lang='lat' dir='ltr'><strong>corpus,</strong></span> <span class='ocrx_word' id='word_1_324' title='bbox 1407 2769 1571 2822; x_wconf 86' lang='lat' dir='ltr'><strong>sentit</strong></span> <span class='ocrx_word' id='word_1_325' title='bbox 1614 2779 1768 2823; x_wconf 79' lang='lat' dir='ltr'><strong>extra</strong></span> <span class='ocrx_word' id='word_1_326' title='bbox 1793 2785 2011 2839; x_wconf 90' lang='lat' dir='ltr'><strong>corpus,</strong></span> 
     </span>
    </p>
   </div>
   <div class='ocr_carea' id='block_1_45' title="bbox 446 2858 2013 2930">
    <p class='ocr_par' dir='ltr' id='par_1_45' title="bbox 446 2858 2013 2930">
     <span class='ocr_line' id='line_1_45' title="bbox 446 2858 2013 2930; baseline 0.001 -17"><span class='ocrx_word' id='word_1_327' title='bbox 446 2859 819 2923; x_wconf 84' lang='lat' dir='ltr'><strong>ratiocinator,</strong></span> <span class='ocrx_word' id='word_1_328' title='bbox 843 2858 1112 2927; x_wconf 77' lang='lat' dir='ltr'><strong>intelligit.</strong></span> <span class='ocrx_word' id='word_1_329' title='bbox 1137 2858 1246 2915; x_wconf 89' lang='lat' dir='ltr'><strong>Sed</strong></span> <span class='ocrx_word' id='word_1_330' title='bbox 1270 2860 1357 2914; x_wconf 88' lang='lat' dir='ltr'><strong>illa</strong></span> <span class='ocrx_word' id='word_1_331' title='bbox 1384 2861 1511 2925; x_wconf 87' lang='lat' dir='ltr'><strong>tria,</strong></span> <span class='ocrx_word' id='word_1_332' title='bbox 1537 2875 1674 2930; x_wconf 88' lang='lat' dir='ltr'><strong>quae</strong></span> <span class='ocrx_word' id='word_1_333' title='bbox 1696 2862 1748 2914; x_wconf 93' lang='lat' dir='ltr'><strong>in</strong></span> <span class='ocrx_word' id='word_1_334' title='bbox 1775 2861 2013 2915; x_wconf 87' lang='lat' dir='ltr'><strong>inferiori</strong></span> 
     </span>
    </p>
   </div>
   <div class='ocr_carea' id='block_1_46' title="bbox 444 2950 2018 3020">
    <p class='ocr_par' dir='ltr' id='par_1_46' title="bbox 444 2950 2018 3020">
     <span class='ocr_line' id='line_1_46' title="bbox 444 2950 2018 3020; baseline 0.003 -18"><span class='ocrx_word' id='word_1_335' title='bbox 444 2959 599 3017; x_wconf 90' lang='lat' dir='ltr'><strong>parte</strong></span> <span class='ocrx_word' id='word_1_336' title='bbox 639 2950 874 3004; x_wconf 91' lang='lat' dir='ltr'><strong>hominis</strong></span> <span class='ocrx_word' id='word_1_337' title='bbox 919 2951 940 2980; x_wconf 83' lang='grc'>¹</span> <span class='ocrx_word' id='word_1_338' title='bbox 987 2950 1430 3020; x_wconf 80' lang='lat' dir='ltr'><strong>cognoscuntur,</strong></span> <span class='ocrx_word' id='word_1_339' title='bbox 1480 2951 1842 3020; x_wconf 90' lang='lat' dir='ltr'><strong>corruptibilia</strong></span> <span class='ocrx_word' id='word_1_340' title='bbox 1892 2960 2018 3007; x_wconf 91' lang='lat' dir='ltr'><strong>sunt</strong></span> 
     </span>
    </p>
   </div>
   <div class='ocr_carea' id='block_1_47' title="bbox 448 3038 2016 3110">
    <p class='ocr_par' dir='ltr' id='par_1_47' title="bbox 448 3038 2016 3110">
     <span class='ocr_line' id='line_1_47' title="bbox 448 3038 2016 3110; baseline 0.001 -18"><span class='ocrx_word' id='word_1_341' title='bbox 448 3038 807 3106; x_wconf 87' lang='lat' dir='ltr'><strong>solutionique</strong></span> <span class='ocrx_word' id='word_1_342' title='bbox 887 3039 1157 3104; x_wconf 78' lang='lat' dir='ltr'><strong>obnoxia;</strong></span> <span class='ocrx_word' id='word_1_343' title='bbox 1213 3041 1476 3094; x_wconf 82' lang='lat' dir='ltr'><strong>ternarias</strong></span> <span class='ocrx_word' id='word_1_344' title='bbox 1540 3055 1668 3094; x_wconf 90' lang='lat' dir='ltr'><strong>vero</strong></span> <span class='ocrx_word' id='word_1_345' title='bbox 1721 3042 2016 3110; x_wconf 88' lang='lat' dir='ltr'><strong>superioris</strong></span> 
     </span>
    </p>
   </div>
   <div class='ocr_carea' id='block_1_48' title="bbox 2113 1863 3681 1937">
    <p class='ocr_par' dir='ltr' id='par_1_48' title="bbox 2113 1863 3681 1937">
     <span class='ocr_line' id='line_1_48' title="bbox 2113 1863 3681 1937; baseline 0.008 -23"><span class='ocrx_word' id='word_1_346' title='bbox 2113 1863 2181 1915; x_wconf 89' lang='lat' dir='ltr'><strong>tis</strong></span> <span class='ocrx_word' id='word_1_347' title='bbox 2224 1877 2462 1915; x_wconf 90' lang='lat' dir='ltr'><strong>errorem</strong></span> <span class='ocrx_word' id='word_1_348' title='bbox 2507 1864 2696 1931; x_wconf 84' lang='lat' dir='ltr'><strong>recipit</strong></span> <span class='ocrx_word' id='word_1_349' title='bbox 2725 1875 2939 1932; x_wconf 89' lang='lat' dir='ltr'><strong>praeter</strong></span> <span class='ocrx_word' id='word_1_350' title='bbox 2965 1882 3178 1922; x_wconf 91' lang='lat' dir='ltr'><strong>sensum</strong></span> <span class='ocrx_word' id='word_1_351' title='bbox 3227 1872 3575 1937; x_wconf 79' lang='lat' dir='ltr'><strong>exteriorem,</strong></span> <span class='ocrx_word' id='word_1_352' title='bbox 3607 1874 3681 1927; x_wconf 91' lang='lat' dir='ltr'><strong>si-</strong></span> 
     </span>
    </p>
   </div>
   <div class='ocr_carea' id='block_1_49' title="bbox 2093 1954 3678 2033">
    <p class='ocr_par' dir='ltr' id='par_1_49' title="bbox 2093 1954 3678 2033">
     <span class='ocr_line' id='line_1_49' title="bbox 2093 1954 3678 2033; baseline 0.009 -29"><span class='ocrx_word' id='word_1_353' title='bbox 2093 1954 2324 2022; x_wconf 82' lang='lat' dir='ltr'><strong>quidem</strong></span> <span class='ocrx_word' id='word_1_354' title='bbox 2368 1969 2463 2023; x_wconf 92' lang='lat' dir='ltr'><strong>per</strong></span> <span class='ocrx_word' id='word_1_355' title='bbox 2484 1954 2657 2023; x_wconf 90' lang='lat' dir='ltr'><strong>ipsum</strong></span> <span class='ocrx_word' id='word_1_356' title='bbox 2693 1965 2748 2008; x_wconf 91' lang='lat' dir='ltr'><strong>et</strong></span> <span class='ocrx_word' id='word_1_357' title='bbox 2776 1957 3000 2011; x_wconf 90' lang='lat' dir='ltr'><strong>interior</strong></span> <span class='ocrx_word' id='word_1_358' title='bbox 3034 1975 3244 2025; x_wconf 89' lang='lat' dir='ltr'><strong>sensus,</strong></span> <span class='ocrx_word' id='word_1_359' title='bbox 3272 1974 3327 2016; x_wconf 89' lang='lat' dir='ltr'><strong>et</strong></span> <span class='ocrx_word' id='word_1_360' title='bbox 3362 1964 3520 2027; x_wconf 87' lang='lat' dir='ltr'><strong>ratio,</strong></span> <span class='ocrx_word' id='word_1_361' title='bbox 3564 1964 3678 2033; x_wconf 88' lang='lat' dir='ltr'><strong>ipse</strong></span> 
     </span>
    </p>
   </div>
   <div class='ocr_carea' id='block_1_50' title="bbox 2110 2042 3678 2122">
    <p class='ocr_par' dir='ltr' id='par_1_50' title="bbox 2110 2042 3678 2122">
     <span class='ocr_line' id='line_1_50' title="bbox 2110 2042 3678 2122; baseline 0.008 -27"><span class='ocrx_word' id='word_1_362' title='bbox 2110 2042 2272 2095; x_wconf 90' lang='lat' dir='ltr'><strong>etiam</strong></span> <span class='ocrx_word' id='word_1_363' title='bbox 2312 2042 2614 2098; x_wconf 88' lang='lat' dir='ltr'><strong>intellectus</strong></span> <span class='ocrx_word' id='word_1_364' title='bbox 2654 2046 2969 2113; x_wconf 85' lang='lat' dir='ltr'><strong>saepissime</strong></span> <span class='ocrx_word' id='word_1_365' title='bbox 3005 2047 3227 2102; x_wconf 87' lang='lat' dir='ltr'><strong>fallitur.</strong></span> <span class='ocrx_word' id='word_1_366' title='bbox 3260 2051 3315 2103; x_wconf 93' lang='lat' dir='ltr'><strong>In</strong></span> <span class='ocrx_word' id='word_1_367' title='bbox 3348 2051 3465 2106; x_wconf 91' lang='lat' dir='ltr'><strong>loco</strong></span> <span class='ocrx_word' id='word_1_368' title='bbox 3494 2053 3678 2122; x_wconf 73' lang='lat' dir='ltr'><strong>itaque</strong></span> 
     </span>
    </p>
   </div>
   <div class='ocr_carea' id='block_1_51' title="bbox 2111 2132 3679 2206">
    <p class='ocr_par' dir='ltr' id='par_1_51' title="bbox 2111 2132 3679 2206">
     <span class='ocr_line' id='line_1_51' title="bbox 2111 2132 3679 2206; baseline 0.008 -22"><span class='ocrx_word' id='word_1_369' title='bbox 2111 2132 2361 2187; x_wconf 86' lang='lat' dir='ltr'><strong>falsitatis</strong></span> <span class='ocrx_word' id='word_1_370' title='bbox 2374 2141 2429 2186; x_wconf 90' lang='lat' dir='ltr'><strong>et</strong></span> <span class='ocrx_word' id='word_1_371' title='bbox 2442 2148 2698 2186; x_wconf 88' lang='lat' dir='ltr'><strong>vanarum</strong></span> <span class='ocrx_word' id='word_1_372' title='bbox 2716 2135 3139 2203; x_wconf 89' lang='lat' dir='ltr'><strong>phantasiarum,</strong></span> <span class='ocrx_word' id='word_1_373' title='bbox 3173 2140 3276 2194; x_wconf 90' lang='lat' dir='ltr'><strong>hoc</strong></span> <span class='ocrx_word' id='word_1_374' title='bbox 3306 2150 3409 2206; x_wconf 90' lang='lat' dir='ltr'><strong>est,</strong></span> <span class='ocrx_word' id='word_1_375' title='bbox 3444 2142 3494 2195; x_wconf 93' lang='lat' dir='ltr'><strong>in</strong></span> <span class='ocrx_word' id='word_1_376' title='bbox 3517 2157 3679 2197; x_wconf 90' lang='lat' dir='ltr'><strong>sensu</strong></span> 
     </span>
    </p>
   </div>
   <div class='ocr_carea' id='block_1_52' title="bbox 2111 2224 3686 2296">
    <p class='ocr_par' dir='ltr' id='par_1_52' title="bbox 2111 2224 3686 2296">
     <span class='ocr_line' id='line_1_52' title="bbox 2111 2224 3686 2296; baseline 0.006 -18"><span class='ocrx_word' id='word_1_377' title='bbox 2111 2238 2420 2293; x_wconf 29' lang='lat' dir='ltr'><strong>corporeo”</strong></span> <span class='ocrx_word' id='word_1_378' title='bbox 2451 2225 2541 2292; x_wconf 90' lang='lat' dir='ltr'><strong>qui</strong></span> <span class='ocrx_word' id='word_1_379' title='bbox 2590 2240 2618 2277; x_wconf 93' lang='lat' dir='ltr'><strong>a</strong></span> <span class='ocrx_word' id='word_1_380' title='bbox 2669 2224 2887 2281; x_wconf 83' lang='lat' dir='ltr'><strong>Graecis</strong></span> <span class='ocrx_word' id='word_1_381' title='bbox 2920 2227 3155 2292; x_wconf 76' lang='grc' dir='ltr'><strong>αἴσθησις</strong></span> <span class='ocrx_word' id='word_1_382' title='bbox 3199 2240 3440 2296; x_wconf 87' lang='lat' dir='ltr'><strong>vocatur,</strong></span> <span class='ocrx_word' id='word_1_383' title='bbox 3485 2240 3541 2287; x_wconf 82' lang='lat' dir='ltr'><strong>e‘t</strong></span> <span class='ocrx_word' id='word_1_384' title='bbox 3584 2234 3686 2287; x_wconf 89' lang='lat' dir='ltr'><strong>sub</strong></span> 
     </span>
    </p>
   </div>
   <div class='ocr_carea' id='block_1_53' title="bbox 2114 2314 3684 2393">
    <p class='ocr_par' dir='ltr' id='par_1_53' title="bbox 2114 2314 3684 2393">
     <span class='ocr_line' id='line_1_53' title="bbox 2114 2314 3684 2393; baseline 0.006 -26"><span class='ocrx_word' id='word_1_385' title='bbox 2114 2314 2281 2384; x_wconf 84' lang='lat' dir='ltr'><strong>ﬁgura</strong></span> <span class='ocrx_word' id='word_1_386' title='bbox 2320 2314 2559 2368; x_wconf 88' lang='lat' dir='ltr'><strong>mulieris</strong></span> <span class='ocrx_word' id='word_1_387' title='bbox 2596 2314 2918 2383; x_wconf 86' lang='lat' dir='ltr'><strong>insinuatur,</strong></span> <span class='ocrx_word' id='word_1_388' title='bbox 2948 2323 3190 2393; x_wconf 72' lang='grc' dir='ltr'><strong>γνωστὸν,</strong></span> <span class='ocrx_word' id='word_1_389' title='bbox 3222 2323 3323 2376; x_wconf 91' lang='lat' dir='ltr'><strong>hoc</strong></span> <span class='ocrx_word' id='word_1_390' title='bbox 3348 2333 3451 2388; x_wconf 88' lang='lat' dir='ltr'><strong>est,</strong></span> <span class='ocrx_word' id='word_1_391' title='bbox 3481 2322 3684 2393; x_wconf 82' lang='lat' dir='ltr'><strong>lignum</strong></span> 
     </span>
    </p>
   </div>
   <div class='ocr_carea' id='block_1_54' title="bbox 2115 2404 3683 2475">
    <p class='ocr_par' dir='ltr' id='par_1_54' title="bbox 2115 2404 3683 2475">
     <span class='ocr_line' id='line_1_54' title="bbox 2115 2404 3683 2475; baseline 0.007 -16"><span class='ocrx_word' id='word_1_392' title='bbox 2115 2404 2379 2459; x_wconf 89' lang='lat' dir='ltr'><strong>scientiae</strong></span> <span class='ocrx_word' id='word_1_393' title='bbox 2415 2406 2539 2460; x_wconf 89' lang='lat' dir='ltr'><strong>boni</strong></span> <span class='ocrx_word' id='word_1_394' title='bbox 2563 2415 2618 2462; x_wconf 92' lang='lat' dir='ltr'><strong>et</strong></span> <span class='ocrx_word' id='word_1_395' title='bbox 2645 2409 2773 2463; x_wconf 91' lang='lat' dir='ltr'><strong>mali</strong></span> <span class='ocrx_word' id='word_1_396' title='bbox 2800 2413 3170 2475; x_wconf 85' lang='lat' dir='ltr'><strong>constituitur,</strong></span> <span class='ocrx_word' id='word_1_397' title='bbox 3205 2414 3404 2468; x_wconf 83' lang='lat' dir='ltr'><strong>malitia</strong></span> <span class='ocrx_word' id='word_1_398' title='bbox 3433 2416 3683 2470; x_wconf 84' lang='lat' dir='ltr'><strong>videlicet</strong></span> 
     </span>
    </p>
   </div>
   <div class='ocr_carea' id='block_1_55' title="bbox 2114 2493 3685 2574">
    <p class='ocr_par' dir='ltr' id='par_1_55' title="bbox 2114 2493 3685 2574">
     <span class='ocr_line' id='line_1_55' title="bbox 2114 2493 3685 2574; baseline 0.008 -26"><span class='ocrx_word' id='word_1_399' title='bbox 2114 2493 2462 2563; x_wconf 89' lang='lat' dir='ltr'><strong>inphantasia</strong></span> <span class='ocrx_word' id='word_1_400' title='bbox 2486 2496 2881 2563; x_wconf 88' lang='lat' dir='ltr'><strong>honieolorata,</strong></span> <span class='ocrx_word' id='word_1_401' title='bbox 2900 2501 2982 2553; x_wconf 90' lang='lat' dir='ltr'><strong>vel</strong></span> <span class='ocrx_word' id='word_1_402' title='bbox 3016 2502 3212 2556; x_wconf 90' lang='lat' dir='ltr'><strong>malum</strong></span> <span class='ocrx_word' id='word_1_403' title='bbox 3238 2504 3627 2574; x_wconf 81' lang='lat' dir='ltr'><strong>eonfiguratum</strong></span> <span class='ocrx_word' id='word_1_404' title='bbox 3663 2505 3685 2536; x_wconf 82' lang='grc'><strong><em>⁸</em></strong></span> 
     </span>
    </p>
   </div>
   <div class='ocr_carea' id='block_1_56' title="bbox 2113 2582 3686 2656">
    <p class='ocr_par' dir='ltr' id='par_1_56' title="bbox 2113 2582 3686 2656">
     <span class='ocr_line' id='line_1_56' title="bbox 2113 2582 3686 2656; baseline 0.008 -21"><span class='ocrx_word' id='word_1_405' title='bbox 2113 2582 2276 2647; x_wconf 91' lang='lat' dir='ltr'><strong>bono,</strong></span> <span class='ocrx_word' id='word_1_406' title='bbox 2323 2584 2425 2648; x_wconf 89' lang='lat' dir='ltr'><strong>vel,</strong></span> <span class='ocrx_word' id='word_1_407' title='bbox 2467 2594 2525 2637; x_wconf 94' lang='lat' dir='ltr'><strong>ut</strong></span> <span class='ocrx_word' id='word_1_408' title='bbox 2559 2586 2873 2654; x_wconf 88' lang='lat' dir='ltr'><strong>simpliciter</strong></span> <span class='ocrx_word' id='word_1_409' title='bbox 2898 2589 3095 2655; x_wconf 88' lang='lat' dir='ltr'><strong>dicam,</strong></span> <span class='ocrx_word' id='word_1_410' title='bbox 3127 2590 3319 2644; x_wconf 88' lang='lat' dir='ltr'><strong>falsum</strong></span> <span class='ocrx_word' id='word_1_411' title='bbox 3348 2594 3569 2656; x_wconf 88' lang='lat' dir='ltr'><strong>bonum,</strong></span> <span class='ocrx_word' id='word_1_412' title='bbox 3602 2594 3686 2648; x_wconf 87' lang='lat' dir='ltr'><strong>vel</strong></span> 
     </span>
    </p>
   </div>
   <div class='ocr_carea' id='block_1_57' title="bbox 2115 2675 3688 2749">
    <p class='ocr_par' dir='ltr' id='par_1_57' title="bbox 2115 2675 3688 2749">
     <span class='ocr_line' id='line_1_57' title="bbox 2115 2675 3688 2749; baseline 0.005 -20"><span class='ocrx_word' id='word_1_413' title='bbox 2115 2675 2316 2729; x_wconf 83' lang='lat' dir='ltr'><strong>malum</strong></span> <span class='ocrx_word' id='word_1_414' title='bbox 2346 2676 2447 2730; x_wconf 90' lang='lat' dir='ltr'><strong>sub</strong></span> <span class='ocrx_word' id='word_1_415' title='bbox 2488 2677 2654 2746; x_wconf 88' lang='lat' dir='ltr'><strong>ﬁgura</strong></span> <span class='ocrx_word' id='word_1_416' title='bbox 2689 2679 2811 2733; x_wconf 91' lang='lat' dir='ltr'><strong>boni</strong></span> <span class='ocrx_word' id='word_1_417' title='bbox 2856 2678 3047 2745; x_wconf 90' lang='lat' dir='ltr'><strong>latens,</strong></span> <span class='ocrx_word' id='word_1_418' title='bbox 3094 2681 3246 2749; x_wconf 82' lang='lat' dir='ltr'><strong>cujus</strong></span> <span class='ocrx_word' id='word_1_419' title='bbox 3275 2682 3481 2737; x_wconf 88' lang='lat' dir='ltr'><strong>fructus</strong></span> <span class='ocrx_word' id='word_1_420' title='bbox 3518 2685 3688 2738; x_wconf 80' lang='lat' dir='ltr'><strong>mixta</strong></span> 
     </span>
    </p>
   </div>
   <div class='ocr_carea' id='block_1_58' title="bbox 2116 2768 3686 2832">
    <p class='ocr_par' dir='ltr' id='par_1_58' title="bbox 2116 2768 3686 2832">
     <span class='ocr_line' id='line_1_58' title="bbox 2116 2768 3686 2832; baseline 0.003 -10"><span class='ocrx_word' id='word_1_421' title='bbox 2116 2768 2340 2822; x_wconf 88' lang='lat' dir='ltr'><strong>scientia</strong></span> <span class='ocrx_word' id='word_1_422' title='bbox 2368 2776 2473 2832; x_wconf 89' lang='lat' dir='ltr'><strong>est,</strong></span> <span class='ocrx_word' id='word_1_423' title='bbox 2504 2769 2606 2822; x_wconf 91' lang='lat' dir='ltr'><strong>hoc</strong></span> <span class='ocrx_word' id='word_1_424' title='bbox 2638 2777 2742 2831; x_wconf 92' lang='lat' dir='ltr'><strong>est,</strong></span> <span class='ocrx_word' id='word_1_425' title='bbox 2781 2769 3023 2823; x_wconf 84' lang='lat' dir='ltr'><strong>confusa.</strong></span> <span class='ocrx_word' id='word_1_426' title='bbox 3057 2771 3417 2825; x_wconf 90' lang='lat' dir='ltr'><strong>Confunditur</strong></span> <span class='ocrx_word' id='word_1_427' title='bbox 3442 2773 3584 2827; x_wconf 89' lang='lat' dir='ltr'><strong>enim</strong></span> <span class='ocrx_word' id='word_1_428' title='bbox 3616 2789 3686 2827; x_wconf 78' lang='lat' dir='ltr'><strong>ex</strong></span> 
     </span>
    </p>
   </div>
   <div class='ocr_carea' id='block_1_59' title="bbox 2117 2856 3693 2929">
    <p class='ocr_par' dir='ltr' id='par_1_59' title="bbox 2117 2856 3693 2929">
     <span class='ocr_line' id='line_1_59' title="bbox 2117 2856 3693 2929; baseline 0.004 -19"><span class='ocrx_word' id='word_1_429' title='bbox 2117 2857 2260 2910; x_wconf 89' lang='lat' dir='ltr'><strong>malo</strong></span> <span class='ocrx_word' id='word_1_430' title='bbox 2286 2856 2505 2918; x_wconf 89' lang='lat' dir='ltr'><strong>latente,</strong></span> <span class='ocrx_word' id='word_1_431' title='bbox 2532 2865 2581 2910; x_wconf 90' lang='lat' dir='ltr'><strong>et</strong></span> <span class='ocrx_word' id='word_1_432' title='bbox 2610 2872 2677 2911; x_wconf 79' lang='lat' dir='ltr'><strong>ex</strong></span> <span class='ocrx_word' id='word_1_433' title='bbox 2707 2856 2879 2910; x_wconf 85' lang='lat' dir='ltr'><strong>forma</strong></span> <span class='ocrx_word' id='word_1_434' title='bbox 2907 2858 3031 2912; x_wconf 90' lang='lat' dir='ltr'><strong>boni</strong></span> <span class='ocrx_word' id='word_1_435' title='bbox 3064 2859 3349 2926; x_wconf 86' lang='lat' dir='ltr'><strong>patefacta,</strong></span> <span class='ocrx_word' id='word_1_436' title='bbox 3375 2875 3437 2914; x_wconf 88' lang='lat' dir='ltr'><strong>ac</strong></span> <span class='ocrx_word' id='word_1_437' title='bbox 3462 2876 3556 2929; x_wconf 89' lang='lat' dir='ltr'><strong>per</strong></span> <span class='ocrx_word' id='word_1_438' title='bbox 3588 2861 3693 2916; x_wconf 85' lang='lat' dir='ltr'><strong>hoc</strong></span> 
     </span>
    </p>
   </div>
   <div class='ocr_carea' id='block_1_60' title="bbox 2117 2945 3688 3017">
    <p class='ocr_par' dir='ltr' id='par_1_60' title="bbox 2117 2945 3688 3017">
     <span class='ocr_line' id='line_1_60' title="bbox 2117 2945 3688 3017; baseline 0.004 -19"><span class='ocrx_word' id='word_1_439' title='bbox 2117 2945 2327 2998; x_wconf 87' lang='lat' dir='ltr'><strong>seducit</strong></span> <span class='ocrx_word' id='word_1_440' title='bbox 2363 2946 2539 3012; x_wconf 90' lang='lat' dir='ltr'><strong>primo</strong></span> <span class='ocrx_word' id='word_1_441' title='bbox 2579 2960 2819 3009; x_wconf 87' lang='lat' dir='ltr'><strong>sensum,</strong></span> <span class='ocrx_word' id='word_1_442' title='bbox 2860 2946 2914 2999; x_wconf 91' lang='lat' dir='ltr'><strong>in</strong></span> <span class='ocrx_word' id='word_1_443' title='bbox 2957 2961 3063 3014; x_wconf 91' lang='lat' dir='ltr'><strong>quo</strong></span> <span class='ocrx_word' id='word_1_444' title='bbox 3090 2948 3385 3012; x_wconf 89' lang='lat' dir='ltr'><strong>est,.veluti</strong></span> <span class='ocrx_word' id='word_1_445' title='bbox 3412 2951 3688 3017; x_wconf 80' lang='lat' dir='ltr'><strong>quandam</strong></span> 
     </span>
    </p>
   </div>
   <div class='ocr_carea' id='block_1_61' title="bbox 2120 3032 3688 3104">
    <p class='ocr_par' dir='ltr' id='par_1_61' title="bbox 2120 3032 3688 3104">
     <span class='ocr_line' id='line_1_61' title="bbox 2120 3032 3688 3104; baseline 0.004 -19"><span class='ocrx_word' id='word_1_446' title='bbox 2120 3032 2396 3088; x_wconf 89' lang='lat' dir='ltr'><strong>mulierem</strong></span> <span class='ocrx_word' id='word_1_447' title='bbox 2426 3033 2733 3087; x_wconf 85' lang='lat' dir='ltr'><strong>discernere</strong></span> <span class='ocrx_word' id='word_1_448' title='bbox 2765 3050 2870 3089; x_wconf 92' lang='lat' dir='ltr'><strong>non</strong></span> <span class='ocrx_word' id='word_1_449' title='bbox 2924 3037 3188 3091; x_wconf 83' lang='lat' dir='ltr'><strong>valentem</strong></span> <span class='ocrx_word' id='word_1_450' title='bbox 3228 3037 3369 3092; x_wconf 88' lang='lat' dir='ltr'><strong>inter</strong></span> <span class='ocrx_word' id='word_1_451' title='bbox 3404 3040 3688 3104; x_wconf 77' lang='lat' dir='ltr'><strong>malitiam,</strong></span> 
     </span>
    </p>
   </div>
   <div class='ocr_carea' id='block_1_62' title="bbox 446 3104 3691 3197">
    <p class='ocr_par' dir='ltr' id='par_1_62' title="bbox 446 3104 3691 3197">
     <span class='ocr_line' id='line_1_62' title="bbox 446 3104 3691 3197; baseline 0.003 -18"><span class='ocrx_word' id='word_1_452' title='bbox 446 3128 639 3197; x_wconf 86' lang='lat' dir='ltr'><strong>partis,</strong></span> <span class='ocrx_word' id='word_1_453' title='bbox 666 3104 755 3195; x_wconf 80' lang='lat' dir='ltr'><strong>qui</strong></span> <span class='ocrx_word' id='word_1_454' title='bbox 788 3128 839 3180; x_wconf 94' lang='lat' dir='ltr'><strong>in</strong></span> <span class='ocrx_word' id='word_1_455' title='bbox 903 3137 926 3169; x_wconf 73' lang='grc' dir='ltr'>ι</span> <span class='ocrx_word' id='word_1_456' title='bbox 961 3127 1071 3181; x_wconf 89' lang='lat' dir='ltr'><strong>sola</strong></span> <span class='ocrx_word' id='word_1_457' title='bbox 1096 3128 1275 3181; x_wconf 88' lang='lat' dir='ltr'><strong>anima</strong></span> <span class='ocrx_word' id='word_1_458' title='bbox 1299 3129 1517 3183; x_wconf 90' lang='lat' dir='ltr'><strong>omnino</strong></span> <span class='ocrx_word' id='word_1_459' title='bbox 1541 3104 2018 3184; x_wconf 37' lang='lat' dir='ltr'><strong>absolute—consti-</strong></span> <span class='ocrx_word' id='word_1_460' title='bbox 2043 3104 2089 3167; x_wconf 75' lang='lat' dir='ltr'><strong><em>C</em></strong></span> <span class='ocrx_word' id='word_1_461' title='bbox 2120 3139 2257 3192; x_wconf 75' lang='lat' dir='ltr'><strong>quae</strong></span> <span class='ocrx_word' id='word_1_462' title='bbox 2293 3124 2442 3185; x_wconf 66' lang='lat' dir='ltr'><strong>Mel.</strong></span> <span class='ocrx_word' id='word_1_463' title='bbox 2470 3132 2526 3178; x_wconf 78' lang='grc' dir='ltr'><strong>θι</strong></span> <span class='ocrx_word' id='word_1_464' title='bbox 2573 3124 2799 3178; x_wconf 69' lang='lat' dir='ltr'><strong>formam</strong></span> <span class='ocrx_word' id='word_1_465' title='bbox 2828 3126 2976 3190; x_wconf 64' lang='lat' dir='ltr'><strong>boni.</strong></span> <span class='ocrx_word' id='word_1_466' title='bbox 3005 3142 3111 3196; x_wconf 83' lang='lat' dir='ltr'><strong>qua</strong></span> <span class='ocrx_word' id='word_1_467' title='bbox 3140 3127 3252 3197; x_wconf 71' lang='lat' dir='ltr'><strong>ipsa</strong></span> <span class='ocrx_word' id='word_1_468' title='bbox 3280 3128 3483 3183; x_wconf 73' lang='lat' dir='ltr'><strong>malilia</strong></span> <span class='ocrx_word' id='word_1_469' title='bbox 3516 3130 3691 3183; x_wconf 77' lang='lat' dir='ltr'><strong>ambi-</strong></span> 
     </span>
    </p>
   </div>
   <div class='ocr_carea' id='block_1_63' title="bbox 450 3217 2019 3285">
    <p class='ocr_par' dir='ltr' id='par_1_63' title="bbox 450 3217 2019 3285">
     <span class='ocr_line' id='line_1_63' title="bbox 450 3217 2019 3285; baseline 0.003 -16"><span class='ocrx_word' id='word_1_470' title='bbox 450 3225 594 3271; x_wconf 87' lang='lat' dir='ltr'><strong>tutus</strong></span> <span class='ocrx_word' id='word_1_471' title='bbox 623 3227 726 3281; x_wconf 90' lang='lat' dir='ltr'><strong>est,</strong></span> <span class='ocrx_word' id='word_1_472' title='bbox 776 3217 1195 3285; x_wconf 86' lang='lat' dir='ltr'><strong>incorruptibilis</strong></span> <span class='ocrx_word' id='word_1_473' title='bbox 1239 3227 1293 3271; x_wconf 91' lang='lat' dir='ltr'><strong>et</strong></span> <span class='ocrx_word' id='word_1_474' title='bbox 1338 3217 1637 3273; x_wconf 89' lang='lat' dir='ltr'><strong>insolubilis</strong></span> <span class='ocrx_word' id='word_1_475' title='bbox 1667 3228 1721 3273; x_wconf 88' lang='lat' dir='ltr'><strong>et</strong></span> <span class='ocrx_word' id='word_1_476' title='bbox 1765 3228 2019 3274; x_wconf 89' lang='lat' dir='ltr'><strong>aeternus</strong></span> 
     </span>
    </p>
   </div>
   <div class='ocr_carea' id='block_1_64' title="bbox 446 3308 2016 3378">
    <p class='ocr_par' dir='ltr' id='par_1_64' title="bbox 446 3308 2016 3378">
     <span class='ocr_line' id='line_1_64' title="bbox 446 3308 2016 3378; baseline 0.002 -18"><span class='ocrx_word' id='word_1_477' title='bbox 446 3309 660 3371; x_wconf 88' lang='lat' dir='ltr'><strong>merito,</strong></span> <span class='ocrx_word' id='word_1_478' title='bbox 691 3308 816 3361; x_wconf 90' lang='lat' dir='ltr'><strong>dum</strong></span> <span class='ocrx_word' id='word_1_479' title='bbox 863 3308 916 3360; x_wconf 92' lang='lat' dir='ltr'><strong>in</strong></span> <span class='ocrx_word' id='word_1_480' title='bbox 958 3322 1023 3361; x_wconf 90' lang='lat' dir='ltr'><strong>eo</strong></span> <span class='ocrx_word' id='word_1_481' title='bbox 1054 3308 1229 3377; x_wconf 82' lang='lat' dir='ltr'><strong>imago</strong></span> <span class='ocrx_word' id='word_1_482' title='bbox 1270 3308 1481 3362; x_wconf 85' lang='lat' dir='ltr'><strong>divinae</strong></span> <span class='ocrx_word' id='word_1_483' title='bbox 1511 3318 1736 3363; x_wconf 89' lang='lat' dir='ltr'><strong>naturae</strong></span> <span class='ocrx_word' id='word_1_484' title='bbox 1763 3324 2016 3378; x_wconf 81' lang='lat' dir='ltr'><strong>expressa</strong></span> 
     </span>
    </p>
   </div>
   <div class='ocr_carea' id='block_1_65' title="bbox 444 3396 2021 3466">
    <p class='ocr_par' dir='ltr' id='par_1_65' title="bbox 444 3396 2021 3466">
     <span class='ocr_line' id='line_1_65' title="bbox 444 3396 2021 3466; baseline 0.003 -18"><span class='ocrx_word' id='word_1_485' title='bbox 444 3404 547 3449; x_wconf 89' lang='lat' dir='ltr'><strong>est.</strong></span> <span class='ocrx_word' id='word_1_486' title='bbox 576 3396 806 3464; x_wconf 89' lang='lat' dir='ltr'><strong>Ideoque</strong></span> <span class='ocrx_word' id='word_1_487' title='bbox 835 3412 866 3450; x_wconf 88' lang='lat' dir='ltr'><strong>a</strong></span> <span class='ocrx_word' id='word_1_488' title='bbox 895 3396 1133 3461; x_wconf 87' lang='lat' dir='ltr'><strong>Graecis,</strong></span> <span class='ocrx_word' id='word_1_489' title='bbox 1168 3405 1222 3451; x_wconf 90' lang='lat' dir='ltr'><strong>ut</strong></span> <span class='ocrx_word' id='word_1_490' title='bbox 1269 3398 1319 3450; x_wconf 91' lang='lat' dir='ltr'><strong>in</strong></span> <span class='ocrx_word' id='word_1_491' title='bbox 1345 3399 1616 3466; x_wconf 89' lang='lat' dir='ltr'><strong>prioribus</strong></span> <span class='ocrx_word' id='word_1_492' title='bbox 1644 3398 1798 3453; x_wconf 87' lang='lat' dir='ltr'><strong>libris</strong></span> <span class='ocrx_word' id='word_1_493' title='bbox 1832 3398 2021 3453; x_wconf 83' lang='lat' dir='ltr'><strong>docui-</strong></span> 
     </span>
    </p>
   </div>
   <div class='ocr_carea' id='block_1_66' title="bbox 447 3485 2016 3564">
    <p class='ocr_par' dir='ltr' id='par_1_66' title="bbox 447 3485 2016 3564">
     <span class='ocr_line' id='line_1_66' title="bbox 447 3485 2016 3564; baseline 0.006 -28"><span class='ocrx_word' id='word_1_494' title='bbox 447 3501 586 3550; x_wconf 84' lang='lat' dir='ltr'><strong>mus,</strong></span> <span class='ocrx_word' id='word_1_495' title='bbox 614 3488 787 3549; x_wconf 78' lang='grc' dir='ltr'><strong>οὐσία,</strong></span> <span class='ocrx_word' id='word_1_496' title='bbox 818 3485 1055 3557; x_wconf 75' lang='grc' dir='ltr'><strong>δύναμις,</strong></span> <span class='ocrx_word' id='word_1_497' title='bbox 1087 3496 1142 3541; x_wconf 89' lang='lat' dir='ltr'><strong>et</strong></span> <span class='ocrx_word' id='word_1_498' title='bbox 1178 3487 1400 3564; x_wconf 72' lang='grc' dir='ltr'><strong>ἐνέργεια</strong></span> <span class='ocrx_word' id='word_1_499' title='bbox 1444 3488 1719 3558; x_wconf 88' lang='lat' dir='ltr'><strong>praefatus</strong></span> <span class='ocrx_word' id='word_1_500' title='bbox 1750 3490 2016 3545; x_wconf 90' lang='lat' dir='ltr'><strong>ternarius</strong></span> 
     </span>
    </p>
   </div>
   <div class='ocr_carea' id='block_1_67' title="bbox 446 3574 2020 3649">
    <p class='ocr_par' dir='ltr' id='par_1_67' title="bbox 446 3574 2020 3649">
     <span class='ocr_line' id='line_1_67' title="bbox 446 3574 2020 3649; baseline 0.003 -22"><span class='ocrx_word' id='word_1_501' title='bbox 446 3575 715 3628; x_wconf 85' lang='lat' dir='ltr'><strong>humanae</strong></span> <span class='ocrx_word' id='word_1_502' title='bbox 758 3574 970 3630; x_wconf 87' lang='lat' dir='ltr'><strong>animae</strong></span> <span class='ocrx_word' id='word_1_503' title='bbox 996 3576 1283 3641; x_wconf 88' lang='lat' dir='ltr'><strong>vocitatur,</strong></span> <span class='ocrx_word' id='word_1_504' title='bbox 1314 3577 1403 3644; x_wconf 90' lang='lat' dir='ltr'><strong>qui</strong></span> <span class='ocrx_word' id='word_1_505' title='bbox 1434 3585 1571 3632; x_wconf 89' lang='lat' dir='ltr'><strong>teste</strong></span> <span class='ocrx_word' id='word_1_506' title='bbox 1606 3587 1794 3632; x_wconf 89' lang='lat' dir='ltr'><strong>sancto</strong></span> <span class='ocrx_word' id='word_1_507' title='bbox 1824 3578 2020 3649; x_wconf 83' lang='lat' dir='ltr'><strong>Diony-</strong></span> 
     </span>
    </p>
   </div>
   <div class='ocr_carea' id='block_1_68' title="bbox 444 3665 2018 3737">
    <p class='ocr_par' dir='ltr' id='par_1_68' title="bbox 444 3665 2018 3737">
     <span class='ocr_line' id='line_1_68' title="bbox 444 3665 2018 3737; baseline 0.003 -18"><span class='ocrx_word' id='word_1_508' title='bbox 444 3665 527 3719; x_wconf 85' lang='lat' dir='ltr'><strong>sie</strong></span> <span class='ocrx_word' id='word_1_509' title='bbox 557 3679 657 3719; x_wconf 88' lang='lat' dir='ltr'><strong>nec</strong></span> <span class='ocrx_word' id='word_1_510' title='bbox 702 3665 856 3730; x_wconf 90' lang='lat' dir='ltr'><strong>solvi,</strong></span> <span class='ocrx_word' id='word_1_511' title='bbox 902 3681 1003 3720; x_wconf 90' lang='lat' dir='ltr'><strong>nec</strong></span> <span class='ocrx_word' id='word_1_512' title='bbox 1050 3667 1342 3735; x_wconf 89' lang='lat' dir='ltr'><strong>corrumpi,</strong></span> <span class='ocrx_word' id='word_1_513' title='bbox 1388 3682 1488 3721; x_wconf 90' lang='lat' dir='ltr'><strong>nec</strong></span> <span class='ocrx_word' id='word_1_514' title='bbox 1518 3667 1624 3720; x_wconf 91' lang='lat' dir='ltr'><strong>ullo</strong></span> <span class='ocrx_word' id='word_1_515' title='bbox 1654 3668 1811 3722; x_wconf 89' lang='lat' dir='ltr'><strong>modo</strong></span> <span class='ocrx_word' id='word_1_516' title='bbox 1839 3669 2018 3737; x_wconf 88' lang='lat' dir='ltr'><strong>perire</strong></span> 
     </span>
    </p>
   </div>
   <div class='ocr_carea' id='block_1_69' title="bbox 448 3752 2018 3824">
    <p class='ocr_par' dir='ltr' id='par_1_69' title="bbox 448 3752 2018 3824">
     <span class='ocr_line' id='line_1_69' title="bbox 448 3752 2018 3824; baseline 0.005 -20"><span class='ocrx_word' id='word_1_517' title='bbox 448 3762 644 3820; x_wconf 84' lang='lat' dir='ltr'><strong>potest.</strong></span> <span class='ocrx_word' id='word_1_518' title='bbox 676 3752 965 3808; x_wconf 80' lang='lat' dir='ltr'><strong>Considera</strong></span> <span class='ocrx_word' id='word_1_519' title='bbox 1000 3770 1129 3824; x_wconf 82' lang='lat' dir='ltr'><strong>ergo</strong></span> <span class='ocrx_word' id='word_1_520' title='bbox 1165 3757 1534 3811; x_wconf 82' lang='lat' dir='ltr'><strong>extremitates</strong></span> <span class='ocrx_word' id='word_1_521' title='bbox 1561 3758 1828 3811; x_wconf 90' lang='lat' dir='ltr'><strong>humanae</strong></span> <span class='ocrx_word' id='word_1_522' title='bbox 1858 3769 2018 3812; x_wconf 83' lang='lat' dir='ltr'><strong>natu-</strong></span> 
     </span>
    </p>
   </div>
   <div class='ocr_carea' id='block_1_70' title="bbox 455 3843 2021 3916">
    <p class='ocr_par' dir='ltr' id='par_1_70' title="bbox 455 3843 2021 3916">
     <span class='ocr_line' id='line_1_70' title="bbox 455 3843 2021 3916; baseline 0.005 -21"><span class='ocrx_word' id='word_1_523' title='bbox 455 3858 548 3896; x_wconf 88' lang='lat' dir='ltr'><strong>rae</strong></span> <span class='ocrx_word' id='word_1_524' title='bbox 576 3843 738 3897; x_wconf 84' lang='lat' dir='ltr'><strong>veluti</strong></span> <span class='ocrx_word' id='word_1_525' title='bbox 778 3846 1071 3914; x_wconf 69' lang='lat' dir='ltr'><strong>cuiuspiam</strong></span> <span class='ocrx_word' id='word_1_526' title='bbox 1098 3848 1333 3916; x_wconf 85' lang='lat' dir='ltr'><strong>paradisi</strong></span> <span class='ocrx_word' id='word_1_527' title='bbox 1364 3848 1624 3902; x_wconf 90' lang='lat' dir='ltr'><strong>terminos</strong></span> <span class='ocrx_word' id='word_1_528' title='bbox 1663 3860 1875 3903; x_wconf 87' lang='lat' dir='ltr'><strong>sursum</strong></span> <span class='ocrx_word' id='word_1_529' title='bbox 1900 3864 2021 3903; x_wconf 79' lang='lat' dir='ltr'><strong>ver-</strong></span> 
     </span>
    </p>
   </div>
   <div class='ocr_carea' id='block_1_71' title="bbox 453 3932 2023 4009">
    <p class='ocr_par' dir='ltr' id='par_1_71' title="bbox 453 3932 2023 4009">
     <span class='ocr_line' id='line_1_71' title="bbox 453 3932 2023 4009; baseline 0.006 -26"><span class='ocrx_word' id='word_1_530' title='bbox 453 3946 546 3985; x_wconf 87' lang='lat' dir='ltr'><strong>sus</strong></span> <span class='ocrx_word' id='word_1_531' title='bbox 573 3940 730 3999; x_wconf 87' lang='lat' dir='ltr'><strong>atque</strong></span> <span class='ocrx_word' id='word_1_532' title='bbox 754 3932 1025 3998; x_wconf 89' lang='lat' dir='ltr'><strong>deorsum,</strong></span> <span class='ocrx_word' id='word_1_533' title='bbox 1052 3945 1205 3990; x_wconf 78' lang='lat' dir='ltr'><strong>extra</strong></span> <span class='ocrx_word' id='word_1_534' title='bbox 1231 3952 1366 4005; x_wconf 90' lang='lat' dir='ltr'><strong>quos</strong></span> <span class='ocrx_word' id='word_1_535' title='bbox 1394 3938 1534 4001; x_wconf 74' lang='lat' dir='ltr'><strong>nulla</strong></span> <span class='ocrx_word' id='word_1_536' title='bbox 1566 3946 1747 3992; x_wconf 88' lang='lat' dir='ltr'><strong>creata</strong></span> <span class='ocrx_word' id='word_1_537' title='bbox 1772 3938 2023 4009; x_wconf 87' lang='lat' dir='ltr'><strong>intelligi-</strong></span> 
     </span>
    </p>
   </div>
   <div class='ocr_carea' id='block_1_72' title="bbox 450 4026 2019 4096">
    <p class='ocr_par' dir='ltr' id='par_1_72' title="bbox 450 4026 2019 4096">
     <span class='ocr_line' id='line_1_72' title="bbox 450 4026 2019 4096; baseline 0.004 -19"><span class='ocrx_word' id='word_1_538' title='bbox 450 4034 544 4078; x_wconf 92' lang='lat' dir='ltr'><strong>tur</strong></span> <span class='ocrx_word' id='word_1_539' title='bbox 572 4034 783 4079; x_wconf 89' lang='lat' dir='ltr'><strong>natura.</strong></span> <span class='ocrx_word' id='word_1_540' title='bbox 814 4026 1085 4096; x_wconf 85' lang='lat' dir='ltr'><strong>Siquidem</strong></span> <span class='ocrx_word' id='word_1_541' title='bbox 1116 4029 1255 4083; x_wconf 90' lang='lat' dir='ltr'><strong>ultra</strong></span> <span class='ocrx_word' id='word_1_542' title='bbox 1296 4031 1533 4084; x_wconf 91' lang='lat' dir='ltr'><strong>animum</strong></span> <span class='ocrx_word' id='word_1_543' title='bbox 1565 4031 1714 4084; x_wconf 92' lang='lat' dir='ltr'><strong>solus</strong></span> <span class='ocrx_word' id='word_1_544' title='bbox 1753 4030 1893 4085; x_wconf 89' lang='lat' dir='ltr'><strong>Dens</strong></span> <span class='ocrx_word' id='word_1_545' title='bbox 1917 4039 2019 4096; x_wconf 86' lang='lat' dir='ltr'><strong>est,</strong></span> 
     </span>
    </p>
   </div>
   <div class='ocr_carea' id='block_1_73' title="bbox 454 4115 2020 4188">
    <p class='ocr_par' dir='ltr' id='par_1_73' title="bbox 454 4115 2020 4188">
     <span class='ocr_line' id='line_1_73' title="bbox 454 4115 2020 4188; baseline 0.008 -21"><span class='ocrx_word' id='word_1_546' title='bbox 454 4115 590 4169; x_wconf 89' lang='lat' dir='ltr'><strong>infra</strong></span> <span class='ocrx_word' id='word_1_547' title='bbox 621 4118 922 4181; x_wconf 88' lang='lat' dir='ltr'><strong>materiam,</strong></span> <span class='ocrx_word' id='word_1_548' title='bbox 951 4133 1145 4188; x_wconf 85' lang='lat' dir='ltr'><strong>corpus</strong></span> <span class='ocrx_word' id='word_1_549' title='bbox 1188 4122 1308 4176; x_wconf 92' lang='lat' dir='ltr'><strong>dico</strong></span> <span class='ocrx_word' id='word_1_550' title='bbox 1353 4122 1547 4185; x_wconf 90' lang='lat' dir='ltr'><strong>solum,</strong></span> <span class='ocrx_word' id='word_1_551' title='bbox 1584 4123 1715 4176; x_wconf 87' lang='lat' dir='ltr'><strong>nihil</strong></span> <span class='ocrx_word' id='word_1_552' title='bbox 1758 4132 1880 4186; x_wconf 84' lang='lat' dir='ltr'><strong>est;</strong></span> <span class='ocrx_word' id='word_1_553' title='bbox 1917 4139 2020 4179; x_wconf 92' lang='lat' dir='ltr'><strong>non</strong></span> 
     </span>
    </p>
   </div>
   <div class='ocr_carea' id='block_1_74' title="bbox 449 4204 2016 4276">
    <p class='ocr_par' dir='ltr' id='par_1_74' title="bbox 449 4204 2016 4276">
     <span class='ocr_line' id='line_1_74' title="bbox 449 4204 2016 4276; baseline 0.005 -19"><span class='ocrx_word' id='word_1_554' title='bbox 449 4204 584 4258; x_wconf 85' lang='lat' dir='ltr'><strong>illud</strong></span> <span class='ocrx_word' id='word_1_555' title='bbox 613 4205 762 4269; x_wconf 89' lang='lat' dir='ltr'><strong>nihil,</strong></span> <span class='ocrx_word' id='word_1_556' title='bbox 787 4208 928 4274; x_wconf 89' lang='lat' dir='ltr'><strong>quod</strong></span> <span class='ocrx_word' id='word_1_557' title='bbox 960 4224 1056 4276; x_wconf 91' lang='lat' dir='ltr'><strong>per</strong></span> <span class='ocrx_word' id='word_1_558' title='bbox 1077 4209 1447 4264; x_wconf 84' lang='lat' dir='ltr'><strong>excellentiam</strong></span> <span class='ocrx_word' id='word_1_559' title='bbox 1470 4221 1709 4272; x_wconf 89' lang='lat' dir='ltr'><strong>naturae,</strong></span> <span class='ocrx_word' id='word_1_560' title='bbox 1743 4212 1836 4264; x_wconf 78' lang='lat' dir='ltr'><strong>sed</strong></span> <span class='ocrx_word' id='word_1_561' title='bbox 1868 4212 2016 4276; x_wconf 90' lang='lat' dir='ltr'><strong>illud,</strong></span> 
     </span>
    </p>
   </div>
   <div class='ocr_carea' id='block_1_75' title="bbox 453 4298 2024 4368">
    <p class='ocr_par' dir='ltr' id='par_1_75' title="bbox 453 4298 2024 4368">
     <span class='ocr_line' id='line_1_75' title="bbox 453 4298 2024 4368; baseline 0.007 -20"><span class='ocrx_word' id='word_1_562' title='bbox 453 4298 594 4365; x_wconf 91' lang='lat' dir='ltr'><strong>quod</strong></span> <span class='ocrx_word' id='word_1_563' title='bbox 640 4314 737 4367; x_wconf 84' lang='lat' dir='ltr'><strong>per</strong></span> <span class='ocrx_word' id='word_1_564' title='bbox 783 4301 1134 4368; x_wconf 87' lang='lat' dir='ltr'><strong>privationem</strong></span> <span class='ocrx_word' id='word_1_565' title='bbox 1187 4303 1351 4357; x_wconf 90' lang='lat' dir='ltr'><strong>totius</strong></span> <span class='ocrx_word' id='word_1_566' title='bbox 1396 4311 1619 4358; x_wconf 88' lang='lat' dir='ltr'><strong>naturae</strong></span> <span class='ocrx_word' id='word_1_567' title='bbox 1647 4313 1705 4357; x_wconf 89' lang='lat' dir='ltr'><strong>et</strong></span> <span class='ocrx_word' id='word_1_568' title='bbox 1741 4304 1938 4359; x_wconf 91' lang='lat' dir='ltr'><strong>dicitur</strong></span> <span class='ocrx_word' id='word_1_569' title='bbox 1966 4313 2024 4359; x_wconf 90' lang='lat' dir='ltr'><strong>et</strong></span> 
     </span>
    </p>
   </div>
   <div class='ocr_carea' id='block_1_76' title="bbox 454 4387 2020 4460">
    <p class='ocr_par' dir='ltr' id='par_1_76' title="bbox 454 4387 2020 4460">
     <span class='ocr_line' id='line_1_76' title="bbox 454 4387 2020 4460; baseline 0.007 -21"><span class='ocrx_word' id='word_1_570' title='bbox 454 4387 738 4455; x_wconf 81' lang='lat' dir='ltr'><strong>cogitatur.</strong></span> <span class='ocrx_word' id='word_1_571' title='bbox 770 4388 1011 4444; x_wconf 75' lang='lat' dir='ltr'><strong>Invenies</strong></span> <span class='ocrx_word' id='word_1_572' title='bbox 1041 4391 1242 4460; x_wconf 89' lang='lat' dir='ltr'><strong>itaque,</strong></span> <span class='ocrx_word' id='word_1_573' title='bbox 1280 4394 1332 4446; x_wconf 90' lang='lat' dir='ltr'><strong>ni</strong></span> <span class='ocrx_word' id='word_1_574' title='bbox 1364 4392 1551 4455; x_wconf 84' lang='lat' dir='ltr'><strong>fallor,</strong></span> <span class='ocrx_word' id='word_1_575' title='bbox 1594 4395 1829 4448; x_wconf 91' lang='lat' dir='ltr'><strong>animum</strong></span> <span class='ocrx_word' id='word_1_576' title='bbox 1873 4411 2020 4450; x_wconf 85' lang='lat' dir='ltr'><strong>sum-</strong></span> 
     </span>
    </p>
   </div>
   <div class='ocr_carea' id='block_1_77' title="bbox 457 4481 2023 4554">
    <p class='ocr_par' dir='ltr' id='par_1_77' title="bbox 457 4481 2023 4554">
     <span class='ocr_line' id='line_1_77' title="bbox 457 4481 2023 4554; baseline 0.008 -26"><span class='ocrx_word' id='word_1_577' title='bbox 457 4491 603 4528; x_wconf 88' lang='lat' dir='ltr'><strong>mum</strong></span> <span class='ocrx_word' id='word_1_578' title='bbox 629 4485 852 4532; x_wconf 89' lang='lat' dir='ltr'><strong>naturae</strong></span> <span class='ocrx_word' id='word_1_579' title='bbox 878 4481 1143 4535; x_wconf 87' lang='lat' dir='ltr'><strong>humanae</strong></span> <span class='ocrx_word' id='word_1_580' title='bbox 1177 4481 1347 4535; x_wconf 90' lang='lat' dir='ltr'><strong>locum</strong></span> <span class='ocrx_word' id='word_1_581' title='bbox 1378 4483 1644 4548; x_wconf 89' lang='lat' dir='ltr'><strong>obtinere,</strong></span> <span class='ocrx_word' id='word_1_582' title='bbox 1675 4500 1870 4554; x_wconf 90' lang='lat' dir='ltr'><strong>corpus</strong></span> <span class='ocrx_word' id='word_1_583' title='bbox 1895 4499 2023 4541; x_wconf 89' lang='lat' dir='ltr'><strong>vero</strong></span> 
     </span>
    </p>
   </div>
   <div class='ocr_carea' id='block_1_78' title="bbox 456 4566 2022 4642">
    <p class='ocr_par' dir='ltr' id='par_1_78' title="bbox 456 4566 2022 4642">
     <span class='ocr_line' id='line_1_78' title="bbox 456 4566 2022 4642; baseline 0.008 -23"><span class='ocrx_word' id='word_1_584' title='bbox 456 4566 732 4619; x_wconf 82' lang='lat' dir='ltr'><strong>materiale</strong></span> <span class='ocrx_word' id='word_1_585' title='bbox 779 4566 1040 4623; x_wconf 76' lang='lat' dir='ltr'><strong>infimum.</strong></span> <span class='ocrx_word' id='word_1_586' title='bbox 1092 4571 1303 4626; x_wconf 90' lang='lat' dir='ltr'><strong>Intuere</strong></span> <span class='ocrx_word' id='word_1_587' title='bbox 1351 4573 1517 4626; x_wconf 86' lang='lat' dir='ltr'><strong>etiam</strong></span> <span class='ocrx_word' id='word_1_588' title='bbox 1564 4576 1736 4628; x_wconf 88' lang='lat' dir='ltr'><strong>media</strong></span> <span class='ocrx_word' id='word_1_589' title='bbox 1783 4576 2022 4642; x_wconf 79' lang='lat' dir='ltr'><strong>ejusdem</strong></span> 
     </span>
    </p>
   </div>
   <div class='ocr_carea' id='block_1_79' title="bbox 455 4655 2027 4730">
    <p class='ocr_par' dir='ltr' id='par_1_79' title="bbox 455 4655 2027 4730">
     <span class='ocr_line' id='line_1_79' title="bbox 455 4655 2027 4730; baseline 0.009 -27"><span class='ocrx_word' id='word_1_590' title='bbox 455 4661 698 4715; x_wconf 86' lang='lat' dir='ltr'><strong>naturae,</strong></span> <span class='ocrx_word' id='word_1_591' title='bbox 738 4664 792 4707; x_wconf 88' lang='lat' dir='ltr'><strong>et</strong></span> <span class='ocrx_word' id='word_1_592' title='bbox 835 4655 1075 4710; x_wconf 86' lang='lat' dir='ltr'><strong>invenies</strong></span> <span class='ocrx_word' id='word_1_593' title='bbox 1105 4657 1241 4710; x_wconf 90' lang='lat' dir='ltr'><strong>infra</strong></span> <span class='ocrx_word' id='word_1_594' title='bbox 1280 4659 1519 4713; x_wconf 90' lang='lat' dir='ltr'><strong>animum</strong></span> <span class='ocrx_word' id='word_1_595' title='bbox 1566 4662 1813 4730; x_wconf 89' lang='lat' dir='ltr'><strong>superius</strong></span> <span class='ocrx_word' id='word_1_596' title='bbox 1859 4665 2027 4717; x_wconf 90' lang='lat' dir='ltr'><strong>ratio-</strong></span> 
     </span>
    </p>
   </div>
   <div class='ocr_carea' id='block_1_80' title="bbox 457 4744 2027 4814">
    <p class='ocr_par' dir='ltr' id='par_1_80' title="bbox 457 4744 2027 4814">
     <span class='ocr_line' id='line_1_80' title="bbox 457 4744 2027 4814; baseline 0.006 -20"><span class='ocrx_word' id='word_1_597' title='bbox 457 4757 601 4807; x_wconf 88' lang='lat' dir='ltr'><strong>nem,</strong></span> <span class='ocrx_word' id='word_1_598' title='bbox 628 4758 789 4810; x_wconf 85' lang='lat' dir='ltr'><strong>supra</strong></span> <span class='ocrx_word' id='word_1_599' title='bbox 825 4759 1020 4813; x_wconf 89' lang='lat' dir='ltr'><strong>corpus</strong></span> <span class='ocrx_word' id='word_1_600' title='bbox 1046 4744 1269 4800; x_wconf 87' lang='lat' dir='ltr'><strong>inferius</strong></span> <span class='ocrx_word' id='word_1_601' title='bbox 1307 4748 1519 4803; x_wconf 88' lang='lat' dir='ltr'><strong>vitalem</strong></span> <span class='ocrx_word' id='word_1_602' title='bbox 1560 4761 1782 4814; x_wconf 91' lang='lat' dir='ltr'><strong>motum,</strong></span> <span class='ocrx_word' id='word_1_603' title='bbox 1813 4753 2027 4805; x_wconf 84' lang='lat' dir='ltr'><strong>nutriti—</strong></span> 
     </span>
    </p>
   </div>
   <div class='ocr_carea' id='block_1_81' title="bbox 454 4832 2026 4905">
    <p class='ocr_par' dir='ltr' id='par_1_81' title="bbox 454 4832 2026 4905">
     <span class='ocr_line' id='line_1_81' title="bbox 454 4832 2026 4905; baseline 0.007 -24"><span class='ocrx_word' id='word_1_604' title='bbox 454 4844 579 4884; x_wconf 83' lang='lat' dir='ltr'><strong>vam</strong></span> <span class='ocrx_word' id='word_1_605' title='bbox 607 4832 728 4886; x_wconf 91' lang='lat' dir='ltr'><strong>dico</strong></span> <span class='ocrx_word' id='word_1_606' title='bbox 753 4833 953 4898; x_wconf 87' lang='lat' dir='ltr'><strong>vitam;</strong></span> <span class='ocrx_word' id='word_1_607' title='bbox 1003 4843 1059 4888; x_wconf 88' lang='lat' dir='ltr'><strong>et</strong></span> <span class='ocrx_word' id='word_1_608' title='bbox 1100 4835 1292 4888; x_wconf 86' lang='lat' dir='ltr'><strong>iterum</strong></span> <span class='ocrx_word' id='word_1_609' title='bbox 1326 4837 1378 4888; x_wconf 91' lang='lat' dir='ltr'><strong>in</strong></span> <span class='ocrx_word' id='word_1_610' title='bbox 1408 4838 1520 4905; x_wconf 90' lang='lat' dir='ltr'><strong>ipsa</strong></span> <span class='ocrx_word' id='word_1_611' title='bbox 1556 4840 1842 4893; x_wconf 89' lang='lat' dir='ltr'><strong>medietate</strong></span> <span class='ocrx_word' id='word_1_612' title='bbox 1872 4849 2026 4893; x_wconf 80' lang='lat' dir='ltr'><strong>natu-</strong></span> 
     </span>
    </p>
   </div>
   <div class='ocr_carea' id='block_1_82' title="bbox 462 4921 2021 4994">
    <p class='ocr_par' dir='ltr' id='par_1_82' title="bbox 462 4921 2021 4994">
     <span class='ocr_line' id='line_1_82' title="bbox 462 4921 2021 4994; baseline 0.008 -22"><span class='ocrx_word' id='word_1_613' title='bbox 462 4933 575 4984; x_wconf 89' lang='lat' dir='ltr'><strong>rae,</strong></span> <span class='ocrx_word' id='word_1_614' title='bbox 601 4921 763 4975; x_wconf 91' lang='lat' dir='ltr'><strong>veluti</strong></span> <span class='ocrx_word' id='word_1_615' title='bbox 796 4923 848 4976; x_wconf 91' lang='lat' dir='ltr'><strong>in</strong></span> <span class='ocrx_word' id='word_1_616' title='bbox 882 4923 1058 4977; x_wconf 88' lang='lat' dir='ltr'><strong>medio</strong></span> <span class='ocrx_word' id='word_1_617' title='bbox 1084 4925 1340 4994; x_wconf 87' lang='lat' dir='ltr'><strong>paradisi,</strong></span> <span class='ocrx_word' id='word_1_618' title='bbox 1381 4928 1514 4981; x_wconf 90' lang='lat' dir='ltr'><strong>duos</strong></span> <span class='ocrx_word' id='word_1_619' title='bbox 1542 4943 1754 4992; x_wconf 86' lang='lat' dir='ltr'><strong>sensus,</strong></span> <span class='ocrx_word' id='word_1_620' title='bbox 1785 4930 2021 4985; x_wconf 76' lang='lat' dir='ltr'><strong>exterio-</strong></span> 
     </span>
    </p>
   </div>
   <div class='ocr_carea' id='block_1_83' title="bbox 465 5012 2026 5086">
    <p class='ocr_par' dir='ltr' id='par_1_83' title="bbox 465 5012 2026 5086">
     <span class='ocr_line' id='line_1_83' title="bbox 465 5012 2026 5086; baseline 0.008 -25"><span class='ocrx_word' id='word_1_621' title='bbox 465 5024 578 5062; x_wconf 85' lang='lat' dir='ltr'><strong>rem</strong></span> <span class='ocrx_word' id='word_1_622' title='bbox 621 5012 881 5077; x_wconf 79' lang='lat' dir='ltr'><strong>videlicet,</strong></span> <span class='ocrx_word' id='word_1_623' title='bbox 907 5016 1056 5069; x_wconf 86' lang='lat' dir='ltr'><strong>vitali</strong></span> <span class='ocrx_word' id='word_1_624' title='bbox 1088 5017 1252 5069; x_wconf 90' lang='lat' dir='ltr'><strong>motui</strong></span> <span class='ocrx_word' id='word_1_625' title='bbox 1283 5018 1602 5086; x_wconf 89' lang='lat' dir='ltr'><strong>corporique</strong></span> <span class='ocrx_word' id='word_1_626' title='bbox 1626 5017 2026 5083; x_wconf 86' lang='lat' dir='ltr'><strong>adhaerentem,</strong></span> 
     </span>
    </p>
   </div>
   <div class='ocr_carea' id='block_1_84' title="bbox 465 5099 2031 5174">
    <p class='ocr_par' dir='ltr' id='par_1_84' title="bbox 465 5099 2031 5174">
     <span class='ocr_line' id='line_1_84' title="bbox 465 5099 2031 5174; baseline 0.007 -25"><span class='ocrx_word' id='word_1_627' title='bbox 465 5107 521 5150; x_wconf 85' lang='lat' dir='ltr'><strong>ct</strong></span> <span class='ocrx_word' id='word_1_628' title='bbox 564 5099 893 5164; x_wconf 84' lang='lat' dir='ltr'><strong>interiorem,</strong></span> <span class='ocrx_word' id='word_1_629' title='bbox 937 5106 1131 5159; x_wconf 72' lang='lat' dir='ltr'><strong>rationi</strong></span> <span class='ocrx_word' id='word_1_630' title='bbox 1184 5107 1470 5174; x_wconf 89' lang='lat' dir='ltr'><strong>animoque</strong></span> <span class='ocrx_word' id='word_1_631' title='bbox 1499 5106 1933 5173; x_wconf 82' lang='lat' dir='ltr'><strong>inseparabiliter</strong></span> <span class='ocrx_word' id='word_1_632' title='bbox 1975 5115 2031 5160; x_wconf 91' lang='lat' dir='ltr'><strong>et</strong></span> 
     </span>
    </p>
   </div>
   <div class='ocr_carea' id='block_1_85' title="bbox 466 5188 2030 5265">
    <p class='ocr_par' dir='ltr' id='par_1_85' title="bbox 466 5188 2030 5265">
     <span class='ocr_line' id='line_1_85' title="bbox 466 5188 2030 5265; baseline 0.007 -26"><span class='ocrx_word' id='word_1_633' title='bbox 466 5188 993 5246; x_wconf 73' lang='lat' dir='ltr'><strong>consubstantialiter</strong></span> <span class='ocrx_word' id='word_1_634' title='bbox 1022 5193 1043 5220; x_wconf 74' lang='grc'><strong>⁸</strong></span> <span class='ocrx_word' id='word_1_635' title='bbox 1065 5196 1427 5265; x_wconf 90' lang='lat' dir='ltr'><strong>conjunctum.</strong></span> <span class='ocrx_word' id='word_1_636' title='bbox 1451 5195 1507 5249; x_wconf 92' lang='lat' dir='ltr'><strong>In</strong></span> <span class='ocrx_word' id='word_1_637' title='bbox 1531 5196 1614 5249; x_wconf 90' lang='lat' dir='ltr'><strong>his</strong></span> <span class='ocrx_word' id='word_1_638' title='bbox 1639 5196 1800 5265; x_wconf 86' lang='lat' dir='ltr'><strong>igitur</strong></span> <span class='ocrx_word' id='word_1_639' title='bbox 1824 5198 2030 5250; x_wconf 91' lang='lat' dir='ltr'><strong>duobus</strong></span> 
     </span>
    </p>
   </div>
   <div class='ocr_carea' id='block_1_86' title="bbox 466 5277 2032 5351">
    <p class='ocr_par' dir='ltr' id='par_1_86' title="bbox 466 5277 2032 5351">
     <span class='ocr_line' id='line_1_86' title="bbox 466 5277 2032 5351; baseline 0.006 -22"><span class='ocrx_word' id='word_1_640' title='bbox 466 5277 735 5341; x_wconf 86' lang='lat' dir='ltr'><strong>sensibus,</strong></span> <span class='ocrx_word' id='word_1_641' title='bbox 769 5278 929 5333; x_wconf 85' lang='lat' dir='ltr'><strong>veluti</strong></span> <span class='ocrx_word' id='word_1_642' title='bbox 957 5281 1008 5334; x_wconf 90' lang='lat' dir='ltr'><strong>in</strong></span> <span class='ocrx_word' id='word_1_643' title='bbox 1036 5283 1352 5351; x_wconf 84' lang='lat' dir='ltr'><strong>quibusdam</strong></span> <span class='ocrx_word' id='word_1_644' title='bbox 1384 5283 1591 5338; x_wconf 89' lang='lat' dir='ltr'><strong>duobus</strong></span> <span class='ocrx_word' id='word_1_645' title='bbox 1620 5283 1752 5337; x_wconf 84' lang='lat' dir='ltr'><strong>locis</strong></span> <span class='ocrx_word' id='word_1_646' title='bbox 1804 5286 1963 5344; x_wconf 87' lang='lat' dir='ltr'><strong>medii</strong></span> <span class='ocrx_word' id='word_1_647' title='bbox 2010 5286 2032 5317; x_wconf 82' lang='grc'>⁸</span> 
     </span>
    </p>
   </div>
   <div class='ocr_carea' id='block_1_87' title="bbox 466 5366 2034 5446">
    <p class='ocr_par' dir='ltr' id='par_1_87' title="bbox 466 5366 2034 5446">
     <span class='ocr_line' id='line_1_87' title="bbox 466 5366 2034 5446; baseline 0.007 -27"><span class='ocrx_word' id='word_1_648' title='bbox 466 5366 737 5425; x_wconf 87' lang='lat' dir='ltr'><strong>humanae</strong></span> <span class='ocrx_word' id='word_1_649' title='bbox 786 5379 1009 5427; x_wconf 90' lang='lat' dir='ltr'><strong>naturae</strong></span> <span class='ocrx_word' id='word_1_650' title='bbox 1068 5376 1326 5443; x_wconf 84' lang='lat' dir='ltr'><strong>paradisi,</strong></span> <span class='ocrx_word' id='word_1_651' title='bbox 1381 5375 1484 5428; x_wconf 88' lang='lat' dir='ltr'><strong>duo</strong></span> <span class='ocrx_word' id='word_1_652' title='bbox 1540 5375 1626 5429; x_wconf 88' lang='lat' dir='ltr'><strong>illa</strong></span> <span class='ocrx_word' id='word_1_653' title='bbox 1681 5376 2034 5446; x_wconf 81' lang='lat' dir='ltr'><strong>iutelligibilia</strong></span> 
     </span>
    </p>
   </div>
   <div class='ocr_carea' id='block_1_88' title="bbox 2120 3211 3686 3284">
    <p class='ocr_par' dir='ltr' id='par_1_88' title="bbox 2120 3211 3686 3284">
     <span class='ocr_line' id='line_1_88' title="bbox 2120 3211 3686 3284; baseline 0.004 -21"><span class='ocrx_word' id='word_1_654' title='bbox 2120 3219 2224 3264; x_wconf 91' lang='lat' dir='ltr'><strong>tur.</strong></span> <span class='ocrx_word' id='word_1_655' title='bbox 2273 3211 2471 3264; x_wconf 84' lang='lat' dir='ltr'><strong>Malitia</strong></span> <span class='ocrx_word' id='word_1_656' title='bbox 2521 3212 2788 3279; x_wconf 86' lang='lat' dir='ltr'><strong>siquidem</strong></span> <span class='ocrx_word' id='word_1_657' title='bbox 2837 3229 2935 3282; x_wconf 89' lang='lat' dir='ltr'><strong>per</strong></span> <span class='ocrx_word' id='word_1_658' title='bbox 2970 3228 3028 3268; x_wconf 91' lang='lat' dir='ltr'><strong>se</strong></span> <span class='ocrx_word' id='word_1_659' title='bbox 3059 3214 3374 3270; x_wconf 87' lang='lat' dir='ltr'><strong>deformitas</strong></span> <span class='ocrx_word' id='word_1_660' title='bbox 3421 3217 3686 3284; x_wconf 89' lang='lat' dir='ltr'><strong>quaedam</strong></span> 
     </span>
    </p>
   </div>
   <div class='ocr_carea' id='block_1_89' title="bbox 2116 3302 3688 3375">
    <p class='ocr_par' dir='ltr' id='par_1_89' title="bbox 2116 3302 3688 3375">
     <span class='ocr_line' id='line_1_89' title="bbox 2116 3302 3688 3375; baseline 0.003 -19"><span class='ocrx_word' id='word_1_661' title='bbox 2116 3311 2201 3356; x_wconf 89' lang='lat' dir='ltr'><strong>est</strong></span> <span class='ocrx_word' id='word_1_662' title='bbox 2236 3311 2293 3356; x_wconf 91' lang='lat' dir='ltr'><strong>et</strong></span> <span class='ocrx_word' id='word_1_663' title='bbox 2318 3302 2693 3357; x_wconf 88' lang='lat' dir='ltr'><strong>abominabilis</strong></span> <span class='ocrx_word' id='word_1_664' title='bbox 2724 3305 3021 3373; x_wconf 89' lang='lat' dir='ltr'><strong>turpitudo,</strong></span> <span class='ocrx_word' id='word_1_665' title='bbox 3047 3322 3207 3374; x_wconf 83' lang='lat' dir='ltr'><strong>quam</strong></span> <span class='ocrx_word' id='word_1_666' title='bbox 3239 3307 3282 3360; x_wconf 92' lang='lat' dir='ltr'><strong>si</strong></span> <span class='ocrx_word' id='word_1_667' title='bbox 3332 3321 3426 3374; x_wconf 89' lang='lat' dir='ltr'><strong>per</strong></span> <span class='ocrx_word' id='word_1_668' title='bbox 3455 3307 3688 3375; x_wconf 87' lang='lat' dir='ltr'><strong>seipsam</strong></span> 
     </span>
    </p>
   </div>
   <div class='ocr_carea' id='block_1_90' title="bbox 2116 3397 3692 3466">
    <p class='ocr_par' dir='ltr' id='par_1_90' title="bbox 2116 3397 3692 3466">
     <span class='ocr_line' id='line_1_90' title="bbox 2116 3397 3692 3466; baseline 0.003 -18"><span class='ocrx_word' id='word_1_669' title='bbox 2116 3408 2306 3448; x_wconf 90' lang='lat' dir='ltr'><strong>errans</strong></span> <span class='ocrx_word' id='word_1_670' title='bbox 2331 3409 2520 3449; x_wconf 91' lang='lat' dir='ltr'><strong>sensus</strong></span> <span class='ocrx_word' id='word_1_671' title='bbox 2546 3404 2912 3462; x_wconf 82' lang='lat' dir='ltr'><strong>cognosceret,</strong></span> <span class='ocrx_word' id='word_1_672' title='bbox 2942 3411 3046 3450; x_wconf 90' lang='lat' dir='ltr'><strong>non</strong></span> <span class='ocrx_word' id='word_1_673' title='bbox 3075 3397 3247 3451; x_wconf 90' lang='lat' dir='ltr'><strong>solum</strong></span> <span class='ocrx_word' id='word_1_674' title='bbox 3292 3414 3396 3452; x_wconf 91' lang='lat' dir='ltr'><strong>non</strong></span> <span class='ocrx_word' id='word_1_675' title='bbox 3439 3413 3692 3466; x_wconf 86' lang='lat' dir='ltr'><strong>sequere-</strong></span> 
     </span>
    </p>
   </div>
   <div class='ocr_carea' id='block_1_91' title="bbox 2119 3484 3693 3555">
    <p class='ocr_par' dir='ltr' id='par_1_91' title="bbox 2119 3484 3693 3555">
     <span class='ocr_line' id='line_1_91' title="bbox 2119 3484 3693 3555; baseline 0.002 -17"><span class='ocrx_word' id='word_1_676' title='bbox 2119 3493 2226 3548; x_wconf 90' lang='lat' dir='ltr'><strong>tur,</strong></span> <span class='ocrx_word' id='word_1_677' title='bbox 2274 3499 2449 3553; x_wconf 89' lang='lat' dir='ltr'><strong>neque</strong></span> <span class='ocrx_word' id='word_1_678' title='bbox 2476 3500 2539 3539; x_wconf 88' lang='lat' dir='ltr'><strong>ea</strong></span> <span class='ocrx_word' id='word_1_679' title='bbox 2568 3484 2939 3549; x_wconf 87' lang='lat' dir='ltr'><strong>delectaretur,</strong></span> <span class='ocrx_word' id='word_1_680' title='bbox 2977 3501 3164 3540; x_wconf 91' lang='lat' dir='ltr'><strong>verum</strong></span> <span class='ocrx_word' id='word_1_681' title='bbox 3191 3486 3351 3540; x_wconf 87' lang='lat' dir='ltr'><strong>etiam</strong></span> <span class='ocrx_word' id='word_1_682' title='bbox 3399 3484 3608 3555; x_wconf 82' lang='lat' dir='ltr'><strong>fugeret</strong></span> <span class='ocrx_word' id='word_1_683' title='bbox 3635 3497 3693 3541; x_wconf 88' lang='lat' dir='ltr'><strong>et</strong></span> 
     </span>
    </p>
   </div>
   <div class='ocr_carea' id='block_1_92' title="bbox 2119 3573 3695 3646">
    <p class='ocr_par' dir='ltr' id='par_1_92' title="bbox 2119 3573 3695 3646">
     <span class='ocr_line' id='line_1_92' title="bbox 2119 3573 3695 3646; baseline 0.003 -20"><span class='ocrx_word' id='word_1_684' title='bbox 2119 3574 2456 3627; x_wconf 88' lang='lat' dir='ltr'><strong>abhorreret.</strong></span> <span class='ocrx_word' id='word_1_685' title='bbox 2504 3573 2667 3627; x_wconf 84' lang='lat' dir='ltr'><strong>Errat</strong></span> <span class='ocrx_word' id='word_1_686' title='bbox 2707 3586 2884 3627; x_wconf 88' lang='lat' dir='ltr'><strong>autem</strong></span> <span class='ocrx_word' id='word_1_687' title='bbox 2930 3574 3188 3644; x_wconf 88' lang='lat' dir='ltr'><strong>insipiens</strong></span> <span class='ocrx_word' id='word_1_688' title='bbox 3232 3590 3441 3640; x_wconf 89' lang='lat' dir='ltr'><strong>sensus,</strong></span> <span class='ocrx_word' id='word_1_689' title='bbox 3491 3592 3557 3630; x_wconf 90' lang='lat' dir='ltr'><strong>ac</strong></span> <span class='ocrx_word' id='word_1_690' title='bbox 3596 3592 3695 3646; x_wconf 89' lang='lat' dir='ltr'><strong>per</strong></span> 
     </span>
    </p>
   </div>
   <div class='ocr_carea' id='block_1_93' title="bbox 2119 3663 3693 3737">
    <p class='ocr_par' dir='ltr' id='par_1_93' title="bbox 2119 3663 3693 3737">
     <span class='ocr_line' id='line_1_93' title="bbox 2119 3663 3693 3737; baseline 0.002 -20"><span class='ocrx_word' id='word_1_691' title='bbox 2119 3663 2221 3718; x_wconf 93' lang='lat' dir='ltr'><strong>hoc</strong></span> <span class='ocrx_word' id='word_1_692' title='bbox 2248 3664 2530 3733; x_wconf 91' lang='lat' dir='ltr'><strong>decipitur,</strong></span> <span class='ocrx_word' id='word_1_693' title='bbox 2561 3664 2785 3719; x_wconf 88' lang='lat' dir='ltr'><strong>credens</strong></span> <span class='ocrx_word' id='word_1_694' title='bbox 2831 3666 3030 3719; x_wconf 90' lang='lat' dir='ltr'><strong>malum</strong></span> <span class='ocrx_word' id='word_1_695' title='bbox 3079 3667 3278 3721; x_wconf 92' lang='lat' dir='ltr'><strong>bonum</strong></span> <span class='ocrx_word' id='word_1_696' title='bbox 3308 3676 3362 3722; x_wconf 91' lang='lat' dir='ltr'><strong>et</strong></span> <span class='ocrx_word' id='word_1_697' title='bbox 3405 3669 3693 3737; x_wconf 90' lang='lat' dir='ltr'><strong>pulchrum</strong></span> 
     </span>
    </p>
   </div>
   <div class='ocr_carea' id='block_1_94' title="bbox 2120 3755 3697 3827">
    <p class='ocr_par' dir='ltr' id='par_1_94' title="bbox 2120 3755 3697 3827">
     <span class='ocr_line' id='line_1_94' title="bbox 2120 3755 3697 3827; baseline 0.003 -20"><span class='ocrx_word' id='word_1_698' title='bbox 2120 3769 2259 3819; x_wconf 90' lang='lat' dir='ltr'><strong>esse,</strong></span> <span class='ocrx_word' id='word_1_699' title='bbox 2290 3764 2345 3808; x_wconf 91' lang='lat' dir='ltr'><strong>et</strong></span> <span class='ocrx_word' id='word_1_700' title='bbox 2366 3756 2433 3809; x_wconf 89' lang='lat' dir='ltr'><strong>ad</strong></span> <span class='ocrx_word' id='word_1_701' title='bbox 2464 3771 2617 3809; x_wconf 89' lang='lat' dir='ltr'><strong>usum</strong></span> <span class='ocrx_word' id='word_1_702' title='bbox 2644 3772 2826 3810; x_wconf 89' lang='lat' dir='ltr'><strong>suave.</strong></span> <span class='ocrx_word' id='word_1_703' title='bbox 2861 3755 3022 3811; x_wconf 78' lang='lat' dir='ltr'><strong>Verbi</strong></span> <span class='ocrx_word' id='word_1_704' title='bbox 3067 3760 3260 3827; x_wconf 86' lang='lat' dir='ltr'><strong>gratia,</strong></span> <span class='ocrx_word' id='word_1_705' title='bbox 3286 3766 3345 3812; x_wconf 91' lang='lat' dir='ltr'><strong>ut</strong></span> <span class='ocrx_word' id='word_1_706' title='bbox 3373 3759 3556 3827; x_wconf 87' lang='lat' dir='ltr'><strong>aliquo</strong></span> <span class='ocrx_word' id='word_1_707' title='bbox 3580 3768 3697 3812; x_wconf 84' lang='lat' dir='ltr'><strong>uta-</strong></span> 
     </span>
    </p>
   </div>
   <div class='ocr_carea' id='block_1_95' title="bbox 2120 3845 3692 3917">
    <p class='ocr_par' dir='ltr' id='par_1_95' title="bbox 2120 3845 3692 3917">
     <span class='ocr_line' id='line_1_95' title="bbox 2120 3845 3692 3917; baseline 0.003 -20"><span class='ocrx_word' id='word_1_708' title='bbox 2120 3860 2242 3898; x_wconf 89' lang='lat' dir='ltr'><strong>mur</strong></span> <span class='ocrx_word' id='word_1_709' title='bbox 2270 3845 2539 3913; x_wconf 83' lang='lat' dir='ltr'><strong>exemplo,</strong></span> <span class='ocrx_word' id='word_1_710' title='bbox 2584 3846 2709 3902; x_wconf 84' lang='lat' dir='ltr'><strong>dum</strong></span> <span class='ocrx_word' id='word_1_711' title='bbox 2753 3847 3035 3914; x_wconf 80' lang='lat' dir='ltr'><strong>phantasia</strong></span> <span class='ocrx_word' id='word_1_712' title='bbox 3080 3848 3216 3911; x_wconf 87' lang='lat' dir='ltr'><strong>auri,</strong></span> <span class='ocrx_word' id='word_1_713' title='bbox 3264 3848 3347 3900; x_wconf 90' lang='lat' dir='ltr'><strong>vel</strong></span> <span class='ocrx_word' id='word_1_714' title='bbox 3395 3848 3692 3917; x_wconf 88' lang='lat' dir='ltr'><strong>cujuspiam</strong></span> 
     </span>
    </p>
   </div>
   <div class='ocr_carea' id='block_1_96' title="bbox 2121 3933 3693 4006">
    <p class='ocr_par' dir='ltr' id='par_1_96' title="bbox 2121 3933 3693 4006">
     <span class='ocr_line' id='line_1_96' title="bbox 2121 3933 3693 4006; baseline 0.003 -19"><span class='ocrx_word' id='word_1_715' title='bbox 2121 3933 2393 3987; x_wconf 86' lang='lat' dir='ltr'><strong>sensibilis</strong></span> <span class='ocrx_word' id='word_1_716' title='bbox 2418 3934 2677 3986; x_wconf 88' lang='lat' dir='ltr'><strong>materiae</strong></span> <span class='ocrx_word' id='word_1_717' title='bbox 2705 3948 2964 4002; x_wconf 86' lang='lat' dir='ltr'><strong>corporeo</strong></span> <span class='ocrx_word' id='word_1_718' title='bbox 2994 3936 3176 3989; x_wconf 90' lang='lat' dir='ltr'><strong>sensui</strong></span> <span class='ocrx_word' id='word_1_719' title='bbox 3209 3937 3551 4002; x_wconf 88' lang='lat' dir='ltr'><strong>imprimitur,</strong></span> <span class='ocrx_word' id='word_1_720' title='bbox 3580 3938 3693 4006; x_wconf 89' lang='lat' dir='ltr'><strong>ipsa</strong></span> 
     </span>
    </p>
   </div>
   <div class='ocr_carea' id='block_1_97' title="bbox 2121 4022 3695 4093">
    <p class='ocr_par' dir='ltr' id='par_1_97' title="bbox 2121 4022 3695 4093">
     <span class='ocr_line' id='line_1_97' title="bbox 2121 4022 3695 4093; baseline 0.003 -18"><span class='ocrx_word' id='word_1_721' title='bbox 2121 4023 2403 4092; x_wconf 88' lang='lat' dir='ltr'><strong>phantasia</strong></span> <span class='ocrx_word' id='word_1_722' title='bbox 2456 4022 2678 4091; x_wconf 89' lang='lat' dir='ltr'><strong>pulchra</strong></span> <span class='ocrx_word' id='word_1_723' title='bbox 2722 4031 2883 4091; x_wconf 88' lang='lat' dir='ltr'><strong>atque</strong></span> <span class='ocrx_word' id='word_1_724' title='bbox 2933 4023 3165 4078; x_wconf 88' lang='lat' dir='ltr'><strong>formosa</strong></span> <span class='ocrx_word' id='word_1_725' title='bbox 3214 4025 3443 4089; x_wconf 91' lang='lat' dir='ltr'><strong>videtur,</strong></span> <span class='ocrx_word' id='word_1_726' title='bbox 3473 4028 3599 4093; x_wconf 87' lang='lat' dir='ltr'><strong>quia</strong></span> <span class='ocrx_word' id='word_1_727' title='bbox 3629 4029 3695 4080; x_wconf 83' lang='lat' dir='ltr'><strong>de</strong></span> 
     </span>
    </p>
   </div>
   <div class='ocr_carea' id='block_1_98' title="bbox 2121 4114 3692 4183">
    <p class='ocr_par' dir='ltr' id='par_1_98' title="bbox 2121 4114 3692 4183">
     <span class='ocr_line' id='line_1_98' title="bbox 2121 4114 3692 4183; baseline -0.001 -14"><span class='ocrx_word' id='word_1_728' title='bbox 2121 4125 2367 4169; x_wconf 88' lang='lat' dir='ltr'><strong>creatura</strong></span> <span class='ocrx_word' id='word_1_729' title='bbox 2394 4116 2533 4167; x_wconf 89' lang='lat' dir='ltr'><strong>bona</strong></span> <span class='ocrx_word' id='word_1_730' title='bbox 2553 4114 2889 4167; x_wconf 84' lang='lat' dir='ltr'><strong>extrinsecus</strong></span> <span class='ocrx_word' id='word_1_731' title='bbox 2910 4124 3183 4183; x_wconf 89' lang='lat' dir='ltr'><strong>assumpta</strong></span> <span class='ocrx_word' id='word_1_732' title='bbox 3210 4123 3290 4167; x_wconf 86' lang='lat' dir='ltr'><strong>est</strong></span> <span class='ocrx_word' id='word_1_733' title='bbox 3313 4130 3327 4178; x_wconf 93' lang='lat'><strong>;</strong></span> <span class='ocrx_word' id='word_1_734' title='bbox 3358 4116 3449 4167; x_wconf 89' lang='lat' dir='ltr'><strong>sed</strong></span> <span class='ocrx_word' id='word_1_735' title='bbox 3481 4116 3692 4181; x_wconf 87' lang='lat' dir='ltr'><strong>mulier,</strong></span> 
     </span>
    </p>
   </div>
   <div class='ocr_carea' id='block_1_99' title="bbox 2124 4203 3693 4271">
    <p class='ocr_par' dir='ltr' id='par_1_99' title="bbox 2124 4203 3693 4271">
     <span class='ocr_line' id='line_1_99' title="bbox 2124 4203 3693 4271; baseline -0.001 -11"><span class='ocrx_word' id='word_1_736' title='bbox 2124 4208 2227 4260; x_wconf 86' lang='lat' dir='ltr'><strong>hoc</strong></span> <span class='ocrx_word' id='word_1_737' title='bbox 2256 4215 2357 4270; x_wconf 91' lang='lat' dir='ltr'><strong>est,</strong></span> <span class='ocrx_word' id='word_1_738' title='bbox 2389 4204 2622 4258; x_wconf 86' lang='lat' dir='ltr'><strong>carnalis</strong></span> <span class='ocrx_word' id='word_1_739' title='bbox 2656 4218 2846 4257; x_wconf 91' lang='lat' dir='ltr'><strong>sensus</strong></span> <span class='ocrx_word' id='word_1_740' title='bbox 2876 4204 3141 4271; x_wconf 89' lang='lat' dir='ltr'><strong>decipitur</strong></span> <span class='ocrx_word' id='word_1_741' title='bbox 3158 4214 3212 4257; x_wconf 90' lang='lat' dir='ltr'><strong>et</strong></span> <span class='ocrx_word' id='word_1_742' title='bbox 3240 4203 3561 4268; x_wconf 89' lang='lat' dir='ltr'><strong>delectatur,</strong></span> <span class='ocrx_word' id='word_1_743' title='bbox 3586 4220 3693 4259; x_wconf 90' lang='lat' dir='ltr'><strong>non</strong></span> 
     </span>
    </p>
   </div>
   <div class='ocr_carea' id='block_1_100' title="bbox 2124 4293 3697 4363">
    <p class='ocr_par' dir='ltr' id='par_1_100' title="bbox 2124 4293 3697 4363">
     <span class='ocr_line' id='line_1_100' title="bbox 2124 4293 3697 4363; baseline -0.004 -11"><span class='ocrx_word' id='word_1_744' title='bbox 2124 4299 2360 4352; x_wconf 88' lang='lat' dir='ltr'><strong>sentiens</strong></span> <span class='ocrx_word' id='word_1_745' title='bbox 2388 4297 2642 4350; x_wconf 86' lang='lat' dir='ltr'><strong>latentem</strong></span> <span class='ocrx_word' id='word_1_746' title='bbox 2673 4295 2773 4349; x_wconf 88' lang='lat' dir='ltr'><strong>sub</strong></span> <span class='ocrx_word' id='word_1_747' title='bbox 2810 4294 2920 4362; x_wconf 87' lang='lat' dir='ltr'><strong>ipsa</strong></span> <span class='ocrx_word' id='word_1_748' title='bbox 2963 4293 3097 4347; x_wconf 84' lang='lat' dir='ltr'><strong>falsa</strong></span> <span class='ocrx_word' id='word_1_749' title='bbox 3126 4302 3180 4347; x_wconf 90' lang='lat' dir='ltr'><strong>et</strong></span> <span class='ocrx_word' id='word_1_750' title='bbox 3223 4294 3556 4362; x_wconf 89' lang='lat' dir='ltr'><strong>phantastica</strong></span> <span class='ocrx_word' id='word_1_751' title='bbox 3586 4295 3697 4363; x_wconf 86' lang='lat' dir='ltr'><strong>pul-</strong></span> 
     </span>
    </p>
   </div>
   <div class='ocr_carea' id='block_1_101' title="bbox 2124 4382 3690 4453">
    <p class='ocr_par' dir='ltr' id='par_1_101' title="bbox 2124 4382 3690 4453">
     <span class='ocr_line' id='line_1_101' title="bbox 2124 4382 3690 4453; baseline -0.003 -11"><span class='ocrx_word' id='word_1_752' title='bbox 2124 4387 2427 4444; x_wconf 90' lang='lat' dir='ltr'><strong>ehritudine</strong></span> <span class='ocrx_word' id='word_1_753' title='bbox 2448 4385 2731 4448; x_wconf 89' lang='lat' dir='ltr'><strong>malitiam,</strong></span> <span class='ocrx_word' id='word_1_754' title='bbox 2766 4385 2867 4438; x_wconf 92' lang='lat' dir='ltr'><strong>hoc</strong></span> <span class='ocrx_word' id='word_1_755' title='bbox 2904 4391 3005 4445; x_wconf 90' lang='lat' dir='ltr'><strong>est,</strong></span> <span class='ocrx_word' id='word_1_756' title='bbox 3045 4382 3428 4453; x_wconf 81' lang='lat' dir='ltr'><strong>philargyriam</strong></span> <span class='ocrx_word' id='word_1_757' title='bbox 3455 4384 3503 4447; x_wconf 72' lang='grc'><strong>⁷,</strong></span> <span class='ocrx_word' id='word_1_758' title='bbox 3549 4399 3690 4452; x_wconf 89' lang='lat' dir='ltr'><strong>quae</strong></span> 
     </span>
    </p>
   </div>
   <div class='ocr_carea' id='block_1_102' title="bbox 2126 4473 3696 4538">
    <p class='ocr_par' dir='ltr' id='par_1_102' title="bbox 2126 4473 3696 4538">
     <span class='ocr_line' id='line_1_102' title="bbox 2126 4473 3696 4538; baseline -0.003 -6"><span class='ocrx_word' id='word_1_759' title='bbox 2126 4490 2199 4532; x_wconf 83' lang='lat' dir='ltr'><strong>est</strong></span> <span class='ocrx_word' id='word_1_760' title='bbox 2225 4477 2377 4531; x_wconf 81' lang='lat' dir='ltr'><strong>mdia:</strong></span> <span class='ocrx_word' id='word_1_761' title='bbox 2405 4477 2635 4529; x_wconf 87' lang='lat' dir='ltr'><strong>omnium</strong></span> <span class='ocrx_word' id='word_1_762' title='bbox 2660 4473 2942 4528; x_wconf 82' lang='lat' dir='ltr'><strong>malorum.</strong></span> <span class='ocrx_word' id='word_1_763' title='bbox 2972 4473 3075 4538; x_wconf 83' lang='lat' dir='ltr'><strong>Qui</strong></span> <span class='ocrx_word' id='word_1_764' title='bbox 3102 4474 3283 4528; x_wconf 84' lang='lat' dir='ltr'><strong>viderit</strong></span> <span class='ocrx_word' id='word_1_765' title='bbox 3321 4475 3591 4527; x_wconf 84' lang='lat' dir='ltr'><strong>mulierem</strong></span> <span class='ocrx_word' id='word_1_766' title='bbox 3626 4475 3696 4528; x_wconf 79' lang='lat' dir='ltr'><strong>ad</strong></span> 
     </span>
    </p>
   </div>
   <div class='ocr_carea' id='block_1_103' title="bbox 2126 4562 3697 4633">
    <p class='ocr_par' dir='ltr' id='par_1_103' title="bbox 2126 4562 3697 4633">
     <span class='ocr_line' id='line_1_103' title="bbox 2126 4562 3697 4633; baseline -0.001 -14"><span class='ocrx_word' id='word_1_767' title='bbox 2126 4565 2587 4633; x_wconf 78' lang='lat' dir='ltr'><strong>concupiscendum</strong></span> <span class='ocrx_word' id='word_1_768' title='bbox 2609 4580 2742 4625; x_wconf 86' lang='lat' dir='ltr'><strong>eam,</strong></span> <span class='ocrx_word' id='word_1_769' title='bbox 2768 4562 3025 4617; x_wconf 90' lang='lat' dir='ltr'><strong>Dominus</strong></span> <span class='ocrx_word' id='word_1_770' title='bbox 3052 4562 3243 4631; x_wconf 89' lang='lat' dir='ltr'><strong>inquit,</strong></span> <span class='ocrx_word' id='word_1_771' title='bbox 3257 4562 3373 4630; x_wconf 85' lang='lat' dir='ltr'><strong>jam</strong></span> <span class='ocrx_word' id='word_1_772' title='bbox 3400 4566 3697 4617; x_wconf 76' lang='lat' dir='ltr'><strong>moechatus</strong></span> 
     </span>
    </p>
   </div>
   <div class='ocr_carea' id='block_1_104' title="bbox 2126 4651 3699 4721">
    <p class='ocr_par' dir='ltr' id='par_1_104' title="bbox 2126 4651 3699 4721">
     <span class='ocr_line' id='line_1_104' title="bbox 2126 4651 3699 4721; baseline -0.003 -11"><span class='ocrx_word' id='word_1_773' title='bbox 2126 4667 2199 4710; x_wconf 82' lang='lat' dir='ltr'><strong>est</strong></span> <span class='ocrx_word' id='word_1_774' title='bbox 2236 4658 2291 4709; x_wconf 82' lang='lat' dir='ltr'><strong>in</strong></span> <span class='ocrx_word' id='word_1_775' title='bbox 2331 4655 2484 4708; x_wconf 85' lang='lat' dir='ltr'><strong>corde</strong></span> <span class='ocrx_word' id='word_1_776' title='bbox 2510 4670 2621 4706; x_wconf 82' lang='lat' dir='ltr'><strong>suo.</strong></span> <span class='ocrx_word' id='word_1_777' title='bbox 2660 4653 2737 4705; x_wconf 89' lang='lat' dir='ltr'><strong>Ac</strong></span> <span class='ocrx_word' id='word_1_778' title='bbox 2770 4652 2812 4705; x_wconf 88' lang='lat' dir='ltr'><strong>si</strong></span> <span class='ocrx_word' id='word_1_779' title='bbox 2842 4662 3026 4721; x_wconf 89' lang='lat' dir='ltr'><strong>aperte</strong></span> <span class='ocrx_word' id='word_1_780' title='bbox 3059 4652 3263 4706; x_wconf 90' lang='lat' dir='ltr'><strong>diceret</strong></span> <span class='ocrx_word' id='word_1_781' title='bbox 3297 4669 3310 4704; x_wconf 88' lang='lat'><strong>:</strong></span> <span class='ocrx_word' id='word_1_782' title='bbox 3344 4651 3443 4717; x_wconf 81' lang='lat' dir='ltr'><strong>Qui</strong></span> <span class='ocrx_word' id='word_1_783' title='bbox 3475 4652 3699 4720; x_wconf 86' lang='lat' dir='ltr'><strong>phanta-</strong></span> 
     </span>
    </p>
   </div>
   <div class='ocr_carea' id='block_1_105' title="bbox 2128 4739 3695 4809">
    <p class='ocr_par' dir='ltr' id='par_1_105' title="bbox 2128 4739 3695 4809">
     <span class='ocr_line' id='line_1_105' title="bbox 2128 4739 3695 4809; baseline -0.002 -11"><span class='ocrx_word' id='word_1_784' title='bbox 2128 4746 2262 4799; x_wconf 86' lang='lat' dir='ltr'><strong>siam</strong></span> <span class='ocrx_word' id='word_1_785' title='bbox 2287 4743 2355 4797; x_wconf 89' lang='lat' dir='ltr'><strong>de</strong></span> <span class='ocrx_word' id='word_1_786' title='bbox 2393 4741 2566 4796; x_wconf 88' lang='lat' dir='ltr'><strong>forma</strong></span> <span class='ocrx_word' id='word_1_787' title='bbox 2608 4740 2841 4794; x_wconf 87' lang='lat' dir='ltr'><strong>feminea</strong></span> <span class='ocrx_word' id='word_1_788' title='bbox 2882 4755 2980 4794; x_wconf 89' lang='lat' dir='ltr'><strong>suo</strong></span> <span class='ocrx_word' id='word_1_789' title='bbox 3020 4739 3225 4793; x_wconf 88' lang='lat' dir='ltr'><strong>carnali</strong></span> <span class='ocrx_word' id='word_1_790' title='bbox 3274 4739 3447 4809; x_wconf 85' lang='lat' dir='ltr'><strong>infigit</strong></span> <span class='ocrx_word' id='word_1_791' title='bbox 3493 4741 3695 4806; x_wconf 90' lang='lat' dir='ltr'><strong>sensui,</strong></span> 
     </span>
    </p>
   </div>
   <div class='ocr_carea' id='block_1_106' title="bbox 2123 4831 3699 4909">
    <p class='ocr_par' dir='ltr' id='par_1_106' title="bbox 2123 4831 3699 4909">
     <span class='ocr_line' id='line_1_106' title="bbox 2123 4831 3699 4909; baseline -0.001 -23"><span class='ocrx_word' id='word_1_792' title='bbox 2123 4836 2234 4904; x_wconf 84' lang='lat' dir='ltr'><strong>jam</strong></span> <span class='ocrx_word' id='word_1_793' title='bbox 2269 4835 2581 4888; x_wconf 87' lang='lat' dir='ltr'><strong>moechatus</strong></span> <span class='ocrx_word' id='word_1_794' title='bbox 2605 4840 2685 4885; x_wconf 92' lang='lat' dir='ltr'><strong>est</strong></span> <span class='ocrx_word' id='word_1_795' title='bbox 2713 4831 2765 4885; x_wconf 91' lang='lat' dir='ltr'><strong>in</strong></span> <span class='ocrx_word' id='word_1_796' title='bbox 2799 4831 3120 4900; x_wconf 88' lang='lat' dir='ltr'><strong>cogitatione</strong></span> <span class='ocrx_word' id='word_1_797' title='bbox 3147 4846 3262 4894; x_wconf 90' lang='lat' dir='ltr'><strong>sua,</strong></span> <span class='ocrx_word' id='word_1_798' title='bbox 3303 4841 3557 4909; x_wconf 76' lang='lat' dir='ltr'><strong>appetens</strong></span> <span class='ocrx_word' id='word_1_799' title='bbox 3585 4842 3699 4885; x_wconf 87' lang='lat' dir='ltr'><strong>tur-</strong></span> 
     </span>
    </p>
   </div>
   <div class='ocr_carea' id='block_1_107' title="bbox 2128 4921 3699 4996">
    <p class='ocr_par' dir='ltr' id='par_1_107' title="bbox 2128 4921 3699 4996">
     <span class='ocr_line' id='line_1_107' title="bbox 2128 4921 3699 4996; baseline -0.003 -17"><span class='ocrx_word' id='word_1_800' title='bbox 2128 4925 2420 4996; x_wconf 86' lang='lat' dir='ltr'><strong>pitudinem</strong></span> <span class='ocrx_word' id='word_1_801' title='bbox 2470 4922 2726 4985; x_wconf 88' lang='lat' dir='ltr'><strong>libidinis,</strong></span> <span class='ocrx_word' id='word_1_802' title='bbox 2788 4936 2927 4989; x_wconf 88' lang='lat' dir='ltr'><strong>quae</strong></span> <span class='ocrx_word' id='word_1_803' title='bbox 2971 4936 3028 4975; x_wconf 90' lang='lat' dir='ltr'><strong>se</strong></span> <span class='ocrx_word' id='word_1_804' title='bbox 3073 4921 3303 4973; x_wconf 90' lang='lat' dir='ltr'><strong>latenter</strong></span> <span class='ocrx_word' id='word_1_805' title='bbox 3343 4921 3566 4973; x_wconf 88' lang='lat' dir='ltr'><strong>attrahit</strong></span> <span class='ocrx_word' id='word_1_806' title='bbox 3598 4924 3699 4975; x_wconf 87' lang='lat' dir='ltr'><strong>sub</strong></span> 
     </span>
    </p>
   </div>
   <div class='ocr_carea' id='block_1_108' title="bbox 2132 5009 3696 5078">
    <p class='ocr_par' dir='ltr' id='par_1_108' title="bbox 2132 5009 3696 5078">
     <span class='ocr_line' id='line_1_108' title="bbox 2132 5009 3696 5078; baseline -0.006 -9"><span class='ocrx_word' id='word_1_807' title='bbox 2132 5018 2261 5071; x_wconf 87' lang='lat' dir='ltr'><strong>falsa</strong></span> <span class='ocrx_word' id='word_1_808' title='bbox 2291 5015 2379 5068; x_wconf 89' lang='lat' dir='ltr'><strong>illa</strong></span> <span class='ocrx_word' id='word_1_809' title='bbox 2414 5012 2689 5066; x_wconf 87' lang='lat' dir='ltr'><strong>muliebris</strong></span> <span class='ocrx_word' id='word_1_810' title='bbox 2732 5010 2936 5065; x_wconf 84' lang='lat' dir='ltr'><strong>formae</strong></span> <span class='ocrx_word' id='word_1_811' title='bbox 2964 5010 3360 5075; x_wconf 84' lang='lat' dir='ltr'><strong>imaginatione.</strong></span> <span class='ocrx_word' id='word_1_812' title='bbox 3390 5010 3485 5062; x_wconf 88' lang='lat' dir='ltr'><strong>Est</strong></span> <span class='ocrx_word' id='word_1_813' title='bbox 3511 5009 3696 5078; x_wconf 84' lang='lat' dir='ltr'><strong>igitur,</strong></span> 
     </span>
    </p>
   </div>
   <div class='ocr_carea' id='block_1_109' title="bbox 2131 5082 3704 5175">
    <p class='ocr_par' dir='ltr' id='par_1_109' title="bbox 2131 5082 3704 5175">
     <span class='ocr_line' id='line_1_109' title="bbox 2131 5082 3704 5175; baseline -0.004 -16"><span class='ocrx_word' id='word_1_814' title='bbox 2131 5114 2191 5159; x_wconf 91' lang='lat' dir='ltr'><strong>ut</strong></span> <span class='ocrx_word' id='word_1_815' title='bbox 2216 5103 2602 5175; x_wconf 86' lang='lat' dir='ltr'><strong>praediximus,</strong></span> <span class='ocrx_word' id='word_1_816' title='bbox 2647 5101 2848 5167; x_wconf 80' lang='lat' dir='ltr'><strong>lignum</strong></span> <span class='ocrx_word' id='word_1_817' title='bbox 2874 5099 3129 5153; x_wconf 89' lang='lat' dir='ltr'><strong>scientiae</strong></span> <span class='ocrx_word' id='word_1_818' title='bbox 3158 5099 3282 5151; x_wconf 92' lang='lat' dir='ltr'><strong>boni</strong></span> <span class='ocrx_word' id='word_1_819' title='bbox 3308 5109 3362 5151; x_wconf 92' lang='lat' dir='ltr'><strong>et</strong></span> <span class='ocrx_word' id='word_1_820' title='bbox 3389 5082 3514 5151; x_wconf 87' lang='lat' dir='ltr'><strong>mali</strong></span> <span class='ocrx_word' id='word_1_821' title='bbox 3550 5101 3704 5153; x_wconf 86' lang='lat' dir='ltr'><strong>mali-</strong></span> 
     </span>
    </p>
   </div>
   <div class='ocr_carea' id='block_1_110' title="bbox 2136 5185 3699 5263">
    <p class='ocr_par' dir='ltr' id='par_1_110' title="bbox 2136 5185 3699 5263">
     <span class='ocr_line' id='line_1_110' title="bbox 2136 5185 3699 5263; baseline -0.006 -16"><span class='ocrx_word' id='word_1_822' title='bbox 2136 5195 2205 5248; x_wconf 89' lang='lat' dir='ltr'><strong>tia</strong></span> <span class='ocrx_word' id='word_1_823' title='bbox 2232 5194 2531 5263; x_wconf 70' lang='lat' dir='ltr'><strong>perniciqsa</strong></span> <span class='ocrx_word' id='word_1_824' title='bbox 2558 5188 2967 5256; x_wconf 87' lang='lat' dir='ltr'><strong>mortiferaque,</strong></span> <span class='ocrx_word' id='word_1_825' title='bbox 2994 5188 3045 5239; x_wconf 92' lang='lat' dir='ltr'><strong>in</strong></span> <span class='ocrx_word' id='word_1_826' title='bbox 3068 5188 3234 5255; x_wconf 76' lang='lat' dir='ltr'><strong>figura</strong></span> <span class='ocrx_word' id='word_1_827' title='bbox 3250 5185 3370 5238; x_wconf 92' lang='lat' dir='ltr'><strong>boni</strong></span> <span class='ocrx_word' id='word_1_828' title='bbox 3389 5185 3699 5253; x_wconf 82' lang='lat' dir='ltr'><strong>imaginata,</strong></span> 
     </span>
    </p>
   </div>
   <div class='ocr_carea' id='block_1_111' title="bbox 2134 5275 3700 5355">
    <p class='ocr_par' dir='ltr' id='par_1_111' title="bbox 2134 5275 3700 5355">
     <span class='ocr_line' id='line_1_111' title="bbox 2134 5275 3700 5355; baseline -0.008 -13"><span class='ocrx_word' id='word_1_829' title='bbox 2134 5296 2189 5342; x_wconf 92' lang='lat' dir='ltr'><strong>et</strong></span> <span class='ocrx_word' id='word_1_830' title='bbox 2221 5288 2324 5341; x_wconf 92' lang='lat' dir='ltr'><strong>hoc</strong></span> <span class='ocrx_word' id='word_1_831' title='bbox 2366 5286 2565 5355; x_wconf 83' lang='lat' dir='ltr'><strong>lignum</strong></span> <span class='ocrx_word' id='word_1_832' title='bbox 2594 5283 2616 5313; x_wconf 84' lang='grc'><strong>⁸</strong></span> <span class='ocrx_word' id='word_1_833' title='bbox 2643 5281 2806 5335; x_wconf 91' lang='lat' dir='ltr'><strong>veluti</strong></span> <span class='ocrx_word' id='word_1_834' title='bbox 2854 5281 2995 5333; x_wconf 88' lang='lat' dir='ltr'><strong>intra</strong></span> <span class='ocrx_word' id='word_1_835' title='bbox 3040 5276 3306 5346; x_wconf 89' lang='lat' dir='ltr'><strong>quandam</strong></span> <span class='ocrx_word' id='word_1_836' title='bbox 3338 5275 3612 5347; x_wconf 79' lang='lat' dir='ltr'><strong>feminam,</strong></span> <span class='ocrx_word' id='word_1_837' title='bbox 3647 5277 3700 5330; x_wconf 91' lang='lat' dir='ltr'><strong>in</strong></span> 
     </span>
    </p>
   </div>
   <div class='ocr_carea' id='block_1_112' title="bbox 2138 5368 3698 5439">
    <p class='ocr_par' dir='ltr' id='par_1_112' title="bbox 2138 5368 3698 5439">
     <span class='ocr_line' id='line_1_112' title="bbox 2138 5368 3698 5439; baseline -0.006 -8"><span class='ocrx_word' id='word_1_838' title='bbox 2138 5377 2343 5431; x_wconf 88' lang='lat' dir='ltr'><strong>carnali</strong></span> <span class='ocrx_word' id='word_1_839' title='bbox 2373 5372 2622 5429; x_wconf 82' lang='lat' dir='ltr'><strong>scilicet’</strong></span> <span class='ocrx_word' id='word_1_840' title='bbox 2649 5388 2833 5434; x_wconf 89' lang='lat' dir='ltr'><strong>sensu,</strong></span> <span class='ocrx_word' id='word_1_841' title='bbox 2863 5385 3019 5439; x_wconf 91' lang='lat' dir='ltr'><strong>quem</strong></span> <span class='ocrx_word' id='word_1_842' title='bbox 3071 5369 3295 5436; x_wconf 77' lang='lat' dir='ltr'><strong>decipit,</strong></span> <span class='ocrx_word' id='word_1_843' title='bbox 3321 5368 3698 5434; x_wconf 79' lang='lat' dir='ltr'><strong>constitutum;</strong></span> 
     </span>
    </p>
   </div>
   <div class='ocr_carea' id='block_1_113' title="bbox 1734 5488 2420 5548">
    <p class='ocr_par' dir='ltr' id='par_1_113' title="bbox 1734 5488 2420 5548">
     <span class='ocr_line' id='line_1_113' title="bbox 1734 5488 2420 5548; baseline -0.003 -4"><span class='ocrx_word' id='word_1_844' title='bbox 1734 5491 1816 5544; x_wconf 76' lang='lat' dir='ltr'><strong>VA</strong></span> <span class='ocrx_word' id='word_1_845' title='bbox 1825 5492 1985 5548; x_wconf 79' lang='lat' dir='ltr'><strong>RIAE</strong></span> <span class='ocrx_word' id='word_1_846' title='bbox 2022 5488 2420 5548; x_wconf 83' lang='lat' dir='ltr'><strong>LECTIO‘NES.</strong></span> 
     </span>
    </p>
   </div>
   <div class='ocr_carea' id='block_1_114' title="bbox 535 5575 1107 5632">
    <p class='ocr_par' dir='ltr' id='par_1_114' title="bbox 535 5575 1107 5632">
     <span class='ocr_line' id='line_1_114' title="bbox 535 5575 1107 5632; baseline 0.012 -6"><span class='ocrx_word' id='word_1_847' title='bbox 535 5576 555 5608; x_wconf 83' lang='grc'>¹</span> <span class='ocrx_word' id='word_1_848' title='bbox 584 5575 625 5627; x_wconf 81' lang='grc' dir='ltr'><strong>Α</strong></span> <span class='ocrx_word' id='word_1_849' title='bbox 651 5592 821 5630; x_wconf 78' lang='lat' dir='ltr'><strong>rerum</strong></span> <span class='ocrx_word' id='word_1_850' title='bbox 854 5580 1107 5632; x_wconf 84' lang='lat' dir='ltr'><strong>omnium.</strong></span> 
     </span>
    </p>
   </div>
   <div class='ocr_carea' id='block_1_115' title="bbox 1206 5579 2405 5651">
    <p class='ocr_par' dir='ltr' id='par_1_115' title="bbox 1206 5579 2405 5651">
     <span class='ocr_line' id='line_1_115' title="bbox 1206 5579 2405 5651; baseline -0.003 -18"><span class='ocrx_word' id='word_1_851' title='bbox 1206 5582 1228 5651; x_wconf 61' lang='grc' dir='ltr'>ξ</span> <span class='ocrx_word' id='word_1_852' title='bbox 1256 5580 1345 5634; x_wconf 90' lang='lat' dir='ltr'><strong>Sic</strong></span> <span class='ocrx_word' id='word_1_853' title='bbox 1371 5579 1486 5645; x_wconf 78' lang='lat' dir='ltr'><strong>CF;</strong></span> <span class='ocrx_word' id='word_1_854' title='bbox 1519 5580 1556 5632; x_wconf 70' lang='grc' dir='ltr'><strong>Α</strong></span> <span class='ocrx_word' id='word_1_855' title='bbox 1588 5581 2015 5651; x_wconf 15' lang='grc' dir='ltr'><strong>ηοῃιῐηὶδνρατιθυ</strong></span> <span class='ocrx_word' id='word_1_856' title='bbox 2079 5582 2099 5613; x_wconf 85' lang='grc'>³</span> <span class='ocrx_word' id='word_1_857' title='bbox 2130 5583 2182 5635; x_wconf 85' lang='lat' dir='ltr'><strong>in</strong></span> <span class='ocrx_word' id='word_1_858' title='bbox 2208 5579 2405 5651; x_wconf 70' lang='lat' dir='ltr'><strong>om._A.</strong></span> 
     </span>
    </p>
   </div>
   <div class='ocr_carea' id='block_1_116' title="bbox 2507 5568 3706 5635">
    <p class='ocr_par' dir='ltr' id='par_1_116' title="bbox 2507 5568 3706 5635">
     <span class='ocr_line' id='line_1_116' title="bbox 2507 5568 3706 5635; baseline -0.004 -7"><span class='ocrx_word' id='word_1_859' title='bbox 2507 5575 2527 5606; x_wconf 73' lang='grc'><strong>⁸</strong></span> <span class='ocrx_word' id='word_1_860' title='bbox 2554 5574 2644 5628; x_wconf 89' lang='lat' dir='ltr'><strong>Sic</strong></span> <span class='ocrx_word' id='word_1_861' title='bbox 2668 5572 2730 5635; x_wconf 83' lang='lat' dir='ltr'><strong>A;</strong></span> <span class='ocrx_word' id='word_1_862' title='bbox 2765 5571 2848 5626; x_wconf 83' lang='lat' dir='ltr'><strong>CF</strong></span> <span class='ocrx_word' id='word_1_863' title='bbox 2879 5569 3308 5625; x_wconf 76' lang='lat' dir='ltr'><strong>ronstantialiler.</strong></span> <span class='ocrx_word' id='word_1_864' title='bbox 3396 5568 3518 5621; x_wconf 69' lang='lat' dir='ltr'><strong>“Sic</strong></span> <span class='ocrx_word' id='word_1_865' title='bbox 3539 5568 3622 5622; x_wconf 82' lang='lat' dir='ltr'><strong>CF</strong></span> <span class='ocrx_word' id='word_1_866' title='bbox 3630 5586 3642 5627; x_wconf 88' lang='lat'><strong>;</strong></span> <span class='ocrx_word' id='word_1_867' title='bbox 3662 5570 3706 5623; x_wconf 86' lang='grc' dir='ltr'><strong>Λ</strong></span> 
     </span>
    </p>
   </div>
   <div class='ocr_carea' id='block_1_117' title="bbox 466 5637 3702 5727">
    <p class='ocr_par' dir='ltr' id='par_1_117' title="bbox 466 5637 3702 5727">
     <span class='ocr_line' id='line_1_117' title="bbox 466 5637 3702 5727; baseline -0.001 -33"><span class='ocrx_word' id='word_1_868' title='bbox 466 5645 666 5699; x_wconf 78' lang='lat' dir='ltr'><strong>mediis.</strong></span> <span class='ocrx_word' id='word_1_869' title='bbox 742 5647 763 5677; x_wconf 73' lang='lat'><em>‘</em></span> <span class='ocrx_word' id='word_1_870' title='bbox 790 5648 880 5702; x_wconf 88' lang='lat' dir='ltr'><strong>Sic</strong></span> <span class='ocrx_word' id='word_1_871' title='bbox 898 5648 1014 5714; x_wconf 81' lang='lat' dir='ltr'><strong>CF;</strong></span> <span class='ocrx_word' id='word_1_872' title='bbox 1044 5651 1172 5703; x_wconf 71' lang='lat' dir='ltr'><strong>Acs!</strong></span> <span class='ocrx_word' id='word_1_873' title='bbox 1193 5637 1495 5719; x_wconf 35' lang='lat' dir='ltr'><strong>ﬁguratum:</strong></span> <span class='ocrx_word' id='word_1_874' title='bbox 1546 5651 1565 5680; x_wconf 89' lang='lat'>&quot;</span> <span class='ocrx_word' id='word_1_875' title='bbox 1588 5649 1672 5704; x_wconf 83' lang='lat' dir='ltr'><strong>CF</strong></span> <span class='ocrx_word' id='word_1_876' title='bbox 1710 5637 2039 5722; x_wconf 51' lang='lat' dir='ltr'><strong>philoa/iam.</strong></span> <span class='ocrx_word' id='word_1_877' title='bbox 2093 5652 2114 5680; x_wconf 73' lang='lat'><em>“</em></span> <span class='ocrx_word' id='word_1_878' title='bbox 2137 5651 2227 5705; x_wconf 90' lang='lat' dir='ltr'><strong>Sic</strong></span> <span class='ocrx_word' id='word_1_879' title='bbox 2256 5648 2360 5713; x_wconf 79' lang='lat' dir='ltr'><strong>CF;</strong></span> <span class='ocrx_word' id='word_1_880' title='bbox 2383 5649 2420 5699; x_wconf 77' lang='grc' dir='ltr'>Δ</span> <span class='ocrx_word' id='word_1_881' title='bbox 2452 5654 2525 5699; x_wconf 80' lang='lat' dir='ltr'><strong>est</strong></span> <span class='ocrx_word' id='word_1_882' title='bbox 2556 5645 2777 5712; x_wconf 83' lang='lat' dir='ltr'><strong>lignum.</strong></span> <span class='ocrx_word' id='word_1_883' title='bbox 2832 5644 2852 5673; x_wconf 86' lang='lat'><strong>’</strong></span> <span class='ocrx_word' id='word_1_884' title='bbox 2875 5640 2965 5696; x_wconf 89' lang='lat' dir='ltr'><strong>Sic</strong></span> <span class='ocrx_word' id='word_1_885' title='bbox 2994 5640 3098 5707; x_wconf 75' lang='lat' dir='ltr'><strong>(2F;</strong></span> <span class='ocrx_word' id='word_1_886' title='bbox 3128 5641 3169 5695; x_wconf 73' lang='grc' dir='ltr'><strong>Α</strong></span> <span class='ocrx_word' id='word_1_887' title='bbox 3189 5641 3381 5695; x_wconf 70' lang='lat' dir='ltr'><strong>scilicet</strong></span> <span class='ocrx_word' id='word_1_888' title='bbox 3405 5641 3457 5693; x_wconf 84' lang='lat' dir='ltr'><strong>in</strong></span> <span class='ocrx_word' id='word_1_889' title='bbox 3482 5637 3702 5727; x_wconf 72' lang='lat' dir='ltr'><strong>carnali.</strong></span> 
     </span>
    </p>
   </div>
   <div class='ocr_carea' id='block_1_118' title="bbox 2602 5758 2617 5783">
    <p class='ocr_par' dir='ltr' id='par_1_118' title="bbox 2602 5758 2617 5783">
     <span class='ocr_line' id='line_1_118' title="bbox 2602 5758 2617 5783; baseline 0 -2"><span class='ocrx_word' id='word_1_890' title='bbox 2602 5758 2617 5783; x_wconf 64' lang='grc' dir='ltr'>δ</span> 
     </span>
    </p>
   </div>
  </div>
